3972 6336
123 339 231 397 989
1081 338 1496 397 ΑιιΕαοιιιιλΕ
1531 339 1599 396 ΙΝ
1641 339 1920 398 SACRAM
1959 340 2424 398 SCRIPTURAM.
3263 344 3369 401 990

196 447 423 504 Locqu
448 455 534 504 est
563 447 891 503 conscientia
924 447 1085 513 mala,
1120 458 1181 504 ut
1214 450 1268 505 in
1296 451 1583 523 Evangelia
1610 460 1693 508 te-
1719 453 1768 515 Α
1797 452 1877 506 nit
1910 452 2161 521 lucerna,
2197 463 2255 508 ut
2290 458 2391 509 sub
2424 453 2603 509 modio
2634 460 2870 525 ponatur
2891 454 2958 522 ’⁸,
2989 474 3008 508 ι
3042 454 3097 510 id
3119 463 3237 523 est,
3260 471 3371 512 non

120 542 245 613 tigit
284 540 427 601 Deus
469 538 698 596 loculum
748 541 789 605 ι,
821 541 961 610 quod
1000 541 1142 597 Deus
1184 556 1281 611 per
1324 543 1698 613 pceniteutiam

114 633 511 690 conscientiam
534 640 715 688 movet
740 634 1118 705 peccatricem.
1146 633 1394 702 Loculus,
1423 636 1698 691 conscien-

116 726 199 780 tia
232 724 406 789 bona,
436 723 577 779 utin
613 721 811 779 Genesi
842 740 857 778 :
890 742 910 775 ι
946 723 1206 781 Conditus
1238 727 1565 781 aromatibus
1598 740 1697 797 po-

114 815 262 871 situs
290 814 345 869 in
382 812 617 878 loculo’,
658 833 676 866 ι
717 813 859 883 quod
894 814 1120 884 quilibet
1170 826 1387 872 sanctus
1411 816 1697 873 virtutibus

114 906 358 962 refectus
391 920 446 959 ιιι
468 904 793 961 conscientia
818 919 914 960 sua
939 906 1188 974 quiescit.
1655 970 1661 975 θ

192 996 490 1068 Longitudo
545 1004 629 1051 est
682 994 1100 1065 longanimitas,
1153 1005 1212 1050 ut
1265 997 1319 1051 in
1372 997 1693 1054 Ezechiele:

117 1106 138 1139 c
180 1086 401 1143 Mensas
450 1094 534 1142 est
582 1086 777 1140 atrium
830 1085 1162 1156 longitudine
1212 1096 1424 1142 centum
1482 1089 1695 1144 cubito—

110 1195 275 1239 rum.
311 1199 330 1230 ι
363 1178 505 1249 quod
536 1178 795 1248 perfectio
834 1188 1143 1234 sanctorum
1194 1179 1249 1234 in
1289 1180 1695 1251 longanimitate

108 1270 368 1325 consistit
413 1269 456 1324 ³.
493 1266 816 1340 Longitudo,
855 1271 1168 1326 aeternitas:
1196 1280 1254 1326 ut
1284 1273 1338 1328 in
1375 1272 1690 1332 Parabolis:

112 1381 134 1414 ι
168 1361 478 1433 Longitudo
504 1361 714 1416 dierum
746 1361 799 1416 in
850 1362 1070 1417 dextera
1101 1361 1223 1430 ejus
1248 1363 1268 1394 ⁸
1302 1382 1314 1417 :
1362 1383 1381 1417 ι
1423 1368 1564 1437 quod
1600 1384 1693 1423 su-

104 1468 299 1525 pernae
321 1453 509 1524 patriae
538 1454 791 1523 gaudium
827 1454 943 1509 sine
968 1455 1074 1510 line
1106 1456 1336 1512 durabit.
1377 1456 1690 1529 Longitudo,

106 1544 284 1610 ﬁdes,
310 1544 447 1599 utin
474 1543 711 1600 Genesi:
748 1563 766 1595 ι
810 1543 1195 1602 Trecentorum
1238 1550 1541 1605 cubitorum
1587 1552 1694 1606 erit

105 1635 394 1707 longitudo
430 1636 546 1707 ejus
570 1636 614 1701 ⁸,
644 1657 663 1689 ›
696 1636 838 1707 quod
885 1637 940 1693 in
978 1641 1240 1711 mysterio
1278 1650 1477 1697 sancta:
1516 1640 1693 1697 Trini-

106 1730 247 1785 tatis
271 1730 523 1785 consistit
550 1730 682 1785 iides
710 1730 985 1788 Ecclesiae.

1801 543 1947 597 venit
1973 542 2237 610 Christus,
2266 551 2324 598 ut
2351 544 2404 598 in
2438 544 2566 601 solis
2607 541 2807 599 Iudaeis
2835 543 3217 602 abscondatur.
3258 544 3371 601 Lu-

1800 649 1953 686 cerna
1978 633 2182 689 amicus
2201 649 2381 704 sponsu
2404 675 2420 701 ,
2450 642 2510 689 ut
2536 632 2592 690 in
2617 635 2846 691 Psalmis
2870 652 2882 689 :
2912 654 2932 687 ι
2968 633 3161 693 Paravi
3185 636 3367 695 lucer-

1799 739 1925 779 nam
1955 722 2171 781 Christo
2204 741 2324 781 meo
2346 728 2412 791 ",
2445 747 2464 779 ›
2494 725 2545 782 id
2570 734 2688 793 est,
2733 726 2918 798 paravi
2960 724 3244 795 Joannem,
3275 726 3369 799 qui

1797 816 2125 885 praecederet
2152 815 2447 873 Christum.
2485 815 2753 882 Lucerna,
2784 815 2995 886 justitia
3032 827 3364 885 sanctorum,

1796 913 1854 960 ut
1899 907 1951 959 in
1996 904 2276 963 Parabolis
2309 928 2321 962 :
2358 928 2378 960 ι
2420 907 2537 964 Νοιι
2581 909 2953 981 ex'stinguetur
2996 909 3049 964 in
3095 920 3253 965 nocte
3293 910 3368 964 lu-

1796 1013 1956 1053 cerna
1982 998 2100 1069 ejus
2120 999 2187 1064 “,
2224 1019 2242 1052 ι
2281 1000 2333 1054 id
2362 1008 2463 1063 est,
2486 999 2698 1070 justitia
2726 999 2983 1057 Ecclesia
3011 1016 3118 1057 non
3155 1000 3368 1058 deficiet

1796 1089 1850 1143 in
1878 1091 2126 1159 praesenti
2158 1091 2501 1146 adversitate.
2529 1090 2787 1157 Lucerna,
2817 1108 2953 1163 opus
2981 1093 3200 1158 bonum,
3228 1104 3289 1150 ut
3311 1094 3368 1150 in

1794 1180 2016 1237 Exodo:
2046 1202 2064 1233 ι
2096 1178 2295 1239 Δι’ἁειιί
2324 1190 2537 1254 'semper
2556 1183 2772 1241 lucerna
2795 1186 2848 1240 in
2872 1185 3217 1242 tabernaculo
3240 1188 3309 1253 ⁸³,
3339 1206 3362 1241 ι

1796 1274 1848 1328 id
1872 1284 1972 1336 est,
2002 1287 2255 1346 appareat
2282 1277 2418 1332 bona
2447 1278 2586 1333 actio
2614 1277 2665 1332 in
2691 1278 2927 1335 homine.
2956 1278 3214 1344 Lucerna,
3238 1294 3364 1350 gra-

1796 1364 1867 1418 tia
1900 1364 2080 1419 divina
2101 1406 2116 1431 ,
2144 1374 2202 1420 ut
2241 1367 2294 1420 in
2321 1365 2421 1421 Job
2448 1383 2461 1420 :
2492 1385 2511 1419 ι
2545 1366 2869 1437 Splendebat
2895 1375 3112 1425 lucerna
3142 1369 3257 1438 ejus
3282 1385 3366 1426 su-

1792 1469 1890 1524 per
1915 1465 2077 1524 eaput
2105 1458 2363 1524 meum“,
2394 1477 2412 1510 ι
2447 1458 2498 1513 id
2526 1466 2627 1525 est,
2646 1458 3063 1532 fulgebatgratia
3078 1462 3257 1517 divina
3279 1476 3366 1517 su-

1792 1559 1889 1614 per
1916 1555 2151 1604 mentem
2180 1563 2375 1603 meam.
2413 1547 2671 1615 Lucerna,
2701 1549 2977 1622 Scriptura
3004 1568 3156 1609 sacra
3179 1595 3194 1619 ,
3227 1561 3287 1608 ut
3312 1553 3366 1609 in

1792 1635 2027 1706 Epistula
2054 1637 2199 1693 Petri
2228 1657 2242 1694 :
2274 1659 2293 1690 ι
2326 1639 2485 1707 Quasi
2516 1641 2747 1697 lucerna:
2771 1641 2967 1698 lucenti
2995 1644 3047 1699 in
3078 1643 3368 1714 caliginoso

1792 1728 1911 1783 loco
1936 1730 2006 1794 ’⁸,
2038 1730 2091 1784 id
2132 1740 2244 1797 est,
2289 1730 2583 1802 Scripturze
2613 1748 2781 1789 sacrae
2810 1735 2863 1788 in
2891 1733 3218 1790 obscuritate
3247 1734 3369 1791 vita:

181 1819 383 1874 Larum
410 1828 496 1876 est
520 1830 848 1892 praeceptum
874 1823 1198 1893 disciplinae,
1223 1834 1282 1880 ω
1310 1825 1362 1879 in
1392 1824 1492 1882 Job
1518 1845 1531 1881 ε
1562 1846 1580 1877 ε
1608 1827 1690 1883 Ad
1717 1805 1765 1867 B
1790 1821 2092 1888 praesentis.
2126 1819 2387 1888 Lucerna,
2413 1837 2593 1877 sermo
2614 1824 3031 1893 praedicationis,
3056 1833 3117 1880 ut
3137 1825 3190 1879 in
3215 1824 3367 1880 Psal-

103 1913 379 1968 araudum
427 1913 541 1969 loro
589 1922 681 1969 tuo
705 1914 746 1978 °,
784 1933 805 1967 ι
840 1915 983 1984 quod
1033 1915 1176 1970 Deus
1208 1917 1469 1987 superbas
1511 1918 1691 1973 stecuii

103 2005 391 2075 principes
415 2005 712 2075 disciplinae
734 2022 844 2062 sua:
872 2016 1144 2079 praecepto
1170 2008 1340 2080 ligare
1363 2020 1557 2081 potest.
1588 2012 1693 2067 Per

103 2095 297 2164 legem,
335 2094 547 2149 vincula
571 2097 831 2151 custodite
860 2109 1081 2164 nostrae,
1106 2108 1165 2153 ut
1195 2100 1249 2155 in
1275 2100 1424 2156 libris
1446 2101 1647 2173 Regum
1673 2120 1687 2157 :

109 2203 129 2236 ι
168 2184 255 2240 Ex
284 2199 393 2240 tere
423 2184 535 2240 lora
570 2185 927 2256 dependentia
948 2188 993 2255 ⁷,
1030 2209 1050 2241 ι
1084 2190 1229 2259 quod
1283 2197 1480 2262 spretis
1513 2202 1694 2249 custo-

104 2275 215 2331 dia:
240 2276 473 2332 vinculis
498 2277 1043 2348 przelatisubjectos'
1120 2322 1134 2336 .
1212 2322 1228 2338 .
1305 2322 1321 2338 .
1401 2325 1415 2339 .
1490 2323 1506 2340 .
1584 2327 1597 2340 .
1673 2327 1687 2342 .

180 2364 305 2421 Lua:
328 2375 413 2421 est
439 2367 580 2422 Deus
608 2367 790 2435 Pater,
817 2378 877 2424 ut
905 2370 957 2425 in
988 2370 1124 2426 libro
1153 2371 1476 2443 Sapientiae:
1502 2394 1521 2427 ι
1550 2377 1693 2432 Con-

102 2452 257 2510 ditor
290 2463 374 2510 est
403 2453 539 2510 lucis
567 2466 782 2513 :eternae
805 2458 850 2524 ⁸,
887 2479 906 2512 ι
940 2461 1084 2529 quod
1134 2460 1384 2520 Christus
1410 2474 1493 2521 est
1530 2465 1693 2537 glori-

104 2544 301 2602 ﬁcatio
323 2543 419 2600 Dei
448 2545 640 2602 Patris.
671 2547 802 2613 Lux,
849 2548 1118 2617 Christus,
1164 2561 1223 2607 ut
1269 2553 1321 2608 in
1364 2554 1686 2627 Evangelia:

108 2656 129 2687 ‹
165 2636 307 2692 Erat
348 2636 439 2692 lux
486 2653 616 2694 vera
640 2638 697 2707 ’,
733 2658 752 2692 ›
803 2643 944 2711 quod
983 2642 1160 2699 nullus
1202 2645 1550 2713 illuminatnr,
1585 2648 1690 2702 nisi

102 2745 211 2800 per
240 2730 412 2785 illum.
436 2728 573 2797 Lux,
602 2733 846 2803 apostoli,
872 2735 1002 2790 utin
1027 2735 1315 2808 Evangelia
1340 2755 1352 2791 :
1382 2758 1400 2790 ι
1434 2736 1536 2793 Vos
1559 2740 1691 2795 estis

102 2824 203 2878 lux
236 2824 442 2889 mundi,
480 2844 501 2878 ι
540 2824 595 2881 id
621 2835 727 2893 est,
757 2825 976 2883 claritas
1008 2826 1284 2884 Ecclesiae.
1317 2827 1453 2894 Lux,
1484 2828 1686 2895 ﬁdeles,

102 2926 167 2971 ut
204 2917 259 2970 in
294 2912 459 2972 Paulo
492 2934 505 2970 :
543 2936 567 2971 ι
598 2916 751 2975 Nunc
786 2928 964 2976 autem
994 2915 1183 2976 lux'in
1223 2920 1451 2977 Domina
1480 2922 1547 2987 ‘°,
1585 2941 1603 2973 ι
1638 2921 1693 2977 id

103 3019 218 3075 est,
250 3010 411 3066 modo
438 3010 657 3067 claritas
684 3012 740 3067 in
785 3013 1028 3069 Domino.
1062 3012 1208 3081 Lux,
1242 3012 1383 3069 bona
1422 3013 1565 3069 actio
1587 3055 1602 3081 ,
1632 3021 1693 3069 ut

102 3103 159 3158 in
200 3100 534 3173 Evangelia:
571 3122 591 3156 ι
632 3103 834 3160 Luceat
876 3105 967 3160 lux
1009 3114 1187 3162 vestra
1235 3121 1420 3163 coram
1460 3108 1692 3163 homini-

1791 1910 1895 1965 mis
1927 1929 1940 1964 :
1982 1929 2000 1961 ι
2036 1910 2281 1967 Lucerna
2310 1911 2534 1982 pedibus
2565 1914 2700 1977 meis
2733 1912 2952 1969 verbum
2981 1922 3130 1970 tuum
3158 1914 3226 1981 “,
3259 1935 3279 1967 ι
3315 1914 3368 1971 id

1790 2014 1904 2068 est,
1930 1999 2260 2073 praedicatio
2296 2014 2384 2059 tua
2420 2004 2568 2060 lucet
2610 2006 2860 2076 operibus
2906 2006 3060 2063 meis.
3106 2005 3368 2073 Lucerna,

1791 2096 1928 2151 bona
1955 2096 2065 2151 vita
2096 2095 2403 2167 cujuslibet,
2433 2105 2493 2152 ut
2528 2099 2580 2153 in
2604 2098 2895 2170 Evangelia
2924 2117 2936 2154 :
2974 2118 2993 2151 ι
3025 2098 3143 2155 Νοιι
3184 2114 3370 2175 accen—

1791 2187 1924 2242 dunt
1951 2187 2254 2251 lucernam,
2280 2196 2335 2242 et
2360 2197 2706 2257 ponunteam
2737 2190 2836 2245 sub
2867 2190 3045 2246 modio
3069 2189 3135 2256 ",
3170 2209 3189 2243 ι
3226 2187 3370 2259 quod

1790 2277 1926 2331 bona
1957 2277 2066 2331 vita
2096 2293 2203 2332 non
2232 2285 2316 2333 est
2344 2277 2740 2346 abscondenda,
2772 2280 2866 2335 sed
2892 2280 2943 2335 in
2975 2279 3218 2352 exempla
3247 2280 3369 2338 aliis

1788 2367 2056 2438 ponenda.
2086 2366 2346 2432 Lucerna,
2370 2369 2581 2425 interna
2612 2370 2867 2435 visitatio,
2892 2380 2952 2426 ut
2974 2370 3028 2426 in
3048 2370 3327 2428 Parabolis
3351 2388 3364 2401 ·
3448 2426 3459 2437 ,

1797 2478 1815 2510 ι
1852 2460 2094 2517 Lucerna
2142 2460 2385 2526 Domini,
2429 2460 2757 2531 Spiraculum
2801 2462 3035 2517 hominis
3062 2461 3132 2528 ³⁸,
3172 2481 3191 2513 ι
3224 2462 3368 2533 quod

1791 2549 2002 2604 interna
2031 2550 2272 2605 visitatio
2303 2549 2537 2604 vivilicat
2568 2550 2860 2606 hominem.
2894 2548 3165 2618 Lucerna,
3194 2551 3365 2625 gloria

1792 2644 2180 2712 reproborum,
2228 2652 2288 2698 ut
2340 2644 2393 2698 in
2437 2642 2537 2699 Job
2572 2644 2617 2676 ¹⁶
2661 2662 2674 2698 :
2723 2664 2741 2695 ι
2789 2645 3034 2701 Lucerna
3083 2646 3366 2718 impiorum

1789 2733 2194 2803 exstinguctur,
2235 2753 2254 2783 ι
2289 2733 2340 2788 id
2368 2741 2485 2799 est,
2515 2733 2680 2805 gloria
2709 2750 2996 2806 pravorum
3038 2736 3364 2792 destruetur.

1864 2825 2059 2879 Lumen
2081 2834 2165 2881 est
2183 2825 2449 2891 Christus,
2477 2834 2538 2881 ut
2564 2827 2619 2882 in
2646 2826 2939 2896 Evangelia
2966 2847 2979 2882 :
3017 2846 3037 2880 ι
3072 2828 3275 2885 Lu‘mcn
3300 2826 3369 2885 ad

1792 2916 2175 2971 revelationem
2203 2916 2439 2986 gentium
2466 2915 2534 2983 ³⁸,
2568 2935 2587 2969 ι
2632 2918 2774 2988 quod
2810 2916 3056 2974 Christus
3083 2927 3271 2990 gentes
3305 2917 3371 2973 il-

1793 3008 2040 3063 luminat.
2070 3006 2292 3074 Lumen,
2324 3008 2571 3077 apostoli,
2600 3017 2660 3063 ut
2684 3009 2739 3063 in
2764 3008 2992 3065 Psalmis
3019 3029 3033 3066 :
3076 3031 3095 3063 ι
3125 3010 3368 3066 Amictus

1794 3100 1997 3157 lumine
2037 3102 2176 3157 sicut
2219 3101 2540 3158 vestimento
2570 3100 2638 3169 ³⁸,
2674 3122 2695 3155 ι
2743 3102 2798 3157 id
2838 3110 2961 3169 est,
3003 3104 3368 3161 circumdatus

100 3194 214 3249 bus
238 3192 305 3258 ",
333 3194 385 3248 id
411 3203 513 3260 est,
545 3192 809 3250 clarescat
835 3196 973 3251 bona
1000 3196 1140 3252 actio
1163 3205 1347 3252 vestra
1369 3212 1552 3253 coram
1577 3212 1689 3252 ma-

1796 3191 2065 3263 Apastolis
2099 3193 2496 3250 adhmrentibus
2533 3190 2689 3250 lateri
2722 3203 2832 3249 tuo.
2873 3190 3101 3262 Lumen,
3132 3195 3370 3266 cognitio

101 3284 195 3340 lis.
237 3280 377 3349 Luat,
408 3284 719 3353 praedicatio
745 3286 1086 3357 evangelica,
1115 3296 1175 3341 ut
1216 3286 1270 3341 in
1315 3286 1452 3342 lsaia
1482 3305 1494 3342 ε
1533 3304 1551 3339 ι
1585 3286 1689 3342 Ρο-

98 3379 273 3449 pulus
298 3378 390 3448 qui
415 3378 557 3433 sedit
580 3378 635 3432 in
676 3379 912 3434 tenebris
944 3379 1080 3435 vidit
1100 3379 1273 3436 lucem
1296 3394 1544 3453 magnam
1568 3381 1632 3447 ",
1660 3399 1682 3434 ι

102 3471 157 3525 id
189 3479 308 3535 est,
342 3468 569 3541 populus
592 3468 832 3540 gentium
854 3511 867 3535 ,
895 3471 985 3541 qui
1013 3482 1132 3526 erat
1162 3470 1217 3526 in
1242 3487 1457 3538 errore,
1488 3474 1689 3544 praeti-

100 3558 379 3616 cationem
425 3556 686 3631 intelligat
726 3561 1110 3632 evangelicam.
1146 3560 1262 3616 Lua:
1287 3604 1302 3626 ,
1347 3562 1517 3634 gloria
1564 3565 1689 3621 vita:

98 3651 409 3725 praesentis,
430 3659 489 3706 ut
504 3651 561 3707 in
581 3650 713 3708 Job:
739 3670 758 3704 ι
786 3650 962 3720 Quare
981 3654 1103 3709 data
1125 3662 1208 3710 est
1229 3655 1427 3711 misero
1444 3656 1575 3713 lux?
1598 3658 1640 3691 "
1662 3679 1682 3713 ι

100 3744 155 3799 id
179 3751 300 3807 est,
328 3741 495 3814 gloria
524 3743 648 3799 vita!
679 3744 961 3815 praesentis
988 3746 1106 3800 viro
1128 3756 1318 3802 sancto
1344 3764 1357 3801 :
1387 3750 1477 3818 qui
1505 3750 1559 3804 in
1587 3751 1690 3808 hoc

98 3833 308 3891 szeculo
330 3834 589 3890 misertim
616 3836 837 3906 deputat
854 3835 993 3908 (sic).
1010 3835 1157 3903 Lux,
1184 3839 1203 3859 '
1220 3836 1450 3908 gladium
1479 3841 1688 3909 cordis,

99 3926 235 3981 utin
250 3924 354 3982 Job
376 3942 391 3980 :
419 3945 439 3977 ‹
454 3924 570 3982 Lux
584 3927 990 3985 obtenebrescet
1012 3929 1065 3984 in
1079 3930 1425 3986 tabernaculo
1436 3932 1551 4004 ejus
1568 3933 1634 3999 “,
1664 3953 1684 3987 ι

100 4016 155 4071 id
186 4024 307 4081 est,
337 4016 589 4087 gaudium
620 4015 832 4073 deﬁciet
862 4017 916 4073 in
958 4019 1120 4075 corde
1154 4021 1291 4091 ejus.
1330 4019 1447 4077 Lux
1469 4064 1483 4088 ,
1517 4024 1692 4081 sancti

101 4105 309 4177 angeli,
338 4114 399 4161 ut
424 4107 479 4162 in
505 4107 705 4164 Genesi
734 4127 749 4162 :
783 4128 802 4161 ι
834 4107 980 4164 Vidit
1005 4110 1149 4165 Deus
1178 4111 1353 4167 lucem
1375 4153 1390 4179 ,
1436 4114 1581 4184 quod
1608 4130 1694 4171 es-

100 4207 191 4254 set
216 4198 361 4254 bona
384 4198 451 4263 ¹⁶,
486 4218 505 4249 ι
534 4200 587 4255 id
613 4208 728 4266 est,
757 4202 1073 4272 approbavit
1098 4203 1268 4261 bonos
1295 4206 1532 4278 angelos.

172 4285 397 4358 Lucifer
427 4296 511 4345 est
542 4288 810 4357 Christus,
838 4302 898 4346 ut
924 4293 981 4347 in
1011 4293 1150 4350 Job:
1187 4314 1205 4347 ι
1242 4295 1505 4354 Producis
1533 4299 1689 4355 Luci-

99 4380 284 4435 ferum
316 4377 368 4433 in
393 4387 631 4450 tempore
654 4396 753 4436 suo
780 4382 842 4448 ⁸⁸,
876 4404 894 4434 ι
932 4385 984 4439 id
1009 4393 1113 4450 est,
1141 4385 1417 4443 Christum
1443 4390 1495 4444 in
1522 4390 1693 4461 pleni-

100 4470 299 4525 tudine
345 4471 621 4540 temporis.
663 4470 906 4542 Lucifer,
939 4475 1023 4529 vir
1063 4485 1317 4543 sanctus,
1362 4488 1423 4534 ut
1458 4480 1515 4535 iu
1540 4479 1686 4537 Job:

104 4580 125 4614 ι
164 4558 380 4617 Orieris
406 4570 466 4616 ut
491 4561 705 4619 Lucifer
732 4564 799 4630 ³⁷,
837 4584 856 4618 ι
890 4565 943 4620 id
969 4576 1085 4634 est,
1119 4568 1389 4626 claresees
1417 4572 1485 4626 ad
1514 4574 1689 4630 instat

99 4653 213 4708 viri
237 4651 437 4708 meti.
464 4650 696 4723 Lucifer,
727 4655 991 4731 diabolus,
1015 4668 1075 4713 ut
1102 4659 1156 4714 in
1185 4661 1317 4716 Isaia
1350 4681 1362 4714 :
1397 4682 1415 4714 ι
1451 4663 1685 4733 Lucifer,

96 4746 201 4816 qui
228 4754 391 4799 mane
420 4743 684 4802 oriebaris
712 4746 777 4811 η,
808 4767 829 4801 ι
860 4747 914 4803 id
942 4758 1025 4805 est
1053 4750 1334 4819 diabolus,
1369 4754 1463 4824 qui
1491 4754 1544 4809 in
1582 4757 1689 4810 ini-i

99 4841 183 4895 tio
216 4847 340 4894 erat
365 4837 604 4895 claritas.
648 4838 883 4911 Lucifer,
930 4842 1111 4899 clarus
1157 4844 1496 4913 intellectus,
1539 4856 1599 4902 ut
1633 4848 1689 4902 in

98 4930 347 5004 Epistoh
389 4931 535 4988 Petri
569 4949 585 4987 :
621 4952 641 4987 ι
677 4932 897 4989 Lucifer
938 4934 1146 4990 oriatur
1194 4936 1249 4991 in
1297 4939 1551 4994 cordibus
1591 4955 1691 4995 no-

96 5024 237 5080 stris
271 5022 340 5090 ",
374 5043 395 5077 ι
429 5024 485 5080 id
506 5031 612 5092 est,
639 5023 820 5082 clarus
849 5025 1150 5083 intellectus
1176 5026 1380 5100 fulgeat
1410 5028 1468 5085 in
1495 5030 1690 5086 menti-

94 5116 210 5173 bus
235 5115 465 5172 nostris.

174 5207 423 5264 Lucerna
449 5208 833 5278 estChristus,
863 5219 925 5267 ut
949 5210 1003 5266 in
1036 5211 1365 5282 Evangelia:
1395 5230 1415 5264 ι
1448 5210 1564 5267 Non
1590 5227 1686 5269 ve-

1792 3288 2072 3354 vcritatis,
2117 3296 2178 3343 ut
2226 3289 2279 3343 in
2323 3286 2423 3343 Job
2453 3304 2471 3344 :
2506 3302 2529 3340 ι
2561 3284 2665 3359 1ρεί
2706 3287 2922 3346 fuerunt
2960 3289 3189 3348 rebelles
3216 3289 3369 3347 lumi-

1790 3376 1845 3432 ni
1868 3376 1933 3441 ³³,
1967 3396 1985 3429 ι
2016 3377 2068 3432 id
2092 3386 2196 3444 est,
2219 3378 2467 3434 veritatis
2488 3378 2736 3434 notitiam
2760 3380 3033 3451 suscipere
3056 3380 3362 3437 noluerunt.

1790 3465 2013 3533 Lumen,
2046 3469 2381 3540 praedicatio,
2408 3470 2548 3525 utin
2573 3469 2674 3525 Job
2698 3485 2715 3524 :
2748 3488 2769 3522 ι
2799 3470 3007 3528 Lumen
3036 3470 3178 3528 illius
3206 3486 3369 3544 super

1790 3574 1980 3616 omnes
2011 3561 2270 3618 terminos
2289 3572 2450 3619 terra:
2471 3562 2538 3628 ³³,
2577 3582 2597 3615 ι
2630 3561 2684 3617 id
2712 3570 2816 3628 est,
2848 3562 3197 3637 Evangelium
3221 3562 3365 3621 illius

1790 3651 2116 3718 praedicatur
2143 3651 2198 3706 in
2232 3652 2489 3709 universo
2520 3653 2739 3709 mundo.
2766 3651 2997 3722 Lumen,
3030 3654 3367 3720 miraculum,

1792 3748 1852 3792 ut
1880 3739 1935 3793 in
1954 3739 2093 3796 Job:
2124 3758 2145 3792 ι
2177 3740 2234 3797 In
2265 3743 2369 3799 viis
2394 3744 2501 3800 tuis
2524 3743 2828 3815 splendebit
2848 3742 3025 3800 lumen
3049 3743 3117 3812 “,
3147 3764 3166 3798 ι
3195 3744 3369 3812 idest,

1793 3831 1848 3886 in
1887 3833 2140 3903 operibus
2180 3835 2286 3889 tuis
2334 3835 2487 3908 signa
2526 3842 2582 3892 et
2623 3835 2883 3891 miracula
2925 3844 3102 3891 erunt.
3145 3832 3368 3903 Lumen,

1793 3924 1963 3994 gratia
1991 3925 2116 3990 Dei,
2145 3934 2206 3980 ut
2235 3927 2288 3981 in
2316 3925 2418 3985 Job
2445 3944 2458 3983 :
2493 3945 2513 3979 ι
2548 3925 2724 4000 Super
2750 3943 2910 3998 quem
2946 3944 3052 3985 non
3086 3929 3258 4002 surgit
3286 3929 3369 3984 lu-

1793 4030 1915 4070 men
1942 4016 2086 4072 illius
2108 4016 2177 4084 ⁸⁸,
2209 4039 2228 4072 ι
2265 4019 2317 4074 id
2348 4028 2459 4085 est,
2489 4020 2611 4091 quis
2633 4027 2717 4076 est
2746 4020 2802 4075 in
2831 4035 2939 4091 quo
2962 4036 3071 4078 non
3102 4023 3174 4078 sit
3200 4023 3370 4095 gratia

1793 4108 1946 4179 ejus?
1973 4108 2190 4177 Lumen,
2218 4111 2467 4180 intentio,
2490 4122 2551 4168 ut
2572 4113 2626 4168 in
2650 4112 2940 4186 Evangelia
2965 4133 2979 4169 :
3009 4134 3028 4168 ι
3062 4112 3195 4173 Vide
3220 4132 3371 4189 ergo,

1793 4215 1862 4256 ne
1900 4202 2080 4256 lumen
2122 4203 2266 4273 quod
2297 4204 2351 4258 in
2386 4212 2439 4260 te
2470 4212 2585 4271 est,
2630 4202 2970 4260 tenebrescat
2995 4204 3071 4272 “,
3114 4226 3134 4261 ι
3177 4205 3229 4262 id
3269 4216 3373 4276 est,

1793 4310 1925 4350 cave
1954 4312 2024 4350 ne
2051 4295 2280 4351 intentio
2310 4303 2400 4352 tua
2424 4296 2762 4353 obscuretur.
2786 4296 3005 4366 Lumen,
3030 4298 3173 4356 Deus
3191 4298 3368 4367 Pater,

1792 4395 1853 4441 ut
1896 4388 1949 4442 in
2000 4388 2289 4459 Evangelia
2330 4407 2344 4443 :
2393 4407 2412 4441 ι
2458 4388 2516 4445 ln
2562 4390 2766 4448 lumine
2816 4400 2909 4448 tuo
2960 4392 3260 4451 videbimus
3298 4395 3375 4449 lu.

1794 4492 1918 4533 men
1944 4477 2022 4543 ",
2057 4500 2075 4529 ι
2111 4480 2251 4548 quod
2288 4494 2385 4550 per
2422 4479 2617 4536 Filium
2660 4484 3093 4555 recognoscimus
3134 4484 3369 4542 Patrem.

1795 4567 2024 4635 Lumen,
2071 4571 2342 4637 doctrina,
2389 4584 2447 4628 ut
2490 4574 2546 4630 in
2587 4572 2908 4647 Apocalypsi
2938 4591 2955 4631 :
2991 4594 3011 4630 ι
3047 4572 3248 4633 Civitas
3282 4577 3373 4634 illa

1795 4676 1902 4717 non
1938 4660 2195 4733 indigebit
2222 4662 2425 4719 lumine
2447 4664 2682 4731 solis",
2716 4685 2736 4720 ι
2771 4666 2916 4736 quod
2959 4675 3255 4724 conventus
3284 4668 3372 4725 ille

1796 4770 2042 4826 supernte
2090 4756 2276 4826 patria:
2314 4772 2420 4813 non
2455 4757 2674 4815 habebit
2709 4772 2934 4817 necesse
2976 4768 3035 4816 ut
3080 4760 3151 4818 ah
3191 4761 3371 4833 aliqua

1795 4845 2014 4901 doctore
2039 4846 2312 4901 deccatur.

1866 4936 1973 4992 Per
2009 4936 2210 4992 lumbos
2253 4952 2494 5010 propago
2536 4938 2921 5007 mortalitatis,
2968 4947 3029 4995 ut
3069 4939 3126 4995 in
3167 4938 3370 4997 Paulo:

1798 5045 1818 5079 ι
1852 5027 2044 5083 Adhuc
2067 5038 2185 5083 erat
2212 5029 2265 5083 in
2290 5028 2487 5085 lumbis
2514 5030 2685 5100 patris
2711 5030 2797 5086 sui
2823 5029 2897 5095 ³⁸,
2929 5050 2950 5083 ι
2982 5030 3035 5086 id
3063 5038 3168 5099 est,
3199 5034 3375 5091 adhuc

1795 5123 2130 5193 generandus
2172 5130 2310 5177 erat.
2354 5120 2459 5178 Per
2501 5122 2738 5189 lumbos,
2784 5123 2983 5192 libido,
3032 5133 3090 5180 ut
3129 5125 3185 5181 in
3229 5124 3374 5183 Job:

1799 5233 1818 5266 ι
1852 5213 2131 5269 Fortitudo
2154 5213 2270 5283 ejus
2298 5214 2354 5269 in
2394 5214 2590 5271 lumbis
2614 5213 2661 5247 "
2723 5236 2742 5268 ι
2781 5217 2927 5286 quod
2951 5232 3139 5274 sexum
3166 5218 3376 5275 virilem

178 5371 196 5401 ¹
227 5368 379 5442 Luc;
414 5385 624 5442 x_xxm,
681 5370 769 5426 14.
811 5372 853 5442 ,³
910 5370 1045 5442 Gep.
1096 5371 1370 5442 1.,7725.’
1421 5371 1619 5442 Ezech.
1673 5387 1689 5426 ι

1817 5370 1956 5442 ίι17ε
1984 5367 2227 5442 ‘_Prov.
2273 5367 2520 5442 m,_l(i_._
2550 5367 2742 5442 '_Gen.
2778 5386 2866 5442 vi,
2890 5371 2978 5442 15.
3017 5371 3038 5404 ⁸
3059 5370 3162 5429 Job
3188 5388 3377 5442 nux,

97 5441 194 5497 15.
246 5442 269 5472 ⁷
315 5438 380 5495 Ill
426 5439 559 5511 Reg.
614 5457 710 5508 vn,
762 5440 853 5497 29.
909 5441 932 5475 ⁸
979 5439 1110 5544 Sa.p.
1158 5441 1214 5506 7,
1266 5441 1357 5496 26.
1416 5440 1440 5474 ⁹
1488 5442 1644 5497 Joan.

100 5511 151 5544 ιθ
190 5509 285 5544 Ιηῑι
318 5525 375 5544 ιη
424 5510 497 5544 οη
544 5511 588 5543 I'b
622 5510 711 5544 Inh
736 5527 867 5544 νιν-η
929 5512 962 5544 R
1018 5513 1032 5544 ι
1086 5510 1199 5544 Ωιι-ι
1251 5529 1266 5544 ι
1335 5513 1362 5544 ι
1425 5513 1467 5544 ιο
1505 5512 1593 5544 Ιιιιι
1622 5528 1685 5544 νυ

1804 5441 1856 5496 9.
1879 5440 1963 5544 1;”
2002 5438 2423 5544 ‘Ep'hes;‘v,”6.
2441 5439 2881 5544 "inlinamus,
2904 5441 3004 5544 ³19(ξὶ
3028 5442 3192 5544 3183.
3216 5438 3374 5544 una.

100 5511 151 5546 ⁸³
180 5509 285 5567 Job
318 5525 396 5577 ιιι,
424 5508 588 5565 20.’“
611 5510 711 5567 Job
736 5527 887 5577 xvut,
929 5512 981 5567 6.
1018 5508 1069 5544 ιτ
1086 5510 1199 5567 Gen
1251 5529 1301 5574 ι,
1329 5513 1384 5565 4.
1425 5513 1467 5545 ¹⁶
1494 5512 1594 5567 Job
1622 5528 1687 5565 xx

1796 5527 1847 5576 Il,
1878 5512 1966 5567 52.
2002 5511 2041 5542 ¹⁷
2066 5508 2171 5565 Job
2198 5524 2252 5562 χι
2272 5551 2285 5573 ,
2314 5509 2403 5580 17.
2425 5509 2488 5580 _’°_
2508 5508 2609 5563 lsa.
2642 5526 2752 5576 xw,
2780 5512 2865 5566 12.
2904 5511 2946 5542 ³⁹
2964 5512 3004 5567 ll
3028 5512 3171 5567 Petr.
3206 5508 3375 5580 1,719.

95 5582 149 5632 ιο
184 5581 353 5637 Marc.
380 5597 453 5647 tv,
484 5582 574 5637 21.
605 5583 646 5614 ²¹
679 5582 822 5638 Psal.
857 5596 1019 5638 cum
1041 5622 1058 5648 ,
1087 5584 1170 5636 17.
1205 5584 1248 5613 ³³
1276 5582 1432 5639 Prov.
1460 5598 1617 5644 χχχι,
1658 5584 1681 5637 1

1801 5583 1822 5613 ³
1848 5581 2016 5636 Exod.
2045 5595 2228 5643 χχιιι,
2266 5578 2357 5633 2ο.
2396 5577 2441 5609 ν’
2463 5577 2565 5634 Job
2596 5596 2755 5643 xxix,
2786 5581 2840 5635 3.
2873 5582 2982 5637 ".ll
3014 5581 3160 5637 Petr.
3188 5577 3255 5649 τι,
3288 5585 3375 5640 19.

95 5654 147 5703 ιβ
182 5651 326 5723 Psal.
354 5668 543 5717 cxvm,
566 5652 686 5708 104.
717 5654 761 5685 ’⁷
786 5653 971 5707 Matth.
998 5669 1052 5719 v,
1078 5652 1164 5707 l5.
1197 5652 1425 5723 “Prov.
1452 5670 1542 5717 xx,
1563 5653 1652 5706 27.
1680 5654 1689 5683 ¹

1796 5653 1848 5707 ιι)
1875 5668 2019 5714 xxxv,
2042 5651 2132 5723 20.
2164 5649 2369 5723 'f’gliuc.
2384 5665 2445 5714 ιι,
2473 5649 2562 5703 52.
2601 5650 2642 5681 ³¹
2660 5650 2808 5723 Psal.
2831 5667 2924 5723 cn,
2952 5654 3006 5707 2.
3041 5652 3084 5684 “
3102 5652 3205 5709 Job
3229 5668 3380 5723 xm,

94 5724 195 5796 13.
224 5723 273 5755 ⁸³
288 5720 629 5796 labuntur",
659 5724 713 5778 5.
750 5724 796 5756 ³⁸
816 5723 1048 5796 labent
1067 5764 1083 5787 ,
1110 5723 1201 5778 28.
1241 5722 1291 5796 ἐξ
1310 5722 1412 5779 Job
1446 5739 1571 5792 xxv,
1602 5723 1655 5778 5.
1685 5728 1689 5754 ⁵

1796 5740 1886 5780 πρε.
1922 5739 2010 5791 ιιι,
2045 5721 2136 5777 55.
2178 5719 2220 5754 ³⁷
2251 5719 2392 5778 Psal.
2434 5736 2610 5790 xxxv,
2647 5722 2733 5777 10.
2776 5722 2821 5755 ³⁸
2843 5722 3012 5794 Apoc.
3043 5739 3169 5794 ut,
3198 5725 3301 5795 25,
3327 5719 3385 5790 et

93 5792 343 5872 iw,5.
385 5792 435 5828 υ
467 5792 738 5865 Belum,
768 5795 857 5853 10.
896 5793 1191 5864 “John,
1237 5795 1325 5851 11.
