  <div class='ocr_page' id='page_1' title='image "/cluster/home/n/w/nwhite01/storage/ocr_20150623/112/hvd.32044015685407/502.png"; bbox 0 0 3936 6328; ppageno 0'>
   <div class='ocr_carea' id='block_1_1' title="bbox 1725 147 1744 174">
    <p class='ocr_par' dir='ltr' id='par_1_1' title="bbox 1725 147 1744 174">
     <span class='ocr_line' id='line_1_1' title="bbox 1725 147 1744 174; baseline 0 0"><span class='ocrx_word' id='word_1_1' title='bbox 1725 147 1744 174; x_wconf 76' lang='grc' dir='ltr'><em>Ι</em></span> 
     </span>
    </p>
   </div>
   <div class='ocr_carea' id='block_1_2' title="bbox 152 350 261 408">
    <p class='ocr_par' dir='ltr' id='par_1_2' title="bbox 152 350 261 408">
     <span class='ocr_line' id='line_1_2' title="bbox 152 350 261 408; baseline 0 0"><span class='ocrx_word' id='word_1_2' title='bbox 152 350 261 408; x_wconf 76' lang='lat'><strong>993</strong></span> 
     </span>
    </p>
   </div>
   <div class='ocr_carea' id='block_1_3' title="bbox 1115 342 2472 404">
    <p class='ocr_par' dir='ltr' id='par_1_3' title="bbox 1115 342 2472 404">
     <span class='ocr_line' id='line_1_3' title="bbox 1115 342 2472 404; baseline 0 -2"><span class='ocrx_word' id='word_1_3' title='bbox 1115 342 1533 402; x_wconf 68' lang='grc' dir='ltr'><em>ΑιιΕοοιιιᾹς</em></span> <span class='ocrx_word' id='word_1_4' title='bbox 1572 344 1642 403; x_wconf 85' lang='grc' dir='ltr'><strong>ΙΝ</strong></span> <span class='ocrx_word' id='word_1_5' title='bbox 1682 345 1961 404; x_wconf 83' lang='lat' dir='ltr'><strong>SACRAM</strong></span> <span class='ocrx_word' id='word_1_6' title='bbox 2007 345 2472 404; x_wconf 63' lang='lat' dir='ltr'><strong>SCRIPTUM.</strong></span> 
     </span>
    </p>
   </div>
   <div class='ocr_carea' id='block_1_4' title="bbox 3293 349 3408 412">
    <p class='ocr_par' dir='ltr' id='par_1_4' title="bbox 3293 349 3408 412">
     <span class='ocr_line' id='line_1_4' title="bbox 3293 349 3408 412; baseline 0.035 -4"><span class='ocrx_word' id='word_1_7' title='bbox 3293 349 3408 412; x_wconf 71' lang='grc'><strong>994</strong></span> 
     </span>
    </p>
   </div>
   <div class='ocr_carea' id='block_1_5' title="bbox 153 439 3411 536">
    <p class='ocr_par' dir='ltr' id='par_1_5' title="bbox 153 439 3411 536">
     <span class='ocr_line' id='line_1_5' title="bbox 153 439 3411 536; baseline 0.001 -15"><span class='ocrx_word' id='word_1_8' title='bbox 153 465 319 521; x_wconf 89' lang='lat' dir='ltr'><strong>sentis</strong></span> <span class='ocrx_word' id='word_1_9' title='bbox 346 461 712 536; x_wconf 79' lang='lat' dir='ltr'><strong>prosperitas,</strong></span> <span class='ocrx_word' id='word_1_10' title='bbox 736 468 797 516; x_wconf 91' lang='lat' dir='ltr'><strong>ut</strong></span> <span class='ocrx_word' id='word_1_11' title='bbox 826 461 880 516; x_wconf 89' lang='lat' dir='ltr'><strong>in</strong></span> <span class='ocrx_word' id='word_1_12' title='bbox 909 460 1232 517; x_wconf 80' lang='lat' dir='ltr'><strong>Ecclesiaste</strong></span> <span class='ocrx_word' id='word_1_13' title='bbox 1261 477 1274 514; x_wconf 96' lang='lat'><strong>:</strong></span> <span class='ocrx_word' id='word_1_14' title='bbox 1300 479 1334 510; x_wconf 76' lang='grc' dir='ltr'><strong>ο(</strong></span> <span class='ocrx_word' id='word_1_15' title='bbox 1371 458 1534 528; x_wconf 82' lang='lat' dir='ltr'><strong>Cujus</strong></span> <span class='ocrx_word' id='word_1_16' title='bbox 1574 453 1740 529; x_wconf 63' lang='lat' dir='ltr'><strong>prin-&#39;</strong></span> <span class='ocrx_word' id='word_1_17' title='bbox 1754 471 1800 530; x_wconf 76' lang='grc' dir='ltr'>Α</span> <span class='ocrx_word' id='word_1_18' title='bbox 1834 439 1994 515; x_wconf 84' lang='lat' dir='ltr'><strong>tendo</strong></span> <span class='ocrx_word' id='word_1_19' title='bbox 2018 461 2263 523; x_wconf 85' lang='lat' dir='ltr'><strong>redeunt,</strong></span> <span class='ocrx_word' id='word_1_20' title='bbox 2291 440 2674 516; x_wconf 77' lang='lat' dir='ltr'><strong>emundantur.</strong></span> <span class='ocrx_word' id='word_1_21' title='bbox 2701 459 2924 527; x_wconf 75' lang='lat' dir='ltr'><strong>Manus,</strong></span> <span class='ocrx_word' id='word_1_22' title='bbox 2952 461 3231 534; x_wconf 91' lang='lat' dir='ltr'><strong>impulsio,</strong></span> <span class='ocrx_word' id='word_1_23' title='bbox 3259 474 3322 522; x_wconf 90' lang='lat' dir='ltr'><strong>ut</strong></span> <span class='ocrx_word' id='word_1_24' title='bbox 3353 465 3411 524; x_wconf 89' lang='lat' dir='ltr'><strong>in</strong></span> 
     </span>
    </p>
   </div>
   <div class='ocr_carea' id='block_1_6' title="bbox 152 550 1730 626">
    <p class='ocr_par' dir='ltr' id='par_1_6' title="bbox 152 550 1730 626">
     <span class='ocr_line' id='line_1_6' title="bbox 152 550 1730 626; baseline -0.003 -15"><span class='ocrx_word' id='word_1_25' title='bbox 152 557 298 626; x_wconf 90' lang='lat' dir='ltr'><strong>cipes</strong></span> <span class='ocrx_word' id='word_1_26' title='bbox 336 569 494 608; x_wconf 82' lang='lat' dir='ltr'><strong>tuane</strong></span> <span class='ocrx_word' id='word_1_27' title='bbox 543 553 830 608; x_wconf 76' lang='lat' dir='ltr'><strong>comedunt</strong></span> <span class='ocrx_word' id='word_1_28' title='bbox 855 553 895 618; x_wconf 81' lang='lat'><strong>&#39;,</strong></span> <span class='ocrx_word' id='word_1_29' title='bbox 931 573 950 604; x_wconf 74' lang='grc' dir='ltr'><strong>ι</strong></span> <span class='ocrx_word' id='word_1_30' title='bbox 988 552 1041 607; x_wconf 93' lang='lat' dir='ltr'><strong>id</strong></span> <span class='ocrx_word' id='word_1_31' title='bbox 1071 562 1185 617; x_wconf 91' lang='lat' dir='ltr'><strong>est,</strong></span> <span class='ocrx_word' id='word_1_32' title='bbox 1234 550 1387 620; x_wconf 90' lang='lat' dir='ltr'><strong>cujus</strong></span> <span class='ocrx_word' id='word_1_33' title='bbox 1430 551 1635 622; x_wconf 62' lang='lat' dir='ltr'><strong>praelati</strong></span> <span class='ocrx_word' id='word_1_34' title='bbox 1675 550 1730 606; x_wconf 92' lang='lat' dir='ltr'><strong>in</strong></span> 
     </span>
    </p>
   </div>
   <div class='ocr_carea' id='block_1_7' title="bbox 149 641 1731 718">
    <p class='ocr_par' dir='ltr' id='par_1_7' title="bbox 149 641 1731 718">
     <span class='ocr_line' id='line_1_7' title="bbox 149 641 1731 718; baseline -0.003 -16"><span class='ocrx_word' id='word_1_35' title='bbox 149 649 275 702; x_wconf 77' lang='lat' dir='ltr'><strong>vitae</strong></span> <span class='ocrx_word' id='word_1_36' title='bbox 302 645 585 718; x_wconf 50' lang='lat' dir='ltr'><strong>praesentis</strong></span> <span class='ocrx_word' id='word_1_37' title='bbox 624 645 984 715; x_wconf 90' lang='lat' dir='ltr'><strong>prosperitate</strong></span> <span class='ocrx_word' id='word_1_38' title='bbox 1018 643 1311 699; x_wconf 78' lang='lat' dir='ltr'><strong>exsultant.</strong></span> <span class='ocrx_word' id='word_1_39' title='bbox 1356 641 1543 710; x_wconf 82' lang='lat' dir='ltr'><strong>Mane,</strong></span> <span class='ocrx_word' id='word_1_40' title='bbox 1575 658 1731 698; x_wconf 88' lang='lat' dir='ltr'><strong>exor-</strong></span> 
     </span>
    </p>
   </div>
   <div class='ocr_carea' id='block_1_8' title="bbox 150 736 1726 810">
    <p class='ocr_par' dir='ltr' id='par_1_8' title="bbox 150 736 1726 810">
     <span class='ocr_line' id='line_1_8' title="bbox 150 736 1726 810; baseline -0.001 -14"><span class='ocrx_word' id='word_1_41' title='bbox 150 742 296 796; x_wconf 89' lang='lat' dir='ltr'><strong>dium</strong></span> <span class='ocrx_word' id='word_1_42' title='bbox 327 739 450 793; x_wconf 84' lang='lat' dir='ltr'><strong>vitae</strong></span> <span class='ocrx_word' id='word_1_43' title='bbox 487 739 772 810; x_wconf 82' lang='lat' dir='ltr'><strong>praesentis</strong></span> <span class='ocrx_word' id='word_1_44' title='bbox 801 736 1085 806; x_wconf 86' lang='lat' dir='ltr'><strong>cujuslibet</strong></span> <span class='ocrx_word' id='word_1_45' title='bbox 1128 739 1390 803; x_wconf 89' lang='lat' dir='ltr'><strong>hominis,</strong></span> <span class='ocrx_word' id='word_1_46' title='bbox 1421 747 1481 792; x_wconf 92' lang='lat' dir='ltr'><strong>ut</strong></span> <span class='ocrx_word' id='word_1_47' title='bbox 1509 739 1562 793; x_wconf 92' lang='lat' dir='ltr'><strong>in</strong></span> <span class='ocrx_word' id='word_1_48' title='bbox 1588 737 1687 795; x_wconf 85' lang='lat' dir='ltr'><strong>Job</strong></span> <span class='ocrx_word' id='word_1_49' title='bbox 1712 756 1726 794; x_wconf 94' lang='lat'><strong>:</strong></span> 
     </span>
    </p>
   </div>
   <div class='ocr_carea' id='block_1_9' title="bbox 157 828 1724 900">
    <p class='ocr_par' dir='ltr' id='par_1_9' title="bbox 157 828 1724 900">
     <span class='ocr_line' id='line_1_9' title="bbox 157 828 1724 900; baseline 0.001 -16"><span class='ocrx_word' id='word_1_50' title='bbox 157 851 181 888; x_wconf 74' lang='grc' dir='ltr'><em>ρ</em></span> <span class='ocrx_word' id='word_1_51' title='bbox 208 829 282 884; x_wconf 92' lang='lat' dir='ltr'><strong>De</strong></span> <span class='ocrx_word' id='word_1_52' title='bbox 320 842 480 884; x_wconf 91' lang='lat' dir='ltr'><strong>mane</strong></span> <span class='ocrx_word' id='word_1_53' title='bbox 537 843 709 898; x_wconf 89' lang='lat' dir='ltr'><strong>usque</strong></span> <span class='ocrx_word' id='word_1_54' title='bbox 762 828 828 883; x_wconf 89' lang='lat' dir='ltr'><strong>ad</strong></span> <span class='ocrx_word' id='word_1_55' title='bbox 854 836 1155 900; x_wconf 83' lang='lat' dir='ltr'><strong>‘vesperam</strong></span> <span class='ocrx_word' id='word_1_56' title='bbox 1197 833 1216 851; x_wconf 79' lang='lat'>&#39;</span> <span class='ocrx_word' id='word_1_57' title='bbox 1259 830 1666 896; x_wconf 78' lang='lat' dir='ltr'><strong>succidentur&#39;,</strong></span> <span class='ocrx_word' id='word_1_58' title='bbox 1703 850 1724 885; x_wconf 74' lang='grc' dir='ltr'><strong>ι</strong></span> 
     </span>
    </p>
   </div>
   <div class='ocr_carea' id='block_1_10' title="bbox 147 917 1729 992">
    <p class='ocr_par' dir='ltr' id='par_1_10' title="bbox 147 917 1729 992">
     <span class='ocr_line' id='line_1_10' title="bbox 147 917 1729 992; baseline 0.002 -18"><span class='ocrx_word' id='word_1_59' title='bbox 147 921 290 992; x_wconf 85' lang='lat' dir='ltr'><strong>quod</strong></span> <span class='ocrx_word' id='word_1_60' title='bbox 317 935 346 974; x_wconf 89' lang='lat' dir='ltr'><strong>a</strong></span> <span class='ocrx_word' id='word_1_61' title='bbox 375 917 642 990; x_wconf 91' lang='lat' dir='ltr'><strong>principio</strong></span> <span class='ocrx_word' id='word_1_62' title='bbox 680 918 806 974; x_wconf 65' lang='lat' dir='ltr'><strong>vitae</strong></span> <span class='ocrx_word' id='word_1_63' title='bbox 842 934 954 974; x_wconf 72' lang='lat' dir='ltr'><strong>suae</strong></span> <span class='ocrx_word' id='word_1_64' title='bbox 995 933 1166 990; x_wconf 88' lang='lat' dir='ltr'><strong>usque</strong></span> <span class='ocrx_word' id='word_1_65' title='bbox 1205 921 1272 974; x_wconf 92' lang='lat' dir='ltr'><strong>ad</strong></span> <span class='ocrx_word' id='word_1_66' title='bbox 1313 919 1472 976; x_wconf 92' lang='lat' dir='ltr'><strong>ﬁnem</strong></span> <span class='ocrx_word' id='word_1_67' title='bbox 1514 921 1729 977; x_wconf 83' lang='lat' dir='ltr'><strong>destitui</strong></span> 
     </span>
    </p>
   </div>
   <div class='ocr_carea' id='block_1_11' title="bbox 146 1007 1726 1081">
    <p class='ocr_par' dir='ltr' id='par_1_11' title="bbox 146 1007 1726 1081">
     <span class='ocr_line' id='line_1_11' title="bbox 146 1007 1726 1081; baseline 0.001 -16"><span class='ocrx_word' id='word_1_68' title='bbox 146 1010 297 1081; x_wconf 89' lang='lat' dir='ltr'><strong>impii</strong></span> <span class='ocrx_word' id='word_1_69' title='bbox 329 1025 437 1065; x_wconf 91' lang='lat' dir='ltr'><strong>non</strong></span> <span class='ocrx_word' id='word_1_70' title='bbox 461 1016 699 1064; x_wconf 89' lang='lat' dir='ltr'><strong>cessant.</strong></span> <span class='ocrx_word' id='word_1_71' title='bbox 726 1007 906 1074; x_wconf 77' lang='lat' dir='ltr'><strong>Mane,</strong></span> <span class='ocrx_word' id='word_1_72' title='bbox 931 1008 1253 1064; x_wconf 89' lang='lat' dir='ltr'><strong>illuminatio</strong></span> <span class='ocrx_word' id='word_1_73' title='bbox 1279 1009 1514 1080; x_wconf 85' lang='lat' dir='ltr'><strong>Spiritus</strong></span> <span class='ocrx_word' id='word_1_74' title='bbox 1535 1011 1726 1079; x_wconf 85' lang='lat' dir='ltr'><strong>sancti,</strong></span> 
     </span>
    </p>
   </div>
   <div class='ocr_carea' id='block_1_12' title="bbox 143 1098 1729 1170">
    <p class='ocr_par' dir='ltr' id='par_1_12' title="bbox 143 1098 1729 1170">
     <span class='ocr_line' id='line_1_12' title="bbox 143 1098 1729 1170; baseline -0.001 -14"><span class='ocrx_word' id='word_1_75' title='bbox 143 1111 208 1157; x_wconf 90' lang='lat' dir='ltr'><strong>ut</strong></span> <span class='ocrx_word' id='word_1_76' title='bbox 235 1102 288 1156; x_wconf 94' lang='lat' dir='ltr'><strong>in</strong></span> <span class='ocrx_word' id='word_1_77' title='bbox 323 1100 548 1157; x_wconf 90' lang='lat' dir='ltr'><strong>Cantico</strong></span> <span class='ocrx_word' id='word_1_78' title='bbox 587 1118 600 1154; x_wconf 92' lang='lat'><strong>:</strong></span> <span class='ocrx_word' id='word_1_79' title='bbox 637 1098 847 1153; x_wconf 69' lang='lat' dir='ltr'><strong>«&#39;Mane</strong></span> <span class='ocrx_word' id='word_1_80' title='bbox 891 1113 1176 1170; x_wconf 82' lang='lat' dir='ltr'><strong>surgamus</strong></span> <span class='ocrx_word' id='word_1_81' title='bbox 1209 1099 1278 1154; x_wconf 89' lang='lat' dir='ltr'><strong>ad</strong></span> <span class='ocrx_word' id='word_1_82' title='bbox 1308 1100 1496 1155; x_wconf 88' lang='lat' dir='ltr'><strong>vineas</strong></span> <span class='ocrx_word' id='word_1_83' title='bbox 1521 1099 1577 1165; x_wconf 86' lang='grc'><em>³,</em></span> <span class='ocrx_word' id='word_1_84' title='bbox 1615 1121 1634 1152; x_wconf 73' lang='grc' dir='ltr'><strong>ι</strong></span> <span class='ocrx_word' id='word_1_85' title='bbox 1675 1100 1729 1155; x_wconf 92' lang='lat' dir='ltr'><strong>id</strong></span> 
     </span>
    </p>
   </div>
   <div class='ocr_carea' id='block_1_13' title="bbox 142 1189 1730 1263">
    <p class='ocr_par' dir='ltr' id='par_1_13' title="bbox 142 1189 1730 1263">
     <span class='ocr_line' id='line_1_13' title="bbox 142 1189 1730 1263; baseline -0.002 -14"><span class='ocrx_word' id='word_1_86' title='bbox 142 1201 249 1259; x_wconf 87' lang='lat' dir='ltr'><strong>est,</strong></span> <span class='ocrx_word' id='word_1_87' title='bbox 275 1191 558 1248; x_wconf 89' lang='lat' dir='ltr'><strong>illuminati</strong></span> <span class='ocrx_word' id='word_1_88' title='bbox 587 1189 796 1262; x_wconf 87' lang='lat' dir='ltr'><strong>Spiritu</strong></span> <span class='ocrx_word' id='word_1_89' title='bbox 823 1197 1012 1247; x_wconf 89' lang='lat' dir='ltr'><strong>sancto</strong></span> <span class='ocrx_word' id='word_1_90' title='bbox 1033 1191 1306 1263; x_wconf 74' lang='lat' dir='ltr'><strong>erigamus</strong></span> <span class='ocrx_word' id='word_1_91' title='bbox 1334 1205 1432 1246; x_wconf 91' lang='lat' dir='ltr'><strong>nos</strong></span> <span class='ocrx_word' id='word_1_92' title='bbox 1453 1191 1520 1246; x_wconf 91' lang='lat' dir='ltr'><strong>ad</strong></span> <span class='ocrx_word' id='word_1_93' title='bbox 1543 1205 1730 1246; x_wconf 91' lang='lat' dir='ltr'><strong>exem-</strong></span> 
     </span>
    </p>
   </div>
   <div class='ocr_carea' id='block_1_14' title="bbox 140 1280 1730 1355">
    <p class='ocr_par' dir='ltr' id='par_1_14' title="bbox 140 1280 1730 1355">
     <span class='ocr_line' id='line_1_14' title="bbox 140 1280 1730 1355; baseline 0 -19"><span class='ocrx_word' id='word_1_94' title='bbox 140 1283 231 1355; x_wconf 89' lang='lat' dir='ltr'><strong>pla</strong></span> <span class='ocrx_word' id='word_1_95' title='bbox 257 1292 591 1339; x_wconf 87' lang='lat' dir='ltr'><strong>sanctorum.</strong></span> <span class='ocrx_word' id='word_1_96' title='bbox 632 1280 813 1346; x_wconf 80' lang='lat' dir='ltr'><strong>Mane,</strong></span> <span class='ocrx_word' id='word_1_97' title='bbox 839 1280 1135 1336; x_wconf 71' lang='lat' dir='ltr'><strong>consolatio</strong></span> <span class='ocrx_word' id='word_1_98' title='bbox 1167 1281 1400 1346; x_wconf 88' lang='lat' dir='ltr'><strong>interna,</strong></span> <span class='ocrx_word' id='word_1_99' title='bbox 1444 1289 1506 1334; x_wconf 89' lang='lat' dir='ltr'><strong>ut</strong></span> <span class='ocrx_word' id='word_1_100' title='bbox 1544 1281 1598 1334; x_wconf 94' lang='lat' dir='ltr'><strong>in</strong></span> <span class='ocrx_word' id='word_1_101' title='bbox 1631 1280 1730 1336; x_wconf 85' lang='lat' dir='ltr'><strong>Ge-</strong></span> 
     </span>
    </p>
   </div>
   <div class='ocr_carea' id='block_1_15' title="bbox 139 1370 1728 1443">
    <p class='ocr_par' dir='ltr' id='par_1_15' title="bbox 139 1370 1728 1443">
     <span class='ocr_line' id='line_1_15' title="bbox 139 1370 1728 1443; baseline -0.003 -13"><span class='ocrx_word' id='word_1_102' title='bbox 139 1375 298 1430; x_wconf 91' lang='lat' dir='ltr'><strong>nesi:</strong></span> <span class='ocrx_word' id='word_1_103' title='bbox 337 1393 356 1426; x_wconf 76' lang='grc' dir='ltr'><strong>ι</strong></span> <span class='ocrx_word' id='word_1_104' title='bbox 387 1373 612 1428; x_wconf 88' lang='lat' dir='ltr'><strong>Factum</strong></span> <span class='ocrx_word' id='word_1_105' title='bbox 632 1381 716 1428; x_wconf 90' lang='lat' dir='ltr'><strong>est</strong></span> <span class='ocrx_word' id='word_1_106' title='bbox 743 1385 966 1443; x_wconf 86' lang='lat' dir='ltr'><strong>vespere</strong></span> <span class='ocrx_word' id='word_1_107' title='bbox 993 1380 1048 1427; x_wconf 90' lang='lat' dir='ltr'><strong>et</strong></span> <span class='ocrx_word' id='word_1_108' title='bbox 1069 1385 1229 1426; x_wconf 92' lang='lat' dir='ltr'><strong>mane</strong></span> <span class='ocrx_word' id='word_1_109' title='bbox 1251 1370 1294 1438; x_wconf 71' lang='grc'><em>⁸,</em></span> <span class='ocrx_word' id='word_1_110' title='bbox 1329 1391 1347 1423; x_wconf 85' lang='grc'><strong>›</strong></span> <span class='ocrx_word' id='word_1_111' title='bbox 1377 1371 1520 1441; x_wconf 90' lang='lat' dir='ltr'><strong>quod</strong></span> <span class='ocrx_word' id='word_1_112' title='bbox 1569 1371 1728 1426; x_wconf 89' lang='lat' dir='ltr'><strong>modo</strong></span> 
     </span>
    </p>
   </div>
   <div class='ocr_carea' id='block_1_16' title="bbox 140 1461 1728 1537">
    <p class='ocr_par' dir='ltr' id='par_1_16' title="bbox 140 1461 1728 1537">
     <span class='ocr_line' id='line_1_16' title="bbox 140 1461 1728 1537; baseline -0.004 -16"><span class='ocrx_word' id='word_1_113' title='bbox 140 1466 325 1521; x_wconf 87' lang='lat' dir='ltr'><strong>anima</strong></span> <span class='ocrx_word' id='word_1_114' title='bbox 363 1480 462 1537; x_wconf 89' lang='lat' dir='ltr'><strong>per</strong></span> <span class='ocrx_word' id='word_1_115' title='bbox 497 1464 850 1520; x_wconf 89' lang='lat' dir='ltr'><strong>tentationem</strong></span> <span class='ocrx_word' id='word_1_116' title='bbox 890 1461 1247 1529; x_wconf 86' lang='lat' dir='ltr'><strong>obscuratur,</strong></span> <span class='ocrx_word' id='word_1_117' title='bbox 1289 1462 1450 1516; x_wconf 90' lang='lat' dir='ltr'><strong>modo</strong></span> <span class='ocrx_word' id='word_1_118' title='bbox 1473 1476 1606 1517; x_wconf 87' lang='lat' dir='ltr'><strong>vero</strong></span> <span class='ocrx_word' id='word_1_119' title='bbox 1629 1475 1728 1530; x_wconf 87' lang='lat' dir='ltr'><strong>per</strong></span> 
     </span>
    </p>
   </div>
   <div class='ocr_carea' id='block_1_17' title="bbox 139 1552 1728 1620">
    <p class='ocr_par' dir='ltr' id='par_1_17' title="bbox 139 1552 1728 1620">
     <span class='ocr_line' id='line_1_17' title="bbox 139 1552 1728 1620; baseline -0.005 -6"><span class='ocrx_word' id='word_1_120' title='bbox 139 1561 412 1615; x_wconf 89' lang='lat' dir='ltr'><strong>internam</strong></span> <span class='ocrx_word' id='word_1_121' title='bbox 439 1557 742 1613; x_wconf 89' lang='lat' dir='ltr'><strong>claritatem</strong></span> <span class='ocrx_word' id='word_1_122' title='bbox 773 1555 1122 1611; x_wconf 91' lang='lat' dir='ltr'><strong>illuminatur.</strong></span> <span class='ocrx_word' id='word_1_123' title='bbox 1156 1552 1350 1620; x_wconf 79' lang='lat' dir='ltr'><strong>Mane,</strong></span> <span class='ocrx_word' id='word_1_124' title='bbox 1390 1552 1611 1608; x_wconf 88' lang='lat' dir='ltr'><strong>claritas</strong></span> <span class='ocrx_word' id='word_1_125' title='bbox 1645 1552 1728 1607; x_wconf 78' lang='lat' dir='ltr'><strong>fu-</strong></span> 
     </span>
    </p>
   </div>
   <div class='ocr_carea' id='block_1_18' title="bbox 136 1644 1726 1715">
    <p class='ocr_par' dir='ltr' id='par_1_18' title="bbox 136 1644 1726 1715">
     <span class='ocr_line' id='line_1_18' title="bbox 136 1644 1726 1715; baseline -0.004 -9"><span class='ocrx_word' id='word_1_126' title='bbox 136 1659 280 1706; x_wconf 66' lang='lat' dir='ltr'><strong>tura:</strong></span> <span class='ocrx_word' id='word_1_127' title='bbox 306 1650 450 1715; x_wconf 71' lang='lat' dir='ltr'><strong>vitae,</strong></span> <span class='ocrx_word' id='word_1_128' title='bbox 474 1657 536 1704; x_wconf 91' lang='lat' dir='ltr'><strong>ut</strong></span> <span class='ocrx_word' id='word_1_129' title='bbox 560 1648 615 1704; x_wconf 92' lang='lat' dir='ltr'><strong>in</strong></span> <span class='ocrx_word' id='word_1_130' title='bbox 638 1646 868 1703; x_wconf 89' lang='lat' dir='ltr'><strong>Psalmis</strong></span> <span class='ocrx_word' id='word_1_131' title='bbox 897 1665 910 1702; x_wconf 95' lang='lat'><strong>:</strong></span> <span class='ocrx_word' id='word_1_132' title='bbox 945 1663 964 1698; x_wconf 73' lang='grc' dir='ltr'><strong>ι</strong></span> <span class='ocrx_word' id='word_1_133' title='bbox 999 1645 1159 1701; x_wconf 80' lang='lat' dir='ltr'><strong>Mane</strong></span> <span class='ocrx_word' id='word_1_134' title='bbox 1183 1645 1372 1700; x_wconf 87' lang='lat' dir='ltr'><strong>astabo</strong></span> <span class='ocrx_word' id='word_1_135' title='bbox 1400 1644 1533 1711; x_wconf 91' lang='lat' dir='ltr'><strong>tibi,</strong></span> <span class='ocrx_word' id='word_1_136' title='bbox 1562 1653 1619 1701; x_wconf 91' lang='lat' dir='ltr'><strong>et</strong></span> <span class='ocrx_word' id='word_1_137' title='bbox 1646 1645 1726 1699; x_wconf 92' lang='lat' dir='ltr'><strong>vi—</strong></span> 
     </span>
    </p>
   </div>
   <div class='ocr_carea' id='block_1_19' title="bbox 136 1737 1723 1813">
    <p class='ocr_par' dir='ltr' id='par_1_19' title="bbox 136 1737 1723 1813">
     <span class='ocr_line' id='line_1_19' title="bbox 136 1737 1723 1813; baseline -0.004 -14"><span class='ocrx_word' id='word_1_138' title='bbox 136 1743 282 1799; x_wconf 90' lang='lat' dir='ltr'><strong>debo</strong></span> <span class='ocrx_word' id='word_1_139' title='bbox 312 1744 353 1809; x_wconf 84' lang='grc'><em>⁸,</em></span> <span class='ocrx_word' id='word_1_140' title='bbox 384 1761 404 1796; x_wconf 83' lang='grc' dir='ltr'><strong>ι</strong></span> <span class='ocrx_word' id='word_1_141' title='bbox 447 1741 590 1813; x_wconf 90' lang='lat' dir='ltr'><strong>quod</strong></span> <span class='ocrx_word' id='word_1_142' title='bbox 645 1748 832 1796; x_wconf 89' lang='lat' dir='ltr'><strong>sancta</strong></span> <span class='ocrx_word' id='word_1_143' title='bbox 866 1738 1111 1794; x_wconf 88' lang='lat' dir='ltr'><strong>Ecclesia</strong></span> <span class='ocrx_word' id='word_1_144' title='bbox 1141 1739 1194 1793; x_wconf 92' lang='lat' dir='ltr'><strong>in</strong></span> <span class='ocrx_word' id='word_1_145' title='bbox 1225 1737 1406 1793; x_wconf 79' lang='lat' dir='ltr'><strong>futuro</strong></span> <span class='ocrx_word' id='word_1_146' title='bbox 1431 1737 1601 1792; x_wconf 80' lang='lat' dir='ltr'><strong>vultui</strong></span> <span class='ocrx_word' id='word_1_147' title='bbox 1628 1737 1723 1792; x_wconf 91' lang='lat' dir='ltr'><strong>Dei</strong></span> 
     </span>
    </p>
   </div>
   <div class='ocr_carea' id='block_1_20' title="bbox 1833 551 3405 621">
    <p class='ocr_par' dir='ltr' id='par_1_20' title="bbox 1833 551 3405 621">
     <span class='ocr_line' id='line_1_20' title="bbox 1833 551 3405 621; baseline 0.004 -15"><span class='ocrx_word' id='word_1_148' title='bbox 1833 551 2061 607; x_wconf 89' lang='lat' dir='ltr'><strong>Psalmis</strong></span> <span class='ocrx_word' id='word_1_149' title='bbox 2090 571 2102 605; x_wconf 93' lang='lat'><strong>:</strong></span> <span class='ocrx_word' id='word_1_150' title='bbox 2139 569 2158 602; x_wconf 73' lang='grc' dir='ltr'><strong>ι</strong></span> <span class='ocrx_word' id='word_1_151' title='bbox 2189 552 2254 605; x_wconf 88' lang='lat' dir='ltr'><strong>Et</strong></span> <span class='ocrx_word' id='word_1_152' title='bbox 2276 567 2470 608; x_wconf 89' lang='lat' dir='ltr'><strong>manus</strong></span> <span class='ocrx_word' id='word_1_153' title='bbox 2489 552 2794 621; x_wconf 85' lang='lat' dir='ltr'><strong>peccatoris</strong></span> <span class='ocrx_word' id='word_1_154' title='bbox 2818 567 2923 607; x_wconf 91' lang='lat' dir='ltr'><strong>non</strong></span> <span class='ocrx_word' id='word_1_155' title='bbox 2945 563 3160 610; x_wconf 89' lang='lat' dir='ltr'><strong>moveat</strong></span> <span class='ocrx_word' id='word_1_156' title='bbox 3178 570 3264 611; x_wconf 90' lang='lat' dir='ltr'><strong>me</strong></span> <span class='ocrx_word' id='word_1_157' title='bbox 3285 556 3352 610; x_wconf 79' lang='grc'><strong>’⁸.</strong></span> <span class='ocrx_word' id='word_1_158' title='bbox 3381 577 3405 613; x_wconf 73' lang='grc' dir='ltr'><strong>ι</strong></span> 
     </span>
    </p>
   </div>
   <div class='ocr_carea' id='block_1_21' title="bbox 1832 643 3413 714">
    <p class='ocr_par' dir='ltr' id='par_1_21' title="bbox 1832 643 3413 714">
     <span class='ocr_line' id='line_1_21' title="bbox 1832 643 3413 714; baseline 0.004 -14"><span class='ocrx_word' id='word_1_159' title='bbox 1832 644 2024 700; x_wconf 81' lang='lat' dir='ltr'><strong>Manus</strong></span> <span class='ocrx_word' id='word_1_160' title='bbox 2049 685 2064 709; x_wconf 94' lang='lat'><strong>,</strong></span> <span class='ocrx_word' id='word_1_161' title='bbox 2115 643 2430 714; x_wconf 88' lang='lat' dir='ltr'><strong>disciplina,</strong></span> <span class='ocrx_word' id='word_1_162' title='bbox 2479 652 2540 698; x_wconf 88' lang='lat' dir='ltr'><strong>ut</strong></span> <span class='ocrx_word' id='word_1_163' title='bbox 2570 645 2625 698; x_wconf 92' lang='lat' dir='ltr'><strong>in</strong></span> <span class='ocrx_word' id='word_1_164' title='bbox 2671 643 2939 700; x_wconf 86' lang='lat' dir='ltr'><strong>Psalmis:</strong></span> <span class='ocrx_word' id='word_1_165' title='bbox 2975 664 2993 696; x_wconf 76' lang='grc' dir='ltr'><strong>ι</strong></span> <span class='ocrx_word' id='word_1_166' title='bbox 3027 646 3124 700; x_wconf 90' lang='lat' dir='ltr'><strong>Die</strong></span> <span class='ocrx_word' id='word_1_167' title='bbox 3148 662 3214 702; x_wconf 90' lang='lat' dir='ltr'><strong>ac</strong></span> <span class='ocrx_word' id='word_1_168' title='bbox 3252 659 3413 706; x_wconf 85' lang='lat' dir='ltr'><strong>nocte</strong></span> 
     </span>
    </p>
   </div>
   <div class='ocr_carea' id='block_1_22' title="bbox 1830 735 3413 807">
    <p class='ocr_par' dir='ltr' id='par_1_22' title="bbox 1830 735 3413 807">
     <span class='ocr_line' id='line_1_22' title="bbox 1830 735 3413 807; baseline 0.004 -19"><span class='ocrx_word' id='word_1_169' title='bbox 1830 744 2054 807; x_wconf 88' lang='lat' dir='ltr'><strong>gravata</strong></span> <span class='ocrx_word' id='word_1_170' title='bbox 2079 744 2162 791; x_wconf 92' lang='lat' dir='ltr'><strong>est</strong></span> <span class='ocrx_word' id='word_1_171' title='bbox 2198 751 2360 807; x_wconf 88' lang='lat' dir='ltr'><strong>super</strong></span> <span class='ocrx_word' id='word_1_172' title='bbox 2386 749 2472 790; x_wconf 91' lang='lat' dir='ltr'><strong>me</strong></span> <span class='ocrx_word' id='word_1_173' title='bbox 2508 751 2701 791; x_wconf 89' lang='lat' dir='ltr'><strong>manus</strong></span> <span class='ocrx_word' id='word_1_174' title='bbox 2728 735 2800 801; x_wconf 78' lang='lat'><strong>“,</strong></span> <span class='ocrx_word' id='word_1_175' title='bbox 2831 753 2852 787; x_wconf 74' lang='grc' dir='ltr'><strong>ι</strong></span> <span class='ocrx_word' id='word_1_176' title='bbox 2899 735 2952 790; x_wconf 92' lang='lat' dir='ltr'><strong>id</strong></span> <span class='ocrx_word' id='word_1_177' title='bbox 2994 743 3110 803; x_wconf 89' lang='lat' dir='ltr'><strong>est,</strong></span> <span class='ocrx_word' id='word_1_178' title='bbox 3158 739 3413 796; x_wconf 90' lang='lat' dir='ltr'><strong>continue</strong></span> 
     </span>
    </p>
   </div>
   <div class='ocr_carea' id='block_1_23' title="bbox 1829 827 3413 901">
    <p class='ocr_par' dir='ltr' id='par_1_23' title="bbox 1829 827 3413 901">
     <span class='ocr_line' id='line_1_23' title="bbox 1829 827 3413 901; baseline 0.001 -16"><span class='ocrx_word' id='word_1_179' title='bbox 1829 829 2085 901; x_wconf 89' lang='lat' dir='ltr'><strong>deprimit</strong></span> <span class='ocrx_word' id='word_1_180' title='bbox 2131 844 2220 884; x_wconf 91' lang='lat' dir='ltr'><strong>me</strong></span> <span class='ocrx_word' id='word_1_181' title='bbox 2267 827 2548 898; x_wconf 82' lang='lat' dir='ltr'><strong>disciplina</strong></span> <span class='ocrx_word' id='word_1_182' title='bbox 2597 836 2708 883; x_wconf 89' lang='lat' dir='ltr'><strong>tua.</strong></span> <span class='ocrx_word' id='word_1_183' title='bbox 2757 827 2990 896; x_wconf 81' lang='lat' dir='ltr'><strong>Manus,</strong></span> <span class='ocrx_word' id='word_1_184' title='bbox 3027 828 3236 899; x_wconf 87' lang='lat' dir='ltr'><strong>gratia,</strong></span> <span class='ocrx_word' id='word_1_185' title='bbox 3273 831 3413 886; x_wconf 90' lang='lat' dir='ltr'><strong>utin</strong></span> 
     </span>
    </p>
   </div>
   <div class='ocr_carea' id='block_1_24' title="bbox 1827 917 3414 989">
    <p class='ocr_par' dir='ltr' id='par_1_24' title="bbox 1827 917 3414 989">
     <span class='ocr_line' id='line_1_24' title="bbox 1827 917 3414 989; baseline 0.001 -15"><span class='ocrx_word' id='word_1_186' title='bbox 1827 917 2058 975; x_wconf 88' lang='lat' dir='ltr'><strong>Psalmis</strong></span> <span class='ocrx_word' id='word_1_187' title='bbox 2086 937 2098 972; x_wconf 93' lang='lat'><strong>:</strong></span> <span class='ocrx_word' id='word_1_188' title='bbox 2134 937 2152 968; x_wconf 74' lang='grc' dir='ltr'><strong>ι</strong></span> <span class='ocrx_word' id='word_1_189' title='bbox 2183 918 2442 974; x_wconf 90' lang='lat' dir='ltr'><strong>Dominus</strong></span> <span class='ocrx_word' id='word_1_190' title='bbox 2469 918 2721 989; x_wconf 89' lang='lat' dir='ltr'><strong>supponit</strong></span> <span class='ocrx_word' id='word_1_191' title='bbox 2747 933 2969 974; x_wconf 89' lang='lat' dir='ltr'><strong>manum</strong></span> <span class='ocrx_word' id='word_1_192' title='bbox 3008 933 3160 973; x_wconf 91' lang='lat' dir='ltr'><strong>suam</strong></span> <span class='ocrx_word' id='word_1_193' title='bbox 3184 920 3230 950; x_wconf 78' lang='lat'><strong>&quot;</strong></span> <span class='ocrx_word' id='word_1_194' title='bbox 3251 960 3266 986; x_wconf 92' lang='lat'><strong>,</strong></span> <span class='ocrx_word' id='word_1_195' title='bbox 3303 939 3322 973; x_wconf 78' lang='grc' dir='ltr'><strong>ι</strong></span> <span class='ocrx_word' id='word_1_196' title='bbox 3359 921 3414 976; x_wconf 92' lang='lat' dir='ltr'><strong>id</strong></span> 
     </span>
    </p>
   </div>
   <div class='ocr_carea' id='block_1_25' title="bbox 1827 1007 3412 1078">
    <p class='ocr_par' dir='ltr' id='par_1_25' title="bbox 1827 1007 3412 1078">
     <span class='ocr_line' id='line_1_25' title="bbox 1827 1007 3412 1078; baseline -0.001 -13"><span class='ocrx_word' id='word_1_197' title='bbox 1827 1017 1914 1066; x_wconf 87' lang='lat' dir='ltr'><strong>est</strong></span> <span class='ocrx_word' id='word_1_198' title='bbox 1935 1008 2166 1078; x_wconf 75' lang='lat' dir='ltr'><strong>gratiam</strong></span> <span class='ocrx_word' id='word_1_199' title='bbox 2190 1023 2342 1064; x_wconf 86' lang='lat' dir='ltr'><strong>suam</strong></span> <span class='ocrx_word' id='word_1_200' title='bbox 2371 1007 2692 1076; x_wconf 75' lang='lat' dir='ltr'><strong>adiutricem</strong></span> <span class='ocrx_word' id='word_1_201' title='bbox 2717 1007 2946 1064; x_wconf 82' lang='lat' dir='ltr'><strong>confert.</strong></span> <span class='ocrx_word' id='word_1_202' title='bbox 2979 1007 3196 1074; x_wconf 74' lang='lat' dir='ltr'><strong>Manus,</strong></span> <span class='ocrx_word' id='word_1_203' title='bbox 3229 1009 3412 1064; x_wconf 91' lang='lat' dir='ltr'><strong>muni-</strong></span> 
     </span>
    </p>
   </div>
   <div class='ocr_carea' id='block_1_26' title="bbox 1826 1099 3404 1171">
    <p class='ocr_par' dir='ltr' id='par_1_26' title="bbox 1826 1099 3404 1171">
     <span class='ocr_line' id='line_1_26' title="bbox 1826 1099 3404 1171; baseline -0.002 -14"><span class='ocrx_word' id='word_1_204' title='bbox 1826 1099 2060 1166; x_wconf 79' lang='lat' dir='ltr'><strong>ficentia,</strong></span> <span class='ocrx_word' id='word_1_205' title='bbox 2075 1109 2141 1156; x_wconf 88' lang='lat' dir='ltr'><strong>ut</strong></span> <span class='ocrx_word' id='word_1_206' title='bbox 2166 1101 2222 1155; x_wconf 93' lang='lat' dir='ltr'><strong>in</strong></span> <span class='ocrx_word' id='word_1_207' title='bbox 2243 1099 2509 1154; x_wconf 85' lang='lat' dir='ltr'><strong>Psalmis:</strong></span> <span class='ocrx_word' id='word_1_208' title='bbox 2537 1119 2555 1151; x_wconf 73' lang='grc' dir='ltr'><strong>ι</strong></span> <span class='ocrx_word' id='word_1_209' title='bbox 2576 1100 2770 1171; x_wconf 84' lang='lat' dir='ltr'><strong>Aperis</strong></span> <span class='ocrx_word' id='word_1_210' title='bbox 2794 1108 2852 1154; x_wconf 91' lang='lat' dir='ltr'><strong>tu</strong></span> <span class='ocrx_word' id='word_1_211' title='bbox 2876 1115 3095 1155; x_wconf 89' lang='lat' dir='ltr'><strong>manum</strong></span> <span class='ocrx_word' id='word_1_212' title='bbox 3121 1109 3268 1155; x_wconf 89' lang='lat' dir='ltr'><strong>tuam</strong></span> <span class='ocrx_word' id='word_1_213' title='bbox 3291 1102 3360 1168; x_wconf 76' lang='lat'><strong>&quot;,</strong></span> <span class='ocrx_word' id='word_1_214' title='bbox 3383 1121 3404 1154; x_wconf 74' lang='grc' dir='ltr'><strong>ι</strong></span> 
     </span>
    </p>
   </div>
   <div class='ocr_carea' id='block_1_27' title="bbox 1828 1191 3416 1264">
    <p class='ocr_par' dir='ltr' id='par_1_27' title="bbox 1828 1191 3416 1264">
     <span class='ocr_line' id='line_1_27' title="bbox 1828 1191 3416 1264; baseline -0.001 -14"><span class='ocrx_word' id='word_1_215' title='bbox 1828 1194 1881 1249; x_wconf 90' lang='lat' dir='ltr'><strong>id</strong></span> <span class='ocrx_word' id='word_1_216' title='bbox 1916 1204 2031 1259; x_wconf 91' lang='lat' dir='ltr'><strong>est,</strong></span> <span class='ocrx_word' id='word_1_217' title='bbox 2069 1192 2294 1264; x_wconf 81' lang='lat' dir='ltr'><strong>largiter</strong></span> <span class='ocrx_word' id='word_1_218' title='bbox 2323 1191 2589 1262; x_wconf 89' lang='lat' dir='ltr'><strong>impendis</strong></span> <span class='ocrx_word' id='word_1_219' title='bbox 2619 1192 3044 1247; x_wconf 89' lang='lat' dir='ltr'><strong>muniﬁcentiam</strong></span> <span class='ocrx_word' id='word_1_220' title='bbox 3088 1200 3256 1246; x_wconf 90' lang='lat' dir='ltr'><strong>tuam.</strong></span> <span class='ocrx_word' id='word_1_221' title='bbox 3296 1191 3416 1249; x_wconf 75' lang='lat' dir='ltr'><strong>Ma-</strong></span> 
     </span>
    </p>
   </div>
   <div class='ocr_carea' id='block_1_28' title="bbox 1828 1283 3416 1356">
    <p class='ocr_par' dir='ltr' id='par_1_28' title="bbox 1828 1283 3416 1356">
     <span class='ocr_line' id='line_1_28' title="bbox 1828 1283 3416 1356; baseline 0 -16"><span class='ocrx_word' id='word_1_222' title='bbox 1828 1303 1958 1349; x_wconf 82' lang='lat' dir='ltr'><strong>nus,</strong></span> <span class='ocrx_word' id='word_1_223' title='bbox 1988 1283 2264 1348; x_wconf 90' lang='lat' dir='ltr'><strong>vindicta,</strong></span> <span class='ocrx_word' id='word_1_224' title='bbox 2296 1293 2357 1338; x_wconf 92' lang='lat' dir='ltr'><strong>ut</strong></span> <span class='ocrx_word' id='word_1_225' title='bbox 2383 1284 2438 1338; x_wconf 93' lang='lat' dir='ltr'><strong>in</strong></span> <span class='ocrx_word' id='word_1_226' title='bbox 2473 1283 2704 1339; x_wconf 89' lang='lat' dir='ltr'><strong>Psalmis</strong></span> <span class='ocrx_word' id='word_1_227' title='bbox 2743 1299 2759 1338; x_wconf 95' lang='lat'><strong>:</strong></span> <span class='ocrx_word' id='word_1_228' title='bbox 2801 1304 2819 1336; x_wconf 72' lang='grc' dir='ltr'><strong>ι</strong></span> <span class='ocrx_word' id='word_1_229' title='bbox 2853 1284 3200 1340; x_wconf 88' lang='lat' dir='ltr'><strong>Conﬁrmasti</strong></span> <span class='ocrx_word' id='word_1_230' title='bbox 3251 1301 3416 1356; x_wconf 89' lang='lat' dir='ltr'><strong>super</strong></span> 
     </span>
    </p>
   </div>
   <div class='ocr_carea' id='block_1_29' title="bbox 1826 1371 3416 1446">
    <p class='ocr_par' dir='ltr' id='par_1_29' title="bbox 1826 1371 3416 1446">
     <span class='ocr_line' id='line_1_29' title="bbox 1826 1371 3416 1446; baseline 0.001 -16"><span class='ocrx_word' id='word_1_231' title='bbox 1826 1391 1914 1430; x_wconf 89' lang='lat' dir='ltr'><strong>me</strong></span> <span class='ocrx_word' id='word_1_232' title='bbox 1943 1389 2162 1430; x_wconf 89' lang='lat' dir='ltr'><strong>manum</strong></span> <span class='ocrx_word' id='word_1_233' title='bbox 2205 1381 2354 1429; x_wconf 88' lang='lat' dir='ltr'><strong>tuam</strong></span> <span class='ocrx_word' id='word_1_234' title='bbox 2375 1373 2446 1439; x_wconf 73' lang='lat'><strong>“,</strong></span> <span class='ocrx_word' id='word_1_235' title='bbox 2476 1392 2495 1425; x_wconf 75' lang='grc' dir='ltr'><strong>ι</strong></span> <span class='ocrx_word' id='word_1_236' title='bbox 2525 1371 2578 1428; x_wconf 90' lang='lat' dir='ltr'><strong>id</strong></span> <span class='ocrx_word' id='word_1_237' title='bbox 2623 1381 2737 1438; x_wconf 91' lang='lat' dir='ltr'><strong>est,</strong></span> <span class='ocrx_word' id='word_1_238' title='bbox 2772 1374 3077 1446; x_wconf 74' lang='lat' dir='ltr'><strong>aggravasti</strong></span> <span class='ocrx_word' id='word_1_239' title='bbox 3126 1389 3290 1444; x_wconf 87' lang='lat' dir='ltr'><strong>super</strong></span> <span class='ocrx_word' id='word_1_240' title='bbox 3328 1389 3416 1432; x_wconf 87' lang='lat' dir='ltr'><strong>me</strong></span> 
     </span>
    </p>
   </div>
   <div class='ocr_carea' id='block_1_30' title="bbox 1825 1465 3411 1537">
    <p class='ocr_par' dir='ltr' id='par_1_30' title="bbox 1825 1465 3411 1537">
     <span class='ocr_line' id='line_1_30' title="bbox 1825 1465 3411 1537; baseline 0.004 -18"><span class='ocrx_word' id='word_1_241' title='bbox 1825 1465 2120 1521; x_wconf 89' lang='lat' dir='ltr'><strong>vindictam</strong></span> <span class='ocrx_word' id='word_1_242' title='bbox 2152 1474 2319 1520; x_wconf 91' lang='lat' dir='ltr'><strong>tuam.</strong></span> <span class='ocrx_word' id='word_1_243' title='bbox 2367 1465 2561 1521; x_wconf 76' lang='lat' dir='ltr'><strong>Manus</strong></span> <span class='ocrx_word' id='word_1_244' title='bbox 2583 1505 2599 1532; x_wconf 94' lang='lat'><strong>,</strong></span> <span class='ocrx_word' id='word_1_245' title='bbox 2643 1481 2779 1537; x_wconf 91' lang='lat' dir='ltr'><strong>opus</strong></span> <span class='ocrx_word' id='word_1_246' title='bbox 2823 1467 3054 1532; x_wconf 90' lang='lat' dir='ltr'><strong>bonum,</strong></span> <span class='ocrx_word' id='word_1_247' title='bbox 3085 1468 3226 1523; x_wconf 90' lang='lat' dir='ltr'><strong>utin</strong></span> <span class='ocrx_word' id='word_1_248' title='bbox 3263 1467 3366 1525; x_wconf 95' lang='lat' dir='ltr'><strong>Job</strong></span> <span class='ocrx_word' id='word_1_249' title='bbox 3395 1486 3411 1524; x_wconf 93' lang='lat'><strong>:</strong></span> 
     </span>
    </p>
   </div>
   <div class='ocr_carea' id='block_1_31' title="bbox 1832 1556 3415 1630">
    <p class='ocr_par' dir='ltr' id='par_1_31' title="bbox 1832 1556 3415 1630">
     <span class='ocr_line' id='line_1_31' title="bbox 1832 1556 3415 1630; baseline 0.003 -19"><span class='ocrx_word' id='word_1_250' title='bbox 1832 1575 1852 1610; x_wconf 84' lang='grc'><strong><em>‹</em></strong></span> <span class='ocrx_word' id='word_1_251' title='bbox 1884 1556 2100 1612; x_wconf 84' lang='lat' dir='ltr'><strong>Manum</strong></span> <span class='ocrx_word' id='word_1_252' title='bbox 2138 1571 2316 1612; x_wconf 88' lang='lat' dir='ltr'><strong>meam</strong></span> <span class='ocrx_word' id='word_1_253' title='bbox 2353 1573 2553 1628; x_wconf 92' lang='lat' dir='ltr'><strong>ponam</strong></span> <span class='ocrx_word' id='word_1_254' title='bbox 2584 1573 2748 1630; x_wconf 85' lang='lat' dir='ltr'><strong>super</strong></span> <span class='ocrx_word' id='word_1_255' title='bbox 2778 1573 2842 1614; x_wconf 94' lang='lat' dir='ltr'><strong>os</strong></span> <span class='ocrx_word' id='word_1_256' title='bbox 2868 1573 3050 1614; x_wconf 91' lang='lat' dir='ltr'><strong>meum</strong></span> <span class='ocrx_word' id='word_1_257' title='bbox 3077 1559 3147 1625; x_wconf 76' lang='grc'><strong>⁸⁸,</strong></span> <span class='ocrx_word' id='word_1_258' title='bbox 3179 1579 3198 1613; x_wconf 78' lang='grc' dir='ltr'><strong>ι</strong></span> <span class='ocrx_word' id='word_1_259' title='bbox 3228 1560 3281 1616; x_wconf 90' lang='lat' dir='ltr'><strong>id</strong></span> <span class='ocrx_word' id='word_1_260' title='bbox 3307 1568 3415 1628; x_wconf 89' lang='lat' dir='ltr'><strong>est,</strong></span> 
     </span>
    </p>
   </div>
   <div class='ocr_carea' id='block_1_32' title="bbox 1824 1649 3416 1720">
    <p class='ocr_par' dir='ltr' id='par_1_32' title="bbox 1824 1649 3416 1720">
     <span class='ocr_line' id='line_1_32' title="bbox 1824 1649 3416 1720; baseline 0.003 -18"><span class='ocrx_word' id='word_1_261' title='bbox 1824 1662 1925 1718; x_wconf 89' lang='lat' dir='ltr'><strong>per</strong></span> <span class='ocrx_word' id='word_1_262' title='bbox 1964 1663 2101 1718; x_wconf 90' lang='lat' dir='ltr'><strong>opus</strong></span> <span class='ocrx_word' id='word_1_263' title='bbox 2141 1649 2340 1704; x_wconf 91' lang='lat' dir='ltr'><strong>bonum</strong></span> <span class='ocrx_word' id='word_1_264' title='bbox 2383 1649 2626 1720; x_wconf 78' lang='lat' dir='ltr'><strong>purgabo</strong></span> <span class='ocrx_word' id='word_1_265' title='bbox 2672 1649 2998 1705; x_wconf 90' lang='lat' dir='ltr'><strong>locutionem</strong></span> <span class='ocrx_word' id='word_1_266' title='bbox 3043 1663 3222 1705; x_wconf 91' lang='lat' dir='ltr'><strong>meam</strong></span> <span class='ocrx_word' id='word_1_267' title='bbox 3260 1651 3416 1707; x_wconf 85' lang='lat' dir='ltr'><strong>illici-</strong></span> 
     </span>
    </p>
   </div>
   <div class='ocr_carea' id='block_1_33' title="bbox 1828 1735 3408 1809">
    <p class='ocr_par' dir='ltr' id='par_1_33' title="bbox 1828 1735 3408 1809">
     <span class='ocr_line' id='line_1_33' title="bbox 1828 1735 3408 1809; baseline 0.004 -17"><span class='ocrx_word' id='word_1_268' title='bbox 1828 1747 1958 1792; x_wconf 87' lang='lat' dir='ltr'><strong>tam.</strong></span> <span class='ocrx_word' id='word_1_269' title='bbox 1989 1735 2205 1804; x_wconf 79' lang='lat' dir='ltr'><strong>Manus,</strong></span> <span class='ocrx_word' id='word_1_270' title='bbox 2236 1739 2319 1794; x_wconf 91' lang='lat' dir='ltr'><strong>vis</strong></span> <span class='ocrx_word' id='word_1_271' title='bbox 2345 1753 2596 1809; x_wconf 71' lang='lat' dir='ltr'><strong>supernae</strong></span> <span class='ocrx_word' id='word_1_272' title='bbox 2619 1739 2869 1806; x_wconf 91' lang='lat' dir='ltr'><strong>virtutis,</strong></span> <span class='ocrx_word' id='word_1_273' title='bbox 2905 1748 2968 1794; x_wconf 90' lang='lat' dir='ltr'><strong>ut</strong></span> <span class='ocrx_word' id='word_1_274' title='bbox 2989 1739 3047 1794; x_wconf 93' lang='lat' dir='ltr'><strong>in</strong></span> <span class='ocrx_word' id='word_1_275' title='bbox 3082 1739 3366 1796; x_wconf 83' lang='lat' dir='ltr'><strong>Ezechiele</strong></span> <span class='ocrx_word' id='word_1_276' title='bbox 3394 1759 3408 1798; x_wconf 96' lang='lat'><strong>:</strong></span> 
     </span>
    </p>
   </div>
   <div class='ocr_carea' id='block_1_34' title="bbox 135 1827 3416 1903">
    <p class='ocr_par' dir='ltr' id='par_1_34' title="bbox 135 1827 3416 1903">
     <span class='ocr_line' id='line_1_34' title="bbox 135 1827 3416 1903; baseline 0 -16"><span class='ocrx_word' id='word_1_277' title='bbox 135 1834 379 1900; x_wconf 88' lang='lat' dir='ltr'><strong>assistet,</strong></span> <span class='ocrx_word' id='word_1_278' title='bbox 408 1846 640 1903; x_wconf 88' lang='lat' dir='ltr'><strong>eumque</strong></span> <span class='ocrx_word' id='word_1_279' title='bbox 673 1829 1146 1900; x_wconf 90' lang='lat' dir='ltr'><strong>contemplabitur.</strong></span> <span class='ocrx_word' id='word_1_280' title='bbox 1174 1827 1352 1895; x_wconf 81' lang='lat' dir='ltr'><strong>Mane,</strong></span> <span class='ocrx_word' id='word_1_281' title='bbox 1375 1829 1558 1899; x_wconf 90' lang='lat' dir='ltr'><strong>prius,</strong></span> <span class='ocrx_word' id='word_1_282' title='bbox 1589 1828 1722 1884; x_wconf 86' lang='lat' dir='ltr'><strong>utin</strong></span> <span class='ocrx_word' id='word_1_283' title='bbox 1751 1828 1800 1888; x_wconf 89' lang='lat' dir='ltr'><strong>B</strong></span> <span class='ocrx_word' id='word_1_284' title='bbox 1831 1849 1850 1881; x_wconf 83' lang='grc'><em>‹</em></span> <span class='ocrx_word' id='word_1_285' title='bbox 1886 1830 2193 1885; x_wconf 91' lang='lat' dir='ltr'><strong>Similitudo</strong></span> <span class='ocrx_word' id='word_1_286' title='bbox 2231 1845 2425 1885; x_wconf 90' lang='lat' dir='ltr'><strong>manus</strong></span> <span class='ocrx_word' id='word_1_287' title='bbox 2461 1831 2814 1901; x_wconf 88' lang='lat' dir='ltr'><strong>apprehendit</strong></span> <span class='ocrx_word' id='word_1_288' title='bbox 2837 1847 2924 1886; x_wconf 92' lang='lat' dir='ltr'><strong>me</strong></span> <span class='ocrx_word' id='word_1_289' title='bbox 2946 1831 3012 1898; x_wconf 82' lang='lat'><strong>“,</strong></span> <span class='ocrx_word' id='word_1_290' title='bbox 3050 1851 3070 1885; x_wconf 77' lang='grc' dir='ltr'><strong>ι</strong></span> <span class='ocrx_word' id='word_1_291' title='bbox 3111 1832 3166 1886; x_wconf 94' lang='lat' dir='ltr'><strong>id</strong></span> <span class='ocrx_word' id='word_1_292' title='bbox 3199 1840 3302 1898; x_wconf 89' lang='lat' dir='ltr'><strong>est,</strong></span> <span class='ocrx_word' id='word_1_293' title='bbox 3335 1833 3416 1889; x_wconf 88' lang='lat' dir='ltr'><strong>vis</strong></span> 
     </span>
    </p>
   </div>
   <div class='ocr_carea' id='block_1_35' title="bbox 132 1921 1720 1993">
    <p class='ocr_par' dir='ltr' id='par_1_35' title="bbox 132 1921 1720 1993">
     <span class='ocr_line' id='line_1_35' title="bbox 132 1921 1720 1993; baseline -0.003 -12"><span class='ocrx_word' id='word_1_294' title='bbox 132 1924 337 1981; x_wconf 88' lang='lat' dir='ltr'><strong>Genesi</strong></span> <span class='ocrx_word' id='word_1_295' title='bbox 380 1943 393 1978; x_wconf 95' lang='lat'><strong>:</strong></span> <span class='ocrx_word' id='word_1_296' title='bbox 438 1945 456 1977; x_wconf 85' lang='grc'><strong>‹</strong></span> <span class='ocrx_word' id='word_1_297' title='bbox 500 1923 658 1978; x_wconf 82' lang='lat' dir='ltr'><strong>Mane</strong></span> <span class='ocrx_word' id='word_1_298' title='bbox 707 1923 952 1978; x_wconf 88' lang='lat' dir='ltr'><strong>comedet</strong></span> <span class='ocrx_word' id='word_1_299' title='bbox 1001 1922 1237 1993; x_wconf 61' lang='lat' dir='ltr'><strong>praedam</strong></span> <span class='ocrx_word' id='word_1_300' title='bbox 1260 1921 1302 1988; x_wconf 84' lang='lat'><strong>‘,</strong></span> <span class='ocrx_word' id='word_1_301' title='bbox 1332 1941 1351 1974; x_wconf 82' lang='grc' dir='ltr'><strong>ι</strong></span> <span class='ocrx_word' id='word_1_302' title='bbox 1387 1921 1530 1992; x_wconf 88' lang='lat' dir='ltr'><strong>quod</strong></span> <span class='ocrx_word' id='word_1_303' title='bbox 1567 1921 1720 1992; x_wconf 88' lang='lat' dir='ltr'><strong>prius</strong></span> 
     </span>
    </p>
   </div>
   <div class='ocr_carea' id='block_1_36' title="bbox 131 2011 1718 2078">
    <p class='ocr_par' dir='ltr' id='par_1_36' title="bbox 131 2011 1718 2078">
     <span class='ocr_line' id='line_1_36' title="bbox 131 2011 1718 2078; baseline -0.003 -8"><span class='ocrx_word' id='word_1_304' title='bbox 131 2027 385 2072; x_wconf 82' lang='lat' dir='ltr'><strong>sanctam</strong></span> <span class='ocrx_word' id='word_1_305' title='bbox 405 2015 703 2072; x_wconf 89' lang='lat' dir='ltr'><strong>Ecclesiam</strong></span> <span class='ocrx_word' id='word_1_306' title='bbox 725 2012 932 2068; x_wconf 78' lang='lat' dir='ltr'><strong>aﬁlixit.</strong></span> <span class='ocrx_word' id='word_1_307' title='bbox 950 2011 1128 2078; x_wconf 81' lang='lat' dir='ltr'><strong>Mane,</strong></span> <span class='ocrx_word' id='word_1_308' title='bbox 1146 2012 1471 2068; x_wconf 88' lang='lat' dir='ltr'><strong>resurrectio</strong></span> <span class='ocrx_word' id='word_1_309' title='bbox 1491 2011 1718 2077; x_wconf 90' lang='lat' dir='ltr'><strong>Christi,</strong></span> 
     </span>
    </p>
   </div>
   <div class='ocr_carea' id='block_1_37' title="bbox 129 2103 1720 2179">
    <p class='ocr_par' dir='ltr' id='par_1_37' title="bbox 129 2103 1720 2179">
     <span class='ocr_line' id='line_1_37' title="bbox 129 2103 1720 2179; baseline -0.004 -15"><span class='ocrx_word' id='word_1_310' title='bbox 129 2119 198 2164; x_wconf 90' lang='lat' dir='ltr'><strong>ut</strong></span> <span class='ocrx_word' id='word_1_311' title='bbox 221 2111 278 2164; x_wconf 94' lang='lat' dir='ltr'><strong>in</strong></span> <span class='ocrx_word' id='word_1_312' title='bbox 305 2108 534 2165; x_wconf 87' lang='lat' dir='ltr'><strong>Psalmis</strong></span> <span class='ocrx_word' id='word_1_313' title='bbox 559 2126 571 2162; x_wconf 95' lang='lat'><strong>:</strong></span> <span class='ocrx_word' id='word_1_314' title='bbox 603 2125 622 2159; x_wconf 83' lang='lat'><strong>(</strong></span> <span class='ocrx_word' id='word_1_315' title='bbox 651 2106 888 2179; x_wconf 84' lang='lat' dir='ltr'><strong>Vespere</strong></span> <span class='ocrx_word' id='word_1_316' title='bbox 912 2114 968 2162; x_wconf 90' lang='lat' dir='ltr'><strong>et</strong></span> <span class='ocrx_word' id='word_1_317' title='bbox 1014 2119 1172 2160; x_wconf 92' lang='lat' dir='ltr'><strong>mane</strong></span> <span class='ocrx_word' id='word_1_318' title='bbox 1191 2105 1238 2170; x_wconf 89' lang='lat'><strong>&quot;,</strong></span> <span class='ocrx_word' id='word_1_319' title='bbox 1269 2123 1288 2154; x_wconf 74' lang='grc' dir='ltr'><strong>ι</strong></span> <span class='ocrx_word' id='word_1_320' title='bbox 1314 2103 1369 2158; x_wconf 88' lang='lat' dir='ltr'><strong>id</strong></span> <span class='ocrx_word' id='word_1_321' title='bbox 1389 2110 1490 2168; x_wconf 90' lang='lat' dir='ltr'><strong>est,</strong></span> <span class='ocrx_word' id='word_1_322' title='bbox 1516 2103 1570 2157; x_wconf 92' lang='lat' dir='ltr'><strong>in</strong></span> <span class='ocrx_word' id='word_1_323' title='bbox 1595 2117 1720 2172; x_wconf 87' lang='lat' dir='ltr'><strong>pas-</strong></span> 
     </span>
    </p>
   </div>
   <div class='ocr_carea' id='block_1_38' title="bbox 127 2192 1720 2266">
    <p class='ocr_par' dir='ltr' id='par_1_38' title="bbox 127 2192 1720 2266">
     <span class='ocr_line' id='line_1_38' title="bbox 127 2192 1720 2266; baseline -0.005 -10"><span class='ocrx_word' id='word_1_324' title='bbox 127 2201 291 2257; x_wconf 88' lang='lat' dir='ltr'><strong>sione</strong></span> <span class='ocrx_word' id='word_1_325' title='bbox 317 2208 370 2255; x_wconf 90' lang='lat' dir='ltr'><strong>et</strong></span> <span class='ocrx_word' id='word_1_326' title='bbox 396 2197 811 2255; x_wconf 88' lang='lat' dir='ltr'><strong>resurrectione.</strong></span> <span class='ocrx_word' id='word_1_327' title='bbox 844 2195 1032 2263; x_wconf 81' lang='lat' dir='ltr'><strong>Mane,</strong></span> <span class='ocrx_word' id='word_1_328' title='bbox 1069 2195 1244 2266; x_wconf 86' lang='lat' dir='ltr'><strong>prima</strong></span> <span class='ocrx_word' id='word_1_329' title='bbox 1278 2201 1412 2248; x_wconf 80' lang='lat' dir='ltr'><strong>:etas</strong></span> <span class='ocrx_word' id='word_1_330' title='bbox 1447 2192 1635 2248; x_wconf 90' lang='lat' dir='ltr'><strong>mundi</strong></span> <span class='ocrx_word' id='word_1_331' title='bbox 1663 2192 1720 2248; x_wconf 91' lang='lat' dir='ltr'><strong>in</strong></span> 
     </span>
    </p>
   </div>
   <div class='ocr_carea' id='block_1_39' title="bbox 128 2283 1720 2363">
    <p class='ocr_par' dir='ltr' id='par_1_39' title="bbox 128 2283 1720 2363">
     <span class='ocr_line' id='line_1_39' title="bbox 128 2283 1720 2363; baseline -0.008 -13"><span class='ocrx_word' id='word_1_332' title='bbox 128 2292 432 2363; x_wconf 79' lang='lat' dir='ltr'><strong>Evangelia</strong></span> <span class='ocrx_word' id='word_1_333' title='bbox 470 2309 486 2346; x_wconf 91' lang='lat'><strong>:</strong></span> <span class='ocrx_word' id='word_1_334' title='bbox 531 2309 550 2343; x_wconf 73' lang='grc' dir='ltr'><strong>ι</strong></span> <span class='ocrx_word' id='word_1_335' title='bbox 585 2290 769 2346; x_wconf 90' lang='lat' dir='ltr'><strong>Primo</strong></span> <span class='ocrx_word' id='word_1_336' title='bbox 816 2303 976 2344; x_wconf 89' lang='lat' dir='ltr'><strong>mane</strong></span> <span class='ocrx_word' id='word_1_337' title='bbox 1008 2288 1310 2344; x_wconf 88' lang='lat' dir='ltr'><strong>conducere</strong></span> <span class='ocrx_word' id='word_1_338' title='bbox 1345 2285 1621 2359; x_wconf 83' lang='lat' dir='ltr'><strong>Operarios</strong></span> <span class='ocrx_word' id='word_1_339' title='bbox 1663 2283 1720 2338; x_wconf 93' lang='lat' dir='ltr'><strong>in</strong></span> 
     </span>
    </p>
   </div>
   <div class='ocr_carea' id='block_1_40' title="bbox 127 2375 1722 2452">
    <p class='ocr_par' dir='ltr' id='par_1_40' title="bbox 127 2375 1722 2452">
     <span class='ocr_line' id='line_1_40' title="bbox 127 2375 1722 2452; baseline -0.006 -13"><span class='ocrx_word' id='word_1_340' title='bbox 127 2387 354 2441; x_wconf 75' lang='lat' dir='ltr'><strong>vineam</strong></span> <span class='ocrx_word' id='word_1_341' title='bbox 405 2398 560 2439; x_wconf 90' lang='lat' dir='ltr'><strong>suam</strong></span> <span class='ocrx_word' id='word_1_342' title='bbox 587 2382 643 2450; x_wconf 85' lang='grc'><em>⁸,</em></span> <span class='ocrx_word' id='word_1_343' title='bbox 673 2401 694 2434; x_wconf 73' lang='grc' dir='ltr'><strong>ι</strong></span> <span class='ocrx_word' id='word_1_344' title='bbox 722 2381 866 2452; x_wconf 91' lang='lat' dir='ltr'><strong>quod</strong></span> <span class='ocrx_word' id='word_1_345' title='bbox 896 2381 950 2436; x_wconf 91' lang='lat' dir='ltr'><strong>in</strong></span> <span class='ocrx_word' id='word_1_346' title='bbox 980 2379 1154 2452; x_wconf 90' lang='lat' dir='ltr'><strong>prima</strong></span> <span class='ocrx_word' id='word_1_347' title='bbox 1184 2386 1341 2433; x_wconf 80' lang='lat' dir='ltr'><strong>aetate</strong></span> <span class='ocrx_word' id='word_1_348' title='bbox 1370 2376 1554 2432; x_wconf 90' lang='lat' dir='ltr'><strong>mundi</strong></span> <span class='ocrx_word' id='word_1_349' title='bbox 1578 2375 1722 2430; x_wconf 89' lang='lat' dir='ltr'><strong>Deus</strong></span> 
     </span>
    </p>
   </div>
   <div class='ocr_carea' id='block_1_41' title="bbox 127 2467 1722 2538">
    <p class='ocr_par' dir='ltr' id='par_1_41' title="bbox 127 2467 1722 2538">
     <span class='ocr_line' id='line_1_41' title="bbox 127 2467 1722 2538; baseline -0.008 -4"><span class='ocrx_word' id='word_1_350' title='bbox 127 2477 437 2534; x_wconf 87' lang='lat' dir='ltr'><strong>Ecclesiam</strong></span> <span class='ocrx_word' id='word_1_351' title='bbox 477 2489 632 2531; x_wconf 89' lang='lat' dir='ltr'><strong>suam</strong></span> <span class='ocrx_word' id='word_1_352' title='bbox 659 2473 919 2529; x_wconf 82' lang='lat' dir='ltr'><strong>extollere</strong></span> <span class='ocrx_word' id='word_1_353' title='bbox 964 2487 1073 2527; x_wconf 90' lang='lat' dir='ltr'><strong>non</strong></span> <span class='ocrx_word' id='word_1_354' title='bbox 1113 2478 1307 2528; x_wconf 88' lang='lat' dir='ltr'><strong>cessat.</strong></span> <span class='ocrx_word' id='word_1_355' title='bbox 1354 2467 1514 2523; x_wconf 79' lang='lat' dir='ltr'><strong>Mane</strong></span> <span class='ocrx_word' id='word_1_356' title='bbox 1537 2509 1553 2535; x_wconf 95' lang='lat'><strong>,</strong></span> <span class='ocrx_word' id='word_1_357' title='bbox 1591 2481 1722 2538; x_wconf 89' lang='lat' dir='ltr'><strong>pue-</strong></span> 
     </span>
    </p>
   </div>
   <div class='ocr_carea' id='block_1_42' title="bbox 129 2563 1720 2635">
    <p class='ocr_par' dir='ltr' id='par_1_42' title="bbox 129 2563 1720 2635">
     <span class='ocr_line' id='line_1_42' title="bbox 129 2563 1720 2635; baseline -0.005 -11"><span class='ocrx_word' id='word_1_358' title='bbox 129 2570 309 2635; x_wconf 87' lang='lat' dir='ltr'><strong>ritia,</strong></span> <span class='ocrx_word' id='word_1_359' title='bbox 363 2578 425 2623; x_wconf 89' lang='lat' dir='ltr'><strong>ut</strong></span> <span class='ocrx_word' id='word_1_360' title='bbox 479 2567 534 2623; x_wconf 90' lang='lat' dir='ltr'><strong>in</strong></span> <span class='ocrx_word' id='word_1_361' title='bbox 585 2566 911 2623; x_wconf 85' lang='lat' dir='ltr'><strong>Ecclesiaste</strong></span> <span class='ocrx_word' id='word_1_362' title='bbox 953 2582 967 2619; x_wconf 94' lang='lat'><strong>:</strong></span> <span class='ocrx_word' id='word_1_363' title='bbox 1019 2585 1036 2616; x_wconf 76' lang='grc' dir='ltr'><strong>ι</strong></span> <span class='ocrx_word' id='word_1_364' title='bbox 1076 2563 1231 2619; x_wconf 85' lang='lat' dir='ltr'><strong>Mane</strong></span> <span class='ocrx_word' id='word_1_365' title='bbox 1273 2563 1481 2618; x_wconf 89' lang='lat' dir='ltr'><strong>semina</strong></span> <span class='ocrx_word' id='word_1_366' title='bbox 1535 2575 1720 2617; x_wconf 90' lang='lat' dir='ltr'><strong>semen</strong></span> 
     </span>
    </p>
   </div>
   <div class='ocr_carea' id='block_1_43' title="bbox 130 2653 1716 2728">
    <p class='ocr_par' dir='ltr' id='par_1_43' title="bbox 130 2653 1716 2728">
     <span class='ocr_line' id='line_1_43' title="bbox 130 2653 1716 2728; baseline -0.006 -12"><span class='ocrx_word' id='word_1_367' title='bbox 130 2672 296 2716; x_wconf 89' lang='lat' dir='ltr'><strong>tuum</strong></span> <span class='ocrx_word' id='word_1_368' title='bbox 319 2660 364 2728; x_wconf 79' lang='lat'><strong>’,</strong></span> <span class='ocrx_word' id='word_1_369' title='bbox 393 2679 411 2712; x_wconf 80' lang='grc' dir='ltr'><strong>ι</strong></span> <span class='ocrx_word' id='word_1_370' title='bbox 440 2659 496 2715; x_wconf 91' lang='lat' dir='ltr'><strong>id</strong></span> <span class='ocrx_word' id='word_1_371' title='bbox 532 2667 636 2726; x_wconf 86' lang='lat' dir='ltr'><strong>est,</strong></span> <span class='ocrx_word' id='word_1_372' title='bbox 666 2660 734 2713; x_wconf 92' lang='lat' dir='ltr'><strong>ab</strong></span> <span class='ocrx_word' id='word_1_373' title='bbox 762 2658 876 2727; x_wconf 90' lang='lat' dir='ltr'><strong>ipsa</strong></span> <span class='ocrx_word' id='word_1_374' title='bbox 896 2655 1128 2728; x_wconf 89' lang='lat' dir='ltr'><strong>pueritia</strong></span> <span class='ocrx_word' id='word_1_375' title='bbox 1155 2655 1332 2725; x_wconf 89' lang='lat' dir='ltr'><strong>incipe</strong></span> <span class='ocrx_word' id='word_1_376' title='bbox 1359 2654 1494 2709; x_wconf 90' lang='lat' dir='ltr'><strong>bene</strong></span> <span class='ocrx_word' id='word_1_377' title='bbox 1513 2653 1716 2707; x_wconf 88' lang='lat' dir='ltr'><strong>vivere.</strong></span> 
     </span>
    </p>
   </div>
   <div class='ocr_carea' id='block_1_44' title="bbox 211 2747 1721 2826">
    <p class='ocr_par' dir='ltr' id='par_1_44' title="bbox 211 2747 1721 2826">
     <span class='ocr_line' id='line_1_44' title="bbox 211 2747 1721 2826; baseline -0.008 -13"><span class='ocrx_word' id='word_1_378' title='bbox 211 2757 540 2812; x_wconf 74' lang='lat' dir='ltr'><strong>Matutinum</strong></span> <span class='ocrx_word' id='word_1_379' title='bbox 569 2763 654 2812; x_wconf 90' lang='lat' dir='ltr'><strong>est</strong></span> <span class='ocrx_word' id='word_1_380' title='bbox 675 2755 1038 2826; x_wconf 86' lang='lat' dir='ltr'><strong>prosperitas,</strong></span> <span class='ocrx_word' id='word_1_381' title='bbox 1065 2761 1126 2806; x_wconf 89' lang='lat' dir='ltr'><strong>ut</strong></span> <span class='ocrx_word' id='word_1_382' title='bbox 1152 2751 1207 2807; x_wconf 92' lang='lat' dir='ltr'><strong>in</strong></span> <span class='ocrx_word' id='word_1_383' title='bbox 1236 2749 1464 2805; x_wconf 89' lang='lat' dir='ltr'><strong>Psalmis</strong></span> <span class='ocrx_word' id='word_1_384' title='bbox 1493 2766 1506 2802; x_wconf 93' lang='lat'><strong>:</strong></span> <span class='ocrx_word' id='word_1_385' title='bbox 1542 2766 1561 2799; x_wconf 85' lang='grc'><em>‹</em></span> <span class='ocrx_word' id='word_1_386' title='bbox 1589 2747 1721 2802; x_wconf 79' lang='lat' dir='ltr'><strong>Exi-</strong></span> 
     </span>
    </p>
   </div>
   <div class='ocr_carea' id='block_1_45' title="bbox 133 2840 1724 2914">
    <p class='ocr_par' dir='ltr' id='par_1_45' title="bbox 133 2840 1724 2914">
     <span class='ocr_line' id='line_1_45' title="bbox 133 2840 1724 2914; baseline -0.008 -9"><span class='ocrx_word' id='word_1_387' title='bbox 133 2861 229 2906; x_wconf 88' lang='lat' dir='ltr'><strong>tus</strong></span> <span class='ocrx_word' id='word_1_388' title='bbox 256 2848 511 2905; x_wconf 86' lang='lat' dir='ltr'><strong>matutini</strong></span> <span class='ocrx_word' id='word_1_389' title='bbox 534 2856 592 2903; x_wconf 91' lang='lat' dir='ltr'><strong>et</strong></span> <span class='ocrx_word' id='word_1_390' title='bbox 616 2850 634 2870; x_wconf 81' lang='grc'><strong>·</strong></span> <span class='ocrx_word' id='word_1_391' title='bbox 657 2859 884 2914; x_wconf 91' lang='lat' dir='ltr'><strong>vespere</strong></span> <span class='ocrx_word' id='word_1_392' title='bbox 904 2843 1194 2901; x_wconf 89' lang='lat' dir='ltr'><strong>delectabis</strong></span> <span class='ocrx_word' id='word_1_393' title='bbox 1217 2841 1292 2906; x_wconf 79' lang='grc' dir='ltr'><strong>¹⁰ς</strong></span> <span class='ocrx_word' id='word_1_394' title='bbox 1327 2859 1346 2893; x_wconf 74' lang='grc' dir='ltr'><strong>ι</strong></span> <span class='ocrx_word' id='word_1_395' title='bbox 1373 2840 1427 2895; x_wconf 89' lang='lat' dir='ltr'><strong>id</strong></span> <span class='ocrx_word' id='word_1_396' title='bbox 1449 2847 1559 2905; x_wconf 88' lang='lat' dir='ltr'><strong>est,</strong></span> <span class='ocrx_word' id='word_1_397' title='bbox 1595 2852 1724 2894; x_wconf 86' lang='lat' dir='ltr'><strong>con-</strong></span> 
     </span>
    </p>
   </div>
   <div class='ocr_carea' id='block_1_46' title="bbox 135 2930 1724 3014">
    <p class='ocr_par' dir='ltr' id='par_1_46' title="bbox 135 2930 1724 3014">
     <span class='ocr_line' id='line_1_46' title="bbox 135 2930 1724 3014; baseline -0.008 -15"><span class='ocrx_word' id='word_1_398' title='bbox 135 2951 382 3014; x_wconf 89' lang='lat' dir='ltr'><strong>temptus</strong></span> <span class='ocrx_word' id='word_1_399' title='bbox 424 2939 798 3013; x_wconf 84' lang='lat' dir='ltr'><strong>prosperitatis</strong></span> <span class='ocrx_word' id='word_1_400' title='bbox 841 2945 896 2993; x_wconf 90' lang='lat' dir='ltr'><strong>et</strong></span> <span class='ocrx_word' id='word_1_401' title='bbox 939 2935 1283 2992; x_wconf 90' lang='lat' dir='ltr'><strong>adversitatis</strong></span> <span class='ocrx_word' id='word_1_402' title='bbox 1328 2933 1575 2988; x_wconf 88' lang='lat' dir='ltr'><strong>ﬁdelibus</strong></span> <span class='ocrx_word' id='word_1_403' title='bbox 1617 2930 1724 2986; x_wconf 89' lang='lat' dir='ltr'><strong>tuis</strong></span> 
     </span>
    </p>
   </div>
   <div class='ocr_carea' id='block_1_47' title="bbox 132 3023 1727 3094">
    <p class='ocr_par' dir='ltr' id='par_1_47' title="bbox 132 3023 1727 3094">
     <span class='ocr_line' id='line_1_47' title="bbox 132 3023 1727 3094; baseline -0.007 -6"><span class='ocrx_word' id='word_1_404' title='bbox 132 3032 489 3089; x_wconf 85' lang='lat' dir='ltr'><strong>delectabiles</strong></span> <span class='ocrx_word' id='word_1_405' title='bbox 518 3032 668 3087; x_wconf 82' lang='lat' dir='ltr'><strong>facis.</strong></span> <span class='ocrx_word' id='word_1_406' title='bbox 695 3030 1037 3094; x_wconf 79' lang='lat' dir='ltr'><strong>Matutinum,</strong></span> <span class='ocrx_word' id='word_1_407' title='bbox 1065 3027 1405 3091; x_wconf 81' lang='lat' dir='ltr'><strong>exercitatio,</strong></span> <span class='ocrx_word' id='word_1_408' title='bbox 1425 3033 1486 3079; x_wconf 89' lang='lat' dir='ltr'><strong>ut</strong></span> <span class='ocrx_word' id='word_1_409' title='bbox 1506 3025 1558 3079; x_wconf 93' lang='lat' dir='ltr'><strong>in</strong></span> <span class='ocrx_word' id='word_1_410' title='bbox 1580 3023 1727 3079; x_wconf 88' lang='lat' dir='ltr'><strong>Psal-</strong></span> 
     </span>
    </p>
   </div>
   <div class='ocr_carea' id='block_1_48' title="bbox 135 3114 1724 3184">
    <p class='ocr_par' dir='ltr' id='par_1_48' title="bbox 135 3114 1724 3184">
     <span class='ocr_line' id='line_1_48' title="bbox 135 3114 1724 3184; baseline -0.009 -1"><span class='ocrx_word' id='word_1_411' title='bbox 135 3129 251 3183; x_wconf 87' lang='lat' dir='ltr'><strong>mis</strong></span> <span class='ocrx_word' id='word_1_412' title='bbox 283 3145 300 3180; x_wconf 90' lang='lat'><strong>:</strong></span> <span class='ocrx_word' id='word_1_413' title='bbox 336 3142 356 3176; x_wconf 76' lang='grc' dir='ltr'><strong>ι</strong></span> <span class='ocrx_word' id='word_1_414' title='bbox 393 3123 451 3179; x_wconf 92' lang='lat' dir='ltr'><strong>ln</strong></span> <span class='ocrx_word' id='word_1_415' title='bbox 480 3123 760 3180; x_wconf 87' lang='lat' dir='ltr'><strong>matutinis</strong></span> <span class='ocrx_word' id='word_1_416' title='bbox 796 3120 1100 3178; x_wconf 89' lang='lat' dir='ltr'><strong>meditabor</strong></span> <span class='ocrx_word' id='word_1_417' title='bbox 1127 3121 1182 3174; x_wconf 91' lang='lat' dir='ltr'><strong>in</strong></span> <span class='ocrx_word' id='word_1_418' title='bbox 1211 3128 1262 3174; x_wconf 91' lang='lat' dir='ltr'><strong>te</strong></span> <span class='ocrx_word' id='word_1_419' title='bbox 1288 3119 1354 3184; x_wconf 85' lang='lat'><strong>”,</strong></span> <span class='ocrx_word' id='word_1_420' title='bbox 1388 3136 1406 3170; x_wconf 73' lang='grc' dir='ltr'><strong>ι</strong></span> <span class='ocrx_word' id='word_1_421' title='bbox 1440 3115 1493 3171; x_wconf 91' lang='lat' dir='ltr'><strong>id</strong></span> <span class='ocrx_word' id='word_1_422' title='bbox 1522 3124 1635 3180; x_wconf 91' lang='grc' dir='ltr'><em>εει,</em></span> <span class='ocrx_word' id='word_1_423' title='bbox 1669 3114 1724 3169; x_wconf 91' lang='lat' dir='ltr'><strong>in</strong></span> 
     </span>
    </p>
   </div>
   <div class='ocr_carea' id='block_1_49' title="bbox 1827 1920 3418 1991">
    <p class='ocr_par' dir='ltr' id='par_1_49' title="bbox 1827 1920 3418 1991">
     <span class='ocr_line' id='line_1_49' title="bbox 1827 1920 3418 1991; baseline 0.001 -15"><span class='ocrx_word' id='word_1_424' title='bbox 1827 1935 2072 1990; x_wconf 66' lang='lat' dir='ltr'><strong>superna:</strong></span> <span class='ocrx_word' id='word_1_425' title='bbox 2091 1921 2308 1976; x_wconf 88' lang='lat' dir='ltr'><strong>virtutis</strong></span> <span class='ocrx_word' id='word_1_426' title='bbox 2328 1921 2558 1991; x_wconf 88' lang='lat' dir='ltr'><strong>arripuit</strong></span> <span class='ocrx_word' id='word_1_427' title='bbox 2576 1936 2683 1976; x_wconf 87' lang='lat' dir='ltr'><strong>me.</strong></span> <span class='ocrx_word' id='word_1_428' title='bbox 2709 1920 2924 1987; x_wconf 72' lang='lat' dir='ltr'><strong>Manus,</strong></span> <span class='ocrx_word' id='word_1_429' title='bbox 2946 1922 3087 1976; x_wconf 91' lang='lat' dir='ltr'><strong>actio</strong></span> <span class='ocrx_word' id='word_1_430' title='bbox 3113 1921 3338 1989; x_wconf 89' lang='lat' dir='ltr'><strong>Christi,</strong></span> <span class='ocrx_word' id='word_1_431' title='bbox 3357 1932 3418 1978; x_wconf 92' lang='lat' dir='ltr'><strong>ut</strong></span> 
     </span>
    </p>
   </div>
   <div class='ocr_carea' id='block_1_50' title="bbox 1826 2012 3412 2084">
    <p class='ocr_par' dir='ltr' id='par_1_50' title="bbox 1826 2012 3412 2084">
     <span class='ocr_line' id='line_1_50' title="bbox 1826 2012 3412 2084; baseline 0.002 -18"><span class='ocrx_word' id='word_1_432' title='bbox 1826 2012 1880 2067; x_wconf 90' lang='lat' dir='ltr'><strong>in</strong></span> <span class='ocrx_word' id='word_1_433' title='bbox 1901 2012 2188 2067; x_wconf 79' lang='lat' dir='ltr'><strong>Ezechiele</strong></span> <span class='ocrx_word' id='word_1_434' title='bbox 2218 2031 2232 2066; x_wconf 90' lang='lat'><strong>:</strong></span> <span class='ocrx_word' id='word_1_435' title='bbox 2269 2031 2289 2063; x_wconf 71' lang='grc' dir='ltr'><strong>ε</strong></span> <span class='ocrx_word' id='word_1_436' title='bbox 2325 2012 2516 2068; x_wconf 81' lang='lat' dir='ltr'><strong>Manus</strong></span> <span class='ocrx_word' id='word_1_437' title='bbox 2543 2013 2778 2068; x_wconf 90' lang='lat' dir='ltr'><strong>hominis</strong></span> <span class='ocrx_word' id='word_1_438' title='bbox 2791 2014 2890 2069; x_wconf 89' lang='lat' dir='ltr'><strong>sub</strong></span> <span class='ocrx_word' id='word_1_439' title='bbox 2909 2014 3103 2084; x_wconf 91' lang='lat' dir='ltr'><strong>pennis</strong></span> <span class='ocrx_word' id='word_1_440' title='bbox 3125 2029 3314 2070; x_wconf 90' lang='lat' dir='ltr'><strong>eorum</strong></span> <span class='ocrx_word' id='word_1_441' title='bbox 3343 2015 3412 2080; x_wconf 82' lang='lat'><strong>&quot;,</strong></span> 
     </span>
    </p>
   </div>
   <div class='ocr_carea' id='block_1_51' title="bbox 1826 2103 3417 2176">
    <p class='ocr_par' dir='ltr' id='par_1_51' title="bbox 1826 2103 3417 2176">
     <span class='ocr_line' id='line_1_51' title="bbox 1826 2103 3417 2176; baseline 0.001 -17"><span class='ocrx_word' id='word_1_442' title='bbox 1826 2103 1880 2159; x_wconf 91' lang='lat' dir='ltr'><strong>id</strong></span> <span class='ocrx_word' id='word_1_443' title='bbox 1901 2112 1986 2158; x_wconf 88' lang='lat' dir='ltr'><strong>est</strong></span> <span class='ocrx_word' id='word_1_444' title='bbox 2004 2103 2236 2159; x_wconf 88' lang='lat' dir='ltr'><strong>imitatio</strong></span> <span class='ocrx_word' id='word_1_445' title='bbox 2259 2104 2488 2160; x_wconf 88' lang='lat' dir='ltr'><strong>actionis</strong></span> <span class='ocrx_word' id='word_1_446' title='bbox 2520 2103 2723 2160; x_wconf 89' lang='lat' dir='ltr'><strong>Christi</strong></span> <span class='ocrx_word' id='word_1_447' title='bbox 2752 2106 2854 2160; x_wconf 91' lang='lat' dir='ltr'><strong>sub</strong></span> <span class='ocrx_word' id='word_1_448' title='bbox 2879 2105 3060 2160; x_wconf 91' lang='lat' dir='ltr'><strong>volatu</strong></span> <span class='ocrx_word' id='word_1_449' title='bbox 3089 2105 3417 2176; x_wconf 87' lang='lat' dir='ltr'><strong>contempla-</strong></span> 
     </span>
    </p>
   </div>
   <div class='ocr_carea' id='block_1_52' title="bbox 1826 2193 3411 2265">
    <p class='ocr_par' dir='ltr' id='par_1_52' title="bbox 1826 2193 3411 2265">
     <span class='ocr_line' id='line_1_52' title="bbox 1826 2193 3411 2265; baseline 0.001 -17"><span class='ocrx_word' id='word_1_450' title='bbox 1826 2194 1991 2248; x_wconf 88' lang='lat' dir='ltr'><strong>tionis</strong></span> <span class='ocrx_word' id='word_1_451' title='bbox 2007 2208 2214 2249; x_wconf 85' lang='lat' dir='ltr'><strong>eorum.</strong></span> <span class='ocrx_word' id='word_1_452' title='bbox 2249 2193 2464 2261; x_wconf 82' lang='lat' dir='ltr'><strong>Manus,</strong></span> <span class='ocrx_word' id='word_1_453' title='bbox 2495 2202 2734 2265; x_wconf 89' lang='lat' dir='ltr'><strong>potestas</strong></span> <span class='ocrx_word' id='word_1_454' title='bbox 2759 2194 2855 2250; x_wconf 91' lang='lat' dir='ltr'><strong>Dei</strong></span> <span class='ocrx_word' id='word_1_455' title='bbox 2872 2235 2889 2262; x_wconf 93' lang='lat'><strong>,</strong></span> <span class='ocrx_word' id='word_1_456' title='bbox 2914 2202 2976 2250; x_wconf 90' lang='lat' dir='ltr'><strong>ut</strong></span> <span class='ocrx_word' id='word_1_457' title='bbox 3001 2195 3058 2250; x_wconf 90' lang='lat' dir='ltr'><strong>in</strong></span> <span class='ocrx_word' id='word_1_458' title='bbox 3085 2194 3370 2252; x_wconf 89' lang='lat' dir='ltr'><strong>Ezechiele</strong></span> <span class='ocrx_word' id='word_1_459' title='bbox 3396 2209 3411 2249; x_wconf 95' lang='lat'><strong>:</strong></span> 
     </span>
    </p>
   </div>
   <div class='ocr_carea' id='block_1_53' title="bbox 1832 2285 3416 2358">
    <p class='ocr_par' dir='ltr' id='par_1_53' title="bbox 1832 2285 3416 2358">
     <span class='ocr_line' id='line_1_53' title="bbox 1832 2285 3416 2358; baseline 0.001 -19"><span class='ocrx_word' id='word_1_460' title='bbox 1832 2305 1852 2339; x_wconf 71' lang='grc' dir='ltr'><strong>ι</strong></span> <span class='ocrx_word' id='word_1_461' title='bbox 1883 2286 2049 2342; x_wconf 88' lang='lat' dir='ltr'><strong>Facta</strong></span> <span class='ocrx_word' id='word_1_462' title='bbox 2071 2295 2157 2342; x_wconf 90' lang='lat' dir='ltr'><strong>est</strong></span> <span class='ocrx_word' id='word_1_463' title='bbox 2177 2302 2340 2358; x_wconf 90' lang='lat' dir='ltr'><strong>super</strong></span> <span class='ocrx_word' id='word_1_464' title='bbox 2359 2302 2446 2342; x_wconf 90' lang='lat' dir='ltr'><strong>me</strong></span> <span class='ocrx_word' id='word_1_465' title='bbox 2468 2302 2660 2344; x_wconf 90' lang='lat' dir='ltr'><strong>manus</strong></span> <span class='ocrx_word' id='word_1_466' title='bbox 2681 2286 2896 2342; x_wconf 90' lang='lat' dir='ltr'><strong>Domini</strong></span> <span class='ocrx_word' id='word_1_467' title='bbox 2919 2287 2990 2354; x_wconf 77' lang='lat'><strong>“,</strong></span> <span class='ocrx_word' id='word_1_468' title='bbox 3019 2306 3040 2340; x_wconf 77' lang='grc' dir='ltr'><strong>ι</strong></span> <span class='ocrx_word' id='word_1_469' title='bbox 3066 2285 3120 2342; x_wconf 91' lang='lat' dir='ltr'><strong>id</strong></span> <span class='ocrx_word' id='word_1_470' title='bbox 3138 2297 3241 2352; x_wconf 90' lang='lat' dir='ltr'><strong>est,</strong></span> <span class='ocrx_word' id='word_1_471' title='bbox 3265 2301 3416 2341; x_wconf 89' lang='lat' dir='ltr'><strong>reve-</strong></span> 
     </span>
    </p>
   </div>
   <div class='ocr_carea' id='block_1_54' title="bbox 1826 2377 3415 2450">
    <p class='ocr_par' dir='ltr' id='par_1_54' title="bbox 1826 2377 3415 2450">
     <span class='ocr_line' id='line_1_54' title="bbox 1826 2377 3415 2450; baseline -0.001 -16"><span class='ocrx_word' id='word_1_472' title='bbox 1826 2379 1934 2434; x_wconf 87' lang='lat' dir='ltr'><strong>lata</strong></span> <span class='ocrx_word' id='word_1_473' title='bbox 1955 2388 2041 2436; x_wconf 89' lang='lat' dir='ltr'><strong>est</strong></span> <span class='ocrx_word' id='word_1_474' title='bbox 2063 2379 2194 2436; x_wconf 89' lang='lat' dir='ltr'><strong>mihi</strong></span> <span class='ocrx_word' id='word_1_475' title='bbox 2223 2387 2467 2450; x_wconf 87' lang='lat' dir='ltr'><strong>potestas</strong></span> <span class='ocrx_word' id='word_1_476' title='bbox 2491 2379 2723 2435; x_wconf 90' lang='lat' dir='ltr'><strong>Domini.</strong></span> <span class='ocrx_word' id='word_1_477' title='bbox 2752 2378 2965 2444; x_wconf 79' lang='lat' dir='ltr'><strong>Manus,</strong></span> <span class='ocrx_word' id='word_1_478' title='bbox 2991 2386 3234 2448; x_wconf 86' lang='lat' dir='ltr'><strong>potestas</strong></span> <span class='ocrx_word' id='word_1_479' title='bbox 3255 2377 3415 2432; x_wconf 85' lang='lat' dir='ltr'><strong>Anti-</strong></span> 
     </span>
    </p>
   </div>
   <div class='ocr_carea' id='block_1_55' title="bbox 1827 2465 3412 2538">
    <p class='ocr_par' dir='ltr' id='par_1_55' title="bbox 1827 2465 3412 2538">
     <span class='ocr_line' id='line_1_55' title="bbox 1827 2465 3412 2538; baseline -0.002 -12"><span class='ocrx_word' id='word_1_480' title='bbox 1827 2465 2045 2538; x_wconf 73' lang='lat' dir='ltr'><strong>christi,</strong></span> <span class='ocrx_word' id='word_1_481' title='bbox 2071 2478 2134 2527; x_wconf 86' lang='lat' dir='ltr'><strong>ut</strong></span> <span class='ocrx_word' id='word_1_482' title='bbox 2157 2471 2213 2527; x_wconf 90' lang='lat' dir='ltr'><strong>in</strong></span> <span class='ocrx_word' id='word_1_483' title='bbox 2240 2469 2504 2525; x_wconf 71' lang='lat' dir='ltr'><strong>Daniele&#39;:</strong></span> <span class='ocrx_word' id='word_1_484' title='bbox 2543 2489 2561 2521; x_wconf 76' lang='grc' dir='ltr'><strong>ι</strong></span> <span class='ocrx_word' id='word_1_485' title='bbox 2593 2469 2758 2524; x_wconf 91' lang='lat' dir='ltr'><strong>Dolus</strong></span> <span class='ocrx_word' id='word_1_486' title='bbox 2786 2470 2838 2523; x_wconf 91' lang='lat' dir='ltr'><strong>in</strong></span> <span class='ocrx_word' id='word_1_487' title='bbox 2866 2484 3031 2523; x_wconf 90' lang='lat' dir='ltr'><strong>manu</strong></span> <span class='ocrx_word' id='word_1_488' title='bbox 3057 2466 3175 2536; x_wconf 86' lang='lat' dir='ltr'><strong>ejus</strong></span> <span class='ocrx_word' id='word_1_489' title='bbox 3213 2467 3412 2538; x_wconf 87' lang='lat' dir='ltr'><strong>dirige-</strong></span> 
     </span>
    </p>
   </div>
   <div class='ocr_carea' id='block_1_56' title="bbox 1827 2558 3418 2631">
    <p class='ocr_par' dir='ltr' id='par_1_56' title="bbox 1827 2558 3418 2631">
     <span class='ocr_line' id='line_1_56' title="bbox 1827 2558 3418 2631; baseline -0.003 -14"><span class='ocrx_word' id='word_1_490' title='bbox 1827 2569 1916 2618; x_wconf 91' lang='lat' dir='ltr'><strong>tur</strong></span> <span class='ocrx_word' id='word_1_491' title='bbox 1939 2563 2006 2627; x_wconf 79' lang='lat'><strong>&quot;,</strong></span> <span class='ocrx_word' id='word_1_492' title='bbox 2038 2581 2060 2616; x_wconf 77' lang='grc' dir='ltr'><strong>ι</strong></span> <span class='ocrx_word' id='word_1_493' title='bbox 2087 2562 2140 2617; x_wconf 88' lang='lat' dir='ltr'><strong>id</strong></span> <span class='ocrx_word' id='word_1_494' title='bbox 2161 2569 2267 2627; x_wconf 88' lang='lat' dir='ltr'><strong>est,</strong></span> <span class='ocrx_word' id='word_1_495' title='bbox 2287 2561 2537 2631; x_wconf 89' lang='lat' dir='ltr'><strong>deceptio</strong></span> <span class='ocrx_word' id='word_1_496' title='bbox 2557 2560 2612 2615; x_wconf 93' lang='lat' dir='ltr'><strong>in</strong></span> <span class='ocrx_word' id='word_1_497' title='bbox 2633 2566 2902 2630; x_wconf 88' lang='lat' dir='ltr'><strong>potestate</strong></span> <span class='ocrx_word' id='word_1_498' title='bbox 2921 2558 3243 2614; x_wconf 77' lang='lat' dir='ltr'><strong>Antichristi</strong></span> <span class='ocrx_word' id='word_1_499' title='bbox 3263 2573 3418 2614; x_wconf 86' lang='lat' dir='ltr'><strong>exer-</strong></span> 
     </span>
    </p>
   </div>
   <div class='ocr_carea' id='block_1_57' title="bbox 1828 2647 3418 2716">
    <p class='ocr_par' dir='ltr' id='par_1_57' title="bbox 1828 2647 3418 2716">
     <span class='ocr_line' id='line_1_57' title="bbox 1828 2647 3418 2716; baseline -0.003 -8"><span class='ocrx_word' id='word_1_500' title='bbox 1828 2653 2058 2709; x_wconf 91' lang='lat' dir='ltr'><strong>cebitur.</strong></span> <span class='ocrx_word' id='word_1_501' title='bbox 2082 2651 2299 2716; x_wconf 75' lang='lat' dir='ltr'><strong>Manus,</strong></span> <span class='ocrx_word' id='word_1_502' title='bbox 2327 2651 2558 2706; x_wconf 86' lang='lat' dir='ltr'><strong>tentatio</strong></span> <span class='ocrx_word' id='word_1_503' title='bbox 2581 2649 2812 2716; x_wconf 89' lang='lat' dir='ltr'><strong>diaboli,</strong></span> <span class='ocrx_word' id='word_1_504' title='bbox 2834 2657 2895 2704; x_wconf 92' lang='lat' dir='ltr'><strong>ut</strong></span> <span class='ocrx_word' id='word_1_505' title='bbox 2919 2649 2976 2704; x_wconf 93' lang='lat' dir='ltr'><strong>in</strong></span> <span class='ocrx_word' id='word_1_506' title='bbox 3001 2647 3132 2705; x_wconf 89' lang='lat' dir='ltr'><strong>Job:</strong></span> <span class='ocrx_word' id='word_1_507' title='bbox 3155 2667 3174 2700; x_wconf 72' lang='grc' dir='ltr'><strong>ι</strong></span> <span class='ocrx_word' id='word_1_508' title='bbox 3203 2648 3342 2704; x_wconf 91' lang='lat' dir='ltr'><strong>Ecce</strong></span> <span class='ocrx_word' id='word_1_509' title='bbox 3360 2647 3418 2704; x_wconf 93' lang='lat' dir='ltr'><strong>in</strong></span> 
     </span>
    </p>
   </div>
   <div class='ocr_carea' id='block_1_58' title="bbox 1829 2739 3418 2812">
    <p class='ocr_par' dir='ltr' id='par_1_58' title="bbox 1829 2739 3418 2812">
     <span class='ocr_line' id='line_1_58' title="bbox 1829 2739 3418 2812; baseline -0.004 -11"><span class='ocrx_word' id='word_1_510' title='bbox 1829 2758 1990 2800; x_wconf 79' lang='lat' dir='ltr'><strong>manu</strong></span> <span class='ocrx_word' id='word_1_511' title='bbox 2019 2751 2109 2799; x_wconf 90' lang='lat' dir='ltr'><strong>tua</strong></span> <span class='ocrx_word' id='word_1_512' title='bbox 2140 2753 2222 2798; x_wconf 91' lang='lat' dir='ltr'><strong>est</strong></span> <span class='ocrx_word' id='word_1_513' title='bbox 2251 2740 2332 2812; x_wconf 79' lang='grc'><strong>⁸⁸,</strong></span> <span class='ocrx_word' id='word_1_514' title='bbox 2367 2758 2392 2795; x_wconf 70' lang='grc' dir='ltr'><strong>ι</strong></span> <span class='ocrx_word' id='word_1_515' title='bbox 2425 2741 2480 2798; x_wconf 91' lang='lat' dir='ltr'><strong>id</strong></span> <span class='ocrx_word' id='word_1_516' title='bbox 2523 2749 2640 2807; x_wconf 88' lang='lat' dir='ltr'><strong>est,</strong></span> <span class='ocrx_word' id='word_1_517' title='bbox 2686 2741 2961 2796; x_wconf 89' lang='lat' dir='ltr'><strong>licentiam</strong></span> <span class='ocrx_word' id='word_1_518' title='bbox 3005 2754 3128 2795; x_wconf 92' lang='lat' dir='ltr'><strong>eum</strong></span> <span class='ocrx_word' id='word_1_519' title='bbox 3175 2739 3418 2796; x_wconf 88' lang='lat' dir='ltr'><strong>tentandi</strong></span> 
     </span>
    </p>
   </div>
   <div class='ocr_carea' id='block_1_59' title="bbox 1830 2829 3417 2905">
    <p class='ocr_par' dir='ltr' id='par_1_59' title="bbox 1830 2829 3417 2905">
     <span class='ocr_line' id='line_1_59' title="bbox 1830 2829 3417 2905; baseline -0.005 -13"><span class='ocrx_word' id='word_1_520' title='bbox 1830 2837 2018 2892; x_wconf 89' lang='lat' dir='ltr'><strong>babes.</strong></span> <span class='ocrx_word' id='word_1_521' title='bbox 2042 2833 2258 2900; x_wconf 76' lang='lat' dir='ltr'><strong>Manus,</strong></span> <span class='ocrx_word' id='word_1_522' title='bbox 2290 2833 2596 2905; x_wconf 89' lang='lat' dir='ltr'><strong>persecutio</strong></span> <span class='ocrx_word' id='word_1_523' title='bbox 2623 2832 2846 2897; x_wconf 89' lang='lat' dir='ltr'><strong>diurna,</strong></span> <span class='ocrx_word' id='word_1_524' title='bbox 2878 2840 2940 2886; x_wconf 86' lang='lat' dir='ltr'><strong>ut</strong></span> <span class='ocrx_word' id='word_1_525' title='bbox 2973 2831 3030 2886; x_wconf 90' lang='lat' dir='ltr'><strong>in</strong></span> <span class='ocrx_word' id='word_1_526' title='bbox 3055 2829 3158 2886; x_wconf 91' lang='lat' dir='ltr'><strong>Job</strong></span> <span class='ocrx_word' id='word_1_527' title='bbox 3187 2847 3202 2884; x_wconf 92' lang='lat'><strong>:</strong></span> <span class='ocrx_word' id='word_1_528' title='bbox 3237 2848 3257 2881; x_wconf 73' lang='grc' dir='ltr'><strong>ι</strong></span> <span class='ocrx_word' id='word_1_529' title='bbox 3301 2830 3417 2884; x_wconf 79' lang='lat' dir='ltr'><strong>Ma-</strong></span> 
     </span>
    </p>
   </div>
   <div class='ocr_carea' id='block_1_60' title="bbox 1831 2922 3419 2994">
    <p class='ocr_par' dir='ltr' id='par_1_60' title="bbox 1831 2922 3419 2994">
     <span class='ocr_line' id='line_1_60' title="bbox 1831 2922 3419 2994; baseline -0.004 -11"><span class='ocrx_word' id='word_1_530' title='bbox 1831 2942 1961 2983; x_wconf 91' lang='lat' dir='ltr'><strong>num</strong></span> <span class='ocrx_word' id='word_1_531' title='bbox 1987 2934 2136 2981; x_wconf 84' lang='lat' dir='ltr'><strong>tuam</strong></span> <span class='ocrx_word' id='word_1_532' title='bbox 2159 2925 2316 2994; x_wconf 87' lang='lat' dir='ltr'><strong>longe</strong></span> <span class='ocrx_word' id='word_1_533' title='bbox 2336 2925 2421 2979; x_wconf 80' lang='lat' dir='ltr'><strong>fac</strong></span> <span class='ocrx_word' id='word_1_534' title='bbox 2441 2941 2472 2978; x_wconf 92' lang='lat' dir='ltr'><strong>a</strong></span> <span class='ocrx_word' id='word_1_535' title='bbox 2495 2939 2582 2979; x_wconf 92' lang='lat' dir='ltr'><strong>me</strong></span> <span class='ocrx_word' id='word_1_536' title='bbox 2608 2923 2676 2990; x_wconf 78' lang='lat'><strong>“,</strong></span> <span class='ocrx_word' id='word_1_537' title='bbox 2714 2943 2732 2975; x_wconf 78' lang='grc' dir='ltr'><strong>ι</strong></span> <span class='ocrx_word' id='word_1_538' title='bbox 2759 2923 2814 2978; x_wconf 92' lang='lat' dir='ltr'><strong>id</strong></span> <span class='ocrx_word' id='word_1_539' title='bbox 2834 2930 2949 2990; x_wconf 90' lang='lat' dir='ltr'><strong>est,</strong></span> <span class='ocrx_word' id='word_1_540' title='bbox 2985 2922 3419 2994; x_wconf 91' lang='lat' dir='ltr'><strong>persecutionem</strong></span> 
     </span>
    </p>
   </div>
   <div class='ocr_carea' id='block_1_61' title="bbox 1834 3010 3418 3086">
    <p class='ocr_par' dir='ltr' id='par_1_61' title="bbox 1834 3010 3418 3086">
     <span class='ocr_line' id='line_1_61' title="bbox 1834 3010 3418 3086; baseline -0.003 -14"><span class='ocrx_word' id='word_1_541' title='bbox 1834 3026 1981 3072; x_wconf 90' lang='lat' dir='ltr'><strong>tuam</strong></span> <span class='ocrx_word' id='word_1_542' title='bbox 2022 3014 2418 3086; x_wconf 90' lang='lat' dir='ltr'><strong>aliquantulum</strong></span> <span class='ocrx_word' id='word_1_543' title='bbox 2448 3027 2667 3069; x_wconf 90' lang='lat' dir='ltr'><strong>remove</strong></span> <span class='ocrx_word' id='word_1_544' title='bbox 2710 3027 2742 3067; x_wconf 92' lang='lat' dir='ltr'><strong>a</strong></span> <span class='ocrx_word' id='word_1_545' title='bbox 2783 3026 2892 3067; x_wconf 90' lang='lat' dir='ltr'><strong>me.</strong></span> <span class='ocrx_word' id='word_1_546' title='bbox 2928 3010 3154 3079; x_wconf 77' lang='lat' dir='ltr'><strong>Manus,</strong></span> <span class='ocrx_word' id='word_1_547' title='bbox 3188 3011 3418 3082; x_wconf 85' lang='lat' dir='ltr'><strong>populus</strong></span> 
     </span>
    </p>
   </div>
   <div class='ocr_carea' id='block_1_62' title="bbox 1832 3103 3418 3175">
    <p class='ocr_par' dir='ltr' id='par_1_62' title="bbox 1832 3103 3418 3175">
     <span class='ocr_line' id='line_1_62' title="bbox 1832 3103 3418 3175; baseline -0.004 -10"><span class='ocrx_word' id='word_1_548' title='bbox 1832 3109 2118 3174; x_wconf 90' lang='lat' dir='ltr'><strong>Judaicus,</strong></span> <span class='ocrx_word' id='word_1_549' title='bbox 2156 3117 2215 3164; x_wconf 93' lang='lat' dir='ltr'><strong>ut</strong></span> <span class='ocrx_word' id='word_1_550' title='bbox 2263 3109 2319 3162; x_wconf 92' lang='lat' dir='ltr'><strong>in</strong></span> <span class='ocrx_word' id='word_1_551' title='bbox 2366 3105 2634 3163; x_wconf 87' lang='lat' dir='ltr'><strong>Psalmis:</strong></span> <span class='ocrx_word' id='word_1_552' title='bbox 2674 3125 2692 3157; x_wconf 75' lang='grc' dir='ltr'><strong>ι</strong></span> <span class='ocrx_word' id='word_1_553' title='bbox 2727 3103 2929 3175; x_wconf 88' lang='lat' dir='ltr'><strong>thuid</strong></span> <span class='ocrx_word' id='word_1_554' title='bbox 2961 3104 3159 3160; x_wconf 88' lang='lat' dir='ltr'><strong>avertis</strong></span> <span class='ocrx_word' id='word_1_555' title='bbox 3195 3118 3418 3158; x_wconf 89' lang='lat' dir='ltr'><strong>manum</strong></span> 
     </span>
    </p>
   </div>
   <div class='ocr_carea' id='block_1_63' title="bbox 135 3192 3419 3282">
    <p class='ocr_par' dir='ltr' id='par_1_63' title="bbox 135 3192 3419 3282">
     <span class='ocr_line' id='line_1_63' title="bbox 135 3192 3419 3282; baseline -0.01 0"><span class='ocrx_word' id='word_1_556' title='bbox 135 3224 538 3282; x_wconf 75' lang='lat' dir='ltr'><strong>exercitatione</strong></span> <span class='ocrx_word' id='word_1_557' title='bbox 563 3233 682 3274; x_wconf 90' lang='lat' dir='ltr'><strong>mea</strong></span> <span class='ocrx_word' id='word_1_558' title='bbox 703 3215 930 3273; x_wconf 86' lang='lat' dir='ltr'><strong>studebo</strong></span> <span class='ocrx_word' id='word_1_559' title='bbox 955 3215 1162 3271; x_wconf 88' lang='lat' dir='ltr'><strong>servire</strong></span> <span class='ocrx_word' id='word_1_560' title='bbox 1187 3212 1304 3268; x_wconf 91' lang='lat' dir='ltr'><strong>tibi.</strong></span> <span class='ocrx_word' id='word_1_561' title='bbox 1338 3209 1682 3274; x_wconf 76' lang='lat' dir='ltr'><strong>Matutinum,</strong></span> <span class='ocrx_word' id='word_1_562' title='bbox 1704 3209 1724 3230; x_wconf 81' lang='lat'><strong><em>‘</em></strong></span> <span class='ocrx_word' id='word_1_563' title='bbox 1754 3197 1800 3262; x_wconf 89' lang='lat' dir='ltr'><strong>C</strong></span> <span class='ocrx_word' id='word_1_564' title='bbox 1831 3200 2025 3256; x_wconf 85' lang='lat' dir='ltr'><strong>tuam?</strong></span> <span class='ocrx_word' id='word_1_565' title='bbox 2047 3199 2092 3230; x_wconf 79' lang='lat'><strong>&quot;</strong></span> <span class='ocrx_word' id='word_1_566' title='bbox 2132 3218 2150 3250; x_wconf 79' lang='grc' dir='ltr'><strong>ι</strong></span> <span class='ocrx_word' id='word_1_567' title='bbox 2184 3199 2237 3254; x_wconf 91' lang='lat' dir='ltr'><strong>id</strong></span> <span class='ocrx_word' id='word_1_568' title='bbox 2267 3206 2370 3264; x_wconf 91' lang='lat' dir='ltr'><strong>est,</strong></span> <span class='ocrx_word' id='word_1_569' title='bbox 2405 3197 2597 3267; x_wconf 89' lang='lat' dir='ltr'><strong>utquid</strong></span> <span class='ocrx_word' id='word_1_570' title='bbox 2623 3195 2843 3268; x_wconf 88' lang='lat' dir='ltr'><strong>projicis</strong></span> <span class='ocrx_word' id='word_1_571' title='bbox 2873 3211 2906 3250; x_wconf 87' lang='lat' dir='ltr'><strong>a</strong></span> <span class='ocrx_word' id='word_1_572' title='bbox 2943 3203 2997 3251; x_wconf 87' lang='lat' dir='ltr'><strong>te</strong></span> <span class='ocrx_word' id='word_1_573' title='bbox 3034 3194 3290 3266; x_wconf 91' lang='lat' dir='ltr'><strong>populum</strong></span> <span class='ocrx_word' id='word_1_574' title='bbox 3319 3192 3419 3249; x_wconf 92' lang='lat' dir='ltr'><strong>Ju-</strong></span> 
     </span>
    </p>
   </div>
   <div class='ocr_carea' id='block_1_64' title="bbox 132 3298 1730 3385">
    <p class='ocr_par' dir='ltr' id='par_1_64' title="bbox 132 3298 1730 3385">
     <span class='ocr_line' id='line_1_64' title="bbox 132 3298 1730 3385; baseline -0.012 -14"><span class='ocrx_word' id='word_1_575' title='bbox 132 3314 389 3385; x_wconf 89' lang='lat' dir='ltr'><strong>justitia,</strong></span> <span class='ocrx_word' id='word_1_576' title='bbox 441 3321 502 3367; x_wconf 90' lang='lat' dir='ltr'><strong>ut</strong></span> <span class='ocrx_word' id='word_1_577' title='bbox 544 3311 600 3366; x_wconf 92' lang='lat' dir='ltr'><strong>in</strong></span> <span class='ocrx_word' id='word_1_578' title='bbox 644 3307 915 3364; x_wconf 81' lang='lat' dir='ltr'><strong>Psalmis:</strong></span> <span class='ocrx_word' id='word_1_579' title='bbox 953 3324 972 3357; x_wconf 75' lang='grc' dir='ltr'><strong>ι</strong></span> <span class='ocrx_word' id='word_1_580' title='bbox 1012 3305 1082 3360; x_wconf 83' lang='grc' dir='ltr'><em>Ει</em></span> <span class='ocrx_word' id='word_1_581' title='bbox 1129 3304 1196 3358; x_wconf 92' lang='lat' dir='ltr'><strong>ad</strong></span> <span class='ocrx_word' id='word_1_582' title='bbox 1240 3301 1561 3356; x_wconf 90' lang='lat' dir='ltr'><strong>matutinum</strong></span> <span class='ocrx_word' id='word_1_583' title='bbox 1594 3298 1730 3354; x_wconf 66' lang='lat' dir='ltr'><strong>laeti-</strong></span> 
     </span>
    </p>
   </div>
   <div class='ocr_carea' id='block_1_65' title="bbox 141 3395 1727 3478">
    <p class='ocr_par' dir='ltr' id='par_1_65' title="bbox 141 3395 1727 3478">
     <span class='ocr_line' id='line_1_65' title="bbox 141 3395 1727 3478; baseline -0.01 -14"><span class='ocrx_word' id='word_1_584' title='bbox 141 3411 220 3465; x_wconf 91' lang='lat' dir='ltr'><strong>tia</strong></span> <span class='ocrx_word' id='word_1_585' title='bbox 254 3410 324 3475; x_wconf 81' lang='grc'><strong>¹²,</strong></span> <span class='ocrx_word' id='word_1_586' title='bbox 361 3428 380 3462; x_wconf 77' lang='grc' dir='ltr'><strong>ι</strong></span> <span class='ocrx_word' id='word_1_587' title='bbox 411 3406 554 3478; x_wconf 90' lang='lat' dir='ltr'><strong>quod</strong></span> <span class='ocrx_word' id='word_1_588' title='bbox 581 3404 717 3468; x_wconf 91' lang='lat' dir='ltr'><strong>illis,</strong></span> <span class='ocrx_word' id='word_1_589' title='bbox 753 3401 844 3473; x_wconf 90' lang='lat' dir='ltr'><strong>qui</strong></span> <span class='ocrx_word' id='word_1_590' title='bbox 870 3401 936 3457; x_wconf 92' lang='lat' dir='ltr'><strong>ad</strong></span> <span class='ocrx_word' id='word_1_591' title='bbox 956 3398 1222 3468; x_wconf 89' lang='lat' dir='ltr'><strong>justitiam</strong></span> <span class='ocrx_word' id='word_1_592' title='bbox 1250 3396 1454 3453; x_wconf 88' lang='lat' dir='ltr'><strong>Christi</strong></span> <span class='ocrx_word' id='word_1_593' title='bbox 1481 3395 1727 3460; x_wconf 89' lang='lat' dir='ltr'><strong>tendunt,</strong></span> 
     </span>
    </p>
   </div>
   <div class='ocr_carea' id='block_1_66' title="bbox 139 3487 1724 3558">
    <p class='ocr_par' dir='ltr' id='par_1_66' title="bbox 139 3487 1724 3558">
     <span class='ocr_line' id='line_1_66' title="bbox 139 3487 1724 3558; baseline -0.011 -1"><span class='ocrx_word' id='word_1_594' title='bbox 139 3497 541 3557; x_wconf 69' lang='lat' dir='ltr'><strong>daturltetitia.</strong></span> <span class='ocrx_word' id='word_1_595' title='bbox 576 3494 896 3550; x_wconf 77' lang='lat' dir='ltr'><strong>Matutinum</strong></span> <span class='ocrx_word' id='word_1_596' title='bbox 921 3533 936 3558; x_wconf 92' lang='lat'><strong>,</strong></span> <span class='ocrx_word' id='word_1_597' title='bbox 985 3491 1206 3555; x_wconf 89' lang='lat' dir='ltr'><strong>dilatio,</strong></span> <span class='ocrx_word' id='word_1_598' title='bbox 1247 3497 1310 3545; x_wconf 92' lang='lat' dir='ltr'><strong>ut</strong></span> <span class='ocrx_word' id='word_1_599' title='bbox 1357 3489 1412 3544; x_wconf 92' lang='lat' dir='ltr'><strong>in</strong></span> <span class='ocrx_word' id='word_1_600' title='bbox 1457 3487 1724 3543; x_wconf 90' lang='lat' dir='ltr'><strong>Psalmis:</strong></span> 
     </span>
    </p>
   </div>
   <div class='ocr_carea' id='block_1_67' title="bbox 147 3577 1728 3660">
    <p class='ocr_par' dir='ltr' id='par_1_67' title="bbox 147 3577 1728 3660">
     <span class='ocr_line' id='line_1_67' title="bbox 147 3577 1728 3660; baseline -0.008 -17"><span class='ocrx_word' id='word_1_601' title='bbox 147 3612 168 3643; x_wconf 76' lang='grc' dir='ltr'><strong>ε</strong></span> <span class='ocrx_word' id='word_1_602' title='bbox 208 3591 282 3647; x_wconf 84' lang='grc' dir='ltr'><em>Ει</em></span> <span class='ocrx_word' id='word_1_603' title='bbox 310 3587 593 3660; x_wconf 85' lang='lat' dir='ltr'><strong>castigatio</strong></span> <span class='ocrx_word' id='word_1_604' title='bbox 631 3599 752 3641; x_wconf 91' lang='lat' dir='ltr'><strong>mea</strong></span> <span class='ocrx_word' id='word_1_605' title='bbox 784 3585 840 3638; x_wconf 92' lang='lat' dir='ltr'><strong>in</strong></span> <span class='ocrx_word' id='word_1_606' title='bbox 865 3581 1146 3638; x_wconf 89' lang='lat' dir='ltr'><strong>matutinis</strong></span> <span class='ocrx_word' id='word_1_607' title='bbox 1173 3581 1240 3646; x_wconf 77' lang='lat'><strong>&quot;,</strong></span> <span class='ocrx_word' id='word_1_608' title='bbox 1279 3601 1298 3632; x_wconf 74' lang='grc' dir='ltr'><strong>ι</strong></span> <span class='ocrx_word' id='word_1_609' title='bbox 1333 3579 1387 3634; x_wconf 93' lang='lat' dir='ltr'><strong>id</strong></span> <span class='ocrx_word' id='word_1_610' title='bbox 1416 3587 1533 3644; x_wconf 89' lang='lat' dir='ltr'><strong>est,</strong></span> <span class='ocrx_word' id='word_1_611' title='bbox 1579 3577 1728 3632; x_wconf 82' lang='lat' dir='ltr'><strong>sine&#39;</strong></span> 
     </span>
    </p>
   </div>
   <div class='ocr_carea' id='block_1_68' title="bbox 140 3668 1730 3750">
    <p class='ocr_par' dir='ltr' id='par_1_68' title="bbox 140 3668 1730 3750">
     <span class='ocr_line' id='line_1_68' title="bbox 140 3668 1730 3750; baseline -0.011 -10"><span class='ocrx_word' id='word_1_612' title='bbox 140 3683 440 3741; x_wconf 87' lang='lat' dir='ltr'><strong>dilectione</strong></span> <span class='ocrx_word' id='word_1_613' title='bbox 469 3680 765 3750; x_wconf 88' lang='lat' dir='ltr'><strong>castigatus</strong></span> <span class='ocrx_word' id='word_1_614' title='bbox 801 3690 940 3732; x_wconf 90' lang='lat' dir='ltr'><strong>sum.</strong></span> <span class='ocrx_word' id='word_1_615' title='bbox 977 3673 1336 3738; x_wconf 71' lang='lat' dir='ltr'><strong>Matutinum,</strong></span> <span class='ocrx_word' id='word_1_616' title='bbox 1382 3671 1497 3726; x_wconf 93' lang='lat' dir='ltr'><strong>dies</strong></span> <span class='ocrx_word' id='word_1_617' title='bbox 1519 3668 1730 3738; x_wconf 77' lang='lat' dir='ltr'><strong>iudicii,</strong></span> 
     </span>
    </p>
   </div>
   <div class='ocr_carea' id='block_1_69' title="bbox 139 3764 1735 3832">
    <p class='ocr_par' dir='ltr' id='par_1_69' title="bbox 139 3764 1735 3832">
     <span class='ocr_line' id='line_1_69' title="bbox 139 3764 1735 3832; baseline -0.009 1"><span class='ocrx_word' id='word_1_618' title='bbox 139 3785 210 3832; x_wconf 88' lang='lat' dir='ltr'><strong>ut</strong></span> <span class='ocrx_word' id='word_1_619' title='bbox 236 3777 299 3832; x_wconf 89' lang='lat' dir='ltr'><strong>in</strong></span> <span class='ocrx_word' id='word_1_620' title='bbox 331 3775 557 3831; x_wconf 90' lang='lat' dir='ltr'><strong>Psalmis</strong></span> <span class='ocrx_word' id='word_1_621' title='bbox 588 3791 601 3826; x_wconf 94' lang='lat'><strong>:</strong></span> <span class='ocrx_word' id='word_1_622' title='bbox 636 3790 656 3823; x_wconf 73' lang='grc' dir='ltr'><strong>ι</strong></span> <span class='ocrx_word' id='word_1_623' title='bbox 692 3770 750 3826; x_wconf 89' lang='lat' dir='ltr'><strong>In</strong></span> <span class='ocrx_word' id='word_1_624' title='bbox 784 3768 1082 3832; x_wconf 90' lang='lat' dir='ltr'><strong>matutino,</strong></span> <span class='ocrx_word' id='word_1_625' title='bbox 1114 3764 1506 3822; x_wconf 89' lang='lat' dir='ltr'><strong>interﬁciebam</strong></span> <span class='ocrx_word' id='word_1_626' title='bbox 1545 3777 1735 3818; x_wconf 91' lang='lat' dir='ltr'><strong>omnes</strong></span> 
     </span>
    </p>
   </div>
   <div class='ocr_carea' id='block_1_70' title="bbox 142 3853 1736 3941">
    <p class='ocr_par' dir='ltr' id='par_1_70' title="bbox 142 3853 1736 3941">
     <span class='ocr_line' id='line_1_70' title="bbox 142 3853 1736 3941; baseline -0.01 -16"><span class='ocrx_word' id='word_1_627' title='bbox 142 3877 472 3941; x_wconf 89' lang='lat' dir='ltr'><strong>peccatores</strong></span> <span class='ocrx_word' id='word_1_628' title='bbox 502 3875 660 3922; x_wconf 71' lang='lat' dir='ltr'><strong>terra:</strong></span> <span class='ocrx_word' id='word_1_629' title='bbox 687 3861 750 3928; x_wconf 73' lang='lat'><strong>“,</strong></span> <span class='ocrx_word' id='word_1_630' title='bbox 787 3880 806 3914; x_wconf 74' lang='grc' dir='ltr'><strong>ι</strong></span> <span class='ocrx_word' id='word_1_631' title='bbox 846 3860 900 3915; x_wconf 92' lang='lat' dir='ltr'><strong>id</strong></span> <span class='ocrx_word' id='word_1_632' title='bbox 931 3868 1046 3924; x_wconf 92' lang='lat' dir='ltr'><strong>est,</strong></span> <span class='ocrx_word' id='word_1_633' title='bbox 1090 3870 1280 3913; x_wconf 90' lang='lat' dir='ltr'><strong>omnes</strong></span> <span class='ocrx_word' id='word_1_634' title='bbox 1326 3853 1498 3910; x_wconf 87' lang='lat' dir='ltr'><strong>malos</strong></span> <span class='ocrx_word' id='word_1_635' title='bbox 1541 3853 1597 3908; x_wconf 92' lang='lat' dir='ltr'><strong>in</strong></span> <span class='ocrx_word' id='word_1_636' title='bbox 1648 3853 1736 3910; x_wconf 90' lang='lat' dir='ltr'><strong>die</strong></span> 
     </span>
    </p>
   </div>
   <div class='ocr_carea' id='block_1_71' title="bbox 135 3943 1738 4031">
    <p class='ocr_par' dir='ltr' id='par_1_71' title="bbox 135 3943 1738 4031">
     <span class='ocr_line' id='line_1_71' title="bbox 135 3943 1738 4031; baseline -0.009 -16"><span class='ocrx_word' id='word_1_637' title='bbox 135 3961 363 4031; x_wconf 87' lang='lat' dir='ltr'><strong>judicii,</strong></span> <span class='ocrx_word' id='word_1_638' title='bbox 385 3958 530 4030; x_wconf 90' lang='lat' dir='ltr'><strong>quod</strong></span> <span class='ocrx_word' id='word_1_639' title='bbox 549 3957 642 4012; x_wconf 86' lang='lat' dir='ltr'><strong>lux</strong></span> <span class='ocrx_word' id='word_1_640' title='bbox 662 3963 864 4011; x_wconf 66' lang='lat' dir='ltr'><strong>aeterna</strong></span> <span class='ocrx_word' id='word_1_641' title='bbox 885 3951 1018 4008; x_wconf 87' lang='lat' dir='ltr'><strong>oriri</strong></span> <span class='ocrx_word' id='word_1_642' title='bbox 1038 3950 1282 4020; x_wconf 91' lang='lat' dir='ltr'><strong>incipiet,</strong></span> <span class='ocrx_word' id='word_1_643' title='bbox 1300 3943 1632 4003; x_wconf 87' lang='lat' dir='ltr'><strong>damnandos</strong></span> <span class='ocrx_word' id='word_1_644' title='bbox 1655 3945 1738 4001; x_wconf 84' lang='lat' dir='ltr'><strong>in-</strong></span> 
     </span>
    </p>
   </div>
   <div class='ocr_carea' id='block_1_72' title="bbox 147 4054 484 4123">
    <p class='ocr_par' dir='ltr' id='par_1_72' title="bbox 147 4054 484 4123">
     <span class='ocr_line' id='line_1_72' title="bbox 147 4054 484 4123; baseline -0.018 -11"><span class='ocrx_word' id='word_1_645' title='bbox 147 4054 484 4123; x_wconf 81' lang='lat' dir='ltr'><strong>telligebam.</strong></span> 
     </span>
    </p>
   </div>
   <div class='ocr_carea' id='block_1_73' title="bbox 226 4134 1737 4203">
    <p class='ocr_par' dir='ltr' id='par_1_73' title="bbox 226 4134 1737 4203">
     <span class='ocr_line' id='line_1_73' title="bbox 226 4134 1737 4203; baseline -0.009 0"><span class='ocrx_word' id='word_1_646' title='bbox 226 4147 424 4203; x_wconf 76' lang='lat' dir='ltr'><strong>Manus</strong></span> <span class='ocrx_word' id='word_1_647' title='bbox 467 4153 549 4202; x_wconf 87' lang='lat' dir='ltr'><strong>est</strong></span> <span class='ocrx_word' id='word_1_648' title='bbox 589 4144 838 4201; x_wconf 88' lang='lat' dir='ltr'><strong>Christus</strong></span> <span class='ocrx_word' id='word_1_649' title='bbox 883 4140 948 4195; x_wconf 90' lang='lat' dir='ltr'><strong>ad</strong></span> <span class='ocrx_word' id='word_1_650' title='bbox 993 4138 1251 4195; x_wconf 91' lang='lat' dir='ltr'><strong>mundum</strong></span> <span class='ocrx_word' id='word_1_651' title='bbox 1300 4135 1543 4201; x_wconf 89' lang='lat' dir='ltr'><strong>veniens,</strong></span> <span class='ocrx_word' id='word_1_652' title='bbox 1575 4142 1635 4190; x_wconf 93' lang='lat' dir='ltr'><strong>ut</strong></span> <span class='ocrx_word' id='word_1_653' title='bbox 1681 4134 1737 4190; x_wconf 93' lang='lat' dir='ltr'><strong>in</strong></span> 
     </span>
    </p>
   </div>
   <div class='ocr_carea' id='block_1_74' title="bbox 143 4229 1735 4297">
    <p class='ocr_par' dir='ltr' id='par_1_74' title="bbox 143 4229 1735 4297">
     <span class='ocr_line' id='line_1_74' title="bbox 143 4229 1735 4297; baseline -0.009 0"><span class='ocrx_word' id='word_1_654' title='bbox 143 4240 390 4297; x_wconf 87' lang='lat' dir='ltr'><strong>Psalmis</strong></span> <span class='ocrx_word' id='word_1_655' title='bbox 416 4257 429 4293; x_wconf 94' lang='lat'><strong>:</strong></span> <span class='ocrx_word' id='word_1_656' title='bbox 462 4257 480 4290; x_wconf 74' lang='grc' dir='ltr'><strong>ι</strong></span> <span class='ocrx_word' id='word_1_657' title='bbox 517 4237 716 4293; x_wconf 88' lang='lat' dir='ltr'><strong>Emitte</strong></span> <span class='ocrx_word' id='word_1_658' title='bbox 743 4250 960 4290; x_wconf 90' lang='lat' dir='ltr'><strong>manum</strong></span> <span class='ocrx_word' id='word_1_659' title='bbox 987 4241 1133 4287; x_wconf 89' lang='lat' dir='ltr'><strong>tuam</strong></span> <span class='ocrx_word' id='word_1_660' title='bbox 1163 4233 1228 4288; x_wconf 93' lang='lat' dir='ltr'><strong>dc</strong></span> <span class='ocrx_word' id='word_1_661' title='bbox 1255 4231 1365 4286; x_wconf 90' lang='lat' dir='ltr'><strong>alto</strong></span> <span class='ocrx_word' id='word_1_662' title='bbox 1397 4231 1459 4294; x_wconf 73' lang='grc' dir='ltr'><strong>ιδ,</strong></span> <span class='ocrx_word' id='word_1_663' title='bbox 1492 4249 1510 4281; x_wconf 78' lang='grc' dir='ltr'><strong>ι</strong></span> <span class='ocrx_word' id='word_1_664' title='bbox 1554 4229 1608 4283; x_wconf 94' lang='lat' dir='ltr'><strong>id</strong></span> <span class='ocrx_word' id='word_1_665' title='bbox 1631 4237 1735 4292; x_wconf 87' lang='lat' dir='ltr'><strong>est,</strong></span> 
     </span>
    </p>
   </div>
   <div class='ocr_carea' id='block_1_75' title="bbox 145 4320 1740 4387">
    <p class='ocr_par' dir='ltr' id='par_1_75' title="bbox 145 4320 1740 4387">
     <span class='ocr_line' id='line_1_75' title="bbox 145 4320 1740 4387; baseline -0.008 -2"><span class='ocrx_word' id='word_1_666' title='bbox 145 4332 316 4387; x_wconf 86' lang='lat' dir='ltr'><strong>mitte</strong></span> <span class='ocrx_word' id='word_1_667' title='bbox 349 4328 545 4384; x_wconf 85' lang='lat' dir='ltr'><strong>Filium</strong></span> <span class='ocrx_word' id='word_1_668' title='bbox 578 4335 729 4382; x_wconf 88' lang='lat' dir='ltr'><strong>tuum</strong></span> <span class='ocrx_word' id='word_1_669' title='bbox 764 4325 830 4380; x_wconf 93' lang='lat' dir='ltr'><strong>de</strong></span> <span class='ocrx_word' id='word_1_670' title='bbox 857 4323 1014 4380; x_wconf 67' lang='lat' dir='ltr'><strong>caelo.</strong></span> <span class='ocrx_word' id='word_1_671' title='bbox 1043 4321 1257 4387; x_wconf 81' lang='lat' dir='ltr'><strong>Manus,</strong></span> <span class='ocrx_word' id='word_1_672' title='bbox 1276 4320 1523 4377; x_wconf 89' lang='lat' dir='ltr'><strong>Christus</strong></span> <span class='ocrx_word' id='word_1_673' title='bbox 1553 4333 1740 4374; x_wconf 87' lang='lat' dir='ltr'><strong>ascen-</strong></span> 
     </span>
    </p>
   </div>
   <div class='ocr_carea' id='block_1_76' title="bbox 149 4387 1742 4486">
    <p class='ocr_par' dir='ltr' id='par_1_76' title="bbox 149 4387 1742 4486">
     <span class='ocr_line' id='line_1_76' title="bbox 149 4387 1742 4486; baseline -0.011 -7"><span class='ocrx_word' id='word_1_674' title='bbox 149 4421 317 4486; x_wconf 88' lang='lat' dir='ltr'><strong>dens,</strong></span> <span class='ocrx_word' id='word_1_675' title='bbox 351 4426 412 4474; x_wconf 88' lang='lat' dir='ltr'><strong>ut</strong></span> <span class='ocrx_word' id='word_1_676' title='bbox 440 4418 496 4474; x_wconf 93' lang='lat' dir='ltr'><strong>in</strong></span> <span class='ocrx_word' id='word_1_677' title='bbox 525 4387 942 4474; x_wconf 63' lang='lat' dir='ltr'><strong>Deuterononiio</strong></span> <span class='ocrx_word' id='word_1_678' title='bbox 973 4431 986 4466; x_wconf 93' lang='lat'><strong>:</strong></span> <span class='ocrx_word' id='word_1_679' title='bbox 1024 4433 1042 4466; x_wconf 77' lang='grc' dir='ltr'><strong>ι</strong></span> <span class='ocrx_word' id='word_1_680' title='bbox 1073 4412 1290 4468; x_wconf 90' lang='lat' dir='ltr'><strong>Levabo</strong></span> <span class='ocrx_word' id='word_1_681' title='bbox 1311 4412 1378 4467; x_wconf 89' lang='lat' dir='ltr'><strong>ad</strong></span> <span class='ocrx_word' id='word_1_682' title='bbox 1403 4409 1600 4466; x_wconf 69' lang='lat' dir='ltr'><strong>coelum</strong></span> <span class='ocrx_word' id='word_1_683' title='bbox 1627 4424 1742 4463; x_wconf 92' lang='lat' dir='ltr'><strong>ma-</strong></span> 
     </span>
    </p>
   </div>
   <div class='ocr_carea' id='block_1_77' title="bbox 150 4499 1740 4577">
    <p class='ocr_par' dir='ltr' id='par_1_77' title="bbox 150 4499 1740 4577">
     <span class='ocr_line' id='line_1_77' title="bbox 150 4499 1740 4577; baseline -0.01 -7"><span class='ocrx_word' id='word_1_684' title='bbox 150 4526 296 4572; x_wconf 82' lang='lat' dir='ltr'><strong>num</strong></span> <span class='ocrx_word' id='word_1_685' title='bbox 335 4525 507 4566; x_wconf 91' lang='lat' dir='ltr'><strong>meam</strong></span> <span class='ocrx_word' id='word_1_686' title='bbox 534 4507 602 4576; x_wconf 83' lang='grc'><strong>¹⁶,</strong></span> <span class='ocrx_word' id='word_1_687' title='bbox 643 4527 663 4561; x_wconf 77' lang='grc' dir='ltr'><strong>ι</strong></span> <span class='ocrx_word' id='word_1_688' title='bbox 715 4505 858 4577; x_wconf 90' lang='lat' dir='ltr'><strong>quod</strong></span> <span class='ocrx_word' id='word_1_689' title='bbox 895 4504 1144 4561; x_wconf 90' lang='lat' dir='ltr'><strong>Christus</strong></span> <span class='ocrx_word' id='word_1_690' title='bbox 1181 4503 1250 4559; x_wconf 91' lang='lat' dir='ltr'><strong>ad</strong></span> <span class='ocrx_word' id='word_1_691' title='bbox 1287 4500 1455 4558; x_wconf 70' lang='lat' dir='ltr'><strong>cmlos</strong></span> <span class='ocrx_word' id='word_1_692' title='bbox 1499 4499 1740 4554; x_wconf 90' lang='lat' dir='ltr'><strong>elevatus</strong></span> 
     </span>
    </p>
   </div>
   <div class='ocr_carea' id='block_1_78' title="bbox 1833 3286 3416 3361">
    <p class='ocr_par' dir='ltr' id='par_1_78' title="bbox 1833 3286 3416 3361">
     <span class='ocr_line' id='line_1_78' title="bbox 1833 3286 3416 3361; baseline -0.004 -12"><span class='ocrx_word' id='word_1_693' title='bbox 1833 3292 2089 3349; x_wconf 85' lang='lat' dir='ltr'><strong>daicum‘!</strong></span> <span class='ocrx_word' id='word_1_694' title='bbox 2122 3289 2336 3356; x_wconf 76' lang='lat' dir='ltr'><strong>Manus,</strong></span> <span class='ocrx_word' id='word_1_695' title='bbox 2364 3289 2674 3361; x_wconf 89' lang='lat' dir='ltr'><strong>persecutio</strong></span> <span class='ocrx_word' id='word_1_696' title='bbox 2700 3287 3041 3354; x_wconf 67' lang='lat' dir='ltr'><strong>Judaeorum,</strong></span> <span class='ocrx_word' id='word_1_697' title='bbox 3089 3297 3147 3343; x_wconf 92' lang='lat' dir='ltr'><strong>ut</strong></span> <span class='ocrx_word' id='word_1_698' title='bbox 3174 3289 3230 3343; x_wconf 91' lang='lat' dir='ltr'><strong>in</strong></span> <span class='ocrx_word' id='word_1_699' title='bbox 3273 3286 3416 3343; x_wconf 88' lang='lat' dir='ltr'><strong>Job:</strong></span> 
     </span>
    </p>
   </div>
   <div class='ocr_carea' id='block_1_79' title="bbox 1836 3379 3420 3454">
    <p class='ocr_par' dir='ltr' id='par_1_79' title="bbox 1836 3379 3420 3454">
     <span class='ocr_line' id='line_1_79' title="bbox 1836 3379 3420 3454; baseline -0.003 -18"><span class='ocrx_word' id='word_1_700' title='bbox 1836 3403 1857 3436; x_wconf 70' lang='grc' dir='ltr'><strong><em>ε</em></strong></span> <span class='ocrx_word' id='word_1_701' title='bbox 1891 3383 2038 3440; x_wconf 83' lang='grc' dir='ltr'><em>Ροιιε</em></span> <span class='ocrx_word' id='word_1_702' title='bbox 2062 3399 2150 3440; x_wconf 92' lang='lat' dir='ltr'><strong>me</strong></span> <span class='ocrx_word' id='word_1_703' title='bbox 2168 3383 2325 3454; x_wconf 87' lang='lat' dir='ltr'><strong>juxta</strong></span> <span class='ocrx_word' id='word_1_704' title='bbox 2354 3391 2425 3446; x_wconf 91' lang='lat' dir='ltr'><strong>te,</strong></span> <span class='ocrx_word' id='word_1_705' title='bbox 2452 3389 2508 3436; x_wconf 88' lang='lat' dir='ltr'><strong>et</strong></span> <span class='ocrx_word' id='word_1_706' title='bbox 2531 3379 2768 3449; x_wconf 88' lang='lat' dir='ltr'><strong>cujusvis</strong></span> <span class='ocrx_word' id='word_1_707' title='bbox 2792 3394 2987 3435; x_wconf 89' lang='lat' dir='ltr'><strong>manus</strong></span> <span class='ocrx_word' id='word_1_708' title='bbox 3007 3386 3209 3452; x_wconf 90' lang='lat' dir='ltr'><strong>pugnet</strong></span> <span class='ocrx_word' id='word_1_709' title='bbox 3231 3385 3420 3434; x_wconf 90' lang='lat' dir='ltr'><strong>contra</strong></span> 
     </span>
    </p>
   </div>
   <div class='ocr_carea' id='block_1_80' title="bbox 1832 3471 3420 3544">
    <p class='ocr_par' dir='ltr' id='par_1_80' title="bbox 1832 3471 3420 3544">
     <span class='ocr_line' id='line_1_80' title="bbox 1832 3471 3420 3544; baseline -0.007 -11"><span class='ocrx_word' id='word_1_710' title='bbox 1832 3493 1921 3533; x_wconf 91' lang='lat' dir='ltr'><strong>me</strong></span> <span class='ocrx_word' id='word_1_711' title='bbox 1943 3477 2010 3544; x_wconf 81' lang='grc'><strong>⁸³,</strong></span> <span class='ocrx_word' id='word_1_712' title='bbox 2049 3496 2069 3529; x_wconf 78' lang='grc' dir='ltr'><strong>ι</strong></span> <span class='ocrx_word' id='word_1_713' title='bbox 2109 3476 2165 3530; x_wconf 89' lang='lat' dir='ltr'><strong>id</strong></span> <span class='ocrx_word' id='word_1_714' title='bbox 2191 3483 2293 3540; x_wconf 90' lang='lat' dir='ltr'><strong>est,</strong></span> <span class='ocrx_word' id='word_1_715' title='bbox 2323 3488 2444 3529; x_wconf 89' lang='lat' dir='ltr'><strong>cum</strong></span> <span class='ocrx_word' id='word_1_716' title='bbox 2476 3473 2666 3528; x_wconf 89' lang='lat' dir='ltr'><strong>sedero</strong></span> <span class='ocrx_word' id='word_1_717' title='bbox 2691 3473 2760 3527; x_wconf 90' lang='lat' dir='ltr'><strong>ad</strong></span> <span class='ocrx_word' id='word_1_718' title='bbox 2785 3471 3062 3527; x_wconf 87' lang='lat' dir='ltr'><strong>dexteram</strong></span> <span class='ocrx_word' id='word_1_719' title='bbox 3095 3479 3265 3530; x_wconf 87' lang='lat' dir='ltr'><strong>tuam.</strong></span> <span class='ocrx_word' id='word_1_720' title='bbox 3296 3476 3420 3523; x_wconf 89' lang='lat' dir='ltr'><strong>tan-</strong></span> 
     </span>
    </p>
   </div>
   <div class='ocr_carea' id='block_1_81' title="bbox 1834 3562 3422 3642">
    <p class='ocr_par' dir='ltr' id='par_1_81' title="bbox 1834 3562 3422 3642">
     <span class='ocr_line' id='line_1_81' title="bbox 1834 3562 3422 3642; baseline -0.005 -17"><span class='ocrx_word' id='word_1_721' title='bbox 1834 3585 1962 3642; x_wconf 88' lang='lat' dir='ltr'><strong>gere</strong></span> <span class='ocrx_word' id='word_1_722' title='bbox 1992 3583 2080 3624; x_wconf 91' lang='lat' dir='ltr'><strong>me</strong></span> <span class='ocrx_word' id='word_1_723' title='bbox 2116 3583 2224 3624; x_wconf 91' lang='lat' dir='ltr'><strong>non</strong></span> <span class='ocrx_word' id='word_1_724' title='bbox 2265 3567 2466 3638; x_wconf 84' lang='lat' dir='ltr'><strong>poterit</strong></span> <span class='ocrx_word' id='word_1_725' title='bbox 2500 3565 2806 3637; x_wconf 89' lang='lat' dir='ltr'><strong>persecutio</strong></span> <span class='ocrx_word' id='word_1_726' title='bbox 2842 3562 3168 3620; x_wconf 63' lang='lat' dir='ltr'><strong>Judaorum.</strong></span> <span class='ocrx_word' id='word_1_727' title='bbox 3203 3562 3422 3631; x_wconf 77' lang='lat' dir='ltr'><strong>Manus,</strong></span> 
     </span>
    </p>
   </div>
   <div class='ocr_carea' id='block_1_82' title="bbox 1835 3653 3421 3734">
    <p class='ocr_par' dir='ltr' id='par_1_82' title="bbox 1835 3653 3421 3734">
     <span class='ocr_line' id='line_1_82' title="bbox 1835 3653 3421 3734; baseline -0.005 -18"><span class='ocrx_word' id='word_1_728' title='bbox 1835 3661 2121 3734; x_wconf 72' lang='lat' dir='ltr'><strong>familiaris</strong></span> <span class='ocrx_word' id='word_1_729' title='bbox 2150 3659 2376 3723; x_wconf 88' lang='lat' dir='ltr'><strong>amicus,</strong></span> <span class='ocrx_word' id='word_1_730' title='bbox 2407 3666 2468 3713; x_wconf 92' lang='lat' dir='ltr'><strong>ut</strong></span> <span class='ocrx_word' id='word_1_731' title='bbox 2494 3657 2549 3713; x_wconf 90' lang='lat' dir='ltr'><strong>in</strong></span> <span class='ocrx_word' id='word_1_732' title='bbox 2578 3655 2868 3729; x_wconf 86' lang='lat' dir='ltr'><strong>Evangelio</strong></span> <span class='ocrx_word' id='word_1_733' title='bbox 2901 3673 2915 3710; x_wconf 91' lang='lat'><strong>:</strong></span> <span class='ocrx_word' id='word_1_734' title='bbox 2951 3674 2971 3708; x_wconf 73' lang='grc' dir='ltr'><strong>ι</strong></span> <span class='ocrx_word' id='word_1_735' title='bbox 3011 3653 3071 3712; x_wconf 88' lang='lat' dir='ltr'><strong>Si</strong></span> <span class='ocrx_word' id='word_1_736' title='bbox 3101 3669 3294 3709; x_wconf 87' lang='lat' dir='ltr'><strong>manus</strong></span> <span class='ocrx_word' id='word_1_737' title='bbox 3329 3661 3421 3709; x_wconf 88' lang='lat' dir='ltr'><strong>tua</strong></span> 
     </span>
    </p>
   </div>
   <div class='ocr_carea' id='block_1_83' title="bbox 1836 3747 3426 3816">
    <p class='ocr_par' dir='ltr' id='par_1_83' title="bbox 1836 3747 3426 3816">
     <span class='ocr_line' id='line_1_83' title="bbox 1836 3747 3426 3816; baseline -0.005 -6"><span class='ocrx_word' id='word_1_738' title='bbox 1836 3752 2287 3811; x_wconf 80' lang='lat' dir='ltr'><strong>scandalizaverit</strong></span> <span class='ocrx_word' id='word_1_739' title='bbox 2315 3762 2368 3805; x_wconf 91' lang='lat' dir='ltr'><strong>te</strong></span> <span class='ocrx_word' id='word_1_740' title='bbox 2393 3750 2462 3816; x_wconf 72' lang='lat'><strong>&quot;,</strong></span> <span class='ocrx_word' id='word_1_741' title='bbox 2502 3769 2522 3802; x_wconf 78' lang='grc' dir='ltr'><strong>ι</strong></span> <span class='ocrx_word' id='word_1_742' title='bbox 2558 3749 2610 3804; x_wconf 93' lang='lat' dir='ltr'><strong>id</strong></span> <span class='ocrx_word' id='word_1_743' title='bbox 2635 3757 2738 3814; x_wconf 91' lang='lat' dir='ltr'><strong>est,</strong></span> <span class='ocrx_word' id='word_1_744' title='bbox 2774 3749 2821 3803; x_wconf 91' lang='lat' dir='ltr'><strong>si</strong></span> <span class='ocrx_word' id='word_1_745' title='bbox 2852 3747 3061 3802; x_wconf 89' lang='lat' dir='ltr'><strong>amicus</strong></span> <span class='ocrx_word' id='word_1_746' title='bbox 3092 3755 3216 3801; x_wconf 90' lang='lat' dir='ltr'><strong>tuus</strong></span> <span class='ocrx_word' id='word_1_747' title='bbox 3245 3759 3426 3802; x_wconf 84' lang='lat' dir='ltr'><strong>neces-</strong></span> 
     </span>
    </p>
   </div>
   <div class='ocr_carea' id='block_1_84' title="bbox 1836 3835 3426 3916">
    <p class='ocr_par' dir='ltr' id='par_1_84' title="bbox 1836 3835 3426 3916">
     <span class='ocr_line' id='line_1_84' title="bbox 1836 3835 3426 3916; baseline -0.008 -13"><span class='ocrx_word' id='word_1_748' title='bbox 1836 3847 2014 3904; x_wconf 91' lang='lat' dir='ltr'><strong>sarius</strong></span> <span class='ocrx_word' id='word_1_749' title='bbox 2040 3858 2266 3916; x_wconf 86' lang='lat' dir='ltr'><strong>peccare</strong></span> <span class='ocrx_word' id='word_1_750' title='bbox 2291 3841 2516 3913; x_wconf 90' lang='lat' dir='ltr'><strong>impellit</strong></span> <span class='ocrx_word' id='word_1_751' title='bbox 2537 3849 2609 3894; x_wconf 92' lang='lat' dir='ltr'><strong>te.</strong></span> <span class='ocrx_word' id='word_1_752' title='bbox 2634 3839 2849 3905; x_wconf 80' lang='lat' dir='ltr'><strong>Manus,</strong></span> <span class='ocrx_word' id='word_1_753' title='bbox 2873 3837 3111 3892; x_wconf 89' lang='lat' dir='ltr'><strong>versutia</strong></span> <span class='ocrx_word' id='word_1_754' title='bbox 3139 3835 3334 3902; x_wconf 90' lang='lat' dir='ltr'><strong>hostis,</strong></span> <span class='ocrx_word' id='word_1_755' title='bbox 3364 3843 3426 3892; x_wconf 89' lang='lat' dir='ltr'><strong>ut</strong></span> 
     </span>
    </p>
   </div>
   <div class='ocr_carea' id='block_1_85' title="bbox 1837 3931 3418 3998">
    <p class='ocr_par' dir='ltr' id='par_1_85' title="bbox 1837 3931 3418 3998">
     <span class='ocr_line' id='line_1_85' title="bbox 1837 3931 3418 3998; baseline -0.006 -3"><span class='ocrx_word' id='word_1_756' title='bbox 1837 3941 1892 3996; x_wconf 90' lang='lat' dir='ltr'><strong>in</strong></span> <span class='ocrx_word' id='word_1_757' title='bbox 1923 3939 2137 3996; x_wconf 90' lang='lat' dir='ltr'><strong>cantico</strong></span> <span class='ocrx_word' id='word_1_758' title='bbox 2166 3935 2337 3994; x_wconf 90' lang='lat' dir='ltr'><strong>Exodi</strong></span> <span class='ocrx_word' id='word_1_759' title='bbox 2367 3951 2382 3990; x_wconf 91' lang='lat'><strong>:</strong></span> <span class='ocrx_word' id='word_1_760' title='bbox 2418 3955 2438 3988; x_wconf 83' lang='grc'><strong><em>‹</em></strong></span> <span class='ocrx_word' id='word_1_761' title='bbox 2475 3934 2772 3990; x_wconf 89' lang='lat' dir='ltr'><strong>lnterﬁciet</strong></span> <span class='ocrx_word' id='word_1_762' title='bbox 2791 3939 2895 3988; x_wconf 85' lang='lat' dir='ltr'><strong>‘eos</strong></span> <span class='ocrx_word' id='word_1_763' title='bbox 2923 3947 3119 3988; x_wconf 90' lang='lat' dir='ltr'><strong>manus</strong></span> <span class='ocrx_word' id='word_1_764' title='bbox 3149 3947 3268 3988; x_wconf 90' lang='lat' dir='ltr'><strong>mea</strong></span> <span class='ocrx_word' id='word_1_765' title='bbox 3294 3931 3362 3998; x_wconf 82' lang='grc'><strong>⁸⁵,</strong></span> <span class='ocrx_word' id='word_1_766' title='bbox 3399 3950 3418 3985; x_wconf 76' lang='grc' dir='ltr'><strong>ι</strong></span> 
     </span>
    </p>
   </div>
   <div class='ocr_carea' id='block_1_86' title="bbox 1839 4023 3423 4099">
    <p class='ocr_par' dir='ltr' id='par_1_86' title="bbox 1839 4023 3423 4099">
     <span class='ocr_line' id='line_1_86' title="bbox 1839 4023 3423 4099; baseline -0.004 -14"><span class='ocrx_word' id='word_1_767' title='bbox 1839 4030 1894 4085; x_wconf 91' lang='lat' dir='ltr'><strong>id</strong></span> <span class='ocrx_word' id='word_1_768' title='bbox 1922 4038 2024 4093; x_wconf 87' lang='lat' dir='ltr'><strong>est,</strong></span> <span class='ocrx_word' id='word_1_769' title='bbox 2053 4044 2150 4099; x_wconf 91' lang='lat' dir='ltr'><strong>per</strong></span> <span class='ocrx_word' id='word_1_770' title='bbox 2175 4041 2501 4083; x_wconf 90' lang='lat' dir='ltr'><strong>consensum</strong></span> <span class='ocrx_word' id='word_1_771' title='bbox 2532 4025 2704 4080; x_wconf 91' lang='lat' dir='ltr'><strong>illiciti</strong></span> <span class='ocrx_word' id='word_1_772' title='bbox 2731 4023 2880 4078; x_wconf 90' lang='lat' dir='ltr'><strong>dabit</strong></span> <span class='ocrx_word' id='word_1_773' title='bbox 2921 4038 3015 4080; x_wconf 88' lang='lat' dir='ltr'><strong>eos</strong></span> <span class='ocrx_word' id='word_1_774' title='bbox 3056 4024 3263 4094; x_wconf 84' lang='lat' dir='ltr'><strong>antiqui</strong></span> <span class='ocrx_word' id='word_1_775' title='bbox 3299 4037 3423 4079; x_wconf 87' lang='lat' dir='ltr'><strong>ver-</strong></span> 
     </span>
    </p>
   </div>
   <div class='ocr_carea' id='block_1_87' title="bbox 1840 4113 3417 4190">
    <p class='ocr_par' dir='ltr' id='par_1_87' title="bbox 1840 4113 3417 4190">
     <span class='ocr_line' id='line_1_87' title="bbox 1840 4113 3417 4190; baseline -0.005 -15"><span class='ocrx_word' id='word_1_776' title='bbox 1840 4121 2000 4184; x_wconf 90' lang='lat' dir='ltr'><strong>sutia,</strong></span> <span class='ocrx_word' id='word_1_777' title='bbox 2031 4133 2152 4190; x_wconf 71' lang='lat' dir='ltr'><strong>qua:</strong></span> <span class='ocrx_word' id='word_1_778' title='bbox 2177 4120 2193 4138; x_wconf 83' lang='lat'><strong><em>‘</em></strong></span> <span class='ocrx_word' id='word_1_779' title='bbox 2229 4117 2283 4172; x_wconf 90' lang='lat' dir='ltr'><strong>in</strong></span> <span class='ocrx_word' id='word_1_780' title='bbox 2307 4132 2371 4171; x_wconf 91' lang='lat' dir='ltr'><strong>ea</strong></span> <span class='ocrx_word' id='word_1_781' title='bbox 2394 4115 2613 4181; x_wconf 88' lang='lat' dir='ltr'><strong>dicitur,</strong></span> <span class='ocrx_word' id='word_1_782' title='bbox 2647 4113 2791 4185; x_wconf 91' lang='lat' dir='ltr'><strong>quod</strong></span> <span class='ocrx_word' id='word_1_783' title='bbox 2819 4121 2878 4168; x_wconf 93' lang='lat' dir='ltr'><strong>ut</strong></span> <span class='ocrx_word' id='word_1_784' title='bbox 2905 4114 3156 4180; x_wconf 90' lang='lat' dir='ltr'><strong>seducat,</strong></span> <span class='ocrx_word' id='word_1_785' title='bbox 3189 4114 3417 4184; x_wconf 90' lang='lat' dir='ltr'><strong>permit-</strong></span> 
     </span>
    </p>
   </div>
   <div class='ocr_carea' id='block_1_88' title="bbox 1841 4203 3419 4281">
    <p class='ocr_par' dir='ltr' id='par_1_88' title="bbox 1841 4203 3419 4281">
     <span class='ocr_line' id='line_1_88' title="bbox 1841 4203 3419 4281; baseline -0.005 -13"><span class='ocrx_word' id='word_1_786' title='bbox 1841 4214 1991 4268; x_wconf 90' lang='lat' dir='ltr'><strong>titur.</strong></span> <span class='ocrx_word' id='word_1_787' title='bbox 2027 4211 2131 4267; x_wconf 91' lang='lat' dir='ltr'><strong>Per</strong></span> <span class='ocrx_word' id='word_1_788' title='bbox 2159 4225 2372 4264; x_wconf 85' lang='lat' dir='ltr'><strong>manum</strong></span> <span class='ocrx_word' id='word_1_789' title='bbox 2416 4207 2599 4281; x_wconf 89' lang='lat' dir='ltr'><strong>plures</strong></span> <span class='ocrx_word' id='word_1_790' title='bbox 2645 4207 2914 4271; x_wconf 90' lang='lat' dir='ltr'><strong>actiones,</strong></span> <span class='ocrx_word' id='word_1_791' title='bbox 2964 4213 3026 4260; x_wconf 92' lang='lat' dir='ltr'><strong>ut</strong></span> <span class='ocrx_word' id='word_1_792' title='bbox 3067 4205 3119 4259; x_wconf 93' lang='lat' dir='ltr'><strong>in</strong></span> <span class='ocrx_word' id='word_1_793' title='bbox 3153 4203 3419 4260; x_wconf 89' lang='lat' dir='ltr'><strong>Psalmis:</strong></span> 
     </span>
    </p>
   </div>
   <div class='ocr_carea' id='block_1_89' title="bbox 1848 4297 3430 4371">
    <p class='ocr_par' dir='ltr' id='par_1_89' title="bbox 1848 4297 3430 4371">
     <span class='ocr_line' id='line_1_89' title="bbox 1848 4297 3430 4371; baseline -0.004 -12"><span class='ocrx_word' id='word_1_794' title='bbox 1848 4325 1867 4359; x_wconf 79' lang='grc' dir='ltr'><strong>ι</strong></span> <span class='ocrx_word' id='word_1_795' title='bbox 1902 4307 2070 4361; x_wconf 90' lang='lat' dir='ltr'><strong>Docet</strong></span> <span class='ocrx_word' id='word_1_796' title='bbox 2096 4317 2288 4358; x_wconf 89' lang='lat' dir='ltr'><strong>manus</strong></span> <span class='ocrx_word' id='word_1_797' title='bbox 2320 4315 2468 4356; x_wconf 88' lang='lat' dir='ltr'><strong>meas</strong></span> <span class='ocrx_word' id='word_1_798' title='bbox 2495 4299 2564 4354; x_wconf 88' lang='lat' dir='ltr'><strong>ad</strong></span> <span class='ocrx_word' id='word_1_799' title='bbox 2590 4297 2834 4371; x_wconf 66' lang='lat' dir='ltr'><strong>praelium</strong></span> <span class='ocrx_word' id='word_1_800' title='bbox 2860 4297 2931 4366; x_wconf 86' lang='grc'><strong>⁸⁸,</strong></span> <span class='ocrx_word' id='word_1_801' title='bbox 2963 4315 2983 4350; x_wconf 83' lang='grc' dir='ltr'><strong>ι</strong></span> <span class='ocrx_word' id='word_1_802' title='bbox 3024 4297 3077 4354; x_wconf 93' lang='lat' dir='ltr'><strong>id</strong></span> <span class='ocrx_word' id='word_1_803' title='bbox 3101 4307 3207 4365; x_wconf 88' lang='lat' dir='ltr'><strong>est,</strong></span> <span class='ocrx_word' id='word_1_804' title='bbox 3239 4312 3430 4369; x_wconf 85' lang='lat' dir='ltr'><strong>opera-</strong></span> 
     </span>
    </p>
   </div>
   <div class='ocr_carea' id='block_1_90' title="bbox 1843 4387 3428 4462">
    <p class='ocr_par' dir='ltr' id='par_1_90' title="bbox 1843 4387 3428 4462">
     <span class='ocr_line' id='line_1_90' title="bbox 1843 4387 3428 4462; baseline -0.007 -9"><span class='ocrx_word' id='word_1_805' title='bbox 1843 4398 2017 4453; x_wconf 90' lang='lat' dir='ltr'><strong>tiones</strong></span> <span class='ocrx_word' id='word_1_806' title='bbox 2039 4410 2212 4460; x_wconf 90' lang='lat' dir='ltr'><strong>meas,</strong></span> <span class='ocrx_word' id='word_1_807' title='bbox 2240 4399 2301 4448; x_wconf 92' lang='lat' dir='ltr'><strong>ut</strong></span> <span class='ocrx_word' id='word_1_808' title='bbox 2323 4390 2596 4462; x_wconf 90' lang='lat' dir='ltr'><strong>iniquitati</strong></span> <span class='ocrx_word' id='word_1_809' title='bbox 2624 4391 2899 4446; x_wconf 90' lang='lat' dir='ltr'><strong>resistant.</strong></span> <span class='ocrx_word' id='word_1_810' title='bbox 2923 4387 3028 4445; x_wconf 90' lang='lat' dir='ltr'><strong>Per</strong></span> <span class='ocrx_word' id='word_1_811' title='bbox 3045 4405 3258 4456; x_wconf 78' lang='lat' dir='ltr'><strong>manus,</strong></span> <span class='ocrx_word' id='word_1_812' title='bbox 3283 4404 3428 4443; x_wconf 85' lang='lat' dir='ltr'><strong>mar-</strong></span> 
     </span>
    </p>
   </div>
   <div class='ocr_carea' id='block_1_91' title="bbox 1847 4481 3428 4562">
    <p class='ocr_par' dir='ltr' id='par_1_91' title="bbox 1847 4481 3428 4562">
     <span class='ocr_line' id='line_1_91' title="bbox 1847 4481 3428 4562; baseline -0.006 -17"><span class='ocrx_word' id='word_1_813' title='bbox 1847 4497 2016 4562; x_wconf 87' lang='lat' dir='ltr'><strong>tyres,</strong></span> <span class='ocrx_word' id='word_1_814' title='bbox 2046 4496 2108 4542; x_wconf 90' lang='lat' dir='ltr'><strong>ut</strong></span> <span class='ocrx_word' id='word_1_815' title='bbox 2133 4486 2188 4541; x_wconf 91' lang='lat' dir='ltr'><strong>in</strong></span> <span class='ocrx_word' id='word_1_816' title='bbox 2216 4483 2442 4541; x_wconf 89' lang='lat' dir='ltr'><strong>Cantico</strong></span> <span class='ocrx_word' id='word_1_817' title='bbox 2467 4501 2480 4537; x_wconf 91' lang='lat'><strong>:</strong></span> <span class='ocrx_word' id='word_1_818' title='bbox 2507 4501 2527 4534; x_wconf 73' lang='grc' dir='ltr'><strong>ε</strong></span> <span class='ocrx_word' id='word_1_819' title='bbox 2557 4482 2746 4537; x_wconf 81' lang='lat' dir='ltr'><strong>Manus</strong></span> <span class='ocrx_word' id='word_1_820' title='bbox 2773 4497 2895 4539; x_wconf 86' lang='lat' dir='ltr'><strong>mea</strong></span> <span class='ocrx_word' id='word_1_821' title='bbox 2923 4481 3262 4538; x_wconf 84' lang='lat' dir='ltr'><strong>stillaverunt</strong></span> <span class='ocrx_word' id='word_1_822' title='bbox 3286 4495 3428 4552; x_wconf 82' lang='lat' dir='ltr'><strong>myr-</strong></span> 
     </span>
    </p>
   </div>
   <div class='ocr_carea' id='block_1_92' title="bbox 144 4567 1729 4669">
    <p class='ocr_par' dir='ltr' id='par_1_92' title="bbox 144 4567 1729 4669">
     <span class='ocr_line' id='line_1_92' title="bbox 144 4567 1729 4669; baseline -0.011 -8"><span class='ocrx_word' id='word_1_823' title='bbox 144 4614 265 4667; x_wconf 73' lang='grc' dir='ltr'><em>εει.</em></span> <span class='ocrx_word' id='word_1_824' title='bbox 317 4602 527 4669; x_wconf 76' lang='lat' dir='ltr'><strong>Manus,</strong></span> <span class='ocrx_word' id='word_1_825' title='bbox 576 4567 872 4656; x_wconf 75' lang='lat' dir='ltr'><strong>consolatio</strong></span> <span class='ocrx_word' id='word_1_826' title='bbox 929 4597 1141 4660; x_wconf 88' lang='lat' dir='ltr'><strong>divina,</strong></span> <span class='ocrx_word' id='word_1_827' title='bbox 1193 4603 1253 4650; x_wconf 89' lang='lat' dir='ltr'><strong>ut</strong></span> <span class='ocrx_word' id='word_1_828' title='bbox 1311 4594 1365 4648; x_wconf 93' lang='lat' dir='ltr'><strong>in</strong></span> <span class='ocrx_word' id='word_1_829' title='bbox 1415 4590 1729 4646; x_wconf 87' lang='lat' dir='ltr'><strong>Ezechiele:</strong></span> 
     </span>
    </p>
   </div>
   <div class='ocr_carea' id='block_1_93' title="bbox 1833 4567 3428 4669">
    <p class='ocr_par' dir='ltr' id='par_1_93' title="bbox 1845 4571 3428 4645">
     <span class='ocr_line' id='line_1_93' title="bbox 1845 4571 3428 4645; baseline -0.008 -10"><span class='ocrx_word' id='word_1_830' title='bbox 1845 4581 2002 4636; x_wconf 90' lang='lat' dir='ltr'><strong>rham</strong></span> <span class='ocrx_word' id='word_1_831' title='bbox 2029 4577 2098 4644; x_wconf 82' lang='grc'><strong>³⁷,</strong></span> <span class='ocrx_word' id='word_1_832' title='bbox 2134 4596 2154 4630; x_wconf 79' lang='grc' dir='ltr'><strong>ι</strong></span> <span class='ocrx_word' id='word_1_833' title='bbox 2189 4575 2242 4630; x_wconf 91' lang='lat' dir='ltr'><strong>id</strong></span> <span class='ocrx_word' id='word_1_834' title='bbox 2265 4582 2368 4639; x_wconf 89' lang='lat' dir='ltr'><strong>est,</strong></span> <span class='ocrx_word' id='word_1_835' title='bbox 2401 4581 2669 4645; x_wconf 89' lang='lat' dir='ltr'><strong>martyres</strong></span> <span class='ocrx_word' id='word_1_836' title='bbox 2696 4571 2799 4627; x_wconf 75' lang='lat' dir='ltr'><strong>mei</strong></span> <span class='ocrx_word' id='word_1_837' title='bbox 2831 4571 3228 4636; x_wconf 84' lang='lat' dir='ltr'><strong>destituerunt,</strong></span> <span class='ocrx_word' id='word_1_838' title='bbox 3257 4583 3428 4639; x_wconf 89' lang='lat' dir='ltr'><strong>usque</strong></span> 
     </span>
    </p>
   </div>
   <div class='ocr_carea' id='block_1_94' title="bbox 157 4681 1742 4772">
    <p class='ocr_par' dir='ltr' id='par_1_94' title="bbox 157 4681 1742 4772">
     <span class='ocr_line' id='line_1_94' title="bbox 157 4681 1742 4772; baseline -0.009 -21"><span class='ocrx_word' id='word_1_839' title='bbox 157 4719 188 4772; x_wconf 33' lang='grc' dir='ltr'><em>,ε</em></span> <span class='ocrx_word' id='word_1_840' title='bbox 215 4695 406 4753; x_wconf 80' lang='lat' dir='ltr'><strong>Manus</strong></span> <span class='ocrx_word' id='word_1_841' title='bbox 429 4691 640 4748; x_wconf 87' lang='lat' dir='ltr'><strong>Domini</strong></span> <span class='ocrx_word' id='word_1_842' title='bbox 667 4698 787 4745; x_wconf 90' lang='lat' dir='ltr'><strong>erat</strong></span> <span class='ocrx_word' id='word_1_843' title='bbox 813 4702 1026 4743; x_wconf 91' lang='lat' dir='ltr'><strong>mecum</strong></span> <span class='ocrx_word' id='word_1_844' title='bbox 1053 4687 1118 4752; x_wconf 83' lang='lat'><strong>&quot;,</strong></span> <span class='ocrx_word' id='word_1_845' title='bbox 1151 4705 1170 4738; x_wconf 87' lang='grc'><strong>›</strong></span> <span class='ocrx_word' id='word_1_846' title='bbox 1203 4685 1258 4739; x_wconf 92' lang='lat' dir='ltr'><strong>id</strong></span> <span class='ocrx_word' id='word_1_847' title='bbox 1287 4690 1404 4749; x_wconf 91' lang='lat' dir='ltr'><strong>est,</strong></span> <span class='ocrx_word' id='word_1_848' title='bbox 1443 4681 1742 4737; x_wconf 88' lang='lat' dir='ltr'><strong>consolatio</strong></span> 
     </span>
    </p>
   </div>
   <div class='ocr_carea' id='block_1_95' title="bbox 153 4772 1736 4852">
    <p class='ocr_par' dir='ltr' id='par_1_95' title="bbox 153 4772 1736 4852">
     <span class='ocr_line' id='line_1_95' title="bbox 153 4772 1736 4852; baseline -0.021 -8"><span class='ocrx_word' id='word_1_849' title='bbox 153 4787 346 4852; x_wconf 71' lang='lat' dir='ltr'><strong>1ivina</strong></span> <span class='ocrx_word' id='word_1_850' title='bbox 373 4780 522 4839; x_wconf 80' lang='lat' dir='ltr'><strong>affuit</strong></span> <span class='ocrx_word' id='word_1_851' title='bbox 549 4781 702 4838; x_wconf 89' lang='lat' dir='ltr'><strong>mihi.</strong></span> <span class='ocrx_word' id='word_1_852' title='bbox 730 4777 994 4852; x_wconf 80' lang='lat' dir='ltr'><strong>[Manus],</strong></span> <span class='ocrx_word' id='word_1_853' title='bbox 1023 4784 1283 4847; x_wconf 87' lang='lat' dir='ltr'><strong>potestas,</strong></span> <span class='ocrx_word' id='word_1_854' title='bbox 1309 4783 1368 4830; x_wconf 81' lang='lat' dir='ltr'><strong>ut</strong></span> <span class='ocrx_word' id='word_1_855' title='bbox 1389 4775 1442 4828; x_wconf 86' lang='lat' dir='ltr'><strong>in</strong></span> <span class='ocrx_word' id='word_1_856' title='bbox 1462 4772 1695 4829; x_wconf 69' lang='lat' dir='ltr'><strong>psalmis</strong></span> <span class='ocrx_word' id='word_1_857' title='bbox 1721 4789 1736 4827; x_wconf 65' lang='grc' dir='ltr'><em>ε</em></span> 
     </span>
    </p>
   </div>
   <div class='ocr_carea' id='block_1_96' title="bbox 159 4863 1742 4940">
    <p class='ocr_par' dir='ltr' id='par_1_96' title="bbox 159 4863 1742 4940">
     <span class='ocr_line' id='line_1_96' title="bbox 159 4863 1742 4940; baseline -0.011 -5"><span class='ocrx_word' id='word_1_858' title='bbox 159 4895 186 4935; x_wconf 67' lang='grc' dir='ltr'><strong>ι</strong></span> <span class='ocrx_word' id='word_1_859' title='bbox 237 4874 316 4929; x_wconf 89' lang='lat' dir='ltr'><strong>De</strong></span> <span class='ocrx_word' id='word_1_860' title='bbox 361 4889 524 4928; x_wconf 89' lang='lat' dir='ltr'><strong>manu</strong></span> <span class='ocrx_word' id='word_1_861' title='bbox 575 4871 810 4927; x_wconf 88' lang='lat' dir='ltr'><strong>ﬁliorum</strong></span> <span class='ocrx_word' id='word_1_862' title='bbox 861 4867 1284 4940; x_wconf 85' lang='lat' dir='ltr'><strong>apostatantium</strong></span> <span class='ocrx_word' id='word_1_863' title='bbox 1327 4866 1392 4920; x_wconf 74' lang='grc'><strong>³⁸.</strong></span> <span class='ocrx_word' id='word_1_864' title='bbox 1438 4884 1458 4917; x_wconf 78' lang='grc' dir='ltr'><strong>ι</strong></span> <span class='ocrx_word' id='word_1_865' title='bbox 1509 4863 1742 4932; x_wconf 77' lang='lat' dir='ltr'><strong>Manus,</strong></span> 
     </span>
    </p>
   </div>
   <div class='ocr_carea' id='block_1_97' title="bbox 155 4955 1746 5030">
    <p class='ocr_par' dir='ltr' id='par_1_97' title="bbox 155 4955 1746 5030">
     <span class='ocr_line' id='line_1_97' title="bbox 155 4955 1746 5030; baseline -0.01 -5"><span class='ocrx_word' id='word_1_866' title='bbox 155 4967 407 5026; x_wconf 89' lang='lat' dir='ltr'><strong>membra</strong></span> <span class='ocrx_word' id='word_1_867' title='bbox 420 4965 643 5030; x_wconf 88' lang='lat' dir='ltr'><strong>Christi,</strong></span> <span class='ocrx_word' id='word_1_868' title='bbox 659 4971 717 5019; x_wconf 90' lang='lat' dir='ltr'><strong>ut</strong></span> <span class='ocrx_word' id='word_1_869' title='bbox 731 4963 786 5018; x_wconf 91' lang='lat' dir='ltr'><strong>in</strong></span> <span class='ocrx_word' id='word_1_870' title='bbox 813 4960 1000 5017; x_wconf 92' lang='lat' dir='ltr'><strong>Exodo</strong></span> <span class='ocrx_word' id='word_1_871' title='bbox 1014 4961 1057 4995; x_wconf 77' lang='lat'>&quot;</span> <span class='ocrx_word' id='word_1_872' title='bbox 1073 4973 1267 5015; x_wconf 86' lang='lat' dir='ltr'><strong>manus</strong></span> <span class='ocrx_word' id='word_1_873' title='bbox 1290 4955 1458 5029; x_wconf 82' lang='lat' dir='ltr'><strong>Moysi</strong></span> <span class='ocrx_word' id='word_1_874' title='bbox 1482 4955 1746 5027; x_wconf 89' lang='lat' dir='ltr'><strong>producta</strong></span> 
     </span>
    </p>
   </div>
   <div class='ocr_carea' id='block_1_98' title="bbox 157 5046 1747 5126">
    <p class='ocr_par' dir='ltr' id='par_1_98' title="bbox 157 5046 1747 5126">
     <span class='ocr_line' id='line_1_98' title="bbox 157 5046 1747 5126; baseline -0.009 -9"><span class='ocrx_word' id='word_1_875' title='bbox 157 5067 252 5117; x_wconf 89' lang='lat' dir='ltr'><strong>est</strong></span> <span class='ocrx_word' id='word_1_876' title='bbox 281 5057 344 5112; x_wconf 89' lang='lat' dir='ltr'><strong>de</strong></span> <span class='ocrx_word' id='word_1_877' title='bbox 377 5055 498 5112; x_wconf 89' lang='lat' dir='ltr'><strong>sinu</strong></span> <span class='ocrx_word' id='word_1_878' title='bbox 524 5059 544 5080; x_wconf 79' lang='lat'><strong>‘</strong></span> <span class='ocrx_word' id='word_1_879' title='bbox 574 5054 809 5126; x_wconf 89' lang='lat' dir='ltr'><strong>leprosi,</strong></span> <span class='ocrx_word' id='word_1_880' title='bbox 847 5052 902 5108; x_wconf 91' lang='lat' dir='ltr'><strong>in</strong></span> <span class='ocrx_word' id='word_1_881' title='bbox 933 5051 1112 5107; x_wconf 90' lang='lat' dir='ltr'><strong>sinum</strong></span> <span class='ocrx_word' id='word_1_882' title='bbox 1143 5057 1430 5115; x_wconf 88' lang='lat' dir='ltr'><strong>revocata,</strong></span> <span class='ocrx_word' id='word_1_883' title='bbox 1470 5048 1524 5103; x_wconf 93' lang='lat' dir='ltr'><strong>in</strong></span> <span class='ocrx_word' id='word_1_884' title='bbox 1563 5046 1747 5118; x_wconf 88' lang='lat' dir='ltr'><strong>pristi-</strong></span> 
     </span>
    </p>
   </div>
   <div class='ocr_carea' id='block_1_99' title="bbox 159 5137 1740 5216">
    <p class='ocr_par' dir='ltr' id='par_1_99' title="bbox 159 5137 1740 5216">
     <span class='ocr_line' id='line_1_99' title="bbox 159 5137 1740 5216; baseline -0.009 -9"><span class='ocrx_word' id='word_1_885' title='bbox 159 5164 297 5207; x_wconf 87' lang='lat' dir='ltr'><strong>num</strong></span> <span class='ocrx_word' id='word_1_886' title='bbox 337 5147 538 5203; x_wconf 89' lang='lat' dir='ltr'><strong>rediit:</strong></span> <span class='ocrx_word' id='word_1_887' title='bbox 572 5147 714 5216; x_wconf 93' lang='lat' dir='ltr'><strong>quod</strong></span> <span class='ocrx_word' id='word_1_888' title='bbox 745 5144 1022 5200; x_wconf 89' lang='lat' dir='ltr'><strong>immunda</strong></span> <span class='ocrx_word' id='word_1_889' title='bbox 1067 5143 1206 5199; x_wconf 84' lang='lat' dir='ltr'><strong>ﬁunt</strong></span> <span class='ocrx_word' id='word_1_890' title='bbox 1243 5141 1486 5198; x_wconf 90' lang='lat' dir='ltr'><strong>membra</strong></span> <span class='ocrx_word' id='word_1_891' title='bbox 1516 5137 1740 5205; x_wconf 84' lang='lat' dir='ltr'><strong>Christi,</strong></span> 
     </span>
    </p>
   </div>
   <div class='ocr_carea' id='block_1_100' title="bbox 161 5227 1742 5312">
    <p class='ocr_par' dir='ltr' id='par_1_100' title="bbox 161 5227 1742 5312">
     <span class='ocr_line' id='line_1_100' title="bbox 161 5227 1742 5312; baseline -0.009 -14"><span class='ocrx_word' id='word_1_892' title='bbox 161 5254 292 5298; x_wconf 90' lang='lat' dir='ltr'><strong>cum</strong></span> <span class='ocrx_word' id='word_1_893' title='bbox 333 5237 606 5312; x_wconf 86' lang='lat' dir='ltr'><strong>peccando</strong></span> <span class='ocrx_word' id='word_1_894' title='bbox 655 5251 688 5290; x_wconf 91' lang='lat' dir='ltr'><strong>a</strong></span> <span class='ocrx_word' id='word_1_895' title='bbox 735 5235 910 5306; x_wconf 86' lang='lat' dir='ltr'><strong>gratia</strong></span> <span class='ocrx_word' id='word_1_896' title='bbox 944 5240 1176 5300; x_wconf 85' lang='lat' dir='ltr'><strong>exeunt;</strong></span> <span class='ocrx_word' id='word_1_897' title='bbox 1224 5247 1351 5289; x_wconf 91' lang='lat' dir='ltr'><strong>cum</strong></span> <span class='ocrx_word' id='word_1_898' title='bbox 1392 5245 1524 5287; x_wconf 86' lang='lat' dir='ltr'><strong>vero</strong></span> <span class='ocrx_word' id='word_1_899' title='bbox 1565 5227 1742 5300; x_wconf 64' lang='lat' dir='ltr'><strong>poeni-</strong></span> 
     </span>
    </p>
   </div>
   <div class='ocr_carea' id='block_1_101' title="bbox 1844 4661 3430 4734">
    <p class='ocr_par' dir='ltr' id='par_1_101' title="bbox 1844 4661 3430 4734">
     <span class='ocr_line' id='line_1_101' title="bbox 1844 4661 3430 4734; baseline -0.007 -8"><span class='ocrx_word' id='word_1_900' title='bbox 1844 4671 1912 4726; x_wconf 90' lang='lat' dir='ltr'><strong>ad</strong></span> <span class='ocrx_word' id='word_1_901' title='bbox 1939 4677 2190 4725; x_wconf 89' lang='lat' dir='ltr'><strong>mortem.</strong></span> <span class='ocrx_word' id='word_1_902' title='bbox 2220 4665 2329 4722; x_wconf 89' lang='lat' dir='ltr'><strong>Per</strong></span> <span class='ocrx_word' id='word_1_903' title='bbox 2352 4682 2560 4730; x_wconf 81' lang='lat' dir='ltr'><strong>manus,</strong></span> <span class='ocrx_word' id='word_1_904' title='bbox 2590 4671 2910 4734; x_wconf 90' lang='lat' dir='ltr'><strong>operatores</strong></span> <span class='ocrx_word' id='word_1_905' title='bbox 2930 4661 3058 4717; x_wconf 86' lang='lat' dir='ltr'><strong>boni</strong></span> <span class='ocrx_word' id='word_1_906' title='bbox 3077 4702 3092 4727; x_wconf 94' lang='lat'><strong>,</strong></span> <span class='ocrx_word' id='word_1_907' title='bbox 3117 4669 3178 4716; x_wconf 88' lang='lat' dir='ltr'><strong>ut</strong></span> <span class='ocrx_word' id='word_1_908' title='bbox 3205 4661 3257 4716; x_wconf 91' lang='lat' dir='ltr'><strong>in</strong></span> <span class='ocrx_word' id='word_1_909' title='bbox 3293 4661 3430 4716; x_wconf 87' lang='lat' dir='ltr'><strong>Can-</strong></span> 
     </span>
    </p>
   </div>
   <div class='ocr_carea' id='block_1_102' title="bbox 1844 4748 3428 4822">
    <p class='ocr_par' dir='ltr' id='par_1_102' title="bbox 1844 4748 3428 4822">
     <span class='ocr_line' id='line_1_102' title="bbox 1844 4748 3428 4822; baseline -0.007 -7"><span class='ocrx_word' id='word_1_910' title='bbox 1844 4761 1955 4815; x_wconf 92' lang='lat' dir='ltr'><strong>tico</strong></span> <span class='ocrx_word' id='word_1_911' title='bbox 1980 4777 1993 4814; x_wconf 93' lang='lat'><strong>:</strong></span> <span class='ocrx_word' id='word_1_912' title='bbox 2020 4759 2042 4781; x_wconf 72' lang='lat'><strong>&#39;</strong></span> <span class='ocrx_word' id='word_1_913' title='bbox 2083 4775 2104 4811; x_wconf 71' lang='grc' dir='ltr'><strong>ι</strong></span> <span class='ocrx_word' id='word_1_914' title='bbox 2146 4757 2335 4811; x_wconf 84' lang='lat' dir='ltr'><strong>Manus</strong></span> <span class='ocrx_word' id='word_1_915' title='bbox 2379 4754 2524 4810; x_wconf 91' lang='lat' dir='ltr'><strong>illius</strong></span> <span class='ocrx_word' id='word_1_916' title='bbox 2560 4753 2884 4810; x_wconf 77' lang='lat' dir='ltr'><strong>tornatiles‘</strong></span> <span class='ocrx_word' id='word_1_917' title='bbox 2912 4765 3078 4806; x_wconf 91' lang='lat' dir='ltr'><strong>aureo</strong></span> <span class='ocrx_word' id='word_1_918' title='bbox 3109 4750 3186 4816; x_wconf 84' lang='grc'><strong>⁸⁸,</strong></span> <span class='ocrx_word' id='word_1_919' title='bbox 3223 4771 3243 4804; x_wconf 77' lang='grc' dir='ltr'><strong>ι</strong></span> <span class='ocrx_word' id='word_1_920' title='bbox 3284 4748 3428 4822; x_wconf 93' lang='lat' dir='ltr'><strong>quod</strong></span> 
     </span>
    </p>
   </div>
   <div class='ocr_carea' id='block_1_103' title="bbox 1844 4839 3428 4923">
    <p class='ocr_par' dir='ltr' id='par_1_103' title="bbox 1844 4839 3428 4923">
     <span class='ocr_line' id='line_1_103' title="bbox 1844 4839 3428 4923; baseline -0.009 -15"><span class='ocrx_word' id='word_1_921' title='bbox 1844 4858 2154 4923; x_wconf 89' lang='lat' dir='ltr'><strong>operatores</strong></span> <span class='ocrx_word' id='word_1_922' title='bbox 2176 4846 2300 4901; x_wconf 91' lang='lat' dir='ltr'><strong>boni</strong></span> <span class='ocrx_word' id='word_1_923' title='bbox 2327 4845 2445 4902; x_wconf 91' lang='lat' dir='ltr'><strong>sine</strong></span> <span class='ocrx_word' id='word_1_924' title='bbox 2473 4858 2660 4900; x_wconf 90' lang='lat' dir='ltr'><strong>errore</strong></span> <span class='ocrx_word' id='word_1_925' title='bbox 2684 4843 2739 4898; x_wconf 93' lang='lat' dir='ltr'><strong>in</strong></span> <span class='ocrx_word' id='word_1_926' title='bbox 2764 4841 3032 4898; x_wconf 89' lang='lat' dir='ltr'><strong>charitate</strong></span> <span class='ocrx_word' id='word_1_927' title='bbox 3069 4839 3294 4913; x_wconf 82' lang='lat' dir='ltr'><strong>fulgent.</strong></span> <span class='ocrx_word' id='word_1_928' title='bbox 3324 4839 3428 4894; x_wconf 92' lang='lat' dir='ltr'><strong>Per</strong></span> 
     </span>
    </p>
   </div>
   <div class='ocr_carea' id='block_1_104' title="bbox 1846 4931 3426 5008">
    <p class='ocr_par' dir='ltr' id='par_1_104' title="bbox 1846 4931 3426 5008">
     <span class='ocr_line' id='line_1_104' title="bbox 1846 4931 3426 5008; baseline -0.007 -10"><span class='ocrx_word' id='word_1_929' title='bbox 1846 4957 2062 4998; x_wconf 86' lang='lat' dir='ltr'><strong>manum</strong></span> <span class='ocrx_word' id='word_1_930' title='bbox 2103 4938 2386 5004; x_wconf 91' lang='lat' dir='ltr'><strong>discretio,</strong></span> <span class='ocrx_word' id='word_1_931' title='bbox 2420 4944 2479 4992; x_wconf 92' lang='lat' dir='ltr'><strong>ut</strong></span> <span class='ocrx_word' id='word_1_932' title='bbox 2506 4935 2564 4990; x_wconf 91' lang='lat' dir='ltr'><strong>in</strong></span> <span class='ocrx_word' id='word_1_933' title='bbox 2599 4932 2931 5008; x_wconf 88' lang='lat' dir='ltr'><strong>Evangelio:</strong></span> <span class='ocrx_word' id='word_1_934' title='bbox 2964 4952 2984 4985; x_wconf 74' lang='grc' dir='ltr'><strong>ι</strong></span> <span class='ocrx_word' id='word_1_935' title='bbox 3020 4931 3278 5004; x_wconf 86' lang='lat' dir='ltr'><strong>Discipuli</strong></span> <span class='ocrx_word' id='word_1_936' title='bbox 3311 4947 3426 4987; x_wconf 90' lang='lat' dir='ltr'><strong>ma-</strong></span> 
     </span>
    </p>
   </div>
   <div class='ocr_carea' id='block_1_105' title="bbox 1844 5023 3427 5098">
    <p class='ocr_par' dir='ltr' id='par_1_105' title="bbox 1844 5023 3427 5098">
     <span class='ocr_line' id='line_1_105' title="bbox 1844 5023 3427 5098; baseline -0.008 -8"><span class='ocrx_word' id='word_1_937' title='bbox 1844 5035 2002 5091; x_wconf 89' lang='lat' dir='ltr'><strong>nibus</strong></span> <span class='ocrx_word' id='word_1_938' title='bbox 2025 5029 2398 5089; x_wconf 82' lang='lat' dir='ltr'><strong>confricabant</strong></span> <span class='ocrx_word' id='word_1_939' title='bbox 2423 5027 2602 5098; x_wconf 90' lang='lat' dir='ltr'><strong>spicas</strong></span> <span class='ocrx_word' id='word_1_940' title='bbox 2622 5024 2691 5093; x_wconf 77' lang='grc'><strong>³⁸,</strong></span> <span class='ocrx_word' id='word_1_941' title='bbox 2723 5044 2742 5078; x_wconf 75' lang='grc' dir='ltr'><strong>ι</strong></span> <span class='ocrx_word' id='word_1_942' title='bbox 2769 5023 2911 5095; x_wconf 89' lang='lat' dir='ltr'><strong>quod</strong></span> <span class='ocrx_word' id='word_1_943' title='bbox 2939 5023 2995 5080; x_wconf 90' lang='lat' dir='ltr'><strong>in</strong></span> <span class='ocrx_word' id='word_1_944' title='bbox 3022 5023 3427 5095; x_wconf 88' lang='lat' dir='ltr'><strong>Scripturarum</strong></span> 
     </span>
    </p>
   </div>
   <div class='ocr_carea' id='block_1_106' title="bbox 1845 5114 3427 5187">
    <p class='ocr_par' dir='ltr' id='par_1_106' title="bbox 1845 5114 3427 5187">
     <span class='ocr_line' id='line_1_106' title="bbox 1845 5114 3427 5187; baseline -0.008 -6"><span class='ocrx_word' id='word_1_945' title='bbox 1845 5123 2128 5182; x_wconf 88' lang='lat' dir='ltr'><strong>sententiis</strong></span> <span class='ocrx_word' id='word_1_946' title='bbox 2172 5121 2424 5176; x_wconf 89' lang='lat' dir='ltr'><strong>doctores</strong></span> <span class='ocrx_word' id='word_1_947' title='bbox 2471 5117 2653 5175; x_wconf 91' lang='lat' dir='ltr'><strong>studio</strong></span> <span class='ocrx_word' id='word_1_948' title='bbox 2694 5116 3040 5172; x_wconf 90' lang='lat' dir='ltr'><strong>discretionis</strong></span> <span class='ocrx_word' id='word_1_949' title='bbox 3091 5114 3427 5187; x_wconf 87' lang='lat' dir='ltr'><strong>spiritualem</strong></span> 
     </span>
    </p>
   </div>
   <div class='ocr_carea' id='block_1_107' title="bbox 1845 5204 3418 5283">
    <p class='ocr_par' dir='ltr' id='par_1_107' title="bbox 1845 5204 3418 5283">
     <span class='ocr_line' id='line_1_107' title="bbox 1845 5204 3418 5283; baseline -0.01 -9"><span class='ocrx_word' id='word_1_950' title='bbox 1845 5215 2176 5274; x_wconf 86' lang='lat' dir='ltr'><strong>intellectum</strong></span> <span class='ocrx_word' id='word_1_951' title='bbox 2207 5217 2477 5283; x_wconf 71' lang='lat' dir='ltr'><strong>quaerunt.</strong></span> <span class='ocrx_word' id='word_1_952' title='bbox 2505 5207 2611 5266; x_wconf 86' lang='lat' dir='ltr'><strong>Per</strong></span> <span class='ocrx_word' id='word_1_953' title='bbox 2646 5222 2862 5263; x_wconf 80' lang='lat' dir='ltr'><strong>manum</strong></span> <span class='ocrx_word' id='word_1_954' title='bbox 2891 5206 3274 5278; x_wconf 84' lang='lat' dir='ltr'><strong>dispositiones</strong></span> <span class='ocrx_word' id='word_1_955' title='bbox 3303 5204 3418 5270; x_wconf 79' lang='lat' dir='ltr'><strong>Dei,</strong></span> 
     </span>
    </p>
   </div>
   <div class='ocr_carea' id='block_1_108' title="bbox 238 5345 1729 5442">
    <p class='ocr_par' dir='ltr' id='par_1_108' title="bbox 238 5368 1712 5442">
     <span class='ocr_line' id='line_1_108' title="bbox 238 5368 1712 5442; baseline -0.007 -9"><span class='ocrx_word' id='word_1_956' title='bbox 238 5379 261 5411; x_wconf 80' lang='grc'>⁸</span> <span class='ocrx_word' id='word_1_957' title='bbox 289 5375 465 5432; x_wconf 85' lang='lat' dir='ltr'><strong>Eccle.</strong></span> <span class='ocrx_word' id='word_1_958' title='bbox 522 5392 586 5442; x_wconf 88' lang='lat' dir='ltr'><strong>x,</strong></span> <span class='ocrx_word' id='word_1_959' title='bbox 643 5375 729 5430; x_wconf 83' lang='grc'><strong>16.</strong></span> <span class='ocrx_word' id='word_1_960' title='bbox 770 5375 790 5405; x_wconf 78' lang='grc'>³</span> <span class='ocrx_word' id='word_1_961' title='bbox 818 5373 919 5429; x_wconf 89' lang='lat' dir='ltr'><strong>Job</strong></span> <span class='ocrx_word' id='word_1_962' title='bbox 955 5389 1043 5438; x_wconf 87' lang='lat' dir='ltr'><strong>1v,</strong></span> <span class='ocrx_word' id='word_1_963' title='bbox 1079 5372 1170 5428; x_wconf 74' lang='lat'><strong>20.</strong></span> <span class='ocrx_word' id='word_1_964' title='bbox 1213 5372 1233 5404; x_wconf 91' lang='grc'>³</span> <span class='ocrx_word' id='word_1_965' title='bbox 1265 5370 1422 5442; x_wconf 69' lang='lat' dir='ltr'><strong>Cant.</strong></span> <span class='ocrx_word' id='word_1_966' title='bbox 1478 5386 1583 5436; x_wconf 87' lang='lat' dir='ltr'><strong>vn,</strong></span> <span class='ocrx_word' id='word_1_967' title='bbox 1624 5368 1712 5423; x_wconf 69' lang='grc'><strong>12.</strong></span> 
     </span>
    </p>
   </div>
   <div class='ocr_carea' id='block_1_109' title="bbox 1833 5345 3428 5442">
    <p class='ocr_par' dir='ltr' id='par_1_109' title="bbox 1834 5345 3428 5442">
     <span class='ocr_line' id='line_1_109' title="bbox 1834 5345 3428 5442; baseline -0.011 -24"><span class='ocrx_word' id='word_1_968' title='bbox 1834 5362 1969 5442; x_wconf 57' lang='grc' dir='ltr'><strong>(ξειιζ</strong></span> <span class='ocrx_word' id='word_1_969' title='bbox 2006 5377 2059 5442; x_wconf 67' lang='grc' dir='ltr'><strong>ι,</strong></span> <span class='ocrx_word' id='word_1_970' title='bbox 2098 5358 2162 5426; x_wconf 83' lang='lat'><strong>5;</strong></span> <span class='ocrx_word' id='word_1_971' title='bbox 2196 5347 2660 5442; x_wconf 16' lang='lat' dir='ltr'><strong>vim-13:77am,</strong></span> <span class='ocrx_word' id='word_1_972' title='bbox 2712 5351 2816 5442; x_wconf 55' lang='grc' dir='ltr'><em>ἓό,</em></span> <span class='ocrx_word' id='word_1_973' title='bbox 2855 5349 3014 5442; x_wconf 50' lang='lat' dir='ltr'><strong>fit:</strong></span> <span class='ocrx_word' id='word_1_974' title='bbox 3250 5345 3428 5442; x_wconf 39' lang='lat' dir='ltr'><strong>vluit.</strong></span> 
     </span>
    </p>
   </div>
   <div class='ocr_carea' id='block_1_110' title="bbox 160 5442 1239 5513">
    <p class='ocr_par' dir='ltr' id='par_1_110' title="bbox 160 5442 1239 5513">
     <span class='ocr_line' id='line_1_110' title="bbox 160 5442 1239 5513; baseline -0.008 -8"><span class='ocrx_word' id='word_1_975' title='bbox 160 5451 185 5482; x_wconf 79' lang='grc'>⁸</span> <span class='ocrx_word' id='word_1_976' title='bbox 226 5446 366 5504; x_wconf 85' lang='lat' dir='ltr'><strong>Gen.</strong></span> <span class='ocrx_word' id='word_1_977' title='bbox 422 5463 578 5513; x_wconf 65' lang='grc' dir='ltr'><em>χιιι,</em></span> <span class='ocrx_word' id='word_1_978' title='bbox 626 5448 717 5501; x_wconf 78' lang='lat'><strong>‘27.</strong></span> <span class='ocrx_word' id='word_1_979' title='bbox 750 5445 768 5476; x_wconf 94' lang='lat'><strong><em>&quot;</em></strong></span> <span class='ocrx_word' id='word_1_980' title='bbox 805 5443 946 5499; x_wconf 89' lang='lat' dir='ltr'><strong>Psal.</strong></span> <span class='ocrx_word' id='word_1_981' title='bbox 995 5459 1102 5508; x_wconf 84' lang='lat' dir='ltr'><strong>uv,</strong></span> <span class='ocrx_word' id='word_1_982' title='bbox 1153 5442 1239 5497; x_wconf 91' lang='grc'><strong>18.</strong></span> 
     </span>
    </p>
   </div>
   <div class='ocr_carea' id='block_1_111' title="bbox 1297 5419 3424 5504">
    <p class='ocr_par' dir='ltr' id='par_1_111' title="bbox 1297 5419 3424 5504">
     <span class='ocr_line' id='line_1_111' title="bbox 1297 5419 3424 5504; baseline -0.012 -9"><span class='ocrx_word' id='word_1_983' title='bbox 1297 5419 1583 5496; x_wconf 36' lang='lat' dir='ltr'><strong>ilWhiatthl&#39;</strong></span> <span class='ocrx_word' id='word_1_984' title='bbox 1610 5419 1711 5504; x_wconf 59' lang='lat' dir='ltr'><strong>x3;</strong></span> <span class='ocrx_word' id='word_1_985' title='bbox 1758 5437 1808 5492; x_wconf 87' lang='grc'><strong>1.</strong></span> <span class='ocrx_word' id='word_1_986' title='bbox 1849 5419 1870 5466; x_wconf 61' lang='grc' dir='ltr'>δ</span> <span class='ocrx_word' id='word_1_987' title='bbox 1925 5419 2107 5489; x_wconf 87' lang='lat' dir='ltr'><strong>Eccle.</strong></span> <span class='ocrx_word' id='word_1_988' title='bbox 2150 5419 2226 5495; x_wconf 70' lang='grc' dir='ltr'><em>ιιι,</em></span> <span class='ocrx_word' id='word_1_989' title='bbox 2256 5419 2593 5504; x_wconf 30' lang='lat' dir='ltr'><strong>_6.&quot;‘.°_Psal.</strong></span> <span class='ocrx_word' id='word_1_990' title='bbox 2645 5422 2907 5504; x_wconf 65' lang='lat' dir='ltr'><strong>thv,_§.</strong></span> <span class='ocrx_word' id='word_1_991' title='bbox 2953 5419 3199 5504; x_wconf 54' lang='lat' dir='ltr'><strong>_‘_‘“Psal.</strong></span> <span class='ocrx_word' id='word_1_992' title='bbox 3251 5431 3424 5504; x_wconf 40' lang='lat'><strong>9111].,</strong></span> 
     </span>
    </p>
   </div>
   <div class='ocr_carea' id='block_1_112' title="bbox 160 5485 1729 5581">
    <p class='ocr_par' dir='ltr' id='par_1_112' title="bbox 160 5485 1726 5581">
     <span class='ocr_line' id='line_1_112' title="bbox 160 5485 1726 5581; baseline -0.008 -4"><span class='ocrx_word' id='word_1_993' title='bbox 160 5485 488 5578; x_wconf 39' lang='lat'><strong>73315“?</strong></span> <span class='ocrx_word' id='word_1_994' title='bbox 494 5485 600 5572; x_wconf 66' lang='grc' dir='ltr'><strong>ἳξεί</strong></span> <span class='ocrx_word' id='word_1_995' title='bbox 616 5485 717 5581; x_wconf 60' lang='grc' dir='ltr'><strong>ξ’ὀῖ</strong></span> <span class='ocrx_word' id='word_1_996' title='bbox 753 5485 966 5569; x_wconf 62' lang='grc' dir='ltr'><strong>η’ἔὲζι.</strong></span> <span class='ocrx_word' id='word_1_997' title='bbox 995 5485 1293 5578; x_wconf 60' lang='grc' dir='ltr'><em>ῐὲιέιιῗῖι.</em></span> <span class='ocrx_word' id='word_1_998' title='bbox 1340 5485 1559 5566; x_wconf 65' lang='grc' dir='ltr'><em>ιε”ιῖἑξιίῗ</em></span> <span class='ocrx_word' id='word_1_999' title='bbox 1580 5485 1726 5573; x_wconf 61' lang='grc' dir='ltr'><strong>ε’ζῖἱ.</strong></span> 
     </span>
    </p>
   </div>
   <div class='ocr_carea' id='block_1_113' title="bbox 1833 5485 3429 5581">
    <p class='ocr_par' dir='ltr' id='par_1_113' title="bbox 1833 5485 3429 5581">
     <span class='ocr_line' id='line_1_113' title="bbox 1833 5485 3429 5581; baseline -0.013 -20"><span class='ocrx_word' id='word_1_1000' title='bbox 1833 5485 2572 5581; x_wconf 11' lang='lat' dir='ltr'><strong>“Psal.:cxuv,_7._:‘“Dept.</strong></span> <span class='ocrx_word' id='word_1_1001' title='bbox 2604 5485 2934 5581; x_wconf 33' lang='grc' dir='ltr'><strong>ιχιιιβςροε.</strong></span> <span class='ocrx_word' id='word_1_1002' title='bbox 2953 5489 3224 5581; x_wconf 44' lang='grc' dir='ltr'><strong>’ἔρξεἯί</strong></span> 
     </span>
    </p>
   </div>
   <div class='ocr_carea' id='block_1_114' title="bbox 164 5554 1729 5654">
    <p class='ocr_par' dir='ltr' id='par_1_114' title="bbox 164 5554 1728 5654">
     <span class='ocr_line' id='line_1_114' title="bbox 164 5554 1728 5654; baseline -0.008 -10"><span class='ocrx_word' id='word_1_1003' title='bbox 164 5554 215 5623; x_wconf 53' lang='grc' dir='ltr'><strong>ξ’</strong></span> <span class='ocrx_word' id='word_1_1004' title='bbox 237 5586 382 5643; x_wconf 86' lang='lat' dir='ltr'><strong>Psal.</strong></span> <span class='ocrx_word' id='word_1_1005' title='bbox 410 5605 596 5654; x_wconf 81' lang='lat' dir='ltr'><strong>cxun,</strong></span> <span class='ocrx_word' id='word_1_1006' title='bbox 616 5559 680 5650; x_wconf 67' lang='grc'><strong>’7,</strong></span> <span class='ocrx_word' id='word_1_1007' title='bbox 709 5587 794 5641; x_wconf 89' lang='grc'><strong>11.</strong></span> <span class='ocrx_word' id='word_1_1008' title='bbox 831 5585 876 5617; x_wconf 80' lang='grc'><strong>¹⁹</strong></span> <span class='ocrx_word' id='word_1_1009' title='bbox 897 5585 1064 5641; x_wconf 79' lang='lat' dir='ltr'><strong>Exod.</strong></span> <span class='ocrx_word' id='word_1_1010' title='bbox 1095 5555 1175 5644; x_wconf 64' lang='grc' dir='ltr'><strong>ιιι,⁷</strong></span> <span class='ocrx_word' id='word_1_1011' title='bbox 1199 5585 1252 5637; x_wconf 84' lang='grc'><strong>6.</strong></span> <span class='ocrx_word' id='word_1_1012' title='bbox 1284 5581 1487 5654; x_wconf 45' lang='lat' dir='ltr'><strong>&quot;Psal.</strong></span> <span class='ocrx_word' id='word_1_1013' title='bbox 1511 5554 1728 5654; x_wconf 50' lang='lat' dir='ltr'><strong>xxxix!</strong></span> 
     </span>
    </p>
   </div>
   <div class='ocr_carea' id='block_1_115' title="bbox 1833 5554 3428 5654">
    <p class='ocr_par' dir='ltr' id='par_1_115' title="bbox 1833 5554 3428 5654">
     <span class='ocr_line' id='line_1_115' title="bbox 1833 5554 3428 5654; baseline -0.014 -24"><span class='ocrx_word' id='word_1_1014' title='bbox 1833 5554 2294 5654; x_wconf 37' lang='lat' dir='ltr'><strong>{iﬁét‘tifi&#39;iib&#39;tz</strong></span> <span class='ocrx_word' id='word_1_1015' title='bbox 2317 5569 2362 5654; x_wconf 56' lang='grc' dir='ltr'><em>ξς</em></span> <span class='ocrx_word' id='word_1_1016' title='bbox 2388 5566 2530 5654; x_wconf 50' lang='grc' dir='ltr'><em>Ρειιι.</em></span> <span class='ocrx_word' id='word_1_1017' title='bbox 2555 5580 2736 5630; x_wconf 78' lang='lat' dir='ltr'><strong>xxxvi,</strong></span> <span class='ocrx_word' id='word_1_1018' title='bbox 2757 5554 2848 5654; x_wconf 57' lang='grc'><strong>21..</strong></span> <span class='ocrx_word' id='word_1_1019' title='bbox 2888 5559 3105 5654; x_wconf 57' lang='grc' dir='ltr'><strong>υρωι.</strong></span> <span class='ocrx_word' id='word_1_1020' title='bbox 3124 5554 3428 5654; x_wconf 40' lang='grc' dir='ltr'><strong>ἔπειγέ-(ξ.</strong></span> 
     </span>
    </p>
   </div>
   <div class='ocr_carea' id='block_1_116' title="bbox 163 5639 1729 5723">
    <p class='ocr_par' dir='ltr' id='par_1_116' title="bbox 163 5639 1729 5723">
     <span class='ocr_line' id='line_1_116' title="bbox 163 5639 1729 5723; baseline -0.006 -11"><span class='ocrx_word' id='word_1_1021' title='bbox 163 5661 215 5692; x_wconf 65' lang='grc'><strong>⁸⁸</strong></span> <span class='ocrx_word' id='word_1_1022' title='bbox 237 5639 384 5712; x_wconf 71' lang='lat' dir='ltr'><strong>Psal.</strong></span> <span class='ocrx_word' id='word_1_1023' title='bbox 415 5639 622 5723; x_wconf 58' lang='grc' dir='ltr'><strong>ὶῖιῖἑιιὶ,</strong></span> <span class='ocrx_word' id='word_1_1024' title='bbox 643 5639 696 5711; x_wconf 57' lang='grc' dir='ltr'><strong>ὅ.</strong></span> <span class='ocrx_word' id='word_1_1025' title='bbox 716 5639 777 5687; x_wconf 44' lang='grc' dir='ltr'><strong>ᾗ</strong></span> <span class='ocrx_word' id='word_1_1026' title='bbox 797 5639 904 5712; x_wconf 87' lang='lat' dir='ltr'><strong>Job</strong></span> <span class='ocrx_word' id='word_1_1027' title='bbox 927 5639 1111 5719; x_wconf 68' lang='lat' dir='ltr'><strong>xxxix,</strong></span> <span class='ocrx_word' id='word_1_1028' title='bbox 1139 5639 1227 5708; x_wconf 68' lang='lat'><strong>37.</strong></span> <span class='ocrx_word' id='word_1_1029' title='bbox 1261 5653 1306 5684; x_wconf 77' lang='lat'><strong>‘°</strong></span> <span class='ocrx_word' id='word_1_1030' title='bbox 1327 5653 1522 5723; x_wconf 77' lang='lat' dir='ltr'><strong>Ezech.</strong></span> <span class='ocrx_word' id='word_1_1031' title='bbox 1552 5639 1673 5715; x_wconf 76' lang='lat' dir='ltr'><strong>vm,</strong></span> <span class='ocrx_word' id='word_1_1032' title='bbox 1697 5649 1729 5704; x_wconf 78' lang='grc'>3</span> 
     </span>
    </p>
   </div>
   <div class='ocr_carea' id='block_1_117' title="bbox 1833 5639 2772 5723">
    <p class='ocr_par' dir='ltr' id='par_1_117' title="bbox 1833 5639 2772 5723">
     <span class='ocr_line' id='line_1_117' title="bbox 1833 5639 2772 5723; baseline -0.002 1"><span class='ocrx_word' id='word_1_1033' title='bbox 1833 5646 2064 5723; x_wconf 56' lang='grc' dir='ltr'><em>ἰιιρςιιι</em></span> <span class='ocrx_word' id='word_1_1034' title='bbox 2096 5660 2134 5707; x_wconf 72' lang='grc' dir='ltr'><em>ι»</em></span> <span class='ocrx_word' id='word_1_1035' title='bbox 2160 5643 2227 5723; x_wconf 81' lang='lat'><strong>8-.</strong></span> <span class='ocrx_word' id='word_1_1036' title='bbox 2251 5639 2512 5723; x_wconf 55' lang='lat' dir='ltr'><strong>&quot;Passi:</strong></span> <span class='ocrx_word' id='word_1_1037' title='bbox 2559 5650 2772 5723; x_wconf 60' lang='grc' dir='ltr'><em>ψειεν</em></span> 
     </span>
    </p>
   </div>
   <div class='ocr_carea' id='block_1_118' title="bbox 2818 5625 3427 5696">
    <p class='ocr_par' dir='ltr' id='par_1_118' title="bbox 2818 5625 3427 5696">
     <span class='ocr_line' id='line_1_118' title="bbox 2818 5625 3427 5696; baseline -0.015 -10"><span class='ocrx_word' id='word_1_1038' title='bbox 2818 5635 2878 5696; x_wconf 90' lang='grc'><strong>1,</strong></span> <span class='ocrx_word' id='word_1_1039' title='bbox 2911 5638 2967 5686; x_wconf 87' lang='grc' dir='ltr'><strong>ει</strong></span> <span class='ocrx_word' id='word_1_1040' title='bbox 2994 5647 3090 5693; x_wconf 82' lang='lat' dir='ltr'><strong>xL,</strong></span> <span class='ocrx_word' id='word_1_1041' title='bbox 3123 5630 3176 5683; x_wconf 89' lang='grc'><strong>1.</strong></span> <span class='ocrx_word' id='word_1_1042' title='bbox 3214 5627 3260 5658; x_wconf 79' lang='grc'><strong>’³</strong></span> <span class='ocrx_word' id='word_1_1043' title='bbox 3291 5625 3427 5678; x_wconf 93' lang='lat' dir='ltr'><strong>Dan.</strong></span> 
     </span>
    </p>
   </div>
   <div class='ocr_carea' id='block_1_119' title="bbox 161 5697 1729 5793">
    <p class='ocr_par' dir='ltr' id='par_1_119' title="bbox 161 5697 1727 5793">
     <span class='ocr_line' id='line_1_119' title="bbox 161 5697 1727 5793; baseline -0.006 -10"><span class='ocrx_word' id='word_1_1044' title='bbox 161 5697 622 5793; x_wconf 61' lang='grc' dir='ltr'><strong>νιιῖῖὲἐῘῧἾὸΒ</strong></span> <span class='ocrx_word' id='word_1_1045' title='bbox 643 5697 702 5792; x_wconf 53' lang='lat' dir='ltr'><strong>ii’,</strong></span> <span class='ocrx_word' id='word_1_1046' title='bbox 733 5697 1246 5790; x_wconf 61' lang='grc' dir='ltr'><strong>δ.’ὔ’ῖιὸ“ιῖῖιίἶι’,“ὲῖ.</strong></span> <span class='ocrx_word' id='word_1_1047' title='bbox 1290 5697 1727 5793; x_wconf 54' lang='grc' dir='ltr'><strong>πᾞὲἇὶῖὶὶὲὶῖζ</strong></span> 
     </span>
    </p>
   </div>
   <div class='ocr_carea' id='block_1_120' title="bbox 1833 5697 3428 5793">
    <p class='ocr_par' dir='ltr' id='par_1_120' title="bbox 1859 5697 3428 5793">
     <span class='ocr_line' id='line_1_120' title="bbox 1859 5697 3428 5793; baseline -0.017 -21"><span class='ocrx_word' id='word_1_1048' title='bbox 1859 5697 2023 5771; x_wconf 56' lang='grc' dir='ltr'><strong>ἦ]ὸῦ</strong></span> <span class='ocrx_word' id='word_1_1049' title='bbox 2043 5697 2185 5793; x_wconf 54' lang='grc' dir='ltr'><strong>ιιγιιι</strong></span> <span class='ocrx_word' id='word_1_1050' title='bbox 2197 5712 2276 5793; x_wconf 59' lang='lat'><strong>5.&quot;</strong></span> <span class='ocrx_word' id='word_1_1051' title='bbox 2292 5707 2565 5793; x_wconf 51' lang='lat' dir='ltr'><strong>f*_Mattli-.l</strong></span> <span class='ocrx_word' id='word_1_1052' title='bbox 2582 5697 2771 5793; x_wconf 57' lang='lat' dir='ltr'><strong>v.“5&#39;l,</strong></span> <span class='ocrx_word' id='word_1_1053' title='bbox 2797 5711 2851 5758; x_wconf 92' lang='lat' dir='ltr'><strong>et</strong></span> <span class='ocrx_word' id='word_1_1054' title='bbox 2868 5715 3020 5793; x_wconf 58' lang='lat' dir='ltr'><strong>xvm‘,</strong></span> <span class='ocrx_word' id='word_1_1055' title='bbox 3043 5700 3077 5754; x_wconf 90' lang='lat'>8</span> <span class='ocrx_word' id='word_1_1056' title='bbox 3102 5715 3117 5766; x_wconf 89' lang='lat'><strong>;</strong></span> <span class='ocrx_word' id='word_1_1057' title='bbox 3158 5697 3324 5753; x_wconf 82' lang='lat' dir='ltr'><strong>Marc.</strong></span> <span class='ocrx_word' id='word_1_1058' title='bbox 3351 5709 3428 5760; x_wconf 76' lang='lat' dir='ltr'><strong>ix,</strong></span> 
     </span>
    </p>
   </div>
   <div class='ocr_carea' id='block_1_121' title="bbox 170 5771 3040 5864">
    <p class='ocr_par' dir='ltr' id='par_1_121' title="bbox 170 5771 3040 5864">
     <span class='ocr_line' id='line_1_121' title="bbox 170 5771 3040 5864; baseline -0.011 -9"><span class='ocrx_word' id='word_1_1059' title='bbox 170 5771 824 5864; x_wconf 39' lang='grc' dir='ltr'><strong>ὶξηᾶἓιίοᾱῖνχυνξιῦῗδθ</strong></span> <span class='ocrx_word' id='word_1_1060' title='bbox 851 5771 1273 5862; x_wconf 59' lang='lat' dir='ltr'><strong>p&#39;SBl&#39;.</strong></span> <span class='ocrx_word' id='word_1_1061' title='bbox 1301 5771 1921 5857; x_wconf 37' lang='grc' dir='ltr'><em>ει-ειιῖιιῖίῖξ-ίτ-(ἷιιιιι.</em></span> <span class='ocrx_word' id='word_1_1062' title='bbox 1960 5803 2016 5853; x_wconf 91' lang='lat' dir='ltr'><strong>v,</strong></span> <span class='ocrx_word' id='word_1_1063' title='bbox 2048 5785 2100 5841; x_wconf 84' lang='lat'><strong>5.</strong></span> <span class='ocrx_word' id='word_1_1064' title='bbox 2141 5771 2210 5849; x_wconf 56' lang='grc'><strong>³⁸,</strong></span> <span class='ocrx_word' id='word_1_1065' title='bbox 2239 5780 2397 5846; x_wconf 89' lang='lat' dir='ltr'><strong>lbid.,</strong></span> <span class='ocrx_word' id='word_1_1066' title='bbox 2428 5796 2476 5834; x_wconf 91' lang='lat' dir='ltr'><strong>v.</strong></span> <span class='ocrx_word' id='word_1_1067' title='bbox 2506 5775 2591 5832; x_wconf 80' lang='grc'><strong>1-1.</strong></span> <span class='ocrx_word' id='word_1_1068' title='bbox 2626 5776 2670 5808; x_wconf 78' lang='grc'><strong>³⁹</strong></span> <span class='ocrx_word' id='word_1_1069' title='bbox 2703 5775 2835 5832; x_wconf 89' lang='lat' dir='ltr'><strong>Luc.</strong></span> <span class='ocrx_word' id='word_1_1070' title='bbox 2873 5786 2960 5836; x_wconf 83' lang='lat' dir='ltr'><strong>vt,</strong></span> <span class='ocrx_word' id='word_1_1071' title='bbox 2991 5771 3040 5824; x_wconf 89' lang='grc'><strong>1.</strong></span> 
     </span>
    </p>
   </div>
   <div class='ocr_carea' id='block_1_122' title="bbox 3919 3331 3929 4007">
    <p class='ocr_par' dir='ltr' id='par_1_122' title="bbox 3921 3361 3925 3668">
     <span class='ocr_line' id='line_1_122' title="bbox 3921 3361 3925 3602; baseline 0 0"><span class='ocrx_word' id='word_1_1072' title='bbox 3921 3499 3925 3577; x_wconf 61' lang='grc' dir='ltr'><strong>ι</strong></span> 
     </span>
     <span class='ocr_line' id='line_1_123' title="bbox 3921 3613 3923 3668; baseline 0 -8"><span class='ocrx_word' id='word_1_1073' title='bbox 3921 3613 3923 3668; x_wconf 67' lang='grc' dir='ltr'><strong><em>ἐ</em></strong></span> 
     </span>
    </p>
   </div>
   <div class='ocr_carea' id='block_1_123' title="bbox 3913 4599 3922 5155">
    <p class='ocr_par' dir='ltr' id='par_1_123' title="bbox 3913 4997 3917 5155">
     <span class='ocr_line' id='line_1_124' title="bbox 3913 4997 3917 5155; baseline 0 0"><span class='ocrx_word' id='word_1_1074' title='bbox 3913 4997 3917 5155; x_wconf 83' lang='grc'><strong>1</strong></span> 
     </span>
    </p>
   </div>
  </div>
