3936 6328
1109 343 1527 404 ΔΗΕΕΟΒΙᾹΞ
1565 344 1635 401 ΙΝ
1674 341 1954 401 SACRAM
1991 342 2457 403 SCRIPTURAM.

3290 352 3399 413 998

159 462 581 527 tuesprotector
606 456 626 479 θ
648 470 799 515 meus
825 458 868 526 ί,
898 477 918 512 ι
952 460 1008 516 id
1046 469 1153 528 est,
1201 478 1268 518 ex
1297 462 1503 519 ventris
1521 476 1718 517 coneu-
1743 464 1793 523 Λ
1822 458 1985 514 minis
2016 459 2288 515 actionum
2324 473 2590 515 mearum.
2640 458 2879 529 Menses,
2924 462 3143 525 ordines
3183 466 3401 538 angelo-

156 548 405 620 piscentia
440 548 720 616 protexisti
767 564 875 606 me.
912 550 1118 617 Mater,
1168 555 1342 624 prima
1371 566 1545 609 mater
1582 553 1715 621 Eva,

155 647 218 694 ut
252 639 303 693 in
329 636 591 705 Psalmis,
631 638 832 695 «Pater
855 657 1009 699 meus
1036 652 1093 699 et
1134 654 1311 700 mater
1347 660 1468 701 mea
1502 645 1719 702 dimise-

154 736 275 783 runt
292 742 397 792 me,
418 746 438 778 ι
464 734 597 794 etc.,
624 727 644 757 ⁸
660 728 715 783 id
739 738 842 795 est,
867 730 1041 787 Adam
1059 741 1116 788 ct
1130 733 1243 789 Eva
1266 743 1488 805 peccato
1508 750 1594 791 me
1619 751 1718 791 ex-

149 828 458 891 posuerunt,
486 829 545 875 et
571 819 820 878 Christus
840 824 1068 880 redemit
1088 841 1194 882 me.
1237 825 1428 894 Mater,
1458 837 1622 894 terra,
1657 837 1717 884 ut

149 911 205 967 in
234 909 367 967 libro
408 910 820 969 Ecclesiastioo:
841 934 859 967 ι
894 914 1077 986 Usque
1112 916 1170 973 in
1209 917 1350 973 diem
1392 918 1718 977 reversionis

148 1002 207 1057 in
234 1010 459 1059 matrem
496 1004 741 1061 omnium
766 1005 812 1073 ³,
836 1025 855 1059 ι
891 1006 946 1063 id
977 1016 1083 1073 est.
1110 1008 1167 1063 in
1198 1018 1419 1076 terram,
1454 1025 1576 1081 quas
1602 1026 1719 1067 om-

146 1091 317 1149 nesin
341 1107 403 1153 se
428 1093 642 1164 recipit.

215 1183 439 1241 Malloea
472 1193 558 1241 est
596 1185 861 1254 diabolus,
899 1198 959 1245 ut
1000 1190 1055 1245 in
1102 1188 1337 1248 Jeremia
1368 1210 1383 1248 :
1418 1211 1439 1246 ι
1470 1192 1717 1251 Contrita

143 1280 479 1341 estmalleus
522 1283 790 1340 universae
837 1292 997 1341 terrae
1020 1285 1067 1352 ⁸,
1093 1305 1112 1339 ι
1161 1287 1221 1343 id
1253 1297 1369 1353 est,
1417 1289 1593 1345 victus
1633 1296 1720 1345 est

142 1373 414 1441 diabolus,
443 1375 537 1445 qui
561 1376 817 1432 contrivit
834 1388 1169 1448 peccatores.
1217 1378 1465 1447 Malim,
1491 1395 1716 1451 percus-

140 1466 225 1521 sio
250 1466 502 1532 celestis,
546 1476 609 1523 ut
644 1466 701 1523 in
727 1466 868 1524 Job:
900 1488 919 1521 ι
946 1468 1110 1536 Quasi
1142 1469 1397 1541 stipulam
1430 1470 1720 1525 mstimabit

141 1556 399 1635 malleum
417 1558 461 1624 ⁸,
495 1576 515 1611 ι
556 1558 700 1628 quod
751 1573 950 1630 corpus
983 1559 1215 1626 diaboli,
1260 1574 1381 1630 quae
1415 1568 1501 1617 est
1536 1574 1718 1617 massa

141 1649 493 1719 reprobon
512 1686 529 1712 .
574 1640 854 1707 caleste'm
906 1651 1316 1721 percussionem
1382 1665 1493 1708 non
1552 1652 1719 1722 perti-

140 1739 351 1795 mescit.

1820 564 1974 614 rum,
2028 557 2088 603 ut
2142 549 2197 604 in
2249 546 2351 604 Job
2382 567 2396 603 :
2431 568 2451 601 ι
2490 546 2601 605 Nec
2654 558 2972 608 numeretur
3025 555 3078 609 in
3124 557 3401 615 mensibus

1820 638 2028 705 anni“,
2053 656 2074 690 ι
2107 638 2161 695 id
2196 646 2302 705 est,
2353 639 2495 695 inter
2534 640 2757 712 angelos
2794 641 2995 700 electos
3022 645 3246 715 spiritus
3282 649 3400 704 dia-

1816 728 2027 785 bolicus
2053 729 2121 785 ad
2156 729 2511 787 salvationem
2536 746 2642 786 non
2686 732 2962 805 pertingit.
3006 733 3228 804 Mensis,
3256 737 3401 797 bona

1819 833 1976 888 quies
2000 828 2217 886 mentls,
2241 829 2302 875 ut
2327 820 2382 875 in
2402 820 2578 877 Isaia:
2605 839 2624 872 ι
2643 820 2765 877 Erit
2779 823 2984 879 mensis
3005 840 3074 881 ex
3096 840 3283 884 mense
3294 829 3394 896 ",s

1817 908 1963 980 quod
1996 909 2088 980 qui
2126 910 2287 967 modo
2312 925 2345 965 a
2376 911 2521 967 malo
2556 922 2738 969 mente
2768 913 3085 985 quiescunt,
3129 917 3186 975 in
3214 917 3401 976 futuro

1818 1002 2017 1074 gaudio
2045 1003 2346 1074 quietscent.

1888 1094 2075 1151 Mensa
2100 1104 2185 1153 est
2214 1095 2382 1153 Vetus
2427 1095 2863 1167 Testamentum,
2895 1108 2958 1156 ut
2986 1100 3038 1159 in
3062 1099 3400 1174 Evangelto:

1824 1204 1843 1239 ι
1870 1184 2060 1242 Catelli
2082 1186 2250 1242 edunt
2274 1187 2343 1243 de
2371 1187 2527 1243 micis
2547 1204 2669 1260 quae
2697 1191 2896 1247 cadunt
2924 1191 2992 1248 de
3016 1207 3204 1251 mensa
3231 1194 3401 1253 domi-

1818 1290 2013 1331 norum
2038 1276 2106 1343 ³³,
2142 1295 2162 1328 ι
2196 1276 2376 1343 idest,
2402 1276 2626 1334 humilis
2654 1280 2898 1351 gentium
2922 1280 3277 1343 subtilitatem
3294 1282 3401 1342 Ve-

1817 1367 1953 1423 teris
1980 1368 2315 1427 Testamenti
2364 1384 2464 1441 per
2506 1371 2837 1431 intellectum
2886 1376 3141 1439 comedit.
3189 1377 3400 1448 Mensa,

1817 1474 2033 1517 sacrum
2056 1462 2245 1530 altare,
2278 1465 2420 1521 unde
2450 1467 2746 1538 accipimus
2774 1484 2969 1540 corpus
2996 1471 3207 1528 Domini
3236 1472 3396 1529 Chri-

1816 1553 1889 1608 sti
1936 1561 1994 1608 et
2030 1555 2385 1626 sanguinem,
2437 1566 2498 1613 ut
2544 1558 2600 1613 in
2642 1558 2781 1615 libro
2820 1560 3185 1621 Ecclesiastici
3216 1580 3232 1619 :
3266 1582 3287 1616 ι
3312 1563 3396 1620 Ad

1816 1659 2071 1716 magnam
2111 1662 2355 1703 mensam
2402 1650 2606 1715 sedisti,
2638 1652 2657 1671 '
2686 1651 2971 1724 diligenter
3015 1656 3233 1713 attende
3275 1652 3398 1727 qua

1818 1739 2065 1809 apposita
2090 1751 2219 1797 sunt
2259 1742 2355 1799 tibi
2375 1743 2464 1810 ";
2496 1763 2516 1798 ι
2552 1745 2607 1801 id
2634 1756 2739 1813 est,
2766 1760 3109 1807 sacramenta
3155 1753 3400 1824 corporis

207 1829 434 1887 Maxilla
459 1841 547 1888 est
588 1832 854 1902 Ecclesia,
894 1842 957 1890 ut
1000 1834 1057 1891 in
1089 1831 1231 1891 Job:
1268 1853 1288 1888 ι
1324 1833 1717 1893 Percnsscrunt
1742 1827 1792 1891 Β
1817 1840 1875 1889 et
1922 1836 2208 1907 sanguinis
2256 1836 2509 1905 Domini,
2555 1855 2677 1911 quae
2724 1841 2780 1897 in
2823 1843 3234 1904 altari'sumus
3272 1847 3398 1905 ﬁdei

136 1921 413 1978 maxillam
452 1938 630 1980 meam
650 1926 693 1992 ⁸,
726 1944 746 1978 ι
785 1926 838 1982 id
872 1934 975 1993 est,
1006 1927 1390 1997 depresserunt
1416 1928 1714 1985 Ecclesiam

135 2003 333 2069 uisam.
374 2013 623 2083 Maailla,
664 2017 999 2087 praedicatio,
1050 2028 1110 2074 ut
1144 2020 1201 2075 in
1234 2018 1373 2076 libro
1415 2018 1711 2077 Jndicnm:

142 2124 161 2156 ι
192 2105 253 2162 ιιι
276 2106 498 2163 maxilla
540 2108 678 2165 asini
737 2111 981 2181 percussi
1020 2126 1117 2168 eos
1152 2113 1199 2179 ",
1221 2130 1243 2166 ι
1275 2112 1421 2182 quod
1451 2127 1550 2183 per
1585 2113 1716 2169 sim-

132 2196 331 2269 plioem
366 2199 671 2256 doctrinam
700 2202 1067 2271 apostolorum
1105 2205 1369 2274 superbos
1396 2205 1710 2275 prostravit.

132 2287 383 2357 Maxilla,
432 2290 636 2346 malitia
666 2293 893 2361 diaboli,
932 2302 993 2349 ut
1020 2294 1075 2349 in
1108 2294 1210 2351 Job
1237 2313 1250 2349 :
1287 2314 1305 2347 ι
1331 2295 1558 2351 Armilla
1590 2310 1715 2367 per-

128 2376 309 2435 forata
352 2388 441 2437 est
490 2380 788 2439 Leviathan
836 2385 1053 2439 maxilla
1089 2386 1180 2453 ⁸,»
1232 2387 1378 2456 quod
1425 2387 1569 2444 Deus
1616 2403 1713 2459 per

127 2468 479 2538 praesentiam
508 2484 663 2525 suam
688 2485 791 2528 nos
814 2487 847 2527 ιι
875 2472 1072 2529 diaboli
1108 2473 1312 2530 malitia
1342 2474 1614 2531 liberavit.

197 2557 440 2615 Medulla
465 2567 551 2617 est
579 2576 777 2633 corpus
802 2561 1025 2628 Christi,
1063 2573 1122 2619 ut
1167 2564 1225 2620 in
1264 2567 1479 2623 cantico
1510 2567 1705 2624 Dente-

126 2652 361 2709 ronomii
392 2670 406 2705 :
438 2670 457 2705 ι
482 2653 551 2709 Ει
578 2654 761 2711 hircos
790 2670 915 2711 cum
943 2655 1181 2713 medulla
1207 2657 1373 2713 tritici
1415 2658 1458 2724 ’,
1486 2677 1506 2710 ι
1532 2658 1587 2714 id
1605 2666 1707 2727 est,

126 2757 297 2814 opera
326 2745 661 2816 pwdtentiae
687 2761 811 2803 cum
838 2763 1004 2819 opere
1038 2747 1262 2805 Christi.
1288 2749 1394 2805 Per
1425 2750 1711 2806 medullam

125 2834 335 2891 divitia
358 2845 592 2895 terrente
610 2876 628 2904 ,
657 2845 716 2893 ut
745 2838 800 2895 in
825 2835 968 2895 Job:
997 2858 1017 2890 ι
1052 2838 1121 2894 Et
1148 2839 1396 2895 medullis
1416 2854 1540 2897 ossa
1565 2839 1710 2895 illius

125 2926 427 2999 irrigantur
478 2928 554 2996 ³ο,
587 2948 607 2981 ι
674 2929 819 3000 quod
868 2929 973 2985 viri
1020 2930 1172 3001 impii
1226 2931 1429 2989 divitiis
1482 2931 1710 2987 terrenis

122 3030 525 3079 srmtentantur.
549 3021 656 3078 Per
681 3021 941 3077 medullas
970 3023 1318 3091 intentiones,
1350 3033 1411 3078 ut
1428 3023 1484 3080 in
1508 3023 1706 3079 Paulo:

128 3136 149 3171 ι
175 3117 511 3191 Compagnm
537 3131 752 3189 quoque
780 3125 836 3171 et
861 3114 1220 3171 medullarum
1247 3114 1312 3183 ιι,
1341 3134 1360 3167 ι
1396 3114 1455 3171 id
1481 3121 1585 3181 est,
1617 3128 1710 3171 co—

118 3209 455 3282 gitationum
480 3218 537 3267 et
556 3206 936 3265 mtentionum.

192 3299 309 3356 Mel
351 3308 437 3357 est
482 3300 597 3372 ipsa
643 3298 937 3365 Divinitas,
977 3304 1036 3351 ut
1070 3297 1127 3351 in
1165 3293 1342 3351 Job:‘
1378 3313 1398 3346 ι
1429 3291 1708 3351 Torrentis

113 3389 310 3449 mellis
342 3396 399 3445 et
437 3389 617 3462 butyri
636 3388 702 3455 ι’,
726 3390 741 3407 ‘
774 3406 795 3439 ι
828 3394 880 3442 et
921 3385 1267 3441 abundantia:
1304 3382 1628 3440 calamitatis
1655 3392 1712 3438 et

113 3481 506 3541 humanitatis.
537 3478 667 3547 Mel,
703 3479 967 3550 sapientia
997 3476 1328 3548 spiritualis,
1369 3484 1431 3532 ut
1454 3476 1511 3533 in
1544 3475 1712 3531 Para-

108 3574 268 3633 holis
295 3590 311 3627 :
345 3592 366 3627 ι
392 3573 497 3629 Mel
522 3572 798 3638 invenisti,
822 3572 1045 3627 comede
1064 3570 1208 3640 quod
1239 3568 1437 3626 sullicit
1464 3568 1560 3625 tibi
1587 3569 1652 3636 ⁸³,
1684 3588 1704 3633 ι

111 3668 179 3724 id
201 3674 310 3731 est,
331 3666 440 3722 noli
467 3667 589 3738 plus
629 3682 790 3736 quam
816 3672 1031 3735 oportet
1068 3678 1276 3734 sapere.
1301 3661 1429 3730 Mel,
1471 3672 1714 3721 eontem-

108 3761 319 3833 platin.
350 3768 409 3816 ut
434 3761 492 3819 in
519 3758 770 3819 Cantico:
795 3776 817 3811 ι
842 3757 948 3815 Mel
969 3766 1024 3813 et
1047 3757 1133 3813 lac
1158 3757 1261 3813 sub
1284 3756 1468 3828 lingua
1492 3764 1580 3811 tua
1600 3756 1665 3822 ιδ,
1687 3776 1705 3809 ι

111 3851 277 3922 quod
326 3851 712 3921 praedicatores
758 3856 816 3904 et
862 3846 1370 3917 contemplationem
1422 3847 1614 3902 docent
1658 3855 1717 3902 et

112 3942 428 3998 actionem.
448 3940 578 4007 Mel,
609 3940 806 3997 animae
832 3946 1058 4005 sancta},
1090 3944 1151 3993 ut
1184 3937 1240 3992 in
1268 3934 1492 3993 Cantlco
1523 3954 1537 3991 :
1569 3954 1588 3988 ι
1608 3934 1716 3992 Co-

110 4033 279 4090 medi
308 4032 489 4089 fartim
524 4048 647 4089 cum
666 4030 824 4088 melle
843 4044 967 4087 meo
990 4030 1057 4097 ι’,
1093 4048 1111 4083 ι
1143 4028 1198 4085 id
1226 4037 1330 4095 est,
1359 4028 1570 4085 animas
1590 4043 1716 4085 san-

110 4138 249 4185 ctas
288 4127 470 4185 carnis
524 4125 930 4184 immortalitate
978 4122 1272 4197 gaudentes
1306 4122 1440 4179 mihi
1492 4120 1713 4193 conjun~

109 4237 281 4295 gum.
324 4218 452 4286 Mel,
496 4219 721 4277 dulcedo
764 4219 968 4286 carnis,
1002 4226 1065 4273 ut
1102 4218 1160 4274 in
1194 4217 1350 4289 lege:
1384 4233 1403 4268 ι
1430 4214 1545 4272 Nec
1566 4214 1719 4286 quid-

107 4327 301 4385 quam
330 4310 587 4369 fermenti
628 4318 722 4367 aut
765 4310 942 4367 mellis
983 4308 1289 4371 adolebitur
1337 4307 1393 4363 in
1445 4306 1718 4364 sacriﬁcio

108 4402 352 4461 Domini
387 4402 430 4434 ¹⁶
452 4423 507 4469 ,ι
539 4401 686 4473 quod
720 4402 772 4460 ei
806 4416 908 4458 nec
944 4400 1197 4471 superbia
1236 4399 1437 4456 mentis
1480 4414 1581 4455 nec
1627 4413 1719 4455 vo-

1815 1928 1973 1985 oculo
1997 1931 2281 2003 contingit.
2316 1928 2524 2000 Mensa,
2552 1948 2706 1991 sacra
2744 1934 3044 2008 Scriptura,
3081 1948 3143 1995 ut
3168 1941 3224 1996 in
3249 1939 3403 1997 Psal-

1814 2020 1962 2076 mis:
1994 2039 2014 2073 ι
2046 2021 2255 2078 Parasti
2312 2024 2366 2079 in
2413 2032 2709 2098 conspectu
2757 2042 2881 2085 meo
2921 2044 3162 2087 mensam
3178 2031 3247 2098 ⁸⁸,
3280 2051 3299 2085 ι
3342 2033 3401 2091 id

1813 2121 1917 2180 est,
1947 2115 2205 2171 humilem
2238 2116 2409 2173 iecisti
2446 2117 2815 2191 inteutgentiae
2838 2136 2974 2180 mese
3010 2138 3223 2181 sacram
3252 2123 3400 2182 Scri-

1813 2212 2052 2275 pturam.
2097 2205 2401 2274 Mensa,....
2448 2211 2639 2281 patriae
2679 2212 2938 2279 caelestis,
2968 2224 3028 2271 ut
3062 2217 3116 2272 in
3152 2216 3401 2288 Evange-

1811 2296 1887 2354 lio
1911 2316 1924 2352 :
1965 2318 1986 2352 ι
2011 2299 2078 2356 Ut
2102 2301 2276 2357 edatis
2302 2312 2359 2357 et
2383 2302 2584 2360 bibatis
2602 2318 2768 2376 super
2792 2323 3036 2366 mensam
3062 2325 3240 2367 meam
3263 2311 3330 2375 ⁸⁸,
3368 2329 3388 2363 ι

1811 2388 1867 2445 id
1896 2396 2000 2457 est,
2028 2398 2088 2446 ut
2115 2393 2427 2464 percipiatis
2458 2395 2617 2450 simul
2644 2399 2891 2468 corporis
2917 2406 2975 2455 et
3000 2399 3196 2456 anima:
3223 2401 3402 2457 beati-

1812 2482 2055 2539 tudinem
2084 2483 2139 2539 in
2168 2486 2345 2555 patria
2371 2486 2598 2543 caelesti.

1884 2573 2079 2631 Manna
2115 2586 2244 2632 sunt
2269 2587 2586 2634 ornamenta
2610 2579 2905 2648 virtutum,
2946 2582 3087 2638 utin
3114 2579 3351 2641 Jeremia
3382 2601 3394 2638 :

1817 2683 1837 2716 ι
1860 2664 2225 2737 Praecipitavit
2250 2670 2432 2729 omnia
2454 2671 2657 2727 mmnia
2676 2670 2795 2741 ejus
2811 2672 2914 2739 ’⁷,ι
2934 2673 3115 2741 idest,
3135 2674 3406 2733 destruxit

1810 2768 2130 2813 ornamenta
2156 2760 2294 2829 ejus.

1884 2846 2135 2906 Meridies
2160 2860 2243 2906 est
2260 2846 2527 2915 Christus,
2554 2861 2617 2909 ut
2642 2853 2698 2927 in
2716 2853 2818 2911 Job
2845 2872 2860 2908 :
2889 2873 2911 2908 ί
2932 2855 3100 2924 Quasi
3128 2856 3184 2914 in
3211 2864 3397 2929 nocte,

1811 2941 1892 2996 sic
1918 2941 2209 3013 palpabunt
2246 2945 2301 3000 in
2338 2945 2643 3013 meridie",
2664 2967 2683 3000 ι
2716 2949 2860 3019 quod
2892 2965 2957 3006 ac
2976 2950 3025 3006 si
3057 2962 3204 3009 esset
3231 2952 3399 3025 [sicut

1810 3033 2094 3107 ementiri]
2124 3045 2397 3105 peccator,
2415 3038 2494 3094 sic
2512 3039 2699 3094 (δωρειί
2715 3049 2870 3095 erant
2882 3039 3050 3099 Judmi
3074 3043 3129 3099 in
3150 3044 3399 3103 claritate

1812 3123 2015 3182 Christi
2031 3125 2301 3195 Meridies,
2316 3130 2563 3187 ascensio
2577 3131 2800 3197 Christi,
2827 3141 2888 3188 ut
2908 3133 2962 3189 in
2977 3132 3209 3192 Psalmis
3236 3179 3250 3192 .
3280 3155 3300 3189 ι
3326 3136 3394 3193 Ει

1812 3219 2039 3274 meridie
2053 3222 2291 3277 narrabo
2321 3221 2391 3288 ",
2416 3242 2435 3273 ι
2468 3222 2523 3277 id
2544 3231 2650 3289 est,
2668 3226 2685 3243 '
2709 3226 3069 3283 assertionem
3084 3225 3201 3296 ejus
3213 3227 3409 3298 praedi-

1813 3312 1968 3366 cabo.
2006 3311 2273 3377 Meridies,
2302 3313 2581 3371 tribulatio
2604 3354 2621 3383 ,
2649 3325 2710 3371 ut
2742 3317 2797 3372 in
2824 3317 3053 3375 Cantica
3082 3337 3096 3373 :
3127 3319 3279 3377 «Ubi
3304 3336 3399 3378 cu-

1811 3402 1909 3460 bes
1953 3406 2007 3459 in
2054 3407 2282 3463 meridie
2307 3407 2386 3474 ³⁰,
2415 3426 2433 3458 ι
2477 3408 2531 3464 id
2568 3416 2673 3475 est,
2723 3410 2779 3465 in
2817 3412 3012 3480 quibus
3044 3412 3285 3483 quiescis
3343 3413 3399 3469 in

1811 3497 2207 3565 persecutione.
2237 3496 2507 3564 Meridies,
2526 3502 2546 3519 "
2571 3499 2722 3564 ﬁdes,
2741 3502 2871 3557 utin
2899 3500 3097 3559 Genesi
3118 3502 3190 3569 ³³,
3220 3502 3401 3560 Abra-

1813 3587 1939 3643 ham
1967 3589 2188 3660 angelos
2214 3591 2456 3661 suscepit
2484 3606 2540 3646 tn
2570 3593 2823 3661 meridie,
2857 3595 2913 3649 id
2943 3603 3051 3662 est,
3082 3596 3136 3651 in
3173 3596 3406 3653 ferventi

1815 3680 1920 3735 die.
1943 3680 2212 3747 Meridies,
2235 3697 2391 3738 sacra
2416 3681 2717 3753 Scriptura,
2744 3692 2804 3740 ut
2830 3686 2882 3741 in
2909 3688 3171 3757 propheta
3203 3704 3217 3740 :
3259 3707 3277 3738 ι
3300 3688 3408 3742 lm-

1814 3771 2060 3843 pegimus
2087 3773 2139 3827 in
2169 3773 2473 3838 meridie“,
2509 3794 2529 3828 ι
2557 3779 2699 3846 quod
2731 3777 2967 3834 haeretici
2996 3779 3050 3833 in
3078 3792 3235 3835 sacra
3260 3778 3411 3834 Scri-

1813 3870 1972 3933 ptura
2018 3877 2116 3932 per
2152 3877 2381 3932 pravum
2406 3863 2738 3920 intellectum
2784 3865 3084 3924 oﬂ’endunt.
3131 3866 3403 3935 Meridies,

1818 3953 1981 4009 ardor
2023 3954 2325 4022 charitatis,
2384 3964 2445 4012 ut
2487 3957 2545 4012 in
2597 3957 2833 4016 Genesi:
2869 3980 2890 4012 ι
2915 3962 2998 4018 Ad
3042 3977 3231 4017 auram
3279 3970 3403 4034 post

1817 4046 2101 4102 meridiem
2117 4047 2185 4115 ⁸³,
2216 4066 2235 4101 ι
2277 4049 2422 4119 quod
2448 4046 2563 4119 jam
2585 4065 2618 4106 a
2640 4052 2912 4110 eharitate
2936 4053 3034 4111 Del
3072 4066 3171 4126 per
3206 4068 3405 4126 pecca-

1818 4147 1933 4194 tum
1962 4138 2125 4195 homo
2153 4148 2456 4196 corruerat.

1892 4229 2256 4286 Mercenarius
2286 4239 2373 4288 est
2410 4231 2640 4304 quilibet
2660 4231 2859 4302 justus,
2888 4244 2950 4291 ut
2977 4235 3034 4292 in
3058 4235 3201 4293 Job:
3232 4254 3252 4290 ι
3280 4236 3406 4295 Sic-

1816 4329 1878 4376 ut
1914 4320 2239 4377 mercenarii
2280 4322 2395 4378 dies
2433 4320 2551 4392 ejus
2567 4322 2646 4390 “,
2680 4342 2699 4375 ι
2726 4326 2872 4395 quod
2907 4326 3088 4398 justus
3129 4343 3229 4400 pro
3264 4342 3408 4385 mer-

1818 4411 1949 4467 mde
1976 4421 2179 4468 aeterna
2223 4412 2471 4469 laborare
2500 4428 2607 4471 non
2638 4424 2835 4470 cessat.
2872 4414 3262 4485 Maeandrius,
3304 4417 3404 4491 by-

106 4499 315 4571 lnptas
354 4498 536 4555 carnis
570 4497 765 4568 placet.
807 4495 935 4563 Mel,
977 4495 1223 4553 doctrina
1271 4492 1507 4561 Christi,
1554 4503 1615 4550 ut
1660 4494 1717 4549 in
1742 4503 2051 4577 “pocrita,
2104 4510 2165 4557 ut
2198 4501 2599 4575 inEvangelio:
2629 4523 2649 4556 ι
2687 4504 3053 4563 Mercenarius
3094 4505 3253 4577 cuius
3301 4520 3409 4563 non

106 4557 351 4651 celatim
370 4557 772 4649 Denteronomii
802 4606 816 4645 :
848 4607 867 4640 ι
898 4557 1170 4660 έιιεθιιιιιι
1200 4586 1307 4643 mel
1340 4587 1409 4643 de
1436 4557 1589 4658 petra
1614 4588 1711 4654 ",t
1742 4557 1799 4621 Β
1822 4557 2117 4651 sunt—oves
2141 4557 2483 4666 proprias,
2502 4557 3289 4670 inquodrslm'ulatusprmﬁl'aﬁtus

104 4685 183 4743 id
214 4691 329 4750 est.
356 4682 569 4741 dulcem
590 4690 953 4754 susceperunt
982 4681 1285 4739 doctrinam
1310 4696 1342 4735 a
1365 4679 1603 4737 Christo.

196 4775 449 4835 let-bra
466 4785 595 4835 sunt
617 4777 791 4834 teneri
816 4775 871 4833 ln
890 4774 1155 4841 Ecclesia,
1178 4782 1241 4830 ut
1262 4774 1320 4829 in
1341 4772 1445 4831 Job
1469 4792 1482 4829 :
1515 4791 1534 4826 ι
1556 4772 1724 4831 Mem-

110 4875 231 4931 bra
283 4884 407 4926 mea
434 4871 589 4941 quasi
626 4870 682 4927 hi
708 4869 941 4927 nihilum
988 4876 1115 4926 sunt
1149 4868 1367 4925 redacta
1390 4868 1458 4935 ³⁸,
1480 4886 1503 4921 s
1531 4867 1585 4924 id
1609 4876 1717 4935 est,

113 4963 315 5023 seueri
336 4963 619 5019 etialirmi
650 4963 755 5020 mei
776 4978 916 5035 pene
944 4973 1073 5019 sunt
1098 4959 1425 5032 consumpti.
1456 4959 1715 5029 Membra,

110 5055 379 5128 rem-ehi,
430 5062 489 5110 ut
521 5054 577 5111 in
620 5054 763 5112 Job:
796 5053 1073 5112 «Membra
1109 5055 1356 5111 carnium
1393 5052 1509 5125 eius
1545 5052 1720 5111 coha-

114 5150 315 5207 rentia
338 5148 406 5217 ¹⁹,
437 5166 458 5201 ι
488 5151 509 5170 “
536 5149 642 5205 sibi
667 5149 722 5204 in
754 5148 897 5204 malo
930 5148 1292 5205 consentiunt.

1822 4696 1940 4740 ram
1967 4685 2317 4757 desubjectis
2355 4701 2463 4742 non
2490 4687 2672 4742 habet.

1897 4776 2151 4833 Meretrix
2184 4786 2270 4834 est
2316 4778 2500 4835 anima
2546 4778 2770 4849 polluta,
2797 4788 2859 4836 ut
2895 4781 2953 4836 in
2993 4781 3170 4838 Isaia:
3204 4782 3411 4840 «Facta

1824 4877 1909 4925 est
1920 4868 2180 4924 meretrix
2191 4868 2387 4925 civitas
2399 4865 2592 4936 ﬁdelis,
2612 4869 2656 4901 ³⁸
2667 4889 2689 4923 ι
2703 4870 2848 4940 quod
2858 4870 3062 4940 anima,
3076 4872 3132 4928 in
3145 4887 3253 4944 qua
3264 4873 3410 4933 Deus

1824 4962 2072 5020 habitare
2099 4960 2331 5030 solebat,
2352 4976 2452 5033 per
2478 4969 2760 5033 peceatum
2788 4961 3063 5033 polluitur.

1896 5054 2084 5110 Messis
2131 5063 2215 5110 est
2267 5052 2482 5110 auditor
2514 5052 2666 5109 verbi
2707 5053 2840 5121 Dei,
2876 5063 2939 5109 ιιι
2978 5054 3035 5110 in
3074 5053 3410 5127 Evangelio:

1833 5166 1855 5201 ι
1877 5144 2069 5202 Messis
2094 5145 2313 5216 quidem
2338 5142 2512 5199 multa
2544 5142 2615 5211 ³⁷,
2635 5164 2656 5198 ο
2697 5143 2841 5215 quod
2872 5144 3021 5201 multi
3050 5154 3179 5203 sunt
3198 5146 3293 5217 qui
3315 5160 3413 5203 au-

198 5242 421 5300 Meases
462 5250 593 5300 sunt
622 5242 839 5298 termini
877 5243 1173 5310 actionum,
1216 5251 1277 5298 ut
1300 5243 1355 5299 in
1388 5241 1527 5299 Job:
1560 5259 1579 5295 ι
1608 5241 1724 5315 Ego
1828 5240 1947 5297 dire
1965 5239 2175 5305 volunt,
2214 5239 2309 5295 sed
2336 5237 2537 5294 desunt
2551 5237 2645 5310 qui
2673 5237 2875 5295 dicant.
2911 5237 3123 5308 lassis,
3164 5239 3412 5312 operatio

110 5337 309 5395 habui
346 5352 562 5395 menses
588 5337 876 5405 vacuos”,
911 5357 930 5389 ι
966 5337 1020 5393 id
1047 5344 1152 5403 est,
1174 5337 1495 5394 inanitatem
1526 5337 1581 5392 in
1612 5345 1725 5393 ter-

1830 5342 2037 5407 aperta,
2062 5344 2124 5388 ut
2144 5333 2200 5389 in
2218 5330 2355 5389 Job:
2377 5330 2635 5389 «Sursum
2657 5340 2924 5389 atteratur
2946 5334 3141 5393 nexis
3159 5333 3279 5406 ejus
3294 5333 3343 5367 ⁸⁸
3358 5352 3407 5399 ,ι

202 5452 221 5483 ⁸
252 5448 403 5505 Psal.
451 5467 579 5518 ιιι,
628 5450 698 5519 6;
743 5449 887 5506 Psal.
932 5466 1050 5514 xxi,
1089 5449 1177 5503 11.
1231 5450 1252 5482 ²
1282 5448 1426 5505 Psal.
1477 5447 1709 5519 xxvr,l(l

1826 5447 1990 5504 Eccli.
2019 5442 2376 5519 x1.._l.fJ_er.
2409 5462 2461 5509 ι,
2487 5444 2591 5519 25.
2629 5442 2785 5519 'Job_
2812 5458 2933 5519 ξιι,
2967 5443 3141 5519 2οη]
3166 5441 3409 5519 Job_xvr,

112 5523 217 5578 10.
256 5522 283 5555 τ
309 5520 433 5577 Jud.
460 5512 695 5590 xv,'16.'
722 5522 745 5555 ⁸
771 5519 875 5576 Job
904 5536 994 5585 ιιι,
1023 5512 1113 5575 21.
1146 5522 1168 5556 ⁸
1195 5520 1351 5576 Deut.
1374 5536 1549 5585 xxx",
1573 5512 1661 5573 ﬂ.

1826 5520 1890 5573 ob
1924 5532 2040 5581 χιιι,
2064 5516 2157 5571 24.
2194 5516 2236 5548 ¹¹
2261 5515 2394 5590 Hel).
2428 5530 2502 5590 tv,
2534 5514 2620 5590 12.
2680 5516 2725 5546 ³³
2754 5513 2886 5590 Job_
2902 5530 3008 5590 xx,
3041 5514 3145 5590 _l7.
3180 5514 3225 5547 "
3247 5512 3408 5590 Prov.

112 5609 268 5657 xxv,
301 5592 391 5647 16.
426 5593 470 5625 ⁸⁸
497 5583 655 5649 cant.
694 5609 768 5657 tv,
814 5592 901 5647 11.
930 5583 987 5624 ¹⁸“
1004 5592 1163 5647 Cant.
1190 5607 1241 5656 v,
1283 5592 1332 5645 1.
1368 5591 1411 5622 ⁸⁸
1441 5583 1569 5645 ιρι.
1600 5607 1661 5653 ιι,
1698 5591 1709 5643 l

1826 5591 1854 5621 ιτ
1879 5590 2037 5643 Deut.
2074 5604 2258 5653 χχιιι,
2296 5587 2385 5641 15.
2453 5586 2496 5618 ⁸⁸
2538 5586 2639 5642 Joh
2676 5602 2820 5649 xv",
2855 5587 2907 5641 7.
2967 5584 3295 5657 "Job__x1.t._
3324 5583 3409 5637 M.

110 5666 169 5697 ³ο
190 5654 311 5719 Job
336 5679 434 5728 vn,
462 5664 514 5718 5.
574 5665 618 5695 ²¹
649 5654 856 5727 Ιοιιίιι,
887 5664 940 5717 6.
1006 5665 1053 5695 ’³
1094 5663 1197 5717 Isa.
1228 5654 1397 5725 Cum,
1430 5664 1519 5716 25.
1560 5662 1607 5693 ’³
1644 5660 1709 5715 M:

1826 5699 1838 5714 .
1868 5677 1956 5723 xv,
1990 5659 2079 5713 27.
2126 5659 2172 5690 "'
2203 5657 2372 5728 Eccli.
2403 5673 2555 5722 χχιι,
2596 5657 2684 5713 12.
2719 5658 2765 5690 ⁸⁸
2793 5657 2937 5728 Psal.
2966 5673 3105 5728 χιιι,
3127 5655 3181 5728 li.
3207 5655 3252 5728 ff
3274 5654 3408 5728 Duc.

110 5750 276 5797 χιιι,
307 5734 397 5789 30.
421 5724 467 5765 ³⁷
494 5734 694 5790 Thren.
722 5751 787 5795 ιι,
818 5724 870 5789 5.
900 5736 945 5767 ³⁸
969 5733 1070 5789 Job
1091 5750 1144 5798 v,
1172 5733 1258 5786 1ιί».
1300 5733 1347 5763 ¹⁹
1384 5732 1527 5787 Psal.
1556 5748 1663 5795 Liv,
1698 5732 1709 5784 l

1826 5732 1862 5763 ³ο
1890 5730 2049 5787 Cant.
2082 5746 2122 5795 ι,
2151 5729 2203 5783 7.
2230 5729 2275 5760 ³¹
2299 5727 2436 5798 Gen.
2464 5744 2624 5793 svnt,
2659 5729 2712 5798 1.
2752 5728 2800 5760 ⁸³
2818 5727 2922 5784 lsa.
2945 5742 3057 5792 ιιι,
3083 5726 3170 5781 10.
3206 5726 3252 5759 ⁸³
3272 5724 3410 5782 Gen.

110 5820 208 5870 ιιι,
254 5805 317 5860 8.
341 5804 390 5838 ³⁸
418 5803 521 5862 Job
541 5820 642 5873 vn,
675 5806 789 5861 l."
819 5804 974 5862 Joan.
1016 5821 1073 5872 ιι,
1097 5804 1184 5859 12.
1208 5804 1254 5837 ³⁸
1277 5805 1381 5860 lsa.
1413 5818 1450 5869 ι,
1479 5804 1569 5859 21.
1603 5804 1645 5835 ³⁷
1673 5802 1709 5857 Μ

1826 5820 1866 5859 ι.
1894 5819 1971 5871 ιιι,
2001 5816 2210 5856 xxxvu.
2234 5799 2281 5832 ⁸⁸
2309 5797 2411 5856 Job
2430 5814 2584 5866 XVIII,
2616 5797 2701 5853 l6.
