  <div class='ocr_page' id='page_1' title='image "/cluster/home/n/w/nwhite01/storage/ocr_20150623/112/hvd.32044015685407/505.png"; bbox 0 0 3936 6328; ppageno 0'>
   <div class='ocr_carea' id='block_1_1' title="bbox 588 327 722 385">
    <p class='ocr_par' dir='ltr' id='par_1_1' title="bbox 588 327 722 385">
     <span class='ocr_line' id='line_1_1' title="bbox 588 327 722 385; baseline 0.007 -1"><span class='ocrx_word' id='word_1_1' title='bbox 588 327 722 385; x_wconf 80' lang='grc'><strong>-999</strong></span> 
     </span>
    </p>
   </div>
   <div class='ocr_carea' id='block_1_2' title="bbox 1287 304 3721 402">
    <p class='ocr_par' dir='ltr' id='par_1_2' title="bbox 1287 304 3721 402">
     <span class='ocr_line' id='line_1_2' title="bbox 1287 304 3721 402; baseline 0.002 -26"><span class='ocrx_word' id='word_1_2' title='bbox 1287 319 1350 377; x_wconf 88' lang='grc' dir='ltr'><strong>Β.</strong></span> <span class='ocrx_word' id='word_1_3' title='bbox 1391 319 1644 376; x_wconf 76' lang='lat' dir='ltr'><strong>RABANI</strong></span> <span class='ocrx_word' id='word_1_4' title='bbox 1681 318 1903 376; x_wconf 80' lang='lat' dir='ltr'><strong>MAURI</strong></span> <span class='ocrx_word' id='word_1_5' title='bbox 1939 317 2257 374; x_wconf 77' lang='lat' dir='ltr'><strong>ARCHIEP.</strong></span> <span class='ocrx_word' id='word_1_6' title='bbox 2297 317 2603 375; x_wconf 82' lang='lat' dir='ltr'><strong>MOGUNT.</strong></span> <span class='ocrx_word' id='word_1_7' title='bbox 2641 317 2926 376; x_wconf 81' lang='lat' dir='ltr'><strong>OPERUM</strong></span> <span class='ocrx_word' id='word_1_8' title='bbox 2959 319 3138 376; x_wconf 78' lang='lat' dir='ltr'><strong>PARS</strong></span> <span class='ocrx_word' id='word_1_9' title='bbox 3171 321 3255 377; x_wconf 89' lang='lat' dir='ltr'><strong>lll.</strong></span> <span class='ocrx_word' id='word_1_10' title='bbox 3457 304 3466 309; x_wconf 38' lang='lat'>&#39;</span> <span class='ocrx_word' id='word_1_11' title='bbox 3634 341 3721 402; x_wconf 67' lang='lat' dir='ltr'><strong>mo</strong></span> 
     </span>
    </p>
   </div>
   <div class='ocr_carea' id='block_1_3' title="bbox 609 431 3722 513">
    <p class='ocr_par' dir='ltr' id='par_1_3' title="bbox 609 431 3722 513">
     <span class='ocr_line' id='line_1_3' title="bbox 609 431 3722 513; baseline 0.001 -16"><span class='ocrx_word' id='word_1_12' title='bbox 609 444 752 513; x_wconf 90' lang='lat' dir='ltr'><strong>quod</strong></span> <span class='ocrx_word' id='word_1_13' title='bbox 773 448 959 512; x_wconf 87' lang='lat' dir='ltr'><strong>aperta</strong></span> <span class='ocrx_word' id='word_1_14' title='bbox 982 438 1135 510; x_wconf 81' lang='lat' dir='ltr'><strong>impii</strong></span> <span class='ocrx_word' id='word_1_15' title='bbox 1156 437 1302 494; x_wconf 88' lang='lat' dir='ltr'><strong>actio</strong></span> <span class='ocrx_word' id='word_1_16' title='bbox 1331 437 1620 508; x_wconf 84' lang='lat' dir='ltr'><strong>aliquando</strong></span> <span class='ocrx_word' id='word_1_17' title='bbox 1643 436 1960 491; x_wconf 83' lang='lat' dir='ltr'><strong>destruitur.</strong></span> <span class='ocrx_word' id='word_1_18' title='bbox 1986 432 2193 496; x_wconf 82' lang='lat' dir='ltr'><strong>Messis,</strong></span> <span class='ocrx_word' id='word_1_19' title='bbox 2223 435 2271 493; x_wconf 76' lang='grc' dir='ltr'>Α</span> <span class='ocrx_word' id='word_1_20' title='bbox 2300 431 2406 488; x_wconf 90' lang='lat' dir='ltr'><strong>Per</strong></span> <span class='ocrx_word' id='word_1_21' title='bbox 2440 435 2650 487; x_wconf 86' lang='lat' dir='ltr'><strong>mitram</strong></span> <span class='ocrx_word' id='word_1_22' title='bbox 2672 436 2690 454; x_wconf 85' lang='grc'><strong><em>“</em></strong></span> <span class='ocrx_word' id='word_1_23' title='bbox 2718 435 3061 500; x_wconf 90' lang='lat' dir='ltr'><strong>commercia,</strong></span> <span class='ocrx_word' id='word_1_24' title='bbox 3103 444 3161 490; x_wconf 90' lang='lat' dir='ltr'><strong>ut</strong></span> <span class='ocrx_word' id='word_1_25' title='bbox 3192 437 3243 491; x_wconf 89' lang='lat' dir='ltr'><strong>in</strong></span> <span class='ocrx_word' id='word_1_26' title='bbox 3273 437 3469 497; x_wconf 80' lang='lat' dir='ltr'><strong>Exodo:</strong></span> <span class='ocrx_word' id='word_1_27' title='bbox 3497 464 3514 497; x_wconf 86' lang='grc' dir='ltr'><strong>ι</strong></span> <span class='ocrx_word' id='word_1_28' title='bbox 3533 445 3722 510; x_wconf 71' lang='lat' dir='ltr'><strong>Faciesﬁ.</strong></span> 
     </span>
    </p>
   </div>
   <div class='ocr_carea' id='block_1_4' title="bbox 609 526 2193 597">
    <p class='ocr_par' dir='ltr' id='par_1_4' title="bbox 609 526 2193 597">
     <span class='ocr_line' id='line_1_4' title="bbox 609 526 2193 597; baseline -0.007 -7"><span class='ocrx_word' id='word_1_29' title='bbox 609 535 776 590; x_wconf 76' lang='lat' dir='ltr'><strong>Vetus</strong></span> <span class='ocrx_word' id='word_1_30' title='bbox 827 533 1266 597; x_wconf 77' lang='lat' dir='ltr'><strong>Testamentum,</strong></span> <span class='ocrx_word' id='word_1_31' title='bbox 1312 538 1374 584; x_wconf 91' lang='lat' dir='ltr'><strong>ut</strong></span> <span class='ocrx_word' id='word_1_32' title='bbox 1415 530 1468 583; x_wconf 92' lang='lat' dir='ltr'><strong>in</strong></span> <span class='ocrx_word' id='word_1_33' title='bbox 1510 527 1649 583; x_wconf 87' lang='lat' dir='ltr'><strong>Job:</strong></span> <span class='ocrx_word' id='word_1_34' title='bbox 1697 549 1716 579; x_wconf 75' lang='grc' dir='ltr'><strong>ι</strong></span> <span class='ocrx_word' id='word_1_35' title='bbox 1753 526 1913 582; x_wconf 88' lang='lat' dir='ltr'><strong>Stulti</strong></span> <span class='ocrx_word' id='word_1_36' title='bbox 1959 540 2193 580; x_wconf 82' lang='lat' dir='ltr'><strong>messem</strong></span> 
     </span>
    </p>
   </div>
   <div class='ocr_carea' id='block_1_5' title="bbox 609 618 2189 690">
    <p class='ocr_par' dir='ltr' id='par_1_5' title="bbox 609 618 2189 690">
     <span class='ocr_line' id='line_1_5' title="bbox 609 618 2189 690; baseline -0.009 -8"><span class='ocrx_word' id='word_1_37' title='bbox 609 627 892 682; x_wconf 78' lang='lat' dir='ltr'><strong>famelicus</strong></span> <span class='ocrx_word' id='word_1_38' title='bbox 937 624 1256 689; x_wconf 71' lang='lat' dir='ltr'><strong>comedit‘;</strong></span> <span class='ocrx_word' id='word_1_39' title='bbox 1291 641 1309 674; x_wconf 74' lang='grc' dir='ltr'><strong>ι</strong></span> <span class='ocrx_word' id='word_1_40' title='bbox 1365 621 1507 690; x_wconf 84' lang='lat' dir='ltr'><strong>quod</strong></span> <span class='ocrx_word' id='word_1_41' title='bbox 1557 621 1721 674; x_wconf 85' lang='lat' dir='ltr'><strong>Vetus</strong></span> <span class='ocrx_word' id='word_1_42' title='bbox 1765 618 2189 682; x_wconf 88' lang='lat' dir='ltr'><strong>Testamentum,</strong></span> 
     </span>
    </p>
   </div>
   <div class='ocr_carea' id='block_1_6' title="bbox 610 706 2192 787">
    <p class='ocr_par' dir='ltr' id='par_1_6' title="bbox 610 706 2192 787">
     <span class='ocr_line' id='line_1_6' title="bbox 610 706 2192 787; baseline -0.007 -16"><span class='ocrx_word' id='word_1_43' title='bbox 610 717 751 787; x_wconf 88' lang='lat' dir='ltr'><strong>quod</strong></span> <span class='ocrx_word' id='word_1_44' title='bbox 795 715 1087 770; x_wconf 74' lang='lat' dir='ltr'><strong>infamatus</strong></span> <span class='ocrx_word' id='word_1_45' title='bbox 1130 712 1438 768; x_wconf 86' lang='lat' dir='ltr'><strong>Judaorum</strong></span> <span class='ocrx_word' id='word_1_46' title='bbox 1486 709 1715 780; x_wconf 90' lang='lat' dir='ltr'><strong>populus</strong></span> <span class='ocrx_word' id='word_1_47' title='bbox 1760 708 1951 773; x_wconf 77' lang='lat' dir='ltr'><strong>tenuit,</strong></span> <span class='ocrx_word' id='word_1_48' title='bbox 1998 706 2192 761; x_wconf 91' lang='lat' dir='ltr'><strong>devota</strong></span> 
     </span>
    </p>
   </div>
   <div class='ocr_carea' id='block_1_7' title="bbox 609 799 2190 881">
    <p class='ocr_par' dir='ltr' id='par_1_7' title="bbox 609 799 2190 881">
     <span class='ocr_line' id='line_1_7' title="bbox 609 799 2190 881; baseline -0.004 -19"><span class='ocrx_word' id='word_1_49' title='bbox 609 808 762 881; x_wconf 88' lang='lat' dir='ltr'><strong>plebs</strong></span> <span class='ocrx_word' id='word_1_50' title='bbox 823 807 1066 877; x_wconf 88' lang='lat' dir='ltr'><strong>gentium</strong></span> <span class='ocrx_word' id='word_1_51' title='bbox 1104 803 1359 874; x_wconf 88' lang='lat' dir='ltr'><strong>intelligit</strong></span> <span class='ocrx_word' id='word_1_52' title='bbox 1398 800 1769 873; x_wconf 89' lang='lat' dir='ltr'><strong>spiritualiter.</strong></span> <span class='ocrx_word' id='word_1_53' title='bbox 1838 799 2055 866; x_wconf 83' lang='lat' dir='ltr'><strong>Messis,</strong></span> <span class='ocrx_word' id='word_1_54' title='bbox 2102 815 2190 855; x_wconf 89' lang='lat' dir='ltr'><strong>re-</strong></span> 
     </span>
    </p>
   </div>
   <div class='ocr_carea' id='block_1_8' title="bbox 612 893 2194 970">
    <p class='ocr_par' dir='ltr' id='par_1_8' title="bbox 612 893 2194 970">
     <span class='ocr_line' id='line_1_8' title="bbox 612 893 2194 970; baseline -0.006 -13"><span class='ocrx_word' id='word_1_55' title='bbox 612 900 786 964; x_wconf 74' lang='lat' dir='ltr'><strong>probi,</strong></span> <span class='ocrx_word' id='word_1_56' title='bbox 808 899 938 954; x_wconf 89' lang='lat' dir='ltr'><strong>utin</strong></span> <span class='ocrx_word' id='word_1_57' title='bbox 955 897 1278 970; x_wconf 73' lang='lat' dir='ltr'><strong>Apocalypsi</strong></span> <span class='ocrx_word' id='word_1_58' title='bbox 1305 916 1319 951; x_wconf 91' lang='lat'>:</span> <span class='ocrx_word' id='word_1_59' title='bbox 1350 895 1529 950; x_wconf 73' lang='lat' dir='ltr'><strong>«Mitte</strong></span> <span class='ocrx_word' id='word_1_60' title='bbox 1545 893 1737 949; x_wconf 82' lang='lat' dir='ltr'><strong>falcem</strong></span> <span class='ocrx_word' id='word_1_61' title='bbox 1767 902 1937 958; x_wconf 92' lang='lat' dir='ltr'><strong>tuam,</strong></span> <span class='ocrx_word' id='word_1_62' title='bbox 1961 901 2017 948; x_wconf 90' lang='lat' dir='ltr'><strong>et</strong></span> <span class='ocrx_word' id='word_1_63' title='bbox 2029 901 2194 959; x_wconf 87' lang='lat' dir='ltr'><strong>mete,</strong></span> 
     </span>
    </p>
   </div>
   <div class='ocr_carea' id='block_1_9' title="bbox 613 985 2192 1066">
    <p class='ocr_par' dir='ltr' id='par_1_9' title="bbox 613 985 2192 1066">
     <span class='ocr_line' id='line_1_9' title="bbox 613 985 2192 1066; baseline -0.006 -17"><span class='ocrx_word' id='word_1_64' title='bbox 613 993 866 1066; x_wconf 90' lang='lat' dir='ltr'><strong>quoniam</strong></span> <span class='ocrx_word' id='word_1_65' title='bbox 895 992 1038 1047; x_wconf 84' lang='lat' dir='ltr'><strong>aruit</strong></span> <span class='ocrx_word' id='word_1_66' title='bbox 1061 989 1253 1046; x_wconf 86' lang='lat' dir='ltr'><strong>messis</strong></span> <span class='ocrx_word' id='word_1_67' title='bbox 1295 1001 1458 1044; x_wconf 85' lang='lat' dir='ltr'><strong>terra</strong></span> <span class='ocrx_word' id='word_1_68' title='bbox 1481 988 1518 1050; x_wconf 84' lang='lat'><strong>&#39;,</strong></span> <span class='ocrx_word' id='word_1_69' title='bbox 1557 1006 1576 1038; x_wconf 76' lang='grc' dir='ltr'><strong>ι</strong></span> <span class='ocrx_word' id='word_1_70' title='bbox 1607 987 1862 1056; x_wconf 91' lang='lat' dir='ltr'><strong>quoniam</strong></span> <span class='ocrx_word' id='word_1_71' title='bbox 1891 985 2038 1040; x_wconf 91' lang='lat' dir='ltr'><strong>Deus</strong></span> <span class='ocrx_word' id='word_1_72' title='bbox 2065 1000 2192 1040; x_wconf 88' lang='lat' dir='ltr'><strong>acu-</strong></span> 
     </span>
    </p>
   </div>
   <div class='ocr_carea' id='block_1_10' title="bbox 613 1076 2190 1151">
    <p class='ocr_par' dir='ltr' id='par_1_10' title="bbox 613 1076 2190 1151">
     <span class='ocr_line' id='line_1_10' title="bbox 613 1076 2190 1151; baseline -0.008 -8"><span class='ocrx_word' id='word_1_73' title='bbox 613 1087 762 1144; x_wconf 87' lang='lat' dir='ltr'><strong>mine</strong></span> <span class='ocrx_word' id='word_1_74' title='bbox 807 1085 1089 1142; x_wconf 90' lang='lat' dir='ltr'><strong>sententia</strong></span> <span class='ocrx_word' id='word_1_75' title='bbox 1132 1098 1244 1139; x_wconf 88' lang='lat' dir='ltr'><strong>sua</strong></span> <span class='ocrx_word' id='word_1_76' title='bbox 1289 1081 1552 1151; x_wconf 89' lang='lat' dir='ltr'><strong>reprobos</strong></span> <span class='ocrx_word' id='word_1_77' title='bbox 1599 1079 1936 1149; x_wconf 85' lang='lat' dir='ltr'><strong>exstirpabit.</strong></span> <span class='ocrx_word' id='word_1_78' title='bbox 1986 1076 2190 1140; x_wconf 84' lang='lat' dir='ltr'><strong>Messis,</strong></span> 
     </span>
    </p>
   </div>
   <div class='ocr_carea' id='block_1_11' title="bbox 612 1168 2194 1250">
    <p class='ocr_par' dir='ltr' id='par_1_11' title="bbox 612 1168 2194 1250">
     <span class='ocr_line' id='line_1_11' title="bbox 612 1168 2194 1250; baseline -0.008 -17"><span class='ocrx_word' id='word_1_79' title='bbox 612 1191 852 1250; x_wconf 90' lang='lat' dir='ltr'><strong>prasens</strong></span> <span class='ocrx_word' id='word_1_80' title='bbox 878 1174 1155 1240; x_wconf 86' lang='lat' dir='ltr'><strong>saculum,</strong></span> <span class='ocrx_word' id='word_1_81' title='bbox 1198 1179 1258 1226; x_wconf 91' lang='lat' dir='ltr'><strong>ut</strong></span> <span class='ocrx_word' id='word_1_82' title='bbox 1286 1171 1338 1226; x_wconf 94' lang='lat' dir='ltr'><strong>in</strong></span> <span class='ocrx_word' id='word_1_83' title='bbox 1365 1169 1657 1241; x_wconf 89' lang='lat' dir='ltr'><strong>Evangelio</strong></span> <span class='ocrx_word' id='word_1_84' title='bbox 1691 1187 1704 1222; x_wconf 93' lang='lat'>:</span> <span class='ocrx_word' id='word_1_85' title='bbox 1744 1189 1762 1220; x_wconf 88' lang='grc'><strong>‹</strong></span> <span class='ocrx_word' id='word_1_86' title='bbox 1786 1168 1958 1224; x_wconf 86' lang='lat' dir='ltr'><strong>Sinite</strong></span> <span class='ocrx_word' id='word_1_87' title='bbox 1980 1177 2194 1222; x_wconf 91' lang='lat' dir='ltr'><strong>utrum-</strong></span> 
     </span>
    </p>
   </div>
   <div class='ocr_carea' id='block_1_12' title="bbox 613 1259 2192 1340">
    <p class='ocr_par' dir='ltr' id='par_1_12' title="bbox 613 1259 2192 1340">
     <span class='ocr_line' id='line_1_12' title="bbox 613 1259 2192 1340; baseline -0.007 -15"><span class='ocrx_word' id='word_1_88' title='bbox 613 1285 720 1340; x_wconf 85' lang='lat' dir='ltr'><strong>que</strong></span> <span class='ocrx_word' id='word_1_89' title='bbox 743 1283 991 1324; x_wconf 81' lang='lat' dir='ltr'><strong>crescere</strong></span> <span class='ocrx_word' id='word_1_90' title='bbox 1030 1280 1202 1335; x_wconf 91' lang='lat' dir='ltr'><strong>usque</strong></span> <span class='ocrx_word' id='word_1_91' title='bbox 1244 1263 1312 1320; x_wconf 84' lang='lat' dir='ltr'><strong>ad</strong></span> <span class='ocrx_word' id='word_1_92' title='bbox 1345 1277 1579 1318; x_wconf 89' lang='lat' dir='ltr'><strong>messem</strong></span> <span class='ocrx_word' id='word_1_93' title='bbox 1616 1261 1658 1325; x_wconf 85' lang='grc'>³,</span> <span class='ocrx_word' id='word_1_94' title='bbox 1698 1281 1717 1314; x_wconf 75' lang='grc' dir='ltr'><strong>ι</strong></span> <span class='ocrx_word' id='word_1_95' title='bbox 1744 1261 1885 1330; x_wconf 92' lang='lat' dir='ltr'><strong>quod</strong></span> <span class='ocrx_word' id='word_1_96' title='bbox 1916 1275 2087 1330; x_wconf 91' lang='lat' dir='ltr'><strong>usque</strong></span> <span class='ocrx_word' id='word_1_97' title='bbox 2125 1259 2192 1314; x_wconf 86' lang='lat' dir='ltr'><strong>ad</strong></span> 
     </span>
    </p>
   </div>
   <div class='ocr_carea' id='block_1_13' title="bbox 613 1349 2195 1428">
    <p class='ocr_par' dir='ltr' id='par_1_13' title="bbox 613 1349 2195 1428">
     <span class='ocr_line' id='line_1_13' title="bbox 613 1349 2195 1428; baseline -0.007 -13"><span class='ocrx_word' id='word_1_98' title='bbox 613 1360 778 1416; x_wconf 78' lang='lat' dir='ltr'><strong>finem</strong></span> <span class='ocrx_word' id='word_1_99' title='bbox 802 1357 984 1414; x_wconf 84' lang='lat' dir='ltr'><strong>saculi</strong></span> <span class='ocrx_word' id='word_1_100' title='bbox 1005 1355 1258 1428; x_wconf 77' lang='lat' dir='ltr'><strong>permixti</strong></span> <span class='ocrx_word' id='word_1_101' title='bbox 1300 1353 1426 1409; x_wconf 91' lang='lat' dir='ltr'><strong>boni</strong></span> <span class='ocrx_word' id='word_1_102' title='bbox 1466 1361 1521 1407; x_wconf 92' lang='lat' dir='ltr'><strong>et</strong></span> <span class='ocrx_word' id='word_1_103' title='bbox 1551 1351 1676 1406; x_wconf 89' lang='lat' dir='ltr'><strong>mali</strong></span> <span class='ocrx_word' id='word_1_104' title='bbox 1713 1350 1873 1406; x_wconf 89' lang='lat' dir='ltr'><strong>simul</strong></span> <span class='ocrx_word' id='word_1_105' title='bbox 1903 1350 1958 1404; x_wconf 92' lang='lat' dir='ltr'><strong>in</strong></span> <span class='ocrx_word' id='word_1_106' title='bbox 1994 1349 2195 1404; x_wconf 92' lang='lat' dir='ltr'><strong>mundo</strong></span> 
     </span>
    </p>
   </div>
   <div class='ocr_carea' id='block_1_14' title="bbox 613 1462 758 1508">
    <p class='ocr_par' dir='ltr' id='par_1_14' title="bbox 613 1462 758 1508">
     <span class='ocr_line' id='line_1_14' title="bbox 613 1462 758 1508; baseline -0.014 0"><span class='ocrx_word' id='word_1_107' title='bbox 613 1462 758 1508; x_wconf 82' lang='lat' dir='ltr'><strong>sunt.</strong></span> 
     </span>
    </p>
   </div>
   <div class='ocr_carea' id='block_1_15' title="bbox 683 1533 2194 1608">
    <p class='ocr_par' dir='ltr' id='par_1_15' title="bbox 683 1533 2194 1608">
     <span class='ocr_line' id='line_1_15' title="bbox 683 1533 2194 1608; baseline -0.005 -11"><span class='ocrx_word' id='word_1_108' title='bbox 683 1541 940 1597; x_wconf 75' lang='lat' dir='ltr'><strong>Messores</strong></span> <span class='ocrx_word' id='word_1_109' title='bbox 960 1548 1088 1595; x_wconf 88' lang='lat' dir='ltr'><strong>sunt</strong></span> <span class='ocrx_word' id='word_1_110' title='bbox 1115 1536 1314 1608; x_wconf 90' lang='lat' dir='ltr'><strong>angeli,</strong></span> <span class='ocrx_word' id='word_1_111' title='bbox 1355 1543 1417 1591; x_wconf 88' lang='lat' dir='ltr'><strong>ut</strong></span> <span class='ocrx_word' id='word_1_112' title='bbox 1439 1536 1496 1590; x_wconf 92' lang='lat' dir='ltr'><strong>in</strong></span> <span class='ocrx_word' id='word_1_113' title='bbox 1515 1535 1808 1606; x_wconf 88' lang='lat' dir='ltr'><strong>Evangelio</strong></span> <span class='ocrx_word' id='word_1_114' title='bbox 1837 1551 1850 1588; x_wconf 93' lang='lat'>:</span> <span class='ocrx_word' id='word_1_115' title='bbox 1880 1553 1899 1587; x_wconf 74' lang='grc' dir='ltr'><strong>ε</strong></span> <span class='ocrx_word' id='word_1_116' title='bbox 1927 1533 2194 1590; x_wconf 87' lang='lat' dir='ltr'><strong>Messores</strong></span> 
     </span>
    </p>
   </div>
   <div class='ocr_carea' id='block_1_16' title="bbox 610 1628 1074 1702">
    <p class='ocr_par' dir='ltr' id='par_1_16' title="bbox 610 1628 1074 1702">
     <span class='ocr_line' id='line_1_16' title="bbox 610 1628 1074 1702; baseline -0.026 -8"><span class='ocrx_word' id='word_1_117' title='bbox 610 1643 740 1694; x_wconf 81' lang='lat' dir='ltr'><strong>sunt</strong></span> <span class='ocrx_word' id='word_1_118' title='bbox 766 1628 942 1702; x_wconf 80' lang='lat' dir='ltr'><strong>angeli</strong></span> <span class='ocrx_word' id='word_1_119' title='bbox 971 1628 1017 1682; x_wconf 73' lang='grc'>⁸.</span> <span class='ocrx_word' id='word_1_120' title='bbox 1054 1648 1074 1683; x_wconf 74' lang='grc' dir='ltr'><strong>ι</strong></span> 
     </span>
    </p>
   </div>
   <div class='ocr_carea' id='block_1_17' title="bbox 676 1715 2194 1785">
    <p class='ocr_par' dir='ltr' id='par_1_17' title="bbox 676 1715 2194 1785">
     <span class='ocr_line' id='line_1_17' title="bbox 676 1715 2194 1785; baseline -0.002 -14"><span class='ocrx_word' id='word_1_121' title='bbox 676 1716 837 1774; x_wconf 79' lang='lat' dir='ltr'><strong>Mica:</strong></span> <span class='ocrx_word' id='word_1_122' title='bbox 887 1726 1016 1776; x_wconf 88' lang='lat' dir='ltr'><strong>sunt</strong></span> <span class='ocrx_word' id='word_1_123' title='bbox 1067 1717 1391 1774; x_wconf 89' lang='lat' dir='ltr'><strong>subtilitates</strong></span> <span class='ocrx_word' id='word_1_124' title='bbox 1446 1730 1613 1771; x_wconf 84' lang='lat' dir='ltr'><strong>sacra</strong></span> <span class='ocrx_word' id='word_1_125' title='bbox 1666 1715 1981 1785; x_wconf 89' lang='lat' dir='ltr'><strong>Scriptura,</strong></span> <span class='ocrx_word' id='word_1_126' title='bbox 2027 1724 2087 1770; x_wconf 91' lang='lat' dir='ltr'><strong>ut</strong></span> <span class='ocrx_word' id='word_1_127' title='bbox 2139 1715 2194 1769; x_wconf 92' lang='lat' dir='ltr'><strong>in</strong></span> 
     </span>
    </p>
   </div>
   <div class='ocr_carea' id='block_1_18' title="bbox 2298 522 3724 604">
    <p class='ocr_par' dir='ltr' id='par_1_18' title="bbox 2298 522 3724 604">
     <span class='ocr_line' id='line_1_18' title="bbox 2298 522 3724 604; baseline 0.017 -27"><span class='ocrx_word' id='word_1_128' title='bbox 2298 522 2384 578; x_wconf 88' lang='lat' dir='ltr'><strong>liis</strong></span> <span class='ocrx_word' id='word_1_129' title='bbox 2427 523 2605 578; x_wconf 84' lang='lat' dir='ltr'><strong>Aaron</strong></span> <span class='ocrx_word' id='word_1_130' title='bbox 2656 525 2848 579; x_wconf 89' lang='lat' dir='ltr'><strong>mitras</strong></span> <span class='ocrx_word' id='word_1_131' title='bbox 2879 525 2922 556; x_wconf 83' lang='lat'>&quot;</span> <span class='ocrx_word' id='word_1_132' title='bbox 2946 567 2960 590; x_wconf 92' lang='lat'><strong>,</strong></span> <span class='ocrx_word' id='word_1_133' title='bbox 2984 545 3001 578; x_wconf 72' lang='grc' dir='ltr'><strong>ι</strong></span> <span class='ocrx_word' id='word_1_134' title='bbox 3055 527 3194 596; x_wconf 90' lang='lat' dir='ltr'><strong>quod</strong></span> <span class='ocrx_word' id='word_1_135' title='bbox 3235 527 3314 584; x_wconf 76' lang='lat' dir='ltr'><strong>lex</strong></span> <span class='ocrx_word' id='word_1_136' title='bbox 3359 535 3514 590; x_wconf 85' lang='lat' dir='ltr'><strong>suadet</strong></span> <span class='ocrx_word' id='word_1_137' title='bbox 3550 543 3724 604; x_wconf 79' lang='lat' dir='ltr'><strong>ministris</strong></span> 
     </span>
    </p>
   </div>
   <div class='ocr_carea' id='block_1_19' title="bbox 2296 615 3101 673">
    <p class='ocr_par' dir='ltr' id='par_1_19' title="bbox 2296 615 3101 673">
     <span class='ocr_line' id='line_1_19' title="bbox 2296 615 3101 673; baseline 0.001 -2"><span class='ocrx_word' id='word_1_138' title='bbox 2296 615 2496 672; x_wconf 87' lang='lat' dir='ltr'><strong>Christi</strong></span> <span class='ocrx_word' id='word_1_139' title='bbox 2525 625 2584 671; x_wconf 91' lang='lat' dir='ltr'><strong>ut</strong></span> <span class='ocrx_word' id='word_1_140' title='bbox 2613 619 2950 672; x_wconf 90' lang='lat' dir='ltr'><strong>continentes</strong></span> <span class='ocrx_word' id='word_1_141' title='bbox 2975 619 3101 673; x_wconf 88' lang='lat' dir='ltr'><strong>sint.</strong></span> 
     </span>
    </p>
   </div>
   <div class='ocr_carea' id='block_1_20' title="bbox 2366 707 3722 795">
    <p class='ocr_par' dir='ltr' id='par_1_20' title="bbox 2366 707 3722 795">
     <span class='ocr_line' id='line_1_20' title="bbox 2366 707 3722 795; baseline 0.015 -34"><span class='ocrx_word' id='word_1_142' title='bbox 2366 707 2548 774; x_wconf 90' lang='lat' dir='ltr'><strong>Moab,</strong></span> <span class='ocrx_word' id='word_1_143' title='bbox 2581 709 2872 779; x_wconf 83' lang='lat' dir='ltr'><strong>gentilitas,</strong></span> <span class='ocrx_word' id='word_1_144' title='bbox 2900 718 2960 764; x_wconf 89' lang='lat' dir='ltr'><strong>ut</strong></span> <span class='ocrx_word' id='word_1_145' title='bbox 2985 711 3039 764; x_wconf 88' lang='lat' dir='ltr'><strong>in</strong></span> <span class='ocrx_word' id='word_1_146' title='bbox 3065 710 3317 766; x_wconf 90' lang='lat' dir='ltr'><strong>Psalmis:</strong></span> <span class='ocrx_word' id='word_1_147' title='bbox 3344 732 3361 764; x_wconf 80' lang='grc' dir='ltr'><strong>ι</strong></span> <span class='ocrx_word' id='word_1_148' title='bbox 3402 714 3529 773; x_wconf 83' lang='lat' dir='ltr'><strong>Moab</strong></span> <span class='ocrx_word' id='word_1_149' title='bbox 3563 721 3636 776; x_wconf 80' lang='lat' dir='ltr'><strong>olla</strong></span> <span class='ocrx_word' id='word_1_150' title='bbox 3654 731 3722 795; x_wconf 80' lang='lat' dir='ltr'><strong>spei</strong></span> 
     </span>
    </p>
   </div>
   <div class='ocr_carea' id='block_1_21' title="bbox 2295 802 3724 876">
    <p class='ocr_par' dir='ltr' id='par_1_21' title="bbox 2295 802 3724 876">
     <span class='ocr_line' id='line_1_21' title="bbox 2295 802 3724 876; baseline 0.021 -31"><span class='ocrx_word' id='word_1_151' title='bbox 2295 815 2431 856; x_wconf 60' lang='lat' dir='ltr'><strong>mea;</strong></span> <span class='ocrx_word' id='word_1_152' title='bbox 2443 802 2510 866; x_wconf 76' lang='grc' dir='ltr'><strong>ὀ,</strong></span> <span class='ocrx_word' id='word_1_153' title='bbox 2547 821 2565 853; x_wconf 75' lang='lat' dir='ltr'><strong>s</strong></span> <span class='ocrx_word' id='word_1_154' title='bbox 2592 804 2736 872; x_wconf 91' lang='lat' dir='ltr'><strong>quod</strong></span> <span class='ocrx_word' id='word_1_155' title='bbox 2761 803 2990 872; x_wconf 88' lang='lat' dir='ltr'><strong>populus</strong></span> <span class='ocrx_word' id='word_1_156' title='bbox 3013 804 3224 876; x_wconf 74' lang='lat' dir='ltr'><strong>gentilis</strong></span> <span class='ocrx_word' id='word_1_157' title='bbox 3249 821 3336 876; x_wconf 88' lang='lat' dir='ltr'><strong>spe</strong></span> <span class='ocrx_word' id='word_1_158' title='bbox 3355 807 3608 868; x_wconf 70' lang='lat' dir='ltr'><strong>salutissua</strong></span> <span class='ocrx_word' id='word_1_159' title='bbox 3624 819 3724 873; x_wconf 73' lang='lat' dir='ltr'><strong>mlio-</strong></span> 
     </span>
    </p>
   </div>
   <div class='ocr_carea' id='block_1_22' title="bbox 2295 891 3724 965">
    <p class='ocr_par' dir='ltr' id='par_1_22' title="bbox 2295 891 3724 965">
     <span class='ocr_line' id='line_1_22' title="bbox 2295 891 3724 965; baseline 0.008 -18"><span class='ocrx_word' id='word_1_160' title='bbox 2295 900 2467 948; x_wconf 88' lang='lat' dir='ltr'><strong>ratur.</strong></span> <span class='ocrx_word' id='word_1_161' title='bbox 2498 891 2655 946; x_wconf 85' lang='lat' dir='ltr'><strong>Moab</strong></span> <span class='ocrx_word' id='word_1_162' title='bbox 2711 894 2936 965; x_wconf 87' lang='lat' dir='ltr'><strong>quilibet</strong></span> <span class='ocrx_word' id='word_1_163' title='bbox 2976 894 3220 963; x_wconf 89' lang='lat' dir='ltr'><strong>iniquus,</strong></span> <span class='ocrx_word' id='word_1_164' title='bbox 3247 903 3300 950; x_wconf 89' lang='lat' dir='ltr'><strong>ut</strong></span> <span class='ocrx_word' id='word_1_165' title='bbox 3323 896 3370 950; x_wconf 95' lang='lat' dir='ltr'><strong>in</strong></span> <span class='ocrx_word' id='word_1_166' title='bbox 3393 896 3580 956; x_wconf 82' lang='lat' dir='ltr'><strong>Psalmis</strong></span> <span class='ocrx_word' id='word_1_167' title='bbox 3601 907 3724 960; x_wconf 68' lang='lat' dir='ltr'><strong>uid-</strong></span> 
     </span>
    </p>
   </div>
   <div class='ocr_carea' id='block_1_23' title="bbox 2299 984 3723 1055">
    <p class='ocr_par' dir='ltr' id='par_1_23' title="bbox 2299 984 3723 1055">
     <span class='ocr_line' id='line_1_23' title="bbox 2299 984 3723 1055; baseline 0.008 -17"><span class='ocrx_word' id='word_1_168' title='bbox 2299 998 2512 1040; x_wconf 84' lang='lat' dir='ltr'><strong>versum</strong></span> <span class='ocrx_word' id='word_1_169' title='bbox 2553 994 2606 1039; x_wconf 92' lang='lat' dir='ltr'><strong>te</strong></span> <span class='ocrx_word' id='word_1_170' title='bbox 2650 993 3034 1040; x_wconf 89' lang='lat' dir='ltr'><strong>testamentum</strong></span> <span class='ocrx_word' id='word_1_171' title='bbox 3079 984 3447 1055; x_wconf 89' lang='lat' dir='ltr'><strong>disposuerunt,</strong></span> <span class='ocrx_word' id='word_1_172' title='bbox 3489 992 3723 1051; x_wconf 81' lang='lat' dir='ltr'><strong>tabemcuh</strong></span> 
     </span>
    </p>
   </div>
   <div class='ocr_carea' id='block_1_24' title="bbox 2293 1075 3720 1150">
    <p class='ocr_par' dir='ltr' id='par_1_24' title="bbox 2293 1075 3720 1150">
     <span class='ocr_line' id='line_1_24' title="bbox 2293 1075 3720 1150; baseline 0.006 -20"><span class='ocrx_word' id='word_1_173' title='bbox 2293 1075 2650 1131; x_wconf 87' lang='lat' dir='ltr'><strong>Idumaeorum</strong></span> <span class='ocrx_word' id='word_1_174' title='bbox 2696 1087 2752 1132; x_wconf 91' lang='lat' dir='ltr'><strong>et</strong></span> <span class='ocrx_word' id='word_1_175' title='bbox 2791 1075 3077 1133; x_wconf 80' lang='lat' dir='ltr'><strong>lsmaelita</strong></span> <span class='ocrx_word' id='word_1_176' title='bbox 3100 1115 3116 1140; x_wconf 95' lang='lat'><strong>,</strong></span> <span class='ocrx_word' id='word_1_177' title='bbox 3170 1075 3316 1132; x_wconf 83' lang='lat' dir='ltr'><strong>Moab</strong></span> <span class='ocrx_word' id='word_1_178' title='bbox 3346 1086 3396 1132; x_wconf 89' lang='lat' dir='ltr'><strong>et</strong></span> <span class='ocrx_word' id='word_1_179' title='bbox 3433 1077 3614 1148; x_wconf 65' lang='grc' dir='ltr'><strong>Λευειιὶ</strong></span> <span class='ocrx_word' id='word_1_180' title='bbox 3640 1085 3720 1150; x_wconf 80' lang='grc' dir='ltr'><strong>¹¹;ι</strong></span> 
     </span>
    </p>
   </div>
   <div class='ocr_carea' id='block_1_25' title="bbox 2295 1167 3723 1238">
    <p class='ocr_par' dir='ltr' id='par_1_25' title="bbox 2295 1167 3723 1238">
     <span class='ocr_line' id='line_1_25' title="bbox 2295 1167 3723 1238; baseline 0.006 -16"><span class='ocrx_word' id='word_1_181' title='bbox 2295 1167 2438 1238; x_wconf 91' lang='lat' dir='ltr'><strong>quod</strong></span> <span class='ocrx_word' id='word_1_182' title='bbox 2482 1167 2983 1230; x_wconf 89' lang='lat' dir='ltr'><strong>contra,Christum</strong></span> <span class='ocrx_word' id='word_1_183' title='bbox 3020 1176 3075 1223; x_wconf 91' lang='lat' dir='ltr'><strong>et</strong></span> <span class='ocrx_word' id='word_1_184' title='bbox 3113 1182 3204 1223; x_wconf 86' lang='lat' dir='ltr'><strong>eos</strong></span> <span class='ocrx_word' id='word_1_185' title='bbox 3242 1169 3327 1238; x_wconf 86' lang='lat' dir='ltr'><strong>qui</strong></span> <span class='ocrx_word' id='word_1_186' title='bbox 3370 1179 3477 1224; x_wconf 90' lang='lat' dir='ltr'><strong>sunt</strong></span> <span class='ocrx_word' id='word_1_187' title='bbox 3506 1171 3665 1238; x_wconf 79' lang='lat' dir='ltr'><strong>Christi.</strong></span> <span class='ocrx_word' id='word_1_188' title='bbox 3690 1193 3723 1232; x_wconf 72' lang='lat' dir='ltr'><strong>se</strong></span> 
     </span>
    </p>
   </div>
   <div class='ocr_carea' id='block_1_26' title="bbox 2294 1259 3723 1338">
    <p class='ocr_par' dir='ltr' id='par_1_26' title="bbox 2294 1259 3723 1338">
     <span class='ocr_line' id='line_1_26' title="bbox 2294 1259 3723 1338; baseline 0.008 -25"><span class='ocrx_word' id='word_1_189' title='bbox 2294 1259 2528 1330; x_wconf 86' lang='lat' dir='ltr'><strong>erigunt,</strong></span> <span class='ocrx_word' id='word_1_190' title='bbox 2552 1259 2643 1328; x_wconf 91' lang='lat' dir='ltr'><strong>qui</strong></span> <span class='ocrx_word' id='word_1_191' title='bbox 2672 1259 2930 1314; x_wconf 89' lang='lat' dir='ltr'><strong>mundum</strong></span> <span class='ocrx_word' id='word_1_192' title='bbox 2970 1260 3216 1331; x_wconf 88' lang='lat' dir='ltr'><strong>diligunt,</strong></span> <span class='ocrx_word' id='word_1_193' title='bbox 3258 1263 3342 1331; x_wconf 87' lang='lat' dir='ltr'><strong>qui</strong></span> <span class='ocrx_word' id='word_1_194' title='bbox 3378 1263 3465 1318; x_wconf 89' lang='lat' dir='ltr'><strong>sibi</strong></span> <span class='ocrx_word' id='word_1_195' title='bbox 3487 1263 3532 1318; x_wconf 90' lang='lat' dir='ltr'><strong>in</strong></span> <span class='ocrx_word' id='word_1_196' title='bbox 3551 1265 3723 1338; x_wconf 73' lang='lat' dir='ltr'><strong>voluptate</strong></span> 
     </span>
    </p>
   </div>
   <div class='ocr_carea' id='block_1_27' title="bbox 2295 1350 3723 1425">
    <p class='ocr_par' dir='ltr' id='par_1_27' title="bbox 2295 1350 3723 1425">
     <span class='ocr_line' id='line_1_27' title="bbox 2295 1350 3723 1425; baseline 0.006 -21"><span class='ocrx_word' id='word_1_197' title='bbox 2295 1350 2475 1405; x_wconf 88' lang='lat' dir='ltr'><strong>carnis</strong></span> <span class='ocrx_word' id='word_1_198' title='bbox 2499 1351 2847 1406; x_wconf 89' lang='lat' dir='ltr'><strong>consentiunt</strong></span> <span class='ocrx_word' id='word_1_199' title='bbox 2877 1365 2892 1404; x_wconf 92' lang='lat'><strong>:</strong></span> <span class='ocrx_word' id='word_1_200' title='bbox 2921 1350 3014 1420; x_wconf 90' lang='lat' dir='ltr'><strong>qui</strong></span> <span class='ocrx_word' id='word_1_201' title='bbox 3040 1367 3105 1406; x_wconf 89' lang='lat' dir='ltr'><strong>ex</strong></span> <span class='ocrx_word' id='word_1_202' title='bbox 3143 1359 3292 1420; x_wconf 86' lang='lat' dir='ltr'><strong>patre</strong></span> <span class='ocrx_word' id='word_1_203' title='bbox 3310 1353 3493 1407; x_wconf 81' lang='lat' dir='ltr'><strong>diabolo</strong></span> <span class='ocrx_word' id='word_1_204' title='bbox 3515 1356 3622 1418; x_wconf 81' lang='lat' dir='ltr'><strong>nt,</strong></span> <span class='ocrx_word' id='word_1_205' title='bbox 3641 1360 3723 1425; x_wconf 81' lang='lat' dir='ltr'><strong>quod</strong></span> 
     </span>
    </p>
   </div>
   <div class='ocr_carea' id='block_1_28' title="bbox 2294 1441 3723 1514">
    <p class='ocr_par' dir='ltr' id='par_1_28' title="bbox 2294 1441 3723 1514">
     <span class='ocr_line' id='line_1_28' title="bbox 2294 1441 3723 1514; baseline 0.004 -19"><span class='ocrx_word' id='word_1_206' title='bbox 2294 1457 2324 1495; x_wconf 94' lang='lat' dir='ltr'><strong>a</strong></span> <span class='ocrx_word' id='word_1_207' title='bbox 2347 1444 2488 1497; x_wconf 91' lang='lat' dir='ltr'><strong>bono</strong></span> <span class='ocrx_word' id='word_1_208' title='bbox 2509 1441 2812 1497; x_wconf 87' lang='lat' dir='ltr'><strong>suntalieni</strong></span> <span class='ocrx_word' id='word_1_209' title='bbox 2838 1460 2850 1496; x_wconf 91' lang='lat'><strong>:</strong></span> <span class='ocrx_word' id='word_1_210' title='bbox 2882 1443 3028 1511; x_wconf 91' lang='lat' dir='ltr'><strong>quod</strong></span> <span class='ocrx_word' id='word_1_211' title='bbox 3069 1443 3276 1498; x_wconf 85' lang='lat' dir='ltr'><strong>ldumai</strong></span> <span class='ocrx_word' id='word_1_212' title='bbox 3306 1443 3646 1514; x_wconf 82' lang='lat' dir='ltr'><strong>interpretantur</strong></span> <span class='ocrx_word' id='word_1_213' title='bbox 3662 1457 3723 1501; x_wconf 78' lang='lat' dir='ltr'><strong>tu-</strong></span> 
     </span>
    </p>
   </div>
   <div class='ocr_carea' id='block_1_29' title="bbox 2295 1533 3724 1607">
    <p class='ocr_par' dir='ltr' id='par_1_29' title="bbox 2295 1533 3724 1607">
     <span class='ocr_line' id='line_1_29' title="bbox 2295 1533 3724 1607; baseline 0.004 -22"><span class='ocrx_word' id='word_1_214' title='bbox 2295 1534 2440 1599; x_wconf 81' lang='lat' dir='ltr'><strong>reni;</strong></span> <span class='ocrx_word' id='word_1_215' title='bbox 2486 1533 2789 1598; x_wconf 80' lang='lat' dir='ltr'><strong>lsmaelita,</strong></span> <span class='ocrx_word' id='word_1_216' title='bbox 2823 1533 2923 1588; x_wconf 82' lang='lat' dir='ltr'><strong>sibi</strong></span> <span class='ocrx_word' id='word_1_217' title='bbox 2976 1533 3301 1597; x_wconf 80' lang='lat' dir='ltr'><strong>obedientes;</strong></span> <span class='ocrx_word' id='word_1_218' title='bbox 3347 1533 3498 1599; x_wconf 85' lang='lat' dir='ltr'><strong>Moab,</strong></span> <span class='ocrx_word' id='word_1_219' title='bbox 3535 1554 3584 1590; x_wconf 73' lang='lat' dir='ltr'><strong>es</strong></span> <span class='ocrx_word' id='word_1_220' title='bbox 3611 1549 3724 1607; x_wconf 78' lang='lat' dir='ltr'><strong>patre;</strong></span> 
     </span>
    </p>
   </div>
   <div class='ocr_carea' id='block_1_30' title="bbox 2292 1624 3722 1696">
    <p class='ocr_par' dir='ltr' id='par_1_30' title="bbox 2292 1624 3722 1696">
     <span class='ocr_line' id='line_1_30' title="bbox 2292 1624 3722 1696; baseline 0.002 -16"><span class='ocrx_word' id='word_1_221' title='bbox 2292 1625 2454 1696; x_wconf 80' lang='lat' dir='ltr'><strong>Agar,</strong></span> <span class='ocrx_word' id='word_1_222' title='bbox 2489 1626 2709 1680; x_wconf 81' lang='lat' dir='ltr'><strong>advena.</strong></span> <span class='ocrx_word' id='word_1_223' title='bbox 2757 1625 2935 1691; x_wconf 87' lang='lat' dir='ltr'><strong>Moab,</strong></span> <span class='ocrx_word' id='word_1_224' title='bbox 2965 1624 3227 1690; x_wconf 90' lang='lat' dir='ltr'><strong>diabolus,</strong></span> <span class='ocrx_word' id='word_1_225' title='bbox 3258 1633 3315 1680; x_wconf 92' lang='lat' dir='ltr'><strong>ut</strong></span> <span class='ocrx_word' id='word_1_226' title='bbox 3348 1627 3394 1679; x_wconf 93' lang='lat' dir='ltr'><strong>in</strong></span> <span class='ocrx_word' id='word_1_227' title='bbox 3420 1626 3532 1681; x_wconf 85' lang='lat' dir='ltr'><strong>Isaia</strong></span> <span class='ocrx_word' id='word_1_228' title='bbox 3557 1646 3567 1680; x_wconf 89' lang='lat'>:</span> <span class='ocrx_word' id='word_1_229' title='bbox 3590 1645 3603 1677; x_wconf 85' lang='lat' dir='ltr'><strong>t</strong></span> <span class='ocrx_word' id='word_1_230' title='bbox 3623 1629 3722 1683; x_wconf 74' lang='lat' dir='ltr'><strong>Andi-</strong></span> 
     </span>
    </p>
   </div>
   <div class='ocr_carea' id='block_1_31' title="bbox 2297 1716 3719 1788">
    <p class='ocr_par' dir='ltr' id='par_1_31' title="bbox 2297 1716 3719 1788">
     <span class='ocr_line' id='line_1_31' title="bbox 2297 1716 3719 1788; baseline -0.001 -18"><span class='ocrx_word' id='word_1_231' title='bbox 2297 1718 2475 1773; x_wconf 85' lang='lat' dir='ltr'><strong>vimus</strong></span> <span class='ocrx_word' id='word_1_232' title='bbox 2521 1718 2829 1788; x_wconf 87' lang='lat' dir='ltr'><strong>superbiam</strong></span> <span class='ocrx_word' id='word_1_233' title='bbox 2876 1716 3053 1781; x_wconf 82' lang='lat' dir='ltr'><strong>Moab,</strong></span> <span class='ocrx_word' id='word_1_234' title='bbox 3105 1717 3359 1786; x_wconf 90' lang='lat' dir='ltr'><strong>superbus</strong></span> <span class='ocrx_word' id='word_1_235' title='bbox 3399 1725 3471 1772; x_wconf 87' lang='lat' dir='ltr'><strong>est</strong></span> <span class='ocrx_word' id='word_1_236' title='bbox 3510 1716 3719 1780; x_wconf 71' lang='lat' dir='ltr'><strong>valde&quot;,i</strong></span> 
     </span>
    </p>
   </div>
   <div class='ocr_carea' id='block_1_32' title="bbox 609 1804 3723 1884">
    <p class='ocr_par' dir='ltr' id='par_1_32' title="bbox 609 1804 3723 1884">
     <span class='ocr_line' id='line_1_32' title="bbox 609 1804 3723 1884; baseline -0.004 -13"><span class='ocrx_word' id='word_1_237' title='bbox 609 1812 903 1884; x_wconf 80' lang='lat' dir='ltr'><strong>Evangelia</strong></span> <span class='ocrx_word' id='word_1_238' title='bbox 931 1832 943 1868; x_wconf 94' lang='lat'><strong>:</strong></span> <span class='ocrx_word' id='word_1_239' title='bbox 980 1831 999 1864; x_wconf 79' lang='grc' dir='ltr'><strong>ι</strong></span> <span class='ocrx_word' id='word_1_240' title='bbox 1018 1811 1253 1882; x_wconf 86' lang='lat' dir='ltr'><strong>Cupiens</strong></span> <span class='ocrx_word' id='word_1_241' title='bbox 1311 1811 1546 1865; x_wconf 90' lang='lat' dir='ltr'><strong>saturari</strong></span> <span class='ocrx_word' id='word_1_242' title='bbox 1595 1809 1664 1864; x_wconf 89' lang='lat' dir='ltr'><strong>de</strong></span> <span class='ocrx_word' id='word_1_243' title='bbox 1708 1809 1864 1864; x_wconf 88' lang='lat' dir='ltr'><strong>micis</strong></span> <span class='ocrx_word' id='word_1_244' title='bbox 1884 1810 1907 1841; x_wconf 82' lang='grc'><strong>⁵</strong></span> <span class='ocrx_word' id='word_1_245' title='bbox 1932 1851 1946 1875; x_wconf 86' lang='grc'><strong>,</strong></span> <span class='ocrx_word' id='word_1_246' title='bbox 1978 1828 1997 1860; x_wconf 74' lang='grc' dir='ltr'><strong>ι</strong></span> <span class='ocrx_word' id='word_1_247' title='bbox 2050 1808 2194 1878; x_wconf 90' lang='lat' dir='ltr'><strong>quod</strong></span> <span class='ocrx_word' id='word_1_248' title='bbox 2220 1804 2269 1864; x_wconf 87' lang='lat' dir='ltr'><strong>B</strong></span> <span class='ocrx_word' id='word_1_249' title='bbox 2295 1809 2441 1878; x_wconf 93' lang='lat' dir='ltr'><strong>quod</strong></span> <span class='ocrx_word' id='word_1_250' title='bbox 2486 1807 2732 1863; x_wconf 87' lang='lat' dir='ltr'><strong>diabolus</strong></span> <span class='ocrx_word' id='word_1_251' title='bbox 2759 1814 2946 1862; x_wconf 88' lang='lat' dir='ltr'><strong>contra</strong></span> <span class='ocrx_word' id='word_1_252' title='bbox 2976 1807 3148 1861; x_wconf 90' lang='lat' dir='ltr'><strong>Deum</strong></span> <span class='ocrx_word' id='word_1_253' title='bbox 3177 1805 3421 1875; x_wconf 87' lang='lat' dir='ltr'><strong>superbit.</strong></span> <span class='ocrx_word' id='word_1_254' title='bbox 3442 1805 3584 1869; x_wconf 77' lang='grc' dir='ltr'><strong>ιιοαι,</strong></span> <span class='ocrx_word' id='word_1_255' title='bbox 3612 1822 3723 1876; x_wconf 80' lang='lat' dir='ltr'><strong>pecu-</strong></span> 
     </span>
    </p>
   </div>
   <div class='ocr_carea' id='block_1_33' title="bbox 609 1901 2190 1978">
    <p class='ocr_par' dir='ltr' id='par_1_33' title="bbox 609 1901 2190 1978">
     <span class='ocr_line' id='line_1_33' title="bbox 609 1901 2190 1978; baseline -0.004 -17"><span class='ocrx_word' id='word_1_256' title='bbox 609 1905 825 1978; x_wconf 86' lang='lat' dir='ltr'><strong>gentilis</strong></span> <span class='ocrx_word' id='word_1_257' title='bbox 861 1905 1088 1978; x_wconf 90' lang='lat' dir='ltr'><strong>populus</strong></span> <span class='ocrx_word' id='word_1_258' title='bbox 1132 1918 1300 1959; x_wconf 84' lang='lat' dir='ltr'><strong>sacra</strong></span> <span class='ocrx_word' id='word_1_259' title='bbox 1338 1901 1630 1972; x_wconf 86' lang='lat' dir='ltr'><strong>Scriptura</strong></span> <span class='ocrx_word' id='word_1_260' title='bbox 1671 1902 2065 1972; x_wconf 89' lang='lat' dir='ltr'><strong>profunditates</strong></span> <span class='ocrx_word' id='word_1_261' title='bbox 2110 1902 2190 1955; x_wconf 86' lang='lat' dir='ltr'><strong>in-</strong></span> 
     </span>
    </p>
   </div>
   <div class='ocr_carea' id='block_1_34' title="bbox 605 1999 1044 2070">
    <p class='ocr_par' dir='ltr' id='par_1_34' title="bbox 605 1999 1044 2070">
     <span class='ocr_line' id='line_1_34' title="bbox 605 1999 1044 2070; baseline -0.009 -14"><span class='ocrx_word' id='word_1_262' title='bbox 605 1999 851 2070; x_wconf 89' lang='lat' dir='ltr'><strong>telligere</strong></span> <span class='ocrx_word' id='word_1_263' title='bbox 880 1999 1044 2069; x_wconf 90' lang='lat' dir='ltr'><strong>cupit.</strong></span> 
     </span>
    </p>
   </div>
   <div class='ocr_carea' id='block_1_35' title="bbox 681 2085 2190 2160">
    <p class='ocr_par' dir='ltr' id='par_1_35' title="bbox 681 2085 2190 2160">
     <span class='ocr_line' id='line_1_35' title="bbox 681 2085 2190 2160; baseline -0.004 -13"><span class='ocrx_word' id='word_1_264' title='bbox 681 2090 877 2147; x_wconf 80' lang='lat' dir='ltr'><strong>Milites</strong></span> <span class='ocrx_word' id='word_1_265' title='bbox 901 2098 1028 2147; x_wconf 89' lang='lat' dir='ltr'><strong>sunt</strong></span> <span class='ocrx_word' id='word_1_266' title='bbox 1044 2088 1244 2160; x_wconf 89' lang='lat' dir='ltr'><strong>angeli,</strong></span> <span class='ocrx_word' id='word_1_267' title='bbox 1275 2098 1335 2144; x_wconf 89' lang='lat' dir='ltr'><strong>ut</strong></span> <span class='ocrx_word' id='word_1_268' title='bbox 1359 2089 1412 2143; x_wconf 93' lang='lat' dir='ltr'><strong>in</strong></span> <span class='ocrx_word' id='word_1_269' title='bbox 1443 2085 1544 2143; x_wconf 89' lang='lat' dir='ltr'><strong>Job</strong></span> <span class='ocrx_word' id='word_1_270' title='bbox 1573 2103 1588 2142; x_wconf 91' lang='lat'><strong>:</strong></span> <span class='ocrx_word' id='word_1_271' title='bbox 1623 2106 1641 2140; x_wconf 79' lang='grc' dir='ltr'><strong>ι</strong></span> <span class='ocrx_word' id='word_1_272' title='bbox 1676 2087 1926 2158; x_wconf 89' lang='lat' dir='ltr'><strong>Nunquid</strong></span> <span class='ocrx_word' id='word_1_273' title='bbox 1969 2096 2050 2144; x_wconf 89' lang='lat' dir='ltr'><strong>est</strong></span> <span class='ocrx_word' id='word_1_274' title='bbox 2087 2104 2190 2142; x_wconf 91' lang='lat' dir='ltr'><strong>nu-</strong></span> 
     </span>
    </p>
   </div>
   <div class='ocr_carea' id='block_1_36' title="bbox 609 2179 2192 2249">
    <p class='ocr_par' dir='ltr' id='par_1_36' title="bbox 609 2179 2192 2249">
     <span class='ocr_line' id='line_1_36' title="bbox 609 2179 2192 2249; baseline -0.004 -11"><span class='ocrx_word' id='word_1_275' title='bbox 609 2197 793 2238; x_wconf 90' lang='lat' dir='ltr'><strong>merus</strong></span> <span class='ocrx_word' id='word_1_276' title='bbox 821 2181 1050 2236; x_wconf 91' lang='lat' dir='ltr'><strong>militum</strong></span> <span class='ocrx_word' id='word_1_277' title='bbox 1099 2179 1257 2248; x_wconf 86' lang='lat' dir='ltr'><strong>ejus?</strong></span> <span class='ocrx_word' id='word_1_278' title='bbox 1281 2179 1301 2210; x_wconf 83' lang='lat'>&#39;</span> <span class='ocrx_word' id='word_1_279' title='bbox 1332 2199 1351 2233; x_wconf 83' lang='grc'>›</span> <span class='ocrx_word' id='word_1_280' title='bbox 1387 2180 1530 2248; x_wconf 92' lang='lat' dir='ltr'><strong>quod</strong></span> <span class='ocrx_word' id='word_1_281' title='bbox 1555 2189 1817 2249; x_wconf 90' lang='lat' dir='ltr'><strong>quantum</strong></span> <span class='ocrx_word' id='word_1_282' title='bbox 1845 2179 1912 2233; x_wconf 93' lang='lat' dir='ltr'><strong>ad</strong></span> <span class='ocrx_word' id='word_1_283' title='bbox 1937 2181 1954 2198; x_wconf 86' lang='lat'>&#39;</span> <span class='ocrx_word' id='word_1_284' title='bbox 1976 2193 2073 2234; x_wconf 88' lang='lat' dir='ltr'><strong>vos</strong></span> <span class='ocrx_word' id='word_1_285' title='bbox 2098 2193 2192 2232; x_wconf 91' lang='lat' dir='ltr'><strong>an-</strong></span> 
     </span>
    </p>
   </div>
   <div class='ocr_carea' id='block_1_37' title="bbox 610 2271 2185 2346">
    <p class='ocr_par' dir='ltr' id='par_1_37' title="bbox 610 2271 2185 2346">
     <span class='ocr_line' id='line_1_37' title="bbox 610 2271 2185 2346; baseline -0.003 -16"><span class='ocrx_word' id='word_1_286' title='bbox 610 2276 713 2346; x_wconf 85' lang='lat' dir='ltr'><strong>geli</strong></span> <span class='ocrx_word' id='word_1_287' title='bbox 736 2273 1157 2329; x_wconf 88' lang='lat' dir='ltr'><strong>iunumerabiles</strong></span> <span class='ocrx_word' id='word_1_288' title='bbox 1183 2280 1326 2328; x_wconf 91' lang='lat' dir='ltr'><strong>sunt.</strong></span> <span class='ocrx_word' id='word_1_289' title='bbox 1361 2271 1577 2337; x_wconf 80' lang='lat' dir='ltr'><strong>Milites,</strong></span> <span class='ocrx_word' id='word_1_290' title='bbox 1601 2271 1829 2326; x_wconf 84' lang='lat' dir='ltr'><strong>virtutes</strong></span> <span class='ocrx_word' id='word_1_291' title='bbox 1859 2271 2185 2342; x_wconf 90' lang='lat' dir='ltr'><strong>spirituales,</strong></span> 
     </span>
    </p>
   </div>
   <div class='ocr_carea' id='block_1_38' title="bbox 611 2362 2183 2436">
    <p class='ocr_par' dir='ltr' id='par_1_38' title="bbox 611 2362 2183 2436">
     <span class='ocr_line' id='line_1_38' title="bbox 611 2362 2183 2436; baseline -0.006 -14"><span class='ocrx_word' id='word_1_292' title='bbox 611 2375 671 2422; x_wconf 90' lang='lat' dir='ltr'><strong>ut</strong></span> <span class='ocrx_word' id='word_1_293' title='bbox 714 2367 767 2421; x_wconf 92' lang='lat' dir='ltr'><strong>in</strong></span> <span class='ocrx_word' id='word_1_294' title='bbox 810 2365 1134 2436; x_wconf 88' lang='lat' dir='ltr'><strong>Evangelio:</strong></span> <span class='ocrx_word' id='word_1_295' title='bbox 1171 2365 1189 2384; x_wconf 86' lang='lat'><strong>&#39;</strong></span> <span class='ocrx_word' id='word_1_296' title='bbox 1224 2381 1242 2415; x_wconf 77' lang='grc' dir='ltr'><strong>ι</strong></span> <span class='ocrx_word' id='word_1_297' title='bbox 1281 2363 1492 2418; x_wconf 82' lang='lat' dir='ltr'><strong>Habent</strong></span> <span class='ocrx_word' id='word_1_298' title='bbox 1545 2363 1643 2417; x_wconf 93' lang='lat' dir='ltr'><strong>sub</strong></span> <span class='ocrx_word' id='word_1_299' title='bbox 1691 2377 1778 2417; x_wconf 89' lang='lat' dir='ltr'><strong>me</strong></span> <span class='ocrx_word' id='word_1_300' title='bbox 1849 2362 2047 2416; x_wconf 90' lang='lat' dir='ltr'><strong>milites</strong></span> <span class='ocrx_word' id='word_1_301' title='bbox 2078 2363 2099 2393; x_wconf 86' lang='grc'><strong>⁷</strong></span> <span class='ocrx_word' id='word_1_302' title='bbox 2122 2401 2137 2427; x_wconf 94' lang='grc'>,</span> <span class='ocrx_word' id='word_1_303' title='bbox 2165 2380 2183 2413; x_wconf 79' lang='grc' dir='ltr'><strong>ι</strong></span> 
     </span>
    </p>
   </div>
   <div class='ocr_carea' id='block_1_39' title="bbox 611 2454 1820 2529">
    <p class='ocr_par' dir='ltr' id='par_1_39' title="bbox 611 2454 1820 2529">
     <span class='ocr_line' id='line_1_39' title="bbox 611 2454 1820 2529; baseline -0.004 -17"><span class='ocrx_word' id='word_1_304' title='bbox 611 2459 754 2529; x_wconf 88' lang='lat' dir='ltr'><strong>quod</strong></span> <span class='ocrx_word' id='word_1_305' title='bbox 785 2458 964 2512; x_wconf 90' lang='lat' dir='ltr'><strong>anima</strong></span> <span class='ocrx_word' id='word_1_306' title='bbox 990 2463 1173 2512; x_wconf 89' lang='lat' dir='ltr'><strong>sancta</strong></span> <span class='ocrx_word' id='word_1_307' title='bbox 1197 2454 1487 2510; x_wconf 83' lang='lat' dir='ltr'><strong>virtutibus</strong></span> <span class='ocrx_word' id='word_1_308' title='bbox 1516 2455 1820 2508; x_wconf 86' lang='lat' dir='ltr'><strong>roboratur.</strong></span> 
     </span>
    </p>
   </div>
   <div class='ocr_carea' id='block_1_40' title="bbox 685 2542 2192 2616">
    <p class='ocr_par' dir='ltr' id='par_1_40' title="bbox 685 2542 2192 2616">
     <span class='ocr_line' id='line_1_40' title="bbox 685 2542 2192 2616; baseline -0.003 -12"><span class='ocrx_word' id='word_1_309' title='bbox 685 2548 880 2604; x_wconf 81' lang='lat' dir='ltr'><strong>Militia</strong></span> <span class='ocrx_word' id='word_1_310' title='bbox 924 2556 1008 2603; x_wconf 89' lang='lat' dir='ltr'><strong>est</strong></span> <span class='ocrx_word' id='word_1_311' title='bbox 1054 2561 1246 2616; x_wconf 87' lang='lat' dir='ltr'><strong>aspera</strong></span> <span class='ocrx_word' id='word_1_312' title='bbox 1276 2546 1409 2612; x_wconf 90' lang='lat' dir='ltr'><strong>vita,</strong></span> <span class='ocrx_word' id='word_1_313' title='bbox 1437 2552 1497 2599; x_wconf 91' lang='lat' dir='ltr'><strong>ut</strong></span> <span class='ocrx_word' id='word_1_314' title='bbox 1539 2545 1593 2599; x_wconf 93' lang='lat' dir='ltr'><strong>in</strong></span> <span class='ocrx_word' id='word_1_315' title='bbox 1630 2542 1729 2599; x_wconf 90' lang='lat' dir='ltr'><strong>Job</strong></span> <span class='ocrx_word' id='word_1_316' title='bbox 1764 2563 1776 2596; x_wconf 91' lang='lat'>:</span> <span class='ocrx_word' id='word_1_317' title='bbox 1816 2564 1834 2595; x_wconf 76' lang='grc' dir='ltr'><strong>ι</strong></span> <span class='ocrx_word' id='word_1_318' title='bbox 1875 2544 2066 2599; x_wconf 84' lang='lat' dir='ltr'><strong>Militia</strong></span> <span class='ocrx_word' id='word_1_319' title='bbox 2109 2553 2192 2600; x_wconf 91' lang='lat' dir='ltr'><strong>est</strong></span> 
     </span>
    </p>
   </div>
   <div class='ocr_carea' id='block_1_41' title="bbox 612 2635 2188 2708">
    <p class='ocr_par' dir='ltr' id='par_1_41' title="bbox 612 2635 2188 2708">
     <span class='ocr_line' id='line_1_41' title="bbox 612 2635 2188 2708; baseline -0.002 -13"><span class='ocrx_word' id='word_1_320' title='bbox 612 2640 721 2695; x_wconf 90' lang='lat' dir='ltr'><strong>vita</strong></span> <span class='ocrx_word' id='word_1_321' title='bbox 751 2638 986 2695; x_wconf 87' lang='lat' dir='ltr'><strong>hominis</strong></span> <span class='ocrx_word' id='word_1_322' title='bbox 1025 2653 1188 2708; x_wconf 90' lang='lat' dir='ltr'><strong>super</strong></span> <span class='ocrx_word' id='word_1_323' title='bbox 1229 2648 1433 2693; x_wconf 87' lang='lat' dir='ltr'><strong>terram</strong></span> <span class='ocrx_word' id='word_1_324' title='bbox 1475 2635 1520 2703; x_wconf 81' lang='grc'>⁸,</span> <span class='ocrx_word' id='word_1_325' title='bbox 1551 2655 1571 2688; x_wconf 73' lang='grc' dir='ltr'><strong>ι</strong></span> <span class='ocrx_word' id='word_1_326' title='bbox 1599 2637 1743 2706; x_wconf 90' lang='lat' dir='ltr'><strong>quod</strong></span> <span class='ocrx_word' id='word_1_327' title='bbox 1789 2637 1881 2706; x_wconf 90' lang='lat' dir='ltr'><strong>qui</strong></span> <span class='ocrx_word' id='word_1_328' title='bbox 1916 2637 2007 2693; x_wconf 91' lang='lat' dir='ltr'><strong>diu</strong></span> <span class='ocrx_word' id='word_1_329' title='bbox 2033 2637 2188 2706; x_wconf 85' lang='lat' dir='ltr'><strong>vivit,</strong></span> 
     </span>
    </p>
   </div>
   <div class='ocr_carea' id='block_1_42' title="bbox 614 2727 1271 2784">
    <p class='ocr_par' dir='ltr' id='par_1_42' title="bbox 614 2727 1271 2784">
     <span class='ocr_line' id='line_1_42' title="bbox 614 2727 1271 2784; baseline -0.006 0"><span class='ocrx_word' id='word_1_330' title='bbox 614 2727 1000 2784; x_wconf 80' lang='lat' dir='ltr'><strong>tentationibus</strong></span> <span class='ocrx_word' id='word_1_331' title='bbox 1023 2734 1271 2782; x_wconf 81' lang='lat' dir='ltr'><strong>vexatur.</strong></span> 
     </span>
    </p>
   </div>
   <div class='ocr_carea' id='block_1_43' title="bbox 682 2816 2190 2894">
    <p class='ocr_par' dir='ltr' id='par_1_43' title="bbox 682 2816 2190 2894">
     <span class='ocr_line' id='line_1_43' title="bbox 682 2816 2190 2894; baseline 0.001 -22"><span class='ocrx_word' id='word_1_332' title='bbox 682 2817 874 2873; x_wconf 82' lang='lat' dir='ltr'><strong>Milvus</strong></span> <span class='ocrx_word' id='word_1_333' title='bbox 924 2826 1007 2872; x_wconf 89' lang='lat' dir='ltr'><strong>est</strong></span> <span class='ocrx_word' id='word_1_334' title='bbox 1053 2817 1317 2882; x_wconf 89' lang='lat' dir='ltr'><strong>diabolus,</strong></span> <span class='ocrx_word' id='word_1_335' title='bbox 1343 2825 1404 2894; x_wconf 88' lang='lat' dir='ltr'><strong>ut</strong></span> <span class='ocrx_word' id='word_1_336' title='bbox 1432 2816 1486 2872; x_wconf 95' lang='lat' dir='ltr'><strong>in</strong></span> <span class='ocrx_word' id='word_1_337' title='bbox 1511 2817 1818 2873; x_wconf 88' lang='lat' dir='ltr'><strong>Zacharia:</strong></span> <span class='ocrx_word' id='word_1_338' title='bbox 1853 2836 1874 2870; x_wconf 75' lang='grc' dir='ltr'><strong>ι</strong></span> <span class='ocrx_word' id='word_1_339' title='bbox 1908 2817 1976 2873; x_wconf 88' lang='lat' dir='ltr'><strong>Et</strong></span> <span class='ocrx_word' id='word_1_340' title='bbox 2027 2817 2190 2873; x_wconf 89' lang='lat' dir='ltr'><strong>babe-</strong></span> 
     </span>
    </p>
   </div>
   <div class='ocr_carea' id='block_1_44' title="bbox 507 2908 2190 2980">
    <p class='ocr_par' dir='ltr' id='par_1_44' title="bbox 507 2908 2190 2980">
     <span class='ocr_line' id='line_1_44' title="bbox 507 2908 2190 2980; baseline -0.002 -14"><span class='ocrx_word' id='word_1_341' title='bbox 507 2913 520 2926; x_wconf 66' lang='lat'><strong>‘</strong></span> <span class='ocrx_word' id='word_1_342' title='bbox 608 2910 739 2966; x_wconf 87' lang='lat' dir='ltr'><strong>bant</strong></span> <span class='ocrx_word' id='word_1_343' title='bbox 785 2908 897 2965; x_wconf 87' lang='lat' dir='ltr'><strong>alas</strong></span> <span class='ocrx_word' id='word_1_344' title='bbox 935 2909 1091 2979; x_wconf 90' lang='lat' dir='ltr'><strong>quasi</strong></span> <span class='ocrx_word' id='word_1_345' title='bbox 1141 2909 1292 2965; x_wconf 90' lang='lat' dir='ltr'><strong>milvi</strong></span> <span class='ocrx_word' id='word_1_346' title='bbox 1334 2909 1380 2975; x_wconf 83' lang='lat'><strong>&#39;,</strong></span> <span class='ocrx_word' id='word_1_347' title='bbox 1412 2929 1431 2962; x_wconf 75' lang='grc' dir='ltr'><strong>ι</strong></span> <span class='ocrx_word' id='word_1_348' title='bbox 1457 2911 1599 2980; x_wconf 89' lang='lat' dir='ltr'><strong>quod</strong></span> <span class='ocrx_word' id='word_1_349' title='bbox 1645 2910 1858 2980; x_wconf 88' lang='lat' dir='ltr'><strong>reprobi</strong></span> <span class='ocrx_word' id='word_1_350' title='bbox 1903 2911 1971 2965; x_wconf 91' lang='lat' dir='ltr'><strong>ad</strong></span> <span class='ocrx_word' id='word_1_351' title='bbox 2019 2911 2190 2965; x_wconf 89' lang='lat' dir='ltr'><strong>instar</strong></span> 
     </span>
    </p>
   </div>
   <div class='ocr_carea' id='block_1_45' title="bbox 609 2998 2188 3069">
    <p class='ocr_par' dir='ltr' id='par_1_45' title="bbox 609 2998 2188 3069">
     <span class='ocr_line' id='line_1_45' title="bbox 609 2998 2188 3069; baseline 0.001 -17"><span class='ocrx_word' id='word_1_352' title='bbox 609 2998 808 3054; x_wconf 91' lang='lat' dir='ltr'><strong>diaboli</strong></span> <span class='ocrx_word' id='word_1_353' title='bbox 834 2999 890 3053; x_wconf 91' lang='lat' dir='ltr'><strong>in</strong></span> <span class='ocrx_word' id='word_1_354' title='bbox 913 2999 1222 3068; x_wconf 89' lang='lat' dir='ltr'><strong>superbiam</strong></span> <span class='ocrx_word' id='word_1_355' title='bbox 1258 3014 1316 3054; x_wconf 89' lang='lat' dir='ltr'><strong>se</strong></span> <span class='ocrx_word' id='word_1_356' title='bbox 1350 2999 1635 3054; x_wconf 86' lang='lat' dir='ltr'><strong>extollunt.</strong></span> <span class='ocrx_word' id='word_1_357' title='bbox 1665 2999 1832 3066; x_wconf 74' lang='lat' dir='ltr'><strong>Milvi,</strong></span> <span class='ocrx_word' id='word_1_358' title='bbox 1858 3015 2100 3069; x_wconf 87' lang='lat' dir='ltr'><strong>rapaces,</strong></span> <span class='ocrx_word' id='word_1_359' title='bbox 2130 3007 2188 3055; x_wconf 91' lang='lat' dir='ltr'><strong>ut</strong></span> 
     </span>
    </p>
   </div>
   <div class='ocr_carea' id='block_1_46' title="bbox 611 3088 2180 3160">
    <p class='ocr_par' dir='ltr' id='par_1_46' title="bbox 611 3088 2180 3160">
     <span class='ocr_line' id='line_1_46' title="bbox 611 3088 2180 3160; baseline 0 -16"><span class='ocrx_word' id='word_1_360' title='bbox 611 3089 665 3144; x_wconf 93' lang='lat' dir='ltr'><strong>in</strong></span> <span class='ocrx_word' id='word_1_361' title='bbox 688 3089 956 3144; x_wconf 89' lang='lat' dir='ltr'><strong>Levitico:</strong></span> <span class='ocrx_word' id='word_1_362' title='bbox 981 3108 998 3140; x_wconf 77' lang='grc' dir='ltr'><strong>ι</strong></span> <span class='ocrx_word' id='word_1_363' title='bbox 1022 3088 1240 3143; x_wconf 87' lang='lat' dir='ltr'><strong>Milvum</strong></span> <span class='ocrx_word' id='word_1_364' title='bbox 1263 3099 1319 3144; x_wconf 92' lang='lat' dir='ltr'><strong>et</strong></span> <span class='ocrx_word' id='word_1_365' title='bbox 1345 3089 1612 3144; x_wconf 89' lang='lat' dir='ltr'><strong>vulturem</strong></span> <span class='ocrx_word' id='word_1_366' title='bbox 1642 3105 1747 3144; x_wconf 93' lang='lat' dir='ltr'><strong>non</strong></span> <span class='ocrx_word' id='word_1_367' title='bbox 1777 3092 2069 3147; x_wconf 89' lang='lat' dir='ltr'><strong>comedetis</strong></span> <span class='ocrx_word' id='word_1_368' title='bbox 2085 3093 2180 3160; x_wconf 77' lang='grc'><strong>¹⁰,›</strong></span> 
     </span>
    </p>
   </div>
   <div class='ocr_carea' id='block_1_47' title="bbox 610 3181 1971 3256">
    <p class='ocr_par' dir='ltr' id='par_1_47' title="bbox 610 3181 1971 3256">
     <span class='ocr_line' id='line_1_47' title="bbox 610 3181 1971 3256; baseline 0 -20"><span class='ocrx_word' id='word_1_369' title='bbox 610 3181 664 3236; x_wconf 88' lang='lat' dir='ltr'><strong>id</strong></span> <span class='ocrx_word' id='word_1_370' title='bbox 690 3190 794 3247; x_wconf 89' lang='lat' dir='ltr'><strong>est,</strong></span> <span class='ocrx_word' id='word_1_371' title='bbox 822 3195 1046 3251; x_wconf 87' lang='lat' dir='ltr'><strong>rapaces</strong></span> <span class='ocrx_word' id='word_1_372' title='bbox 1068 3189 1122 3234; x_wconf 91' lang='lat' dir='ltr'><strong>et</strong></span> <span class='ocrx_word' id='word_1_373' title='bbox 1149 3181 1360 3236; x_wconf 88' lang='lat' dir='ltr'><strong>invidos</strong></span> <span class='ocrx_word' id='word_1_374' title='bbox 1385 3195 1492 3236; x_wconf 91' lang='lat' dir='ltr'><strong>non</strong></span> <span class='ocrx_word' id='word_1_375' title='bbox 1515 3182 1723 3236; x_wconf 90' lang='lat' dir='ltr'><strong>debetis</strong></span> <span class='ocrx_word' id='word_1_376' title='bbox 1749 3182 1971 3256; x_wconf 83' lang='lat' dir='ltr'><strong>imitari.</strong></span> 
     </span>
    </p>
   </div>
   <div class='ocr_carea' id='block_1_48' title="bbox 681 3270 2187 3341">
    <p class='ocr_par' dir='ltr' id='par_1_48' title="bbox 681 3270 2187 3341">
     <span class='ocr_line' id='line_1_48' title="bbox 681 3270 2187 3341; baseline 0.007 -17"><span class='ocrx_word' id='word_1_377' title='bbox 681 3270 902 3341; x_wconf 81' lang='lat' dir='ltr'><strong>Myrrha</strong></span> <span class='ocrx_word' id='word_1_378' title='bbox 931 3278 1016 3325; x_wconf 86' lang='lat' dir='ltr'><strong>est</strong></span> <span class='ocrx_word' id='word_1_379' title='bbox 1057 3271 1420 3338; x_wconf 86' lang='lat' dir='ltr'><strong>mortiﬁcatio,</strong></span> <span class='ocrx_word' id='word_1_380' title='bbox 1463 3281 1522 3328; x_wconf 89' lang='lat' dir='ltr'><strong>ut</strong></span> <span class='ocrx_word' id='word_1_381' title='bbox 1551 3274 1604 3328; x_wconf 92' lang='lat' dir='ltr'><strong>in</strong></span> <span class='ocrx_word' id='word_1_382' title='bbox 1643 3272 1866 3330; x_wconf 90' lang='lat' dir='ltr'><strong>Cantico</strong></span> <span class='ocrx_word' id='word_1_383' title='bbox 1899 3295 1912 3330; x_wconf 90' lang='lat'><strong>:</strong></span> <span class='ocrx_word' id='word_1_384' title='bbox 1943 3296 1961 3328; x_wconf 87' lang='grc'><strong><em>‹</em></strong></span> <span class='ocrx_word' id='word_1_385' title='bbox 2000 3277 2187 3334; x_wconf 85' lang='lat' dir='ltr'><strong>Manus</strong></span> 
     </span>
    </p>
   </div>
   <div class='ocr_carea' id='block_1_49' title="bbox 609 3361 2188 3439">
    <p class='ocr_par' dir='ltr' id='par_1_49' title="bbox 609 3361 2188 3439">
     <span class='ocr_line' id='line_1_49' title="bbox 609 3361 2188 3439; baseline 0.005 -22"><span class='ocrx_word' id='word_1_386' title='bbox 609 3376 743 3418; x_wconf 89' lang='lat' dir='ltr'><strong>mea</strong></span> <span class='ocrx_word' id='word_1_387' title='bbox 803 3361 1202 3416; x_wconf 88' lang='lat' dir='ltr'><strong>distillaverunt</strong></span> <span class='ocrx_word' id='word_1_388' title='bbox 1254 3363 1529 3434; x_wconf 90' lang='lat' dir='ltr'><strong>myrrham</strong></span> <span class='ocrx_word' id='word_1_389' title='bbox 1573 3365 1615 3395; x_wconf 80' lang='grc'><strong>¹¹</strong></span> <span class='ocrx_word' id='word_1_390' title='bbox 1641 3406 1656 3431; x_wconf 89' lang='grc'><em>,</em></span> <span class='ocrx_word' id='word_1_391' title='bbox 1689 3385 1708 3419; x_wconf 73' lang='grc' dir='ltr'><strong>ι</strong></span> <span class='ocrx_word' id='word_1_392' title='bbox 1767 3367 1911 3437; x_wconf 93' lang='lat' dir='ltr'><strong>quod</strong></span> <span class='ocrx_word' id='word_1_393' title='bbox 1952 3371 2188 3439; x_wconf 88' lang='lat' dir='ltr'><strong>operarii</strong></span> 
     </span>
    </p>
   </div>
   <div class='ocr_carea' id='block_1_50' title="bbox 610 3451 2183 3516">
    <p class='ocr_par' dir='ltr' id='par_1_50' title="bbox 610 3451 2183 3516">
     <span class='ocr_line' id='line_1_50' title="bbox 610 3451 2183 3516; baseline 0.006 -10"><span class='ocrx_word' id='word_1_394' title='bbox 610 3461 813 3507; x_wconf 84' lang='lat' dir='ltr'><strong>sancta</strong></span> <span class='ocrx_word' id='word_1_395' title='bbox 867 3451 1124 3507; x_wconf 85' lang='lat' dir='ltr'><strong>Ecclesia</strong></span> <span class='ocrx_word' id='word_1_396' title='bbox 1181 3453 1362 3508; x_wconf 89' lang='lat' dir='ltr'><strong>carnis</strong></span> <span class='ocrx_word' id='word_1_397' title='bbox 1421 3457 1825 3513; x_wconf 85' lang='lat' dir='ltr'><strong>mortiﬁcatioui</strong></span> <span class='ocrx_word' id='word_1_398' title='bbox 1881 3460 2183 3516; x_wconf 88' lang='lat' dir='ltr'><strong>intendunt.</strong></span> 
     </span>
    </p>
   </div>
   <div class='ocr_carea' id='block_1_51' title="bbox 610 3542 2186 3616">
    <p class='ocr_par' dir='ltr' id='par_1_51' title="bbox 610 3542 2186 3616">
     <span class='ocr_line' id='line_1_51' title="bbox 610 3542 2186 3616; baseline 0.006 -16"><span class='ocrx_word' id='word_1_399' title='bbox 610 3543 854 3614; x_wconf 80' lang='lat' dir='ltr'><strong>Myrrha,</strong></span> <span class='ocrx_word' id='word_1_400' title='bbox 898 3542 1185 3599; x_wconf 88' lang='lat' dir='ltr'><strong>tolerantia</strong></span> <span class='ocrx_word' id='word_1_401' title='bbox 1210 3546 1502 3616; x_wconf 90' lang='lat' dir='ltr'><strong>passionis,</strong></span> <span class='ocrx_word' id='word_1_402' title='bbox 1532 3549 1673 3603; x_wconf 90' lang='lat' dir='ltr'><strong>utin</strong></span> <span class='ocrx_word' id='word_1_403' title='bbox 1711 3549 1934 3606; x_wconf 88' lang='lat' dir='ltr'><strong>Cantico</strong></span> <span class='ocrx_word' id='word_1_404' title='bbox 1966 3569 1980 3605; x_wconf 92' lang='lat'><strong>:</strong></span> <span class='ocrx_word' id='word_1_405' title='bbox 2023 3570 2042 3604; x_wconf 86' lang='grc'><strong><em>‹</em></strong></span> <span class='ocrx_word' id='word_1_406' title='bbox 2078 3553 2186 3608; x_wconf 82' lang='lat' dir='ltr'><strong>Va-</strong></span> 
     </span>
    </p>
   </div>
   <div class='ocr_carea' id='block_1_52' title="bbox 610 3633 2191 3714">
    <p class='ocr_par' dir='ltr' id='par_1_52' title="bbox 610 3633 2191 3714">
     <span class='ocr_line' id='line_1_52' title="bbox 610 3633 2191 3714; baseline 0.006 -24"><span class='ocrx_word' id='word_1_407' title='bbox 610 3634 734 3690; x_wconf 87' lang='lat' dir='ltr'><strong>dam</strong></span> <span class='ocrx_word' id='word_1_408' title='bbox 775 3633 845 3689; x_wconf 90' lang='lat' dir='ltr'><strong>ad</strong></span> <span class='ocrx_word' id='word_1_409' title='bbox 883 3640 1122 3688; x_wconf 90' lang='lat' dir='ltr'><strong>montem</strong></span> <span class='ocrx_word' id='word_1_410' title='bbox 1169 3635 1404 3706; x_wconf 88' lang='lat' dir='ltr'><strong>myrrha</strong></span> <span class='ocrx_word' id='word_1_411' title='bbox 1429 3638 1492 3704; x_wconf 79' lang='grc'><strong>¹²,</strong></span> <span class='ocrx_word' id='word_1_412' title='bbox 1522 3656 1542 3689; x_wconf 74' lang='grc' dir='ltr'><strong>ι</strong></span> <span class='ocrx_word' id='word_1_413' title='bbox 1577 3638 1633 3694; x_wconf 92' lang='lat' dir='ltr'><strong>id</strong></span> <span class='ocrx_word' id='word_1_414' title='bbox 1660 3648 1774 3706; x_wconf 87' lang='lat' dir='ltr'><strong>est,</strong></span> <span class='ocrx_word' id='word_1_415' title='bbox 1821 3641 2052 3698; x_wconf 90' lang='lat' dir='ltr'><strong>visitabo</strong></span> <span class='ocrx_word' id='word_1_416' title='bbox 2091 3658 2191 3714; x_wconf 88' lang='lat' dir='ltr'><strong>per</strong></span> 
     </span>
    </p>
   </div>
   <div class='ocr_carea' id='block_1_53' title="bbox 609 3727 2186 3806">
    <p class='ocr_par' dir='ltr' id='par_1_53' title="bbox 609 3727 2186 3806">
     <span class='ocr_line' id='line_1_53' title="bbox 609 3727 2186 3806; baseline 0.005 -24"><span class='ocrx_word' id='word_1_417' title='bbox 609 3727 842 3800; x_wconf 85' lang='lat' dir='ltr'><strong>gratiam</strong></span> <span class='ocrx_word' id='word_1_418' title='bbox 887 3742 1067 3783; x_wconf 87' lang='lat' dir='ltr'><strong>meam</strong></span> <span class='ocrx_word' id='word_1_419' title='bbox 1116 3727 1374 3784; x_wconf 88' lang='lat' dir='ltr'><strong>sublimes</strong></span> <span class='ocrx_word' id='word_1_420' title='bbox 1421 3729 1477 3784; x_wconf 91' lang='lat' dir='ltr'><strong>in</strong></span> <span class='ocrx_word' id='word_1_421' title='bbox 1526 3731 1889 3800; x_wconf 90' lang='lat' dir='ltr'><strong>passionibus.</strong></span> <span class='ocrx_word' id='word_1_422' title='bbox 1941 3735 2186 3806; x_wconf 81' lang='lat' dir='ltr'><strong>Myrrha,</strong></span> 
     </span>
    </p>
   </div>
   <div class='ocr_carea' id='block_1_54' title="bbox 609 3817 2190 3897">
    <p class='ocr_par' dir='ltr' id='par_1_54' title="bbox 609 3817 2190 3897">
     <span class='ocr_line' id='line_1_54' title="bbox 609 3817 2190 3897; baseline 0.005 -22"><span class='ocrx_word' id='word_1_423' title='bbox 609 3834 757 3875; x_wconf 89' lang='lat' dir='ltr'><strong>mors</strong></span> <span class='ocrx_word' id='word_1_424' title='bbox 784 3817 1004 3884; x_wconf 86' lang='lat' dir='ltr'><strong>Christi,</strong></span> <span class='ocrx_word' id='word_1_425' title='bbox 1057 3826 1118 3874; x_wconf 91' lang='lat' dir='ltr'><strong>ut</strong></span> <span class='ocrx_word' id='word_1_426' title='bbox 1154 3819 1210 3874; x_wconf 91' lang='lat' dir='ltr'><strong>in</strong></span> <span class='ocrx_word' id='word_1_427' title='bbox 1246 3818 1469 3876; x_wconf 91' lang='lat' dir='ltr'><strong>Cantico</strong></span> <span class='ocrx_word' id='word_1_428' title='bbox 1500 3839 1513 3876; x_wconf 92' lang='lat'><strong>:</strong></span> <span class='ocrx_word' id='word_1_429' title='bbox 1547 3841 1565 3874; x_wconf 79' lang='grc' dir='ltr'><strong>ι</strong></span> <span class='ocrx_word' id='word_1_430' title='bbox 1595 3821 1908 3881; x_wconf 88' lang='lat' dir='ltr'><strong>Fasciculus</strong></span> <span class='ocrx_word' id='word_1_431' title='bbox 1954 3827 2190 3897; x_wconf 86' lang='lat' dir='ltr'><strong>myrrha</strong></span> 
     </span>
    </p>
   </div>
   <div class='ocr_carea' id='block_1_55' title="bbox 608 3910 2189 3987">
    <p class='ocr_par' dir='ltr' id='par_1_55' title="bbox 608 3910 2189 3987">
     <span class='ocr_line' id='line_1_55' title="bbox 608 3910 2189 3987; baseline 0.004 -20"><span class='ocrx_word' id='word_1_432' title='bbox 608 3910 839 3968; x_wconf 90' lang='lat' dir='ltr'><strong>dilectus</strong></span> <span class='ocrx_word' id='word_1_433' title='bbox 871 3925 1024 3966; x_wconf 92' lang='lat' dir='ltr'><strong>meus</strong></span> <span class='ocrx_word' id='word_1_434' title='bbox 1045 3910 1179 3966; x_wconf 87' lang='lat' dir='ltr'><strong>mihi</strong></span> <span class='ocrx_word' id='word_1_435' title='bbox 1209 3911 1274 3977; x_wconf 86' lang='grc'><strong>¹⁸,</strong></span> <span class='ocrx_word' id='word_1_436' title='bbox 1311 3932 1327 3964; x_wconf 81' lang='grc' dir='ltr'><strong>ι</strong></span> <span class='ocrx_word' id='word_1_437' title='bbox 1361 3913 1506 3983; x_wconf 92' lang='lat' dir='ltr'><strong>quod</strong></span> <span class='ocrx_word' id='word_1_438' title='bbox 1527 3929 1674 3970; x_wconf 90' lang='lat' dir='ltr'><strong>mors</strong></span> <span class='ocrx_word' id='word_1_439' title='bbox 1698 3915 1898 3973; x_wconf 91' lang='lat' dir='ltr'><strong>Christi</strong></span> <span class='ocrx_word' id='word_1_440' title='bbox 1919 3915 2189 3987; x_wconf 82' lang='lat' dir='ltr'><strong>Apostolis</strong></span> 
     </span>
    </p>
   </div>
   <div class='ocr_carea' id='block_1_56' title="bbox 609 4001 2187 4080">
    <p class='ocr_par' dir='ltr' id='par_1_56' title="bbox 609 4001 2187 4080">
     <span class='ocr_line' id='line_1_56' title="bbox 609 4001 2187 4080; baseline 0.004 -23"><span class='ocrx_word' id='word_1_441' title='bbox 609 4001 1025 4058; x_wconf 89' lang='lat' dir='ltr'><strong>amaritudinem</strong></span> <span class='ocrx_word' id='word_1_442' title='bbox 1057 4002 1323 4072; x_wconf 88' lang='lat' dir='ltr'><strong>passionis</strong></span> <span class='ocrx_word' id='word_1_443' title='bbox 1357 4003 1558 4060; x_wconf 91' lang='lat' dir='ltr'><strong>intulit.</strong></span> <span class='ocrx_word' id='word_1_444' title='bbox 1592 4005 1840 4078; x_wconf 89' lang='lat' dir='ltr'><strong>Myrrha,</strong></span> <span class='ocrx_word' id='word_1_445' title='bbox 1895 4017 2187 4080; x_wconf 87' lang='lat' dir='ltr'><strong>martyres,</strong></span> 
     </span>
    </p>
   </div>
   <div class='ocr_carea' id='block_1_57' title="bbox 607 4094 2190 4168">
    <p class='ocr_par' dir='ltr' id='par_1_57' title="bbox 607 4094 2190 4168">
     <span class='ocr_line' id='line_1_57' title="bbox 607 4094 2190 4168; baseline 0.004 -18"><span class='ocrx_word' id='word_1_446' title='bbox 607 4095 742 4150; x_wconf 92' lang='lat' dir='ltr'><strong>utin</strong></span> <span class='ocrx_word' id='word_1_447' title='bbox 777 4094 1002 4151; x_wconf 91' lang='lat' dir='ltr'><strong>Cantico</strong></span> <span class='ocrx_word' id='word_1_448' title='bbox 1029 4113 1042 4150; x_wconf 94' lang='lat'><strong>:</strong></span> <span class='ocrx_word' id='word_1_449' title='bbox 1073 4113 1093 4147; x_wconf 81' lang='grc' dir='ltr'><strong>ι</strong></span> <span class='ocrx_word' id='word_1_450' title='bbox 1121 4095 1318 4151; x_wconf 90' lang='lat' dir='ltr'><strong>Messui</strong></span> <span class='ocrx_word' id='word_1_451' title='bbox 1367 4099 1643 4168; x_wconf 81' lang='lat' dir='ltr'><strong>myrrham</strong></span> <span class='ocrx_word' id='word_1_452' title='bbox 1683 4114 1861 4155; x_wconf 90' lang='lat' dir='ltr'><strong>meam</strong></span> <span class='ocrx_word' id='word_1_453' title='bbox 1904 4115 2026 4156; x_wconf 89' lang='lat' dir='ltr'><strong>cum</strong></span> <span class='ocrx_word' id='word_1_454' title='bbox 2067 4116 2190 4157; x_wconf 91' lang='lat' dir='ltr'><strong>aro-</strong></span> 
     </span>
    </p>
   </div>
   <div class='ocr_carea' id='block_1_58' title="bbox 609 4184 2188 4264">
    <p class='ocr_par' dir='ltr' id='par_1_58' title="bbox 609 4184 2188 4264">
     <span class='ocr_line' id='line_1_58' title="bbox 609 4184 2188 4264; baseline 0.006 -25"><span class='ocrx_word' id='word_1_455' title='bbox 609 4185 843 4242; x_wconf 88' lang='lat' dir='ltr'><strong>matibus</strong></span> <span class='ocrx_word' id='word_1_456' title='bbox 865 4185 1000 4241; x_wconf 88' lang='lat' dir='ltr'><strong>meis</strong></span> <span class='ocrx_word' id='word_1_457' title='bbox 1028 4184 1094 4247; x_wconf 79' lang='grc'><strong>¹⁶.</strong></span> <span class='ocrx_word' id='word_1_458' title='bbox 1125 4205 1145 4237; x_wconf 77' lang='grc' dir='ltr'><strong>ι</strong></span> <span class='ocrx_word' id='word_1_459' title='bbox 1179 4185 1235 4240; x_wconf 91' lang='lat' dir='ltr'><strong>id</strong></span> <span class='ocrx_word' id='word_1_460' title='bbox 1261 4195 1368 4245; x_wconf 87' lang='lat' dir='ltr'><strong>est.</strong></span> <span class='ocrx_word' id='word_1_461' title='bbox 1391 4197 1659 4259; x_wconf 89' lang='lat' dir='ltr'><strong>martyres</strong></span> <span class='ocrx_word' id='word_1_462' title='bbox 1688 4206 1837 4247; x_wconf 90' lang='lat' dir='ltr'><strong>meos</strong></span> <span class='ocrx_word' id='word_1_463' title='bbox 1863 4192 1932 4248; x_wconf 91' lang='lat' dir='ltr'><strong>ad</strong></span> <span class='ocrx_word' id='word_1_464' title='bbox 1954 4207 2040 4248; x_wconf 91' lang='lat' dir='ltr'><strong>me</strong></span> <span class='ocrx_word' id='word_1_465' title='bbox 2060 4207 2188 4264; x_wconf 87' lang='lat' dir='ltr'><strong>per-</strong></span> 
     </span>
    </p>
   </div>
   <div class='ocr_carea' id='block_1_59' title="bbox 611 4275 737 4332">
    <p class='ocr_par' dir='ltr' id='par_1_59' title="bbox 611 4275 737 4332">
     <span class='ocr_line' id='line_1_59' title="bbox 611 4275 737 4332; baseline -0.024 0"><span class='ocrx_word' id='word_1_466' title='bbox 611 4275 737 4332; x_wconf 84' lang='lat' dir='ltr'><strong>duxi</strong></span> 
     </span>
    </p>
   </div>
   <div class='ocr_carea' id='block_1_60' title="bbox 683 4363 2183 4441">
    <p class='ocr_par' dir='ltr' id='par_1_60' title="bbox 683 4363 2183 4441">
     <span class='ocr_line' id='line_1_60' title="bbox 683 4363 2183 4441; baseline 0.008 -23"><span class='ocrx_word' id='word_1_467' title='bbox 683 4363 890 4436; x_wconf 80' lang='lat' dir='ltr'><strong>Myrtus</strong></span> <span class='ocrx_word' id='word_1_468' title='bbox 935 4373 1022 4422; x_wconf 92' lang='lat' dir='ltr'><strong>est</strong></span> <span class='ocrx_word' id='word_1_469' title='bbox 1063 4367 1348 4438; x_wconf 88' lang='lat' dir='ltr'><strong>temperies</strong></span> <span class='ocrx_word' id='word_1_470' title='bbox 1396 4369 1764 4441; x_wconf 90' lang='lat' dir='ltr'><strong>cogitationis,</strong></span> <span class='ocrx_word' id='word_1_471' title='bbox 1811 4381 1873 4428; x_wconf 87' lang='lat' dir='ltr'><strong>ut</strong></span> <span class='ocrx_word' id='word_1_472' title='bbox 1916 4374 1971 4429; x_wconf 87' lang='lat' dir='ltr'><strong>in</strong></span> <span class='ocrx_word' id='word_1_473' title='bbox 2010 4374 2183 4430; x_wconf 84' lang='lat' dir='ltr'><strong>lsaa:</strong></span> 
     </span>
    </p>
   </div>
   <div class='ocr_carea' id='block_1_61' title="bbox 615 4457 2184 4536">
    <p class='ocr_par' dir='ltr' id='par_1_61' title="bbox 615 4457 2184 4536">
     <span class='ocr_line' id='line_1_61' title="bbox 615 4457 2184 4536; baseline 0.005 -24"><span class='ocrx_word' id='word_1_474' title='bbox 615 4475 635 4512; x_wconf 76' lang='grc' dir='ltr'><strong>ι</strong></span> <span class='ocrx_word' id='word_1_475' title='bbox 659 4457 767 4514; x_wconf 88' lang='lat' dir='ltr'><strong>Pro</strong></span> <span class='ocrx_word' id='word_1_476' title='bbox 810 4457 983 4514; x_wconf 89' lang='lat' dir='ltr'><strong>urtica</strong></span> <span class='ocrx_word' id='word_1_477' title='bbox 1007 4467 1218 4514; x_wconf 89' lang='lat' dir='ltr'><strong>crescet</strong></span> <span class='ocrx_word' id='word_1_478' title='bbox 1264 4469 1472 4531; x_wconf 82' lang='lat' dir='ltr'><strong>myrtus</strong></span> <span class='ocrx_word' id='word_1_479' title='bbox 1497 4461 1560 4527; x_wconf 75' lang='grc'><strong>⁸⁵,</strong></span> <span class='ocrx_word' id='word_1_480' title='bbox 1601 4481 1619 4513; x_wconf 73' lang='grc' dir='ltr'><strong>ι</strong></span> <span class='ocrx_word' id='word_1_481' title='bbox 1648 4465 1791 4532; x_wconf 92' lang='lat' dir='ltr'><strong>quod</strong></span> <span class='ocrx_word' id='word_1_482' title='bbox 1832 4463 2031 4534; x_wconf 88' lang='lat' dir='ltr'><strong>ubique</strong></span> <span class='ocrx_word' id='word_1_483' title='bbox 2055 4481 2184 4536; x_wconf 91' lang='lat' dir='ltr'><strong>pru-</strong></span> 
     </span>
    </p>
   </div>
   <div class='ocr_carea' id='block_1_62' title="bbox 610 4551 2185 4626">
    <p class='ocr_par' dir='ltr' id='par_1_62' title="bbox 610 4551 2185 4626">
     <span class='ocr_line' id='line_1_62' title="bbox 610 4551 2185 4626; baseline 0.001 -16"><span class='ocrx_word' id='word_1_484' title='bbox 610 4553 744 4610; x_wconf 89' lang='lat' dir='ltr'><strong>dens</strong></span> <span class='ocrx_word' id='word_1_485' title='bbox 762 4553 885 4619; x_wconf 90' lang='lat' dir='ltr'><strong>erit,</strong></span> <span class='ocrx_word' id='word_1_486' title='bbox 912 4551 1168 4622; x_wconf 86' lang='lat' dir='ltr'><strong>cogitatio</strong></span> <span class='ocrx_word' id='word_1_487' title='bbox 1205 4551 1278 4609; x_wconf 88' lang='lat' dir='ltr'><strong>ibi</strong></span> <span class='ocrx_word' id='word_1_488' title='bbox 1304 4553 1410 4608; x_wconf 87' lang='lat' dir='ltr'><strong>erit</strong></span> <span class='ocrx_word' id='word_1_489' title='bbox 1435 4563 1754 4624; x_wconf 88' lang='lat' dir='ltr'><strong>temperata.</strong></span> <span class='ocrx_word' id='word_1_490' title='bbox 1777 4554 2006 4626; x_wconf 84' lang='lat' dir='ltr'><strong>Myrtus,</strong></span> <span class='ocrx_word' id='word_1_491' title='bbox 2039 4572 2185 4611; x_wconf 87' lang='lat' dir='ltr'><strong>com-</strong></span> 
     </span>
    </p>
   </div>
   <div class='ocr_carea' id='block_1_63' title="bbox 610 4644 2186 4720">
    <p class='ocr_par' dir='ltr' id='par_1_63' title="bbox 610 4644 2186 4720">
     <span class='ocr_line' id='line_1_63' title="bbox 610 4644 2186 4720; baseline 0.002 -20"><span class='ocrx_word' id='word_1_492' title='bbox 610 4647 811 4718; x_wconf 89' lang='lat' dir='ltr'><strong>passio,</strong></span> <span class='ocrx_word' id='word_1_493' title='bbox 834 4653 894 4701; x_wconf 88' lang='lat' dir='ltr'><strong>ut</strong></span> <span class='ocrx_word' id='word_1_494' title='bbox 921 4645 974 4700; x_wconf 90' lang='lat' dir='ltr'><strong>in</strong></span> <span class='ocrx_word' id='word_1_495' title='bbox 1001 4644 1140 4700; x_wconf 88' lang='lat' dir='ltr'><strong>Isaia</strong></span> <span class='ocrx_word' id='word_1_496' title='bbox 1174 4659 1190 4699; x_wconf 90' lang='lat'><strong>:</strong></span> <span class='ocrx_word' id='word_1_497' title='bbox 1221 4665 1239 4698; x_wconf 76' lang='grc' dir='ltr'><strong>ι</strong></span> <span class='ocrx_word' id='word_1_498' title='bbox 1261 4645 1491 4718; x_wconf 90' lang='lat' dir='ltr'><strong>Myrtum</strong></span> <span class='ocrx_word' id='word_1_499' title='bbox 1511 4656 1567 4702; x_wconf 90' lang='lat' dir='ltr'><strong>et</strong></span> <span class='ocrx_word' id='word_1_500' title='bbox 1593 4647 1797 4720; x_wconf 90' lang='lat' dir='ltr'><strong>lignum</strong></span> <span class='ocrx_word' id='word_1_501' title='bbox 1832 4649 1897 4715; x_wconf 85' lang='grc'><strong>¹⁶,</strong></span> <span class='ocrx_word' id='word_1_502' title='bbox 1926 4669 1946 4702; x_wconf 74' lang='grc' dir='ltr'><strong>ι</strong></span> <span class='ocrx_word' id='word_1_503' title='bbox 1984 4649 2040 4705; x_wconf 90' lang='lat' dir='ltr'><strong>id</strong></span> <span class='ocrx_word' id='word_1_504' title='bbox 2081 4657 2186 4716; x_wconf 88' lang='lat' dir='ltr'><strong>est,</strong></span> 
     </span>
    </p>
   </div>
   <div class='ocr_carea' id='block_1_64' title="bbox 611 4738 1601 4808">
    <p class='ocr_par' dir='ltr' id='par_1_64' title="bbox 611 4738 1601 4808">
     <span class='ocr_line' id='line_1_64' title="bbox 611 4738 1601 4808; baseline 0 -14"><span class='ocrx_word' id='word_1_505' title='bbox 611 4738 1040 4808; x_wconf 87' lang='lat' dir='ltr'><strong>compassionem</strong></span> <span class='ocrx_word' id='word_1_506' title='bbox 1073 4746 1130 4794; x_wconf 91' lang='lat' dir='ltr'><strong>et</strong></span> <span class='ocrx_word' id='word_1_507' title='bbox 1157 4738 1601 4795; x_wconf 89' lang='lat' dir='ltr'><strong>misericordiam.</strong></span> 
     </span>
    </p>
   </div>
   <div class='ocr_carea' id='block_1_65' title="bbox 682 4829 2190 4902">
    <p class='ocr_par' dir='ltr' id='par_1_65' title="bbox 682 4829 2190 4902">
     <span class='ocr_line' id='line_1_65' title="bbox 682 4829 2190 4902; baseline 0.002 -17"><span class='ocrx_word' id='word_1_508' title='bbox 682 4829 887 4902; x_wconf 83' lang='lat' dir='ltr'><strong>Myrica</strong></span> <span class='ocrx_word' id='word_1_509' title='bbox 929 4837 1014 4887; x_wconf 90' lang='lat' dir='ltr'><strong>est</strong></span> <span class='ocrx_word' id='word_1_510' title='bbox 1056 4830 1167 4886; x_wconf 85' lang='lat' dir='ltr'><strong>vita</strong></span> <span class='ocrx_word' id='word_1_511' title='bbox 1217 4830 1390 4902; x_wconf 90' lang='lat' dir='ltr'><strong>impii,</strong></span> <span class='ocrx_word' id='word_1_512' title='bbox 1433 4840 1494 4886; x_wconf 91' lang='lat' dir='ltr'><strong>ut</strong></span> <span class='ocrx_word' id='word_1_513' title='bbox 1534 4833 1588 4887; x_wconf 90' lang='lat' dir='ltr'><strong>in</strong></span> <span class='ocrx_word' id='word_1_514' title='bbox 1626 4831 1860 4888; x_wconf 82' lang='lat' dir='ltr'><strong>Jeremia</strong></span> <span class='ocrx_word' id='word_1_515' title='bbox 1885 4848 1898 4888; x_wconf 92' lang='lat'><strong>:</strong></span> <span class='ocrx_word' id='word_1_516' title='bbox 1922 4833 1942 4853; x_wconf 79' lang='lat'><strong><em>‘</em></strong></span> <span class='ocrx_word' id='word_1_517' title='bbox 1972 4851 1990 4884; x_wconf 77' lang='grc' dir='ltr'><strong>ι</strong></span> <span class='ocrx_word' id='word_1_518' title='bbox 2017 4833 2190 4888; x_wconf 88' lang='lat' dir='ltr'><strong>Erunt</strong></span> 
     </span>
    </p>
   </div>
   <div class='ocr_carea' id='block_1_66' title="bbox 611 4921 2189 4995">
    <p class='ocr_par' dir='ltr' id='par_1_66' title="bbox 611 4921 2189 4995">
     <span class='ocr_line' id='line_1_66' title="bbox 611 4921 2189 4995; baseline 0.001 -16"><span class='ocrx_word' id='word_1_519' title='bbox 611 4930 790 4979; x_wconf 87' lang='lat' dir='ltr'><strong>autem</strong></span> <span class='ocrx_word' id='word_1_520' title='bbox 811 4922 965 4992; x_wconf 89' lang='lat' dir='ltr'><strong>quasi</strong></span> <span class='ocrx_word' id='word_1_521' title='bbox 1008 4923 1212 4978; x_wconf 89' lang='lat' dir='ltr'><strong>mirica</strong></span> <span class='ocrx_word' id='word_1_522' title='bbox 1241 4921 1296 4978; x_wconf 91' lang='lat' dir='ltr'><strong>in</strong></span> <span class='ocrx_word' id='word_1_523' title='bbox 1324 4924 1539 4980; x_wconf 88' lang='lat' dir='ltr'><strong>deserto</strong></span> <span class='ocrx_word' id='word_1_524' title='bbox 1563 4925 1628 4992; x_wconf 82' lang='lat'><strong>&quot;,</strong></span> <span class='ocrx_word' id='word_1_525' title='bbox 1664 4944 1683 4978; x_wconf 73' lang='grc' dir='ltr'><strong>ι</strong></span> <span class='ocrx_word' id='word_1_526' title='bbox 1719 4925 1863 4995; x_wconf 88' lang='lat' dir='ltr'><strong>quod</strong></span> <span class='ocrx_word' id='word_1_527' title='bbox 1903 4923 2189 4994; x_wconf 90' lang='lat' dir='ltr'><strong>cujuslibet</strong></span> 
     </span>
    </p>
   </div>
   <div class='ocr_carea' id='block_1_67' title="bbox 611 5014 1506 5084">
    <p class='ocr_par' dir='ltr' id='par_1_67' title="bbox 611 5014 1506 5084">
     <span class='ocr_line' id='line_1_67' title="bbox 611 5014 1506 5084; baseline 0.002 -12"><span class='ocrx_word' id='word_1_528' title='bbox 611 5016 721 5072; x_wconf 88' lang='lat' dir='ltr'><strong>vita</strong></span> <span class='ocrx_word' id='word_1_529' title='bbox 748 5014 898 5084; x_wconf 88' lang='lat' dir='ltr'><strong>impii</strong></span> <span class='ocrx_word' id='word_1_530' title='bbox 929 5029 959 5068; x_wconf 91' lang='lat' dir='ltr'><strong>a</strong></span> <span class='ocrx_word' id='word_1_531' title='bbox 986 5014 1097 5072; x_wconf 86' lang='lat' dir='ltr'><strong>Deo</strong></span> <span class='ocrx_word' id='word_1_532' title='bbox 1122 5017 1377 5074; x_wconf 89' lang='lat' dir='ltr'><strong>derelicta</strong></span> <span class='ocrx_word' id='word_1_533' title='bbox 1403 5027 1506 5074; x_wconf 88' lang='lat' dir='ltr'><strong>est.</strong></span> 
     </span>
    </p>
   </div>
   <div class='ocr_carea' id='block_1_68' title="bbox 683 5108 2184 5184">
    <p class='ocr_par' dir='ltr' id='par_1_68' title="bbox 683 5108 2184 5184">
     <span class='ocr_line' id='line_1_68' title="bbox 683 5108 2184 5184; baseline 0.005 -21"><span class='ocrx_word' id='word_1_534' title='bbox 683 5108 860 5184; x_wconf 85' lang='lat' dir='ltr'><strong>Mytra</strong></span> <span class='ocrx_word' id='word_1_535' title='bbox 905 5123 988 5171; x_wconf 85' lang='lat' dir='ltr'><strong>est</strong></span> <span class='ocrx_word' id='word_1_536' title='bbox 1036 5111 1298 5169; x_wconf 88' lang='lat' dir='ltr'><strong>stabilitas</strong></span> <span class='ocrx_word' id='word_1_537' title='bbox 1333 5113 1548 5180; x_wconf 89' lang='lat' dir='ltr'><strong>mentis,</strong></span> <span class='ocrx_word' id='word_1_538' title='bbox 1580 5121 1640 5168; x_wconf 91' lang='lat' dir='ltr'><strong>ut</strong></span> <span class='ocrx_word' id='word_1_539' title='bbox 1676 5113 1732 5167; x_wconf 92' lang='lat' dir='ltr'><strong>in</strong></span> <span class='ocrx_word' id='word_1_540' title='bbox 1773 5112 1914 5171; x_wconf 93' lang='lat' dir='ltr'><strong>libro</strong></span> <span class='ocrx_word' id='word_1_541' title='bbox 1956 5113 2184 5171; x_wconf 89' lang='lat' dir='ltr'><strong>Judith:</strong></span> 
     </span>
    </p>
   </div>
   <div class='ocr_carea' id='block_1_69' title="bbox 617 5203 2190 5278">
    <p class='ocr_par' dir='ltr' id='par_1_69' title="bbox 617 5203 2190 5278">
     <span class='ocr_line' id='line_1_69' title="bbox 617 5203 2190 5278; baseline 0.004 -20"><span class='ocrx_word' id='word_1_542' title='bbox 617 5223 636 5258; x_wconf 79' lang='grc' dir='ltr'><strong>ι</strong></span> <span class='ocrx_word' id='word_1_543' title='bbox 667 5203 946 5276; x_wconf 86' lang='lat' dir='ltr'><strong>Colligavit</strong></span> <span class='ocrx_word' id='word_1_544' title='bbox 985 5207 1265 5262; x_wconf 88' lang='lat' dir='ltr'><strong>cincinnos</strong></span> <span class='ocrx_word' id='word_1_545' title='bbox 1311 5221 1438 5262; x_wconf 89' lang='lat' dir='ltr'><strong>suos</strong></span> <span class='ocrx_word' id='word_1_546' title='bbox 1480 5207 1642 5262; x_wconf 89' lang='lat' dir='ltr'><strong>mitra</strong></span> <span class='ocrx_word' id='word_1_547' title='bbox 1666 5207 1731 5274; x_wconf 78' lang='grc'><strong>⁸⁸,</strong></span> <span class='ocrx_word' id='word_1_548' title='bbox 1763 5227 1783 5260; x_wconf 77' lang='grc' dir='ltr'><strong>ι</strong></span> <span class='ocrx_word' id='word_1_549' title='bbox 1836 5208 1978 5278; x_wconf 91' lang='lat' dir='ltr'><strong>quod</strong></span> <span class='ocrx_word' id='word_1_550' title='bbox 2017 5208 2190 5265; x_wconf 87' lang='lat' dir='ltr'><strong>ﬁdelis</strong></span> 
     </span>
    </p>
   </div>
   <div class='ocr_carea' id='block_1_70' title="bbox 611 5297 2186 5371">
    <p class='ocr_par' dir='ltr' id='par_1_70' title="bbox 611 5297 2186 5371">
     <span class='ocr_line' id='line_1_70' title="bbox 611 5297 2186 5371; baseline 0.002 -19"><span class='ocrx_word' id='word_1_551' title='bbox 611 5298 791 5353; x_wconf 89' lang='lat' dir='ltr'><strong>anima</strong></span> <span class='ocrx_word' id='word_1_552' title='bbox 831 5298 1185 5371; x_wconf 86' lang='lat' dir='ltr'><strong>cogitationes</strong></span> <span class='ocrx_word' id='word_1_553' title='bbox 1228 5311 1356 5352; x_wconf 90' lang='lat' dir='ltr'><strong>suas</strong></span> <span class='ocrx_word' id='word_1_554' title='bbox 1398 5297 1709 5353; x_wconf 90' lang='lat' dir='ltr'><strong>stabilitatis</strong></span> <span class='ocrx_word' id='word_1_555' title='bbox 1737 5297 1915 5369; x_wconf 90' lang='lat' dir='ltr'><strong>rigore</strong></span> <span class='ocrx_word' id='word_1_556' title='bbox 1946 5300 2186 5355; x_wconf 89' lang='lat' dir='ltr'><strong>roborat.</strong></span> 
     </span>
    </p>
   </div>
   <div class='ocr_carea' id='block_1_71' title="bbox 2295 1895 3721 1963">
    <p class='ocr_par' dir='ltr' id='par_1_71' title="bbox 2295 1895 3721 1963">
     <span class='ocr_line' id='line_1_71' title="bbox 2295 1895 3721 1963; baseline -0.003 -9"><span class='ocrx_word' id='word_1_557' title='bbox 2295 1909 2430 1963; x_wconf 92' lang='lat' dir='ltr'><strong>tum,</strong></span> <span class='ocrx_word' id='word_1_558' title='bbox 2460 1907 2519 1953; x_wconf 92' lang='lat' dir='ltr'><strong>ut</strong></span> <span class='ocrx_word' id='word_1_559' title='bbox 2545 1900 2601 1953; x_wconf 90' lang='lat' dir='ltr'><strong>in</strong></span> <span class='ocrx_word' id='word_1_560' title='bbox 2625 1898 2802 1954; x_wconf 90' lang='lat' dir='ltr'><strong>lsaia:</strong></span> <span class='ocrx_word' id='word_1_561' title='bbox 2834 1916 2852 1949; x_wconf 72' lang='grc' dir='ltr'><strong>ι</strong></span> <span class='ocrx_word' id='word_1_562' title='bbox 2885 1896 3140 1952; x_wconf 84' lang='lat' dir='ltr'><strong>Vastatus</strong></span> <span class='ocrx_word' id='word_1_563' title='bbox 3168 1904 3250 1951; x_wconf 90' lang='lat' dir='ltr'><strong>est</strong></span> <span class='ocrx_word' id='word_1_564' title='bbox 3275 1896 3457 1960; x_wconf 83' lang='lat' dir='ltr'><strong>Aaron,</strong></span> <span class='ocrx_word' id='word_1_565' title='bbox 3492 1895 3608 1951; x_wconf 78' lang='lat' dir='ltr'><strong>Moab</strong></span> <span class='ocrx_word' id='word_1_566' title='bbox 3623 1899 3721 1950; x_wconf 77' lang='lat' dir='ltr'><strong>conti-</strong></span> 
     </span>
    </p>
   </div>
   <div class='ocr_carea' id='block_1_72' title="bbox 2293 1985 3723 2058">
    <p class='ocr_par' dir='ltr' id='par_1_72' title="bbox 2293 1985 3723 2058">
     <span class='ocr_line' id='line_1_72' title="bbox 2293 1985 3723 2058; baseline -0.005 -11"><span class='ocrx_word' id='word_1_567' title='bbox 2293 1993 2406 2047; x_wconf 90' lang='lat' dir='ltr'><strong>cuit</strong></span> <span class='ocrx_word' id='word_1_568' title='bbox 2429 1992 2496 2056; x_wconf 72' lang='lat'><strong>”,</strong></span> <span class='ocrx_word' id='word_1_569' title='bbox 2529 2011 2547 2043; x_wconf 76' lang='grc' dir='ltr'><strong>ι</strong></span> <span class='ocrx_word' id='word_1_570' title='bbox 2579 1991 2632 2045; x_wconf 89' lang='lat' dir='ltr'><strong>id</strong></span> <span class='ocrx_word' id='word_1_571' title='bbox 2667 1999 2769 2055; x_wconf 87' lang='lat' dir='ltr'><strong>est,</strong></span> <span class='ocrx_word' id='word_1_572' title='bbox 2813 1990 3091 2045; x_wconf 89' lang='lat' dir='ltr'><strong>destructo</strong></span> <span class='ocrx_word' id='word_1_573' title='bbox 3138 2003 3234 2058; x_wconf 87' lang='lat' dir='ltr'><strong>per</strong></span> <span class='ocrx_word' id='word_1_574' title='bbox 3274 1996 3479 2042; x_wconf 89' lang='lat' dir='ltr'><strong>mortem</strong></span> <span class='ocrx_word' id='word_1_575' title='bbox 3499 1985 3644 2042; x_wconf 86' lang='lat' dir='ltr'><strong>Christi</strong></span> <span class='ocrx_word' id='word_1_576' title='bbox 3667 1988 3723 2040; x_wconf 81' lang='lat' dir='ltr'><strong>hn-</strong></span> 
     </span>
    </p>
   </div>
   <div class='ocr_carea' id='block_1_73' title="bbox 2293 2078 3723 2152">
    <p class='ocr_par' dir='ltr' id='par_1_73' title="bbox 2293 2078 3723 2152">
     <span class='ocr_line' id='line_1_73' title="bbox 2293 2078 3723 2152; baseline -0.003 -17"><span class='ocrx_word' id='word_1_577' title='bbox 2293 2082 2441 2136; x_wconf 86' lang='lat' dir='ltr'><strong>mani</strong></span> <span class='ocrx_word' id='word_1_578' title='bbox 2487 2082 2702 2152; x_wconf 89' lang='lat' dir='ltr'><strong>generis</strong></span> <span class='ocrx_word' id='word_1_579' title='bbox 2749 2080 3064 2134; x_wconf 91' lang='lat' dir='ltr'><strong>adversario</strong></span> <span class='ocrx_word' id='word_1_580' title='bbox 3086 2078 3294 2135; x_wconf 90' lang='lat' dir='ltr'><strong>diabolo</strong></span> <span class='ocrx_word' id='word_1_581' title='bbox 3321 2078 3501 2149; x_wconf 80' lang='lat' dir='ltr'><strong>peccati</strong></span> <span class='ocrx_word' id='word_1_582' title='bbox 3531 2078 3723 2148; x_wconf 76' lang='lat' dir='ltr'><strong>aliquantu-</strong></span> 
     </span>
    </p>
   </div>
   <div class='ocr_carea' id='block_1_74' title="bbox 2293 2155 3723 2240">
    <p class='ocr_par' dir='ltr' id='par_1_74' title="bbox 2293 2155 3723 2240">
     <span class='ocr_line' id='line_1_74' title="bbox 2293 2155 3723 2240; baseline -0.003 -16"><span class='ocrx_word' id='word_1_583' title='bbox 2293 2171 2403 2226; x_wconf 92' lang='lat' dir='ltr'><strong>lum</strong></span> <span class='ocrx_word' id='word_1_584' title='bbox 2425 2173 2632 2227; x_wconf 88' lang='lat' dir='ltr'><strong>clamor</strong></span> <span class='ocrx_word' id='word_1_585' title='bbox 2661 2170 2919 2236; x_wconf 89' lang='lat' dir='ltr'><strong>cessavit,</strong></span> <span class='ocrx_word' id='word_1_586' title='bbox 2948 2169 3094 2240; x_wconf 91' lang='lat' dir='ltr'><strong>quod</strong></span> <span class='ocrx_word' id='word_1_587' title='bbox 3110 2169 3132 2191; x_wconf 80' lang='lat'><strong><em>‘</em></strong></span> <span class='ocrx_word' id='word_1_588' title='bbox 3153 2155 3332 2225; x_wconf 74' lang='lat' dir='ltr'><strong>Aaron</strong></span> <span class='ocrx_word' id='word_1_589' title='bbox 3348 2168 3614 2222; x_wconf 73' lang='lat' dir='ltr'><strong>adversarius</strong></span> <span class='ocrx_word' id='word_1_590' title='bbox 3629 2166 3723 2220; x_wconf 80' lang='lat' dir='ltr'><strong>inter-</strong></span> 
     </span>
    </p>
   </div>
   <div class='ocr_carea' id='block_1_75' title="bbox 2291 2271 2537 2333">
    <p class='ocr_par' dir='ltr' id='par_1_75' title="bbox 2291 2271 2537 2333">
     <span class='ocr_line' id='line_1_75' title="bbox 2291 2271 2537 2333; baseline -0.008 -15"><span class='ocrx_word' id='word_1_591' title='bbox 2291 2271 2537 2333; x_wconf 92' lang='lat' dir='ltr'><strong>pretatur</strong></span> 
     </span>
    </p>
   </div>
   <div class='ocr_carea' id='block_1_76' title="bbox 2363 2349 3722 2422">
    <p class='ocr_par' dir='ltr' id='par_1_76' title="bbox 2363 2349 3722 2422">
     <span class='ocr_line' id='line_1_76' title="bbox 2363 2349 3722 2422; baseline -0.005 -14"><span class='ocrx_word' id='word_1_592' title='bbox 2363 2354 2574 2408; x_wconf 83' lang='lat' dir='ltr'><strong>Modius</strong></span> <span class='ocrx_word' id='word_1_593' title='bbox 2615 2361 2699 2408; x_wconf 86' lang='lat' dir='ltr'><strong>est</strong></span> <span class='ocrx_word' id='word_1_594' title='bbox 2723 2367 3069 2409; x_wconf 89' lang='lat' dir='ltr'><strong>commooum</strong></span> <span class='ocrx_word' id='word_1_595' title='bbox 3093 2353 3395 2422; x_wconf 87' lang='lat' dir='ltr'><strong>temporale,</strong></span> <span class='ocrx_word' id='word_1_596' title='bbox 3434 2361 3487 2406; x_wconf 88' lang='lat' dir='ltr'><strong>ut</strong></span> <span class='ocrx_word' id='word_1_597' title='bbox 3518 2349 3722 2416; x_wconf 76' lang='grc' dir='ltr'><strong>ἱιιΕιιιιει-</strong></span> 
     </span>
    </p>
   </div>
   <div class='ocr_carea' id='block_1_77' title="bbox 2291 2444 3721 2513">
    <p class='ocr_par' dir='ltr' id='par_1_77' title="bbox 2291 2444 3721 2513">
     <span class='ocr_line' id='line_1_77' title="bbox 2291 2444 3721 2513; baseline -0.006 -13"><span class='ocrx_word' id='word_1_598' title='bbox 2291 2447 2399 2504; x_wconf 93' lang='lat' dir='ltr'><strong>lio:</strong></span> <span class='ocrx_word' id='word_1_599' title='bbox 2431 2467 2448 2497; x_wconf 76' lang='grc' dir='ltr'><strong>ι</strong></span> <span class='ocrx_word' id='word_1_600' title='bbox 2485 2445 2601 2501; x_wconf 83' lang='lat' dir='ltr'><strong>Non</strong></span> <span class='ocrx_word' id='word_1_601' title='bbox 2629 2447 2644 2465; x_wconf 84' lang='lat'>&#39;</span> <span class='ocrx_word' id='word_1_602' title='bbox 2678 2446 3014 2501; x_wconf 88' lang='lat' dir='ltr'><strong>descendunt</strong></span> <span class='ocrx_word' id='word_1_603' title='bbox 3059 2444 3346 2510; x_wconf 85' lang='lat' dir='ltr'><strong>lucernam,</strong></span> <span class='ocrx_word' id='word_1_604' title='bbox 3391 2452 3439 2499; x_wconf 86' lang='lat' dir='ltr'><strong>et</strong></span> <span class='ocrx_word' id='word_1_605' title='bbox 3475 2449 3628 2513; x_wconf 86' lang='lat' dir='ltr'><strong>ponunt</strong></span> <span class='ocrx_word' id='word_1_606' title='bbox 3655 2452 3721 2492; x_wconf 78' lang='lat' dir='ltr'><strong>ean</strong></span> 
     </span>
    </p>
   </div>
   <div class='ocr_carea' id='block_1_78' title="bbox 2291 2531 3721 2608">
    <p class='ocr_par' dir='ltr' id='par_1_78' title="bbox 2291 2531 3721 2608">
     <span class='ocr_line' id='line_1_78' title="bbox 2291 2531 3721 2608; baseline -0.007 -13"><span class='ocrx_word' id='word_1_607' title='bbox 2291 2540 2391 2595; x_wconf 89' lang='lat' dir='ltr'><strong>sub</strong></span> <span class='ocrx_word' id='word_1_608' title='bbox 2417 2539 2597 2595; x_wconf 91' lang='lat' dir='ltr'><strong>modio</strong></span> <span class='ocrx_word' id='word_1_609' title='bbox 2616 2539 2682 2603; x_wconf 75' lang='lat'><strong>“,</strong></span> <span class='ocrx_word' id='word_1_610' title='bbox 2713 2557 2731 2589; x_wconf 85' lang='grc'><strong>›</strong></span> <span class='ocrx_word' id='word_1_611' title='bbox 2758 2539 2903 2608; x_wconf 89' lang='lat' dir='ltr'><strong>quod</strong></span> <span class='ocrx_word' id='word_1_612' title='bbox 2938 2537 3252 2608; x_wconf 81' lang='lat' dir='ltr'><strong>praedicatio</strong></span> <span class='ocrx_word' id='word_1_613' title='bbox 3275 2536 3522 2592; x_wconf 91' lang='lat' dir='ltr'><strong>commodo</strong></span> <span class='ocrx_word' id='word_1_614' title='bbox 3547 2531 3721 2603; x_wconf 76' lang='lat' dir='ltr'><strong>temporali</strong></span> 
     </span>
    </p>
   </div>
   <div class='ocr_carea' id='block_1_79' title="bbox 2292 2623 3722 2702">
    <p class='ocr_par' dir='ltr' id='par_1_79' title="bbox 2292 2623 3722 2702">
     <span class='ocr_line' id='line_1_79' title="bbox 2292 2623 3722 2702; baseline -0.007 -17"><span class='ocrx_word' id='word_1_615' title='bbox 2292 2631 2638 2702; x_wconf 88' lang='lat' dir='ltr'><strong>proponenda</strong></span> <span class='ocrx_word' id='word_1_616' title='bbox 2679 2645 2786 2685; x_wconf 91' lang='lat' dir='ltr'><strong>non</strong></span> <span class='ocrx_word' id='word_1_617' title='bbox 2813 2639 2917 2685; x_wconf 86' lang='lat' dir='ltr'><strong>est.</strong></span> <span class='ocrx_word' id='word_1_618' title='bbox 2951 2629 3188 2695; x_wconf 86' lang='lat' dir='ltr'><strong>Modius,</strong></span> <span class='ocrx_word' id='word_1_619' title='bbox 3212 2628 3470 2701; x_wconf 89' lang='lat' dir='ltr'><strong>perfectio,</strong></span> <span class='ocrx_word' id='word_1_620' title='bbox 3504 2634 3550 2681; x_wconf 89' lang='lat' dir='ltr'><strong>ut</strong></span> <span class='ocrx_word' id='word_1_621' title='bbox 3579 2623 3722 2680; x_wconf 75' lang='lat' dir='ltr'><strong>inlibris</strong></span> 
     </span>
    </p>
   </div>
   <div class='ocr_carea' id='block_1_80' title="bbox 2291 2714 3720 2793">
    <p class='ocr_par' dir='ltr' id='par_1_80' title="bbox 2291 2714 3720 2793">
     <span class='ocr_line' id='line_1_80' title="bbox 2291 2714 3720 2793; baseline -0.007 -16"><span class='ocrx_word' id='word_1_622' title='bbox 2291 2722 2543 2793; x_wconf 79' lang='lat' dir='ltr'><strong>Regum:</strong></span> <span class='ocrx_word' id='word_1_623' title='bbox 2593 2741 2610 2772; x_wconf 84' lang='grc' dir='ltr'><strong>ι</strong></span> <span class='ocrx_word' id='word_1_624' title='bbox 2636 2721 2878 2776; x_wconf 79' lang='lat' dir='ltr'><strong>Adduxit</strong></span> <span class='ocrx_word' id='word_1_625' title='bbox 2922 2737 3050 2777; x_wconf 91' lang='lat' dir='ltr'><strong>eum</strong></span> <span class='ocrx_word' id='word_1_626' title='bbox 3100 2722 3276 2777; x_wconf 92' lang='lat' dir='ltr'><strong>modio</strong></span> <span class='ocrx_word' id='word_1_627' title='bbox 3321 2718 3608 2782; x_wconf 72' lang='lat' dir='ltr'><strong>farina&quot;,i</strong></span> <span class='ocrx_word' id='word_1_628' title='bbox 3641 2714 3720 2783; x_wconf 80' lang='lat' dir='ltr'><strong>quod</strong></span> 
     </span>
    </p>
   </div>
   <div class='ocr_carea' id='block_1_81' title="bbox 2291 2806 3720 2886">
    <p class='ocr_par' dir='ltr' id='par_1_81' title="bbox 2291 2806 3720 2886">
     <span class='ocr_line' id='line_1_81' title="bbox 2291 2806 3720 2886; baseline -0.008 -16"><span class='ocrx_word' id='word_1_629' title='bbox 2291 2813 2431 2870; x_wconf 90' lang='lat' dir='ltr'><strong>bona</strong></span> <span class='ocrx_word' id='word_1_630' title='bbox 2461 2823 2645 2870; x_wconf 89' lang='lat' dir='ltr'><strong>nostra</strong></span> <span class='ocrx_word' id='word_1_631' title='bbox 2687 2815 2829 2871; x_wconf 90' lang='lat' dir='ltr'><strong>actio</strong></span> <span class='ocrx_word' id='word_1_632' title='bbox 2852 2815 2906 2869; x_wconf 91' lang='lat' dir='ltr'><strong>in</strong></span> <span class='ocrx_word' id='word_1_633' title='bbox 2953 2813 3286 2886; x_wconf 85' lang='lat' dir='ltr'><strong>perfectione</strong></span> <span class='ocrx_word' id='word_1_634' title='bbox 3323 2815 3519 2870; x_wconf 74' lang='lat' dir='ltr'><strong>interna</strong></span> <span class='ocrx_word' id='word_1_635' title='bbox 3545 2806 3720 2865; x_wconf 67' lang='lat' dir='ltr'><strong>munditia</strong></span> 
     </span>
    </p>
   </div>
   <div class='ocr_carea' id='block_1_82' title="bbox 2293 2895 3708 2962">
    <p class='ocr_par' dir='ltr' id='par_1_82' title="bbox 2293 2895 3708 2962">
     <span class='ocr_line' id='line_1_82' title="bbox 2293 2895 3708 2962; baseline 0.001 -3"><span class='ocrx_word' id='word_1_636' title='bbox 2293 2905 2403 2961; x_wconf 93' lang='lat' dir='ltr'><strong>Deo</strong></span> <span class='ocrx_word' id='word_1_637' title='bbox 2422 2905 2696 2962; x_wconf 74' lang='lat' dir='ltr'><strong>olierenda</strong></span> <span class='ocrx_word' id='word_1_638' title='bbox 2710 2915 2793 2961; x_wconf 89' lang='lat' dir='ltr'><strong>est</strong></span> <span class='ocrx_word' id='word_1_639' title='bbox 3705 2895 3708 2902; x_wconf 76' lang='grc'><strong>’</strong></span> 
     </span>
    </p>
   </div>
   <div class='ocr_carea' id='block_1_83' title="bbox 2365 2989 3722 3069">
    <p class='ocr_par' dir='ltr' id='par_1_83' title="bbox 2365 2989 3722 3069">
     <span class='ocr_line' id='line_1_83' title="bbox 2365 2989 3722 3069; baseline 0.006 -19"><span class='ocrx_word' id='word_1_640' title='bbox 2365 2996 2512 3051; x_wconf 77' lang='lat' dir='ltr'><strong>Mala</strong></span> <span class='ocrx_word' id='word_1_641' title='bbox 2534 3006 2620 3053; x_wconf 89' lang='lat' dir='ltr'><strong>est</strong></span> <span class='ocrx_word' id='word_1_642' title='bbox 2642 3013 2766 3068; x_wconf 90' lang='lat' dir='ltr'><strong>spes</strong></span> <span class='ocrx_word' id='word_1_643' title='bbox 2791 3007 2844 3053; x_wconf 92' lang='lat' dir='ltr'><strong>et</strong></span> <span class='ocrx_word' id='word_1_644' title='bbox 2877 2999 3059 3064; x_wconf 91' lang='lat' dir='ltr'><strong>timor,</strong></span> <span class='ocrx_word' id='word_1_645' title='bbox 3091 3005 3153 3052; x_wconf 89' lang='lat' dir='ltr'><strong>ut</strong></span> <span class='ocrx_word' id='word_1_646' title='bbox 3177 2997 3230 3052; x_wconf 89' lang='lat' dir='ltr'><strong>in</strong></span> <span class='ocrx_word' id='word_1_647' title='bbox 3256 2997 3365 3069; x_wconf 88' lang='lat' dir='ltr'><strong>lege</strong></span> <span class='ocrx_word' id='word_1_648' title='bbox 3389 3013 3404 3049; x_wconf 79' lang='grc' dir='ltr'><strong><em>τ</em></strong></span> <span class='ocrx_word' id='word_1_649' title='bbox 3435 3014 3451 3046; x_wconf 84' lang='grc' dir='ltr'><strong>ι</strong></span> <span class='ocrx_word' id='word_1_650' title='bbox 3479 2993 3569 3048; x_wconf 84' lang='lat' dir='ltr'><strong>Non</strong></span> <span class='ocrx_word' id='word_1_651' title='bbox 3583 2989 3722 3058; x_wconf 59' lang='lat' dir='ltr'><strong>aediles</strong></span> 
     </span>
    </p>
   </div>
   <div class='ocr_carea' id='block_1_84' title="bbox 2275 3083 3717 3163">
    <p class='ocr_par' dir='ltr' id='par_1_84' title="bbox 2275 3083 3717 3163">
     <span class='ocr_line' id='line_1_84' title="bbox 2275 3083 3717 3163; baseline -0.001 -19"><span class='ocrx_word' id='word_1_652' title='bbox 2275 3089 2411 3145; x_wconf 84' lang='lat' dir='ltr'><strong>&#39;loco</strong></span> <span class='ocrx_word' id='word_1_653' title='bbox 2429 3091 2672 3163; x_wconf 88' lang='lat' dir='ltr'><strong>pignoris</strong></span> <span class='ocrx_word' id='word_1_654' title='bbox 2717 3092 3054 3162; x_wconf 88' lang='lat' dir='ltr'><strong>superiorem</strong></span> <span class='ocrx_word' id='word_1_655' title='bbox 3087 3099 3142 3146; x_wconf 90' lang='lat' dir='ltr'><strong>et</strong></span> <span class='ocrx_word' id='word_1_656' title='bbox 3181 3091 3466 3146; x_wconf 89' lang='lat' dir='ltr'><strong>inferiorem</strong></span> <span class='ocrx_word' id='word_1_657' title='bbox 3499 3086 3639 3142; x_wconf 82' lang='lat' dir='ltr'><strong>molam</strong></span> <span class='ocrx_word' id='word_1_658' title='bbox 3655 3083 3717 3144; x_wconf 67' lang='lat' dir='ltr'><strong>&quot;.t</strong></span> 
     </span>
    </p>
   </div>
   <div class='ocr_carea' id='block_1_85' title="bbox 2291 3178 3722 3257">
    <p class='ocr_par' dir='ltr' id='par_1_85' title="bbox 2291 3178 3722 3257">
     <span class='ocr_line' id='line_1_85' title="bbox 2291 3178 3722 3257; baseline -0.01 -16"><span class='ocrx_word' id='word_1_659' title='bbox 2291 3185 2434 3257; x_wconf 91' lang='lat' dir='ltr'><strong>quod</strong></span> <span class='ocrx_word' id='word_1_660' title='bbox 2461 3184 2577 3239; x_wconf 90' lang='lat' dir='ltr'><strong>sine</strong></span> <span class='ocrx_word' id='word_1_661' title='bbox 2599 3199 2692 3254; x_wconf 90' lang='lat' dir='ltr'><strong>spe</strong></span> <span class='ocrx_word' id='word_1_662' title='bbox 2722 3191 2778 3239; x_wconf 91' lang='lat' dir='ltr'><strong>et</strong></span> <span class='ocrx_word' id='word_1_663' title='bbox 2820 3183 3015 3239; x_wconf 90' lang='lat' dir='ltr'><strong>timore</strong></span> <span class='ocrx_word' id='word_1_664' title='bbox 3041 3199 3142 3254; x_wconf 90' lang='lat' dir='ltr'><strong>pro</strong></span> <span class='ocrx_word' id='word_1_665' title='bbox 3167 3191 3382 3254; x_wconf 87' lang='lat' dir='ltr'><strong>peccato</strong></span> <span class='ocrx_word' id='word_1_666' title='bbox 3405 3178 3643 3236; x_wconf 80' lang='lat' dir='ltr'><strong>satisfacere</strong></span> <span class='ocrx_word' id='word_1_667' title='bbox 3662 3188 3722 3226; x_wconf 81' lang='lat' dir='ltr'><strong>non</strong></span> 
     </span>
    </p>
   </div>
   <div class='ocr_carea' id='block_1_86' title="bbox 2291 3264 3721 3350">
    <p class='ocr_par' dir='ltr' id='par_1_86' title="bbox 2291 3264 3721 3350">
     <span class='ocr_line' id='line_1_86' title="bbox 2291 3264 3721 3350; baseline -0.01 -17"><span class='ocrx_word' id='word_1_668' title='bbox 2291 3286 2490 3350; x_wconf 90' lang='lat' dir='ltr'><strong>potest.</strong></span> <span class='ocrx_word' id='word_1_669' title='bbox 2519 3275 2685 3342; x_wconf 83' lang='lat' dir='ltr'><strong>Mala,</strong></span> <span class='ocrx_word' id='word_1_670' title='bbox 2731 3276 2874 3332; x_wconf 91' lang='lat' dir='ltr'><strong>actio</strong></span> <span class='ocrx_word' id='word_1_671' title='bbox 2897 3276 3179 3332; x_wconf 84' lang='lat' dir='ltr'><strong>sacularis</strong></span> <span class='ocrx_word' id='word_1_672' title='bbox 3200 3317 3215 3342; x_wconf 97' lang='lat'><strong>,</strong></span> <span class='ocrx_word' id='word_1_673' title='bbox 3255 3285 3312 3330; x_wconf 89' lang='lat' dir='ltr'><strong>ut</strong></span> <span class='ocrx_word' id='word_1_674' title='bbox 3360 3275 3408 3330; x_wconf 89' lang='lat' dir='ltr'><strong>in</strong></span> <span class='ocrx_word' id='word_1_675' title='bbox 3441 3273 3549 3328; x_wconf 84' lang='lat' dir='ltr'><strong>Isaia</strong></span> <span class='ocrx_word' id='word_1_676' title='bbox 3569 3288 3579 3322; x_wconf 89' lang='lat'><strong>:</strong></span> <span class='ocrx_word' id='word_1_677' title='bbox 3600 3288 3614 3320; x_wconf 80' lang='grc' dir='ltr'><strong>ι</strong></span> <span class='ocrx_word' id='word_1_678' title='bbox 3639 3264 3721 3321; x_wconf 80' lang='lat' dir='ltr'><strong>Tolle</strong></span> 
     </span>
    </p>
   </div>
   <div class='ocr_carea' id='block_1_87' title="bbox 2293 3361 3719 3438">
    <p class='ocr_par' dir='ltr' id='par_1_87' title="bbox 2293 3361 3719 3438">
     <span class='ocr_line' id='line_1_87' title="bbox 2293 3361 3719 3438; baseline -0.008 -13"><span class='ocrx_word' id='word_1_679' title='bbox 2293 3369 2491 3425; x_wconf 90' lang='lat' dir='ltr'><strong>molam</strong></span> <span class='ocrx_word' id='word_1_680' title='bbox 2504 3369 2570 3435; x_wconf 87' lang='lat'><strong>&quot;,</strong></span> <span class='ocrx_word' id='word_1_681' title='bbox 2601 3389 2619 3418; x_wconf 81' lang='grc'><strong><em>›</em></strong></span> <span class='ocrx_word' id='word_1_682' title='bbox 2640 3368 2692 3422; x_wconf 91' lang='lat' dir='ltr'><strong>id</strong></span> <span class='ocrx_word' id='word_1_683' title='bbox 2719 3377 2822 3433; x_wconf 89' lang='lat' dir='ltr'><strong>est,</strong></span> <span class='ocrx_word' id='word_1_684' title='bbox 2865 3368 3212 3438; x_wconf 90' lang='lat' dir='ltr'><strong>apprehende</strong></span> <span class='ocrx_word' id='word_1_685' title='bbox 3237 3368 3478 3423; x_wconf 87' lang='lat' dir='ltr'><strong>actionem</strong></span> <span class='ocrx_word' id='word_1_686' title='bbox 3505 3361 3719 3418; x_wconf 67' lang='lat' dir='ltr'><strong>saecularem.</strong></span> 
     </span>
    </p>
   </div>
   <div class='ocr_carea' id='block_1_88' title="bbox 2294 3450 3720 3529">
    <p class='ocr_par' dir='ltr' id='par_1_88' title="bbox 2294 3450 3720 3529">
     <span class='ocr_line' id='line_1_88' title="bbox 2294 3450 3720 3529; baseline -0.008 -14"><span class='ocrx_word' id='word_1_687' title='bbox 2294 3461 2462 3526; x_wconf 85' lang='lat' dir='ltr'><strong>Mala,</strong></span> <span class='ocrx_word' id='word_1_688' title='bbox 2511 3461 2770 3516; x_wconf 90' lang='lat' dir='ltr'><strong>circuitus</strong></span> <span class='ocrx_word' id='word_1_689' title='bbox 2815 3460 3085 3528; x_wconf 89' lang='lat' dir='ltr'><strong>laborum,</strong></span> <span class='ocrx_word' id='word_1_690' title='bbox 3130 3452 3191 3515; x_wconf 76' lang='lat' dir='ltr'><strong>ut</strong></span> <span class='ocrx_word' id='word_1_691' title='bbox 3233 3462 3285 3515; x_wconf 91' lang='lat' dir='ltr'><strong>in</strong></span> <span class='ocrx_word' id='word_1_692' title='bbox 3315 3450 3720 3529; x_wconf 73' lang='lat' dir='ltr'><strong>Evangelioztlola</strong></span> 
     </span>
    </p>
   </div>
   <div class='ocr_carea' id='block_1_89' title="bbox 2291 3546 3720 3625">
    <p class='ocr_par' dir='ltr' id='par_1_89' title="bbox 2291 3546 3720 3625">
     <span class='ocr_line' id='line_1_89' title="bbox 2291 3546 3720 3625; baseline -0.009 -16"><span class='ocrx_word' id='word_1_693' title='bbox 2291 3555 2527 3609; x_wconf 89' lang='lat' dir='ltr'><strong>asinaria</strong></span> <span class='ocrx_word' id='word_1_694' title='bbox 2558 3555 2610 3608; x_wconf 91' lang='lat' dir='ltr'><strong>in</strong></span> <span class='ocrx_word' id='word_1_695' title='bbox 2647 3553 2786 3609; x_wconf 94' lang='lat' dir='ltr'><strong>collo</strong></span> <span class='ocrx_word' id='word_1_696' title='bbox 2825 3554 2941 3625; x_wconf 88' lang='lat' dir='ltr'><strong>ejus</strong></span> <span class='ocrx_word' id='word_1_697' title='bbox 2959 3553 3032 3621; x_wconf 79' lang='grc'><strong>³⁸,</strong></span> <span class='ocrx_word' id='word_1_698' title='bbox 3066 3574 3085 3606; x_wconf 77' lang='grc' dir='ltr'><strong>ι</strong></span> <span class='ocrx_word' id='word_1_699' title='bbox 3117 3554 3171 3608; x_wconf 91' lang='lat' dir='ltr'><strong>id</strong></span> <span class='ocrx_word' id='word_1_700' title='bbox 3194 3561 3291 3618; x_wconf 91' lang='lat' dir='ltr'><strong>est,</strong></span> <span class='ocrx_word' id='word_1_701' title='bbox 3334 3551 3550 3607; x_wconf 87' lang='lat' dir='ltr'><strong>circuitus</strong></span> <span class='ocrx_word' id='word_1_702' title='bbox 3575 3546 3720 3601; x_wconf 68' lang='lat' dir='ltr'><strong>laborm</strong></span> 
     </span>
    </p>
   </div>
   <div class='ocr_carea' id='block_1_90' title="bbox 2291 3642 2870 3713">
    <p class='ocr_par' dir='ltr' id='par_1_90' title="bbox 2291 3642 2870 3713">
     <span class='ocr_line' id='line_1_90' title="bbox 2291 3642 2870 3713; baseline -0.002 -14"><span class='ocrx_word' id='word_1_703' title='bbox 2291 3643 2348 3699; x_wconf 93' lang='lat' dir='ltr'><strong>in</strong></span> <span class='ocrx_word' id='word_1_704' title='bbox 2383 3644 2708 3700; x_wconf 89' lang='lat' dir='ltr'><strong>necessitate</strong></span> <span class='ocrx_word' id='word_1_705' title='bbox 2733 3642 2870 3713; x_wconf 87' lang='lat' dir='ltr'><strong>ejus.</strong></span> 
     </span>
    </p>
   </div>
   <div class='ocr_carea' id='block_1_91' title="bbox 2362 3721 3718 3811">
    <p class='ocr_par' dir='ltr' id='par_1_91' title="bbox 2362 3721 3718 3811">
     <span class='ocr_line' id='line_1_91' title="bbox 2362 3721 3718 3811; baseline -0.002 -21"><span class='ocrx_word' id='word_1_706' title='bbox 2362 3734 2467 3790; x_wconf 88' lang='lat' dir='ltr'><strong>Per</strong></span> <span class='ocrx_word' id='word_1_707' title='bbox 2502 3735 2696 3790; x_wconf 76' lang='lat' dir='ltr'><strong>molam</strong></span> <span class='ocrx_word' id='word_1_708' title='bbox 2725 3734 2819 3808; x_wconf 93' lang='lat' dir='ltr'><strong>[id</strong></span> <span class='ocrx_word' id='word_1_709' title='bbox 2866 3743 2992 3802; x_wconf 90' lang='lat' dir='ltr'><strong>est,</strong></span> <span class='ocrx_word' id='word_1_710' title='bbox 3043 3736 3354 3811; x_wconf 81' lang='lat' dir='ltr'><strong>maxillam]</strong></span> <span class='ocrx_word' id='word_1_711' title='bbox 3396 3733 3592 3795; x_wconf 65' lang='lat' dir='ltr'><strong>insidia.</strong></span> <span class='ocrx_word' id='word_1_712' title='bbox 3626 3733 3665 3780; x_wconf 82' lang='grc' dir='ltr'><strong>ιιι</strong></span> <span class='ocrx_word' id='word_1_713' title='bbox 3691 3721 3718 3774; x_wconf 71' lang='grc' dir='ltr'><strong>ί·</strong></span> 
     </span>
    </p>
   </div>
   <div class='ocr_carea' id='block_1_92' title="bbox 2291 3812 3719 3892">
    <p class='ocr_par' dir='ltr' id='par_1_92' title="bbox 2291 3812 3719 3892">
     <span class='ocr_line' id='line_1_92' title="bbox 2291 3812 3719 3892; baseline -0.003 -11"><span class='ocrx_word' id='word_1_714' title='bbox 2291 3825 2521 3882; x_wconf 87' lang='lat' dir='ltr'><strong>Psalmis</strong></span> <span class='ocrx_word' id='word_1_715' title='bbox 2545 3844 2557 3881; x_wconf 86' lang='lat'><strong>:</strong></span> <span class='ocrx_word' id='word_1_716' title='bbox 2591 3844 2610 3877; x_wconf 86' lang='grc'><strong><em>‹</em></strong></span> <span class='ocrx_word' id='word_1_717' title='bbox 2648 3825 2818 3881; x_wconf 86' lang='lat' dir='ltr'><strong>Molas</strong></span> <span class='ocrx_word' id='word_1_718' title='bbox 2841 3824 3059 3881; x_wconf 89' lang='lat' dir='ltr'><strong>leonum</strong></span> <span class='ocrx_word' id='word_1_719' title='bbox 3100 3826 3395 3892; x_wconf 69' lang='lat' dir='ltr'><strong>confringet</strong></span> <span class='ocrx_word' id='word_1_720' title='bbox 3410 3824 3470 3891; x_wconf 84' lang='lat'><strong>&quot;,</strong></span> <span class='ocrx_word' id='word_1_721' title='bbox 3497 3842 3513 3874; x_wconf 76' lang='grc' dir='ltr'><strong>ι</strong></span> <span class='ocrx_word' id='word_1_722' title='bbox 3534 3812 3719 3878; x_wconf 69' lang='grc' dir='ltr'><strong>ἰᾱαειιίι⁶</strong></span> 
     </span>
    </p>
   </div>
   <div class='ocr_carea' id='block_1_93' title="bbox 2292 3915 3458 3974">
    <p class='ocr_par' dir='ltr' id='par_1_93' title="bbox 2292 3915 3458 3974">
     <span class='ocr_line' id='line_1_93' title="bbox 2292 3915 3458 3974; baseline -0.003 -2"><span class='ocrx_word' id='word_1_723' title='bbox 2292 3916 2459 3973; x_wconf 90' lang='lat' dir='ltr'><strong>sidias</strong></span> <span class='ocrx_word' id='word_1_724' title='bbox 2486 3915 2786 3971; x_wconf 90' lang='lat' dir='ltr'><strong>crudelium</strong></span> <span class='ocrx_word' id='word_1_725' title='bbox 2807 3916 3049 3972; x_wconf 90' lang='lat' dir='ltr'><strong>destruet</strong></span> <span class='ocrx_word' id='word_1_726' title='bbox 3095 3936 3115 3968; x_wconf 73' lang='grc' dir='ltr'><strong>ι</strong></span> <span class='ocrx_word' id='word_1_727' title='bbox 3149 3918 3414 3974; x_wconf 90' lang='lat' dir='ltr'><strong>Dominus.</strong></span> <span class='ocrx_word' id='word_1_728' title='bbox 3442 3934 3458 3968; x_wconf 82' lang='grc' dir='ltr'><strong>ι</strong></span> 
     </span>
    </p>
   </div>
   <div class='ocr_carea' id='block_1_94' title="bbox 2363 3992 3719 4072">
    <p class='ocr_par' dir='ltr' id='par_1_94' title="bbox 2363 3992 3719 4072">
     <span class='ocr_line' id='line_1_94' title="bbox 2363 3992 3719 4072; baseline -0.01 -11"><span class='ocrx_word' id='word_1_729' title='bbox 2363 4006 2590 4061; x_wconf 86' lang='lat' dir='ltr'><strong>Manilia</strong></span> <span class='ocrx_word' id='word_1_730' title='bbox 2637 4015 2765 4062; x_wconf 88' lang='lat' dir='ltr'><strong>sunt</strong></span> <span class='ocrx_word' id='word_1_731' title='bbox 2808 4008 3167 4064; x_wconf 88' lang='lat' dir='ltr'><strong>instrmnenta</strong></span> <span class='ocrx_word' id='word_1_732' title='bbox 3210 4010 3468 4072; x_wconf 87' lang='lat' dir='ltr'><strong>virtutum,</strong></span> <span class='ocrx_word' id='word_1_733' title='bbox 3506 4011 3553 4056; x_wconf 89' lang='lat' dir='ltr'><strong>ut</strong></span> <span class='ocrx_word' id='word_1_734' title='bbox 3579 3999 3616 4052; x_wconf 87' lang='lat' dir='ltr'><strong>in</strong></span> <span class='ocrx_word' id='word_1_735' title='bbox 3639 3992 3719 4048; x_wconf 73' lang='lat' dir='ltr'><strong>Cat-</strong></span> 
     </span>
    </p>
   </div>
   <div class='ocr_carea' id='block_1_95' title="bbox 2292 4081 3718 4181">
    <p class='ocr_par' dir='ltr' id='par_1_95' title="bbox 2292 4081 3718 4181">
     <span class='ocr_line' id='line_1_95' title="bbox 2292 4081 3718 4181; baseline 0 -23"><span class='ocrx_word' id='word_1_736' title='bbox 2292 4102 2402 4159; x_wconf 92' lang='lat' dir='ltr'><strong>tico</strong></span> <span class='ocrx_word' id='word_1_737' title='bbox 2436 4121 2449 4157; x_wconf 90' lang='lat'><strong>:</strong></span> <span class='ocrx_word' id='word_1_738' title='bbox 2485 4121 2504 4154; x_wconf 76' lang='grc' dir='ltr'><strong>ι</strong></span> <span class='ocrx_word' id='word_1_739' title='bbox 2536 4101 2744 4158; x_wconf 92' lang='lat' dir='ltr'><strong>Collum</strong></span> <span class='ocrx_word' id='word_1_740' title='bbox 2773 4113 2925 4156; x_wconf 91' lang='lat' dir='ltr'><strong>tuum</strong></span> <span class='ocrx_word' id='word_1_741' title='bbox 2950 4101 3091 4158; x_wconf 86' lang='lat' dir='ltr'><strong>sicut</strong></span> <span class='ocrx_word' id='word_1_742' title='bbox 3111 4102 3308 4158; x_wconf 90' lang='lat' dir='ltr'><strong>monile</strong></span> <span class='ocrx_word' id='word_1_743' title='bbox 3329 4101 3393 4166; x_wconf 83' lang='grc'><strong>⁸⁸,</strong></span> <span class='ocrx_word' id='word_1_744' title='bbox 3421 4118 3436 4151; x_wconf 80' lang='grc' dir='ltr'><strong>ι</strong></span> <span class='ocrx_word' id='word_1_745' title='bbox 3463 4095 3506 4152; x_wconf 86' lang='lat' dir='ltr'><strong>id</strong></span> <span class='ocrx_word' id='word_1_746' title='bbox 3526 4081 3718 4181; x_wconf 65' lang='grc' dir='ltr'><strong>θδῐ</strong></span> 
     </span>
    </p>
   </div>
   <div class='ocr_carea' id='block_1_96' title="bbox 2293 4185 3715 4257">
    <p class='ocr_par' dir='ltr' id='par_1_96' title="bbox 2293 4185 3715 4257">
     <span class='ocr_line' id='line_1_96' title="bbox 2293 4185 3715 4257; baseline -0.013 -8"><span class='ocrx_word' id='word_1_747' title='bbox 2293 4194 2435 4249; x_wconf 90' lang='lat' dir='ltr'><strong>catio</strong></span> <span class='ocrx_word' id='word_1_748' title='bbox 2457 4201 2548 4248; x_wconf 90' lang='lat' dir='ltr'><strong>tua</strong></span> <span class='ocrx_word' id='word_1_749' title='bbox 2573 4192 2785 4248; x_wconf 89' lang='lat' dir='ltr'><strong>animas</strong></span> <span class='ocrx_word' id='word_1_750' title='bbox 2810 4200 3056 4248; x_wconf 77' lang='lat' dir='ltr'><strong>exornat.</strong></span> <span class='ocrx_word' id='word_1_751' title='bbox 3086 4192 3326 4257; x_wconf 83' lang='lat' dir='ltr'><strong>Manilia,</strong></span> <span class='ocrx_word' id='word_1_752' title='bbox 3369 4185 3647 4246; x_wconf 78' lang='lat' dir='ltr'><strong>blandimenta</strong></span> <span class='ocrx_word' id='word_1_753' title='bbox 3671 4187 3715 4223; x_wconf 62' lang='lat' dir='ltr'><strong>t1-</strong></span> 
     </span>
    </p>
   </div>
   <div class='ocr_carea' id='block_1_97' title="bbox 2291 4266 3715 4350">
    <p class='ocr_par' dir='ltr' id='par_1_97' title="bbox 2291 4266 3715 4350">
     <span class='ocr_line' id='line_1_97' title="bbox 2291 4266 3715 4350; baseline -0.007 -10"><span class='ocrx_word' id='word_1_754' title='bbox 2291 4285 2512 4350; x_wconf 90' lang='lat' dir='ltr'><strong>tiorum,</strong></span> <span class='ocrx_word' id='word_1_755' title='bbox 2562 4292 2623 4338; x_wconf 94' lang='lat' dir='ltr'><strong>ut</strong></span> <span class='ocrx_word' id='word_1_756' title='bbox 2673 4285 2728 4338; x_wconf 91' lang='lat' dir='ltr'><strong>in</strong></span> <span class='ocrx_word' id='word_1_757' title='bbox 2783 4283 3006 4342; x_wconf 66' lang='lat' dir='ltr'><strong>lsaia::</strong></span> <span class='ocrx_word' id='word_1_758' title='bbox 3040 4285 3264 4341; x_wconf 80' lang='lat' dir='ltr'><strong>Auferet</strong></span> <span class='ocrx_word' id='word_1_759' title='bbox 3310 4283 3438 4338; x_wconf 88' lang='lat' dir='ltr'><strong>Deus</strong></span> <span class='ocrx_word' id='word_1_760' title='bbox 3479 4266 3715 4332; x_wconf 38' lang='lat' dir='ltr'><strong>monili“?</strong></span> 
     </span>
    </p>
   </div>
   <div class='ocr_carea' id='block_1_98' title="bbox 2291 4377 3426 4449">
    <p class='ocr_par' dir='ltr' id='par_1_98' title="bbox 2291 4377 3426 4449">
     <span class='ocr_line' id='line_1_98' title="bbox 2291 4377 3426 4449; baseline -0.001 -17"><span class='ocrx_word' id='word_1_761' title='bbox 2291 4377 2433 4449; x_wconf 92' lang='lat' dir='ltr'><strong>quod</strong></span> <span class='ocrx_word' id='word_1_762' title='bbox 2463 4378 2720 4433; x_wconf 89' lang='lat' dir='ltr'><strong>vitiorum</strong></span> <span class='ocrx_word' id='word_1_763' title='bbox 2749 4377 3122 4434; x_wconf 88' lang='lat' dir='ltr'><strong>blandimenta</strong></span> <span class='ocrx_word' id='word_1_764' title='bbox 3159 4379 3426 4436; x_wconf 54' lang='lat' dir='ltr'><strong>destruet.-</strong></span> 
     </span>
    </p>
   </div>
   <div class='ocr_carea' id='block_1_99' title="bbox 2364 4464 3716 4554">
    <p class='ocr_par' dir='ltr' id='par_1_99' title="bbox 2364 4464 3716 4554">
     <span class='ocr_line' id='line_1_99' title="bbox 2364 4464 3716 4554; baseline -0.001 -23"><span class='ocrx_word' id='word_1_765' title='bbox 2364 4477 2518 4534; x_wconf 84' lang='lat' dir='ltr'><strong>Mons</strong></span> <span class='ocrx_word' id='word_1_766' title='bbox 2553 4487 2636 4533; x_wconf 89' lang='lat' dir='ltr'><strong>est</strong></span> <span class='ocrx_word' id='word_1_767' title='bbox 2663 4477 2825 4533; x_wconf 88' lang='lat' dir='ltr'><strong>Pater</strong></span> <span class='ocrx_word' id='word_1_768' title='bbox 2861 4478 3131 4546; x_wconf 63' lang='lat' dir='ltr'><strong>caelestis,</strong></span> <span class='ocrx_word' id='word_1_769' title='bbox 3178 4487 3239 4533; x_wconf 91' lang='lat' dir='ltr'><strong>ut</strong></span> <span class='ocrx_word' id='word_1_770' title='bbox 3275 4478 3326 4532; x_wconf 94' lang='lat' dir='ltr'><strong>in</strong></span> <span class='ocrx_word' id='word_1_771' title='bbox 3363 4471 3541 4531; x_wconf 82' lang='lat' dir='ltr'><strong>cantico</strong></span> <span class='ocrx_word' id='word_1_772' title='bbox 3570 4464 3716 4554; x_wconf 60' lang='grc' dir='ltr'><strong>Αβθξπξτ</strong></span> 
     </span>
    </p>
   </div>
   <div class='ocr_carea' id='block_1_100' title="bbox 2294 4548 3718 4640">
    <p class='ocr_par' dir='ltr' id='par_1_100' title="bbox 2294 4548 3718 4640">
     <span class='ocr_line' id='line_1_100' title="bbox 2294 4548 3718 4640; baseline -0.042 1"><span class='ocrx_word' id='word_1_773' title='bbox 2294 4570 2436 4640; x_wconf 70' lang='grc' dir='ltr'><strong>(ωοᾱ</strong></span> <span class='ocrx_word' id='word_1_774' title='bbox 2469 4586 2489 4618; x_wconf 75' lang='grc' dir='ltr'>ί</span> <span class='ocrx_word' id='word_1_775' title='bbox 2524 4567 2759 4624; x_wconf 90' lang='lat' dir='ltr'><strong>Sanctus</strong></span> <span class='ocrx_word' id='word_1_776' title='bbox 2791 4568 2858 4622; x_wconf 93' lang='lat' dir='ltr'><strong>de</strong></span> <span class='ocrx_word' id='word_1_777' title='bbox 2885 4578 3070 4624; x_wconf 88' lang='lat' dir='ltr'><strong>monte</strong></span> <span class='ocrx_word' id='word_1_778' title='bbox 3090 4571 3106 4590; x_wconf 80' lang='lat'><strong><em>‘</em></strong></span> <span class='ocrx_word' id='word_1_779' title='bbox 3132 4569 3339 4624; x_wconf 63' lang='lat' dir='ltr'><strong>Pharao</strong></span> <span class='ocrx_word' id='word_1_780' title='bbox 3362 4567 3432 4630; x_wconf 58' lang='grc' dir='ltr'><strong>τι,</strong></span> <span class='ocrx_word' id='word_1_781' title='bbox 3457 4582 3474 4616; x_wconf 76' lang='lat'><strong>,</strong></span> <span class='ocrx_word' id='word_1_782' title='bbox 3514 4553 3617 4630; x_wconf 61' lang='lat' dir='ltr'><strong>quod</strong></span> <span class='ocrx_word' id='word_1_783' title='bbox 3631 4548 3718 4605; x_wconf 63' lang='lat' dir='ltr'><strong>om.</strong></span> 
     </span>
    </p>
   </div>
   <div class='ocr_carea' id='block_1_101' title="bbox 2296 4642 3718 4732">
    <p class='ocr_par' dir='ltr' id='par_1_101' title="bbox 2296 4642 3718 4732">
     <span class='ocr_line' id='line_1_101' title="bbox 2296 4642 3718 4732; baseline -0.011 -16"><span class='ocrx_word' id='word_1_784' title='bbox 2296 4668 2413 4716; x_wconf 91' lang='lat' dir='ltr'><strong>stus</strong></span> <span class='ocrx_word' id='word_1_785' title='bbox 2447 4659 2514 4715; x_wconf 91' lang='lat' dir='ltr'><strong>de</strong></span> <span class='ocrx_word' id='word_1_786' title='bbox 2534 4658 2695 4715; x_wconf 79' lang='lat' dir='ltr'><strong>Patre</strong></span> <span class='ocrx_word' id='word_1_787' title='bbox 2723 4660 2978 4715; x_wconf 90' lang='lat' dir='ltr'><strong>invisibili</strong></span> <span class='ocrx_word' id='word_1_788' title='bbox 3004 4661 3284 4732; x_wconf 90' lang='lat' dir='ltr'><strong>processit.</strong></span> <span class='ocrx_word' id='word_1_789' title='bbox 3315 4657 3469 4720; x_wconf 82' lang='lat' dir='ltr'><strong>Mons,</strong></span> <span class='ocrx_word' id='word_1_790' title='bbox 3491 4642 3718 4707; x_wconf 70' lang='grc' dir='ltr'><strong>(ΞΙιιίειιιςνι</strong></span> 
     </span>
    </p>
   </div>
   <div class='ocr_carea' id='block_1_102' title="bbox 2295 4738 3733 4824">
    <p class='ocr_par' dir='ltr' id='par_1_102' title="bbox 2295 4738 3733 4824">
     <span class='ocr_line' id='line_1_102' title="bbox 2295 4738 3733 4824; baseline -0.01 -16"><span class='ocrx_word' id='word_1_791' title='bbox 2295 4753 2352 4808; x_wconf 89' lang='lat' dir='ltr'><strong>in</strong></span> <span class='ocrx_word' id='word_1_792' title='bbox 2373 4753 2512 4808; x_wconf 92' lang='lat' dir='ltr'><strong>lsaia</strong></span> <span class='ocrx_word' id='word_1_793' title='bbox 2545 4771 2559 4806; x_wconf 90' lang='lat'><strong>:</strong></span> <span class='ocrx_word' id='word_1_794' title='bbox 2588 4773 2606 4804; x_wconf 73' lang='grc' dir='ltr'>ί</span> <span class='ocrx_word' id='word_1_795' title='bbox 2626 4753 2968 4824; x_wconf 86' lang='lat' dir='ltr'><strong>Praparatus</strong></span> <span class='ocrx_word' id='word_1_796' title='bbox 2998 4767 3154 4809; x_wconf 90' lang='lat' dir='ltr'><strong>mons</strong></span> <span class='ocrx_word' id='word_1_797' title='bbox 3179 4754 3364 4808; x_wconf 87' lang='lat' dir='ltr'><strong>domus</strong></span> <span class='ocrx_word' id='word_1_798' title='bbox 3399 4740 3569 4804; x_wconf 87' lang='lat' dir='ltr'><strong>Domini</strong></span> <span class='ocrx_word' id='word_1_799' title='bbox 3589 4738 3733 4824; x_wconf 46' lang='lat' dir='ltr'><strong>illi?&quot;</strong></span> 
     </span>
    </p>
   </div>
   <div class='ocr_carea' id='block_1_103' title="bbox 2297 4816 3717 4923">
    <p class='ocr_par' dir='ltr' id='par_1_103' title="bbox 2297 4816 3717 4923">
     <span class='ocr_line' id='line_1_103' title="bbox 2297 4816 3717 4923; baseline 0.001 -22"><span class='ocrx_word' id='word_1_800' title='bbox 2297 4847 2459 4902; x_wconf 89' lang='lat' dir='ltr'><strong>ticem</strong></span> <span class='ocrx_word' id='word_1_801' title='bbox 2501 4816 2764 4901; x_wconf 79' lang='lat' dir='ltr'><strong>montium</strong></span> <span class='ocrx_word' id='word_1_802' title='bbox 2786 4845 2854 4909; x_wconf 87' lang='grc'><em>³³,</em></span> <span class='ocrx_word' id='word_1_803' title='bbox 2886 4863 2906 4896; x_wconf 74' lang='grc' dir='ltr'><strong>ι</strong></span> <span class='ocrx_word' id='word_1_804' title='bbox 2953 4845 3096 4914; x_wconf 92' lang='lat' dir='ltr'><strong>quod</strong></span> <span class='ocrx_word' id='word_1_805' title='bbox 3144 4843 3381 4900; x_wconf 85' lang='lat' dir='ltr'><strong>Christus</strong></span> <span class='ocrx_word' id='word_1_806' title='bbox 3419 4837 3576 4893; x_wconf 63' lang='lat' dir='ltr'><strong>missus</strong></span> <span class='ocrx_word' id='word_1_807' title='bbox 3603 4816 3717 4923; x_wconf 48' lang='grc' dir='ltr'><strong>’ξ</strong></span> 
     </span>
    </p>
   </div>
   <div class='ocr_carea' id='block_1_104' title="bbox 2294 4915 3716 5012">
    <p class='ocr_par' dir='ltr' id='par_1_104' title="bbox 2294 4915 3716 5012">
     <span class='ocr_line' id='line_1_104' title="bbox 2294 4915 3716 5012; baseline -0.006 -18"><span class='ocrx_word' id='word_1_808' title='bbox 2294 4939 2439 4994; x_wconf 87' lang='lat' dir='ltr'><strong>daos</strong></span> <span class='ocrx_word' id='word_1_809' title='bbox 2454 4951 2644 4992; x_wconf 90' lang='lat' dir='ltr'><strong>omnes</strong></span> <span class='ocrx_word' id='word_1_810' title='bbox 2666 4951 2890 5006; x_wconf 89' lang='lat' dir='ltr'><strong>prorsus</strong></span> <span class='ocrx_word' id='word_1_811' title='bbox 2908 4933 3161 5005; x_wconf 72' lang='lat' dir='ltr'><strong>iustos-in</strong></span> <span class='ocrx_word' id='word_1_812' title='bbox 3189 4930 3492 4989; x_wconf 84' lang='lat' dir='ltr'><strong>sublimitate</strong></span> <span class='ocrx_word' id='word_1_813' title='bbox 3524 4915 3716 5012; x_wconf 37' lang='lat' dir='ltr'><strong>uitii“?</strong></span> 
     </span>
    </p>
   </div>
   <div class='ocr_carea' id='block_1_105' title="bbox 2293 5006 3716 5094">
    <p class='ocr_par' dir='ltr' id='par_1_105' title="bbox 2293 5006 3716 5094">
     <span class='ocr_line' id='line_1_105' title="bbox 2293 5006 3716 5094; baseline -0.011 -9"><span class='ocrx_word' id='word_1_814' title='bbox 2293 5027 2524 5084; x_wconf 90' lang='lat' dir='ltr'><strong>excedit.</strong></span> <span class='ocrx_word' id='word_1_815' title='bbox 2558 5025 2732 5092; x_wconf 85' lang='lat' dir='ltr'><strong>Mons,</strong></span> <span class='ocrx_word' id='word_1_816' title='bbox 2763 5024 3024 5089; x_wconf 88' lang='lat' dir='ltr'><strong>Ecclesia,</strong></span> <span class='ocrx_word' id='word_1_817' title='bbox 3069 5032 3130 5080; x_wconf 92' lang='lat' dir='ltr'><strong>ut</strong></span> <span class='ocrx_word' id='word_1_818' title='bbox 3161 5023 3214 5078; x_wconf 92' lang='lat' dir='ltr'><strong>in</strong></span> <span class='ocrx_word' id='word_1_819' title='bbox 3253 5019 3496 5077; x_wconf 84' lang='lat' dir='ltr'><strong>Psalmis:</strong></span> <span class='ocrx_word' id='word_1_820' title='bbox 3523 5029 3538 5061; x_wconf 79' lang='grc' dir='ltr'><strong>ι</strong></span> <span class='ocrx_word' id='word_1_821' title='bbox 3561 5006 3648 5072; x_wconf 63' lang='lat' dir='ltr'><strong>Quis</strong></span> 
     </span>
    </p>
   </div>
   <div class='ocr_carea' id='block_1_106' title="bbox 2295 5093 3717 5173">
    <p class='ocr_par' dir='ltr' id='par_1_106' title="bbox 2295 5093 3717 5173">
     <span class='ocr_line' id='line_1_106' title="bbox 2295 5093 3717 5173; baseline -0.015 0"><span class='ocrx_word' id='word_1_822' title='bbox 2295 5119 2488 5173; x_wconf 90' lang='lat' dir='ltr'><strong>cendet</strong></span> <span class='ocrx_word' id='word_1_823' title='bbox 2515 5117 2571 5170; x_wconf 94' lang='lat' dir='ltr'><strong>in</strong></span> <span class='ocrx_word' id='word_1_824' title='bbox 2601 5123 2836 5170; x_wconf 91' lang='lat' dir='ltr'><strong>montem</strong></span> <span class='ocrx_word' id='word_1_825' title='bbox 2862 5113 3121 5170; x_wconf 86' lang='lat' dir='ltr'><strong>Domini?</strong></span> <span class='ocrx_word' id='word_1_826' title='bbox 3148 5112 3194 5144; x_wconf 77' lang='lat'><strong>“</strong></span> <span class='ocrx_word' id='word_1_827' title='bbox 3229 5130 3249 5166; x_wconf 75' lang='grc' dir='ltr'><strong>ι</strong></span> <span class='ocrx_word' id='word_1_828' title='bbox 3277 5110 3327 5166; x_wconf 94' lang='lat' dir='ltr'><strong>id</strong></span> <span class='ocrx_word' id='word_1_829' title='bbox 3352 5115 3442 5169; x_wconf 89' lang='lat' dir='ltr'><strong>est,</strong></span> <span class='ocrx_word' id='word_1_830' title='bbox 3465 5093 3717 5173; x_wconf 63' lang='lat' dir='ltr'><strong>quis&#39;pdm&#39;</strong></span> 
     </span>
    </p>
   </div>
   <div class='ocr_carea' id='block_1_107' title="bbox 2295 5173 3715 5282">
    <p class='ocr_par' dir='ltr' id='par_1_107' title="bbox 2295 5173 3715 5282">
     <span class='ocr_line' id='line_1_107' title="bbox 2295 5173 3715 5282; baseline -0.019 -16"><span class='ocrx_word' id='word_1_831' title='bbox 2295 5211 2370 5282; x_wconf 88' lang='lat' dir='ltr'><strong>git</strong></span> <span class='ocrx_word' id='word_1_832' title='bbox 2398 5210 2465 5264; x_wconf 92' lang='lat' dir='ltr'><strong>ad</strong></span> <span class='ocrx_word' id='word_1_833' title='bbox 2491 5206 2923 5264; x_wconf 89' lang='lat' dir='ltr'><strong>conformitatem</strong></span> <span class='ocrx_word' id='word_1_834' title='bbox 2961 5203 3216 5261; x_wconf 87' lang='lat' dir='ltr'><strong>Ecclesia</strong></span> <span class='ocrx_word' id='word_1_835' title='bbox 3256 5199 3381 5258; x_wconf 76' lang='lat' dir='ltr'><strong>Dei?</strong></span> <span class='ocrx_word' id='word_1_836' title='bbox 3406 5195 3550 5252; x_wconf 79' lang='lat' dir='ltr'><strong>Mons,</strong></span> 
     </span>
    </p>
   </div>
   <div class='ocr_carea' id='block_1_108' title="bbox 2297 5273 3715 5366">
    <p class='ocr_par' dir='ltr' id='par_1_108' title="bbox 2297 5273 3715 5366">
     <span class='ocr_line' id='line_1_108' title="bbox 2297 5273 3715 5366; baseline -0.013 -11"><span class='ocrx_word' id='word_1_837' title='bbox 2297 5273 2594 5366; x_wconf 74' lang='lat' dir='ltr'><strong>Judaicus,</strong></span> <span class='ocrx_word' id='word_1_838' title='bbox 2633 5304 2692 5353; x_wconf 91' lang='lat' dir='ltr'><strong>ut</strong></span> <span class='ocrx_word' id='word_1_839' title='bbox 2738 5297 2793 5353; x_wconf 91' lang='lat' dir='ltr'><strong>in</strong></span> <span class='ocrx_word' id='word_1_840' title='bbox 2843 5295 2979 5352; x_wconf 78' lang='lat' dir='ltr'><strong>Isaia</strong></span> <span class='ocrx_word' id='word_1_841' title='bbox 3013 5311 3029 5351; x_wconf 91' lang='lat'><strong>:</strong></span> <span class='ocrx_word' id='word_1_842' title='bbox 3070 5315 3089 5349; x_wconf 78' lang='grc' dir='ltr'><strong>ι</strong></span> <span class='ocrx_word' id='word_1_843' title='bbox 3119 5293 3325 5350; x_wconf 89' lang='lat' dir='ltr'><strong>Sedebo</strong></span> <span class='ocrx_word' id='word_1_844' title='bbox 3369 5289 3421 5344; x_wconf 91' lang='lat' dir='ltr'><strong>in</strong></span> <span class='ocrx_word' id='word_1_845' title='bbox 3454 5285 3594 5340; x_wconf 76' lang='grc' dir='ltr'><strong>ωωω</strong></span> <span class='ocrx_word' id='word_1_846' title='bbox 3621 5273 3715 5322; x_wconf 64' lang='grc'><strong>1⁸⁵⁸³·</strong></span> 
     </span>
    </p>
   </div>
   <div class='ocr_carea' id='block_1_109' title="bbox 685 5455 2239 5549">
    <p class='ocr_par' dir='ltr' id='par_1_109' title="bbox 685 5476 2238 5549">
     <span class='ocr_line' id='line_1_109' title="bbox 685 5476 2238 5549; baseline 0.003 -15"><span class='ocrx_word' id='word_1_847' title='bbox 685 5476 824 5549; x_wconf 75' lang='lat' dir='ltr'><strong>‘Job</strong></span> <span class='ocrx_word' id='word_1_848' title='bbox 847 5494 898 5533; x_wconf 89' lang='lat' dir='ltr'><strong>v.</strong></span> <span class='ocrx_word' id='word_1_849' title='bbox 927 5477 981 5532; x_wconf 85' lang='lat'><strong>5.</strong></span> <span class='ocrx_word' id='word_1_850' title='bbox 1012 5479 1033 5509; x_wconf 80' lang='grc'>⁸</span> <span class='ocrx_word' id='word_1_851' title='bbox 1063 5476 1229 5549; x_wconf 75' lang='lat' dir='ltr'><strong>Apoc.</strong></span> <span class='ocrx_word' id='word_1_852' title='bbox 1251 5494 1367 5545; x_wconf 78' lang='lat' dir='ltr'><strong>xiv,</strong></span> <span class='ocrx_word' id='word_1_853' title='bbox 1395 5480 1479 5535; x_wconf 82' lang='lat' dir='ltr'><strong>l5.</strong></span> <span class='ocrx_word' id='word_1_854' title='bbox 1514 5481 1534 5512; x_wconf 85' lang='grc'>³</span> <span class='ocrx_word' id='word_1_855' title='bbox 1558 5481 1747 5538; x_wconf 89' lang='lat' dir='ltr'><strong>Matth.</strong></span> <span class='ocrx_word' id='word_1_856' title='bbox 1782 5500 1917 5549; x_wconf 84' lang='lat' dir='ltr'><strong>xm,</strong></span> <span class='ocrx_word' id='word_1_857' title='bbox 1949 5484 2039 5538; x_wconf 84' lang='lat'><strong>‘50.</strong></span> <span class='ocrx_word' id='word_1_858' title='bbox 2080 5485 2099 5516; x_wconf 69' lang='grc'><strong><em>⁵</em></strong></span> <span class='ocrx_word' id='word_1_859' title='bbox 2125 5484 2238 5539; x_wconf 84' lang='lat' dir='ltr'><strong>Ibid</strong></span> 
     </span>
    </p>
   </div>
   <div class='ocr_carea' id='block_1_110' title="bbox 2157 5455 3711 5549">
    <p class='ocr_par' dir='ltr' id='par_1_110' title="bbox 2157 5455 3711 5549">
     <span class='ocr_line' id='line_1_110' title="bbox 2157 5455 3711 5549; baseline -0.005 -10"><span class='ocrx_word' id='word_1_860' title='bbox 2157 5484 2260 5539; x_wconf 88' lang='lat' dir='ltr'><strong>bid.</strong></span> <span class='ocrx_word' id='word_1_861' title='bbox 2296 5501 2341 5538; x_wconf 77' lang='grc' dir='ltr'>υ.</span> <span class='ocrx_word' id='word_1_862' title='bbox 2383 5483 2472 5538; x_wconf 82' lang='lat'><strong>59.</strong></span> <span class='ocrx_word' id='word_1_863' title='bbox 2535 5483 2556 5514; x_wconf 81' lang='grc' dir='ltr'><strong>ι</strong></span> <span class='ocrx_word' id='word_1_864' title='bbox 2599 5482 2726 5536; x_wconf 91' lang='lat' dir='ltr'><strong>Luc.</strong></span> <span class='ocrx_word' id='word_1_865' title='bbox 2761 5497 2870 5545; x_wconf 82' lang='lat' dir='ltr'><strong>va,</strong></span> <span class='ocrx_word' id='word_1_866' title='bbox 2908 5480 2997 5536; x_wconf 72' lang='lat' dir='ltr'><strong>si.</strong></span> <span class='ocrx_word' id='word_1_867' title='bbox 3022 5479 3043 5510; x_wconf 77' lang='grc' dir='ltr'><strong><em>ο</em></strong></span> <span class='ocrx_word' id='word_1_868' title='bbox 3070 5478 3168 5534; x_wconf 90' lang='lat' dir='ltr'><strong>Job</strong></span> <span class='ocrx_word' id='word_1_869' title='bbox 3196 5455 3711 5549; x_wconf 46' lang='lat' dir='ltr'><strong>x;v,__3._jy5l}§h&#39;_&quot;‘.&#39;f</strong></span> 
     </span>
    </p>
   </div>
   <div class='ocr_carea' id='block_1_111' title="bbox 613 5537 2167 5618">
    <p class='ocr_par' dir='ltr' id='par_1_111' title="bbox 613 5537 2167 5617">
     <span class='ocr_line' id='line_1_111' title="bbox 613 5537 2167 5617; baseline 0 -11"><span class='ocrx_word' id='word_1_870' title='bbox 613 5550 666 5606; x_wconf 90' lang='lat'><strong>9.</strong></span> <span class='ocrx_word' id='word_1_871' title='bbox 711 5546 858 5604; x_wconf 71' lang='lat' dir='ltr'><strong>ll.lob</strong></span> <span class='ocrx_word' id='word_1_872' title='bbox 902 5564 998 5610; x_wconf 85' lang='lat' dir='ltr'><strong>vn,</strong></span> <span class='ocrx_word' id='word_1_873' title='bbox 1039 5537 1148 5602; x_wconf 67' lang='lat' dir='ltr'><strong>l.&quot;</strong></span> <span class='ocrx_word' id='word_1_874' title='bbox 1173 5537 1432 5614; x_wconf 33' lang='lat' dir='ltr'><strong>Zachfv,</strong></span> <span class='ocrx_word' id='word_1_875' title='bbox 1477 5552 1531 5607; x_wconf 84' lang='lat'><strong>9.</strong></span> <span class='ocrx_word' id='word_1_876' title='bbox 1573 5553 1614 5584; x_wconf 84' lang='grc'><strong>¹⁰</strong></span> <span class='ocrx_word' id='word_1_877' title='bbox 1645 5537 1937 5617; x_wconf 41' lang='grc' dir='ltr'><strong>Ῑλόνίῑίιιί.</strong></span> <span class='ocrx_word' id='word_1_878' title='bbox 1963 5537 2064 5608; x_wconf 12' lang='lat' dir='ltr'><strong>illi.</strong></span> <span class='ocrx_word' id='word_1_879' title='bbox 2105 5537 2167 5586; x_wconf 34' lang='lat'><strong>“—</strong></span> 
     </span>
    </p>
   </div>
   <div class='ocr_carea' id='block_1_112' title="bbox 1906 5537 3460 5618">
    <p class='ocr_par' dir='ltr' id='par_1_112' title="bbox 1906 5537 3460 5618">
     <span class='ocr_line' id='line_1_112' title="bbox 1906 5537 3460 5618; baseline -0.008 -8"><span class='ocrx_word' id='word_1_880' title='bbox 1906 5537 1937 5617; x_wconf 81' lang='grc' dir='ltr'>ἰ.</span> <span class='ocrx_word' id='word_1_881' title='bbox 1963 5537 2064 5608; x_wconf 39' lang='grc' dir='ltr'><strong>θη.</strong></span> <span class='ocrx_word' id='word_1_882' title='bbox 2105 5537 2338 5610; x_wconf 48' lang='lat' dir='ltr'><strong>Nam;</strong></span> <span class='ocrx_word' id='word_1_883' title='bbox 2367 5537 2493 5618; x_wconf 44' lang='grc' dir='ltr'>ἠδ.</span> <span class='ocrx_word' id='word_1_884' title='bbox 2525 5555 2566 5584; x_wconf 77' lang='grc' dir='ltr'>η</span> <span class='ocrx_word' id='word_1_885' title='bbox 2595 5551 2750 5606; x_wconf 88' lang='lat' dir='ltr'><strong>Cant.</strong></span> <span class='ocrx_word' id='word_1_886' title='bbox 2787 5537 2936 5613; x_wconf 77' lang='lat' dir='ltr'><strong>w,&#39;6.</strong></span> <span class='ocrx_word' id='word_1_887' title='bbox 2971 5551 3012 5582; x_wconf 76' lang='grc' dir='ltr'>η</span> <span class='ocrx_word' id='word_1_888' title='bbox 3041 5549 3195 5604; x_wconf 88' lang='lat' dir='ltr'><strong>Cant.</strong></span> <span class='ocrx_word' id='word_1_889' title='bbox 3233 5548 3282 5618; x_wconf 65' lang='grc' dir='ltr'><strong>ι,</strong></span> <span class='ocrx_word' id='word_1_890' title='bbox 3320 5537 3398 5597; x_wconf 73' lang='grc' dir='ltr'>ιδ.</span> <span class='ocrx_word' id='word_1_891' title='bbox 3424 5537 3460 5569; x_wconf 74' lang='grc'>¹⁸</span> 
     </span>
    </p>
   </div>
   <div class='ocr_carea' id='block_1_113' title="bbox 613 5616 3434 5688">
    <p class='ocr_par' dir='ltr' id='par_1_113' title="bbox 613 5616 3434 5688">
     <span class='ocr_line' id='line_1_113' title="bbox 613 5616 3434 5688; baseline -0.002 -15"><span class='ocrx_word' id='word_1_892' title='bbox 613 5620 661 5653; x_wconf 67' lang='grc'><strong>’⁸</strong></span> <span class='ocrx_word' id='word_1_893' title='bbox 688 5619 792 5674; x_wconf 86' lang='lat' dir='ltr'><strong>lsa.</strong></span> <span class='ocrx_word' id='word_1_894' title='bbox 832 5635 917 5685; x_wconf 82' lang='lat' dir='ltr'><strong>Lv,</strong></span> <span class='ocrx_word' id='word_1_895' title='bbox 950 5619 1036 5672; x_wconf 81' lang='lat' dir='ltr'><strong>l5.</strong></span> <span class='ocrx_word' id='word_1_896' title='bbox 1072 5619 1113 5649; x_wconf 84' lang='grc'>¹⁶</span> <span class='ocrx_word' id='word_1_897' title='bbox 1148 5618 1250 5675; x_wconf 91' lang='lat' dir='ltr'><strong>lsa.</strong></span> <span class='ocrx_word' id='word_1_898' title='bbox 1275 5637 1391 5688; x_wconf 79' lang='lat' dir='ltr'><strong>xu,</strong></span> <span class='ocrx_word' id='word_1_899' title='bbox 1421 5622 1504 5677; x_wconf 75' lang='lat'><strong>19.</strong></span> <span class='ocrx_word' id='word_1_900' title='bbox 1536 5623 1576 5655; x_wconf 73' lang='grc'><strong>⁸⁷</strong></span> <span class='ocrx_word' id='word_1_901' title='bbox 1607 5622 1718 5677; x_wconf 90' lang='lat' dir='ltr'><strong>Jer.</strong></span> <span class='ocrx_word' id='word_1_902' title='bbox 1746 5640 1876 5688; x_wconf 74' lang='lat' dir='ltr'><strong>xvn,</strong></span> <span class='ocrx_word' id='word_1_903' title='bbox 1910 5616 1961 5678; x_wconf 85' lang='lat'><strong>6.</strong></span> <span class='ocrx_word' id='word_1_904' title='bbox 1990 5626 2031 5657; x_wconf 67' lang='lat'><strong>‘3</strong></span> <span class='ocrx_word' id='word_1_905' title='bbox 2053 5623 2257 5680; x_wconf 85' lang='lat' dir='ltr'><strong>Judith.</strong></span> <span class='ocrx_word' id='word_1_906' title='bbox 2283 5616 2510 5687; x_wconf 45' lang='grc' dir='ltr'><strong>κνιέὶο.</strong></span> <span class='ocrx_word' id='word_1_907' title='bbox 2541 5624 2583 5654; x_wconf 85' lang='grc'><strong>¹⁹</strong></span> <span class='ocrx_word' id='word_1_908' title='bbox 2621 5623 2787 5676; x_wconf 82' lang='lat' dir='ltr'><strong>Exod.</strong></span> <span class='ocrx_word' id='word_1_909' title='bbox 2834 5638 2979 5681; x_wconf 75' lang='lat' dir='ltr'><strong>xxix.</strong></span> <span class='ocrx_word' id='word_1_910' title='bbox 3010 5621 3062 5674; x_wconf 86' lang='lat'><strong>9.</strong></span> <span class='ocrx_word' id='word_1_911' title='bbox 3095 5620 3133 5650; x_wconf 78' lang='lat'><strong>&#39;°</strong></span> <span class='ocrx_word' id='word_1_912' title='bbox 3166 5616 3301 5672; x_wconf 86' lang='lat' dir='ltr'><strong>Psal.</strong></span> <span class='ocrx_word' id='word_1_913' title='bbox 3325 5627 3434 5688; x_wconf 55' lang='grc' dir='ltr'><strong>με,</strong></span> 
     </span>
    </p>
   </div>
   <div class='ocr_carea' id='block_1_114' title="bbox 613 5681 2167 5760">
    <p class='ocr_par' dir='ltr' id='par_1_114' title="bbox 613 5681 2167 5760">
     <span class='ocr_line' id='line_1_114' title="bbox 613 5681 2167 5760; baseline 0.001 -15"><span class='ocrx_word' id='word_1_914' title='bbox 613 5681 913 5760; x_wconf 41' lang='grc' dir='ltr'><strong>ιιξξηιιηϐζ</strong></span> <span class='ocrx_word' id='word_1_915' title='bbox 939 5689 985 5718; x_wconf 82' lang='grc'>²¹</span> <span class='ocrx_word' id='word_1_916' title='bbox 1010 5689 1113 5746; x_wconf 89' lang='lat' dir='ltr'><strong>lsa.</strong></span> <span class='ocrx_word' id='word_1_917' title='bbox 1145 5705 1257 5752; x_wconf 76' lang='lat' dir='ltr'><strong>xvi.</strong></span> <span class='ocrx_word' id='word_1_918' title='bbox 1298 5691 1350 5744; x_wconf 85' lang='lat'><strong>6.</strong></span> <span class='ocrx_word' id='word_1_919' title='bbox 1379 5681 1444 5722; x_wconf 75' lang='grc'><strong>’³³</strong></span> <span class='ocrx_word' id='word_1_920' title='bbox 1473 5692 1575 5746; x_wconf 90' lang='lat' dir='ltr'><strong>lsa.</strong></span> <span class='ocrx_word' id='word_1_921' title='bbox 1608 5710 1697 5753; x_wconf 78' lang='lat' dir='ltr'><strong>xv,</strong></span> <span class='ocrx_word' id='word_1_922' title='bbox 1732 5695 1782 5748; x_wconf 82' lang='lat' dir='ltr'><strong>l.</strong></span> <span class='ocrx_word' id='word_1_923' title='bbox 1812 5681 2076 5749; x_wconf 48' lang='lat' dir='ltr'><strong>ﬂ&#39;lllatth.</strong></span> <span class='ocrx_word' id='word_1_924' title='bbox 2107 5711 2167 5757; x_wconf 66' lang='grc' dir='ltr'><strong>ν,</strong></span> 
     </span>
    </p>
   </div>
   <div class='ocr_carea' id='block_1_115' title="bbox 1869 5681 3423 5760">
    <p class='ocr_par' dir='ltr' id='par_1_115' title="bbox 1869 5681 3423 5760">
     <span class='ocr_line' id='line_1_115' title="bbox 1869 5681 3423 5760; baseline -0.003 -13"><span class='ocrx_word' id='word_1_925' title='bbox 1869 5681 2076 5749; x_wconf 59' lang='grc' dir='ltr'><strong>’Μίιιιιι</strong></span> <span class='ocrx_word' id='word_1_926' title='bbox 2107 5711 2136 5746; x_wconf 81' lang='lat' dir='ltr'><strong>v</strong></span> <span class='ocrx_word' id='word_1_927' title='bbox 2161 5735 2175 5757; x_wconf 94' lang='lat'><strong>,</strong></span> <span class='ocrx_word' id='word_1_928' title='bbox 2221 5695 2305 5747; x_wconf 81' lang='grc'><strong>15.</strong></span> <span class='ocrx_word' id='word_1_929' title='bbox 2340 5681 2430 5748; x_wconf 52' lang='grc'><strong>’⁵⁷1</strong></span> <span class='ocrx_word' id='word_1_930' title='bbox 2471 5694 2605 5760; x_wconf 75' lang='lat' dir='ltr'><strong>Reg.</strong></span> <span class='ocrx_word' id='word_1_931' title='bbox 2631 5709 2676 5755; x_wconf 83' lang='grc' dir='ltr'><strong>ι,</strong></span> <span class='ocrx_word' id='word_1_932' title='bbox 2701 5692 2790 5746; x_wconf 70' lang='grc'><strong>24.</strong></span> <span class='ocrx_word' id='word_1_933' title='bbox 2834 5692 2879 5722; x_wconf 72' lang='grc'><strong>’⁸</strong></span> <span class='ocrx_word' id='word_1_934' title='bbox 2917 5691 3074 5744; x_wconf 86' lang='lat' dir='ltr'><strong>Deut.</strong></span> <span class='ocrx_word' id='word_1_935' title='bbox 3125 5704 3298 5760; x_wconf 67' lang='grc' dir='ltr'><strong>ιιιιιι,Δ</strong></span> <span class='ocrx_word' id='word_1_936' title='bbox 3316 5681 3423 5760; x_wconf 56' lang='lat'><strong>6:&quot;:</strong></span> 
     </span>
    </p>
   </div>
   <div class='ocr_carea' id='block_1_116' title="bbox 3482 5510 3710 5588">
    <p class='ocr_par' dir='ltr' id='par_1_116' title="bbox 3482 5510 3710 5588">
     <span class='ocr_line' id='line_1_116' title="bbox 3482 5510 3710 5588; baseline 0.004 0"><span class='ocrx_word' id='word_1_937' title='bbox 3482 5510 3597 5588; x_wconf 54' lang='lat' dir='ltr'><strong>Cant</strong></span> <span class='ocrx_word' id='word_1_938' title='bbox 3619 5535 3658 5588; x_wconf 61' lang='grc' dir='ltr'><strong>ἵ·</strong></span> 
     </span>
    </p>
   </div>
   <div class='ocr_carea' id='block_1_117' title="bbox 3476 5578 3708 5656">
    <p class='ocr_par' dir='ltr' id='par_1_117' title="bbox 3476 5578 3708 5656">
     <span class='ocr_line' id='line_1_117' title="bbox 3476 5578 3708 5656; baseline 0.004 -1"><span class='ocrx_word' id='word_1_939' title='bbox 3476 5578 3595 5656; x_wconf 59' lang='grc' dir='ltr'><strong>ιιι-’ές</strong></span> <span class='ocrx_word' id='word_1_940' title='bbox 3627 5578 3708 5656; x_wconf 63' lang='grc' dir='ltr'><strong>νωι-</strong></span> 
     </span>
    </p>
   </div>
   <div class='ocr_carea' id='block_1_118' title="bbox 3449 5648 3708 5734">
    <p class='ocr_par' dir='ltr' id='par_1_118' title="bbox 3449 5648 3708 5734">
     <span class='ocr_line' id='line_1_118' title="bbox 3449 5648 3708 5734; baseline -0.062 -12"><span class='ocrx_word' id='word_1_941' title='bbox 3449 5648 3660 5729; x_wconf 35' lang='grc' dir='ltr'><strong>Ιέεινξιιιιίι,</strong></span> 
     </span>
    </p>
   </div>
   <div class='ocr_carea' id='block_1_119' title="bbox 614 5737 2168 5830">
    <p class='ocr_par' dir='ltr' id='par_1_119' title="bbox 614 5737 2168 5828">
     <span class='ocr_line' id='line_1_119' title="bbox 614 5737 2168 5828; baseline 0.004 -16"><span class='ocrx_word' id='word_1_942' title='bbox 614 5737 680 5792; x_wconf 60' lang='lat' dir='ltr'><strong>’T</strong></span> <span class='ocrx_word' id='word_1_943' title='bbox 688 5737 1375 5828; x_wconf 50' lang='lat' dir='ltr'><strong>iiiith&#39;xvuffs.&quot;&#39;5&#39;irs&amp;i.</strong></span> <span class='ocrx_word' id='word_1_944' title='bbox 1590 5737 1641 5816; x_wconf 56' lang='lat'><strong>7-.</strong></span> <span class='ocrx_word' id='word_1_945' title='bbox 1657 5737 1710 5794; x_wconf 60' lang='lat' dir='ltr'><strong>&quot;l’</strong></span> <span class='ocrx_word' id='word_1_946' title='bbox 1733 5737 2016 5828; x_wconf 31' lang='lat' dir='ltr'><strong>Cautiifl</strong></span> <span class='ocrx_word' id='word_1_947' title='bbox 2106 5737 2168 5797; x_wconf 44' lang='grc' dir='ltr'><strong>θ’</strong></span> 
     </span>
    </p>
   </div>
   <div class='ocr_carea' id='block_1_120' title="bbox 2151 5737 3705 5830">
    <p class='ocr_par' dir='ltr' id='par_1_120' title="bbox 2161 5737 3705 5830">
     <span class='ocr_line' id='line_1_120' title="bbox 2161 5737 3705 5830; baseline -0.001 -11"><span class='ocrx_word' id='word_1_948' title='bbox 2161 5737 2383 5830; x_wconf 53' lang='grc' dir='ltr'><strong>Ἰδέιῖίιι,</strong></span> <span class='ocrx_word' id='word_1_949' title='bbox 2409 5737 2584 5821; x_wconf 46' lang='grc' dir='ltr'><strong>ίθτῖῗ</strong></span> <span class='ocrx_word' id='word_1_950' title='bbox 2747 5737 2856 5829; x_wconf 57' lang='grc' dir='ltr'><strong>-ι11,</strong></span> <span class='ocrx_word' id='word_1_951' title='bbox 2891 5737 2953 5816; x_wconf 49' lang='lat'><strong>3:</strong></span> <span class='ocrx_word' id='word_1_952' title='bbox 2968 5737 3241 5823; x_wconf 59' lang='grc' dir='ltr'><strong>ῖῖῖωἷῖὶ.</strong></span> <span class='ocrx_word' id='word_1_953' title='bbox 3263 5737 3317 5808; x_wconf 61' lang='grc'><strong>’2.</strong></span> <span class='ocrx_word' id='word_1_954' title='bbox 3344 5752 3382 5784; x_wconf 69' lang='grc'><strong>³⁸</strong></span> <span class='ocrx_word' id='word_1_955' title='bbox 3405 5743 3519 5803; x_wconf 71' lang='grc' dir='ltr'><strong>Ρ5³¹σ</strong></span> <span class='ocrx_word' id='word_1_956' title='bbox 3545 5743 3653 5790; x_wconf 72' lang='lat' dir='ltr'><strong>“m’</strong></span> <span class='ocrx_word' id='word_1_957' title='bbox 3676 5737 3705 5771; x_wconf 55' lang='grc' dir='ltr'><strong>δ’</strong></span> 
     </span>
    </p>
   </div>
  </div>
