3936 6328
211 444 348 502 1001

1178 442 1593 501 ALLEGORIAS
1633 442 1700 498 IN
1742 440 2020 499 SACRAM
2060 440 2521 500 SCRIPTURAM.

3328 439 3470 498 1002

209 559 380 616 menti
403 559 448 624 ί,
479 576 498 610 ι
530 556 586 613 id
609 565 725 623 est,
754 557 1011 628 populum
1035 555 1320 614 Judaicum
1360 573 1457 629 per
1499 555 1791 613 increduli-
1815 555 1870 617 Α
1891 554 2036 626 quod
2061 571 2162 627 per
2200 553 2474 610 Christum
2511 553 2773 610 destructi
2802 561 2930 611 sunt
2959 555 3178 626 spiritus
3223 555 3472 624 maligni,

211 662 380 708 tatem
423 649 707 720 subjiciam
761 650 918 706 mihi.
965 649 1122 704 Mons
1163 649 1584 720 contemplatio,
1627 658 1688 704 ut
1732 649 1790 706 in

209 743 440 800 Exodo:
468 761 488 794 ι
519 741 766 798 Ascende
809 740 879 795 ad
937 755 1026 796 me
1072 740 1129 795 in
1165 741 1478 805 montem’,
1511 759 1530 791 ι
1578 739 1633 794 id
1674 747 1788 804 est,

209 840 338 895 me'
365 836 549 907 aliquo
599 834 761 890 modo
810 833 1065 904 continge
1107 847 1206 904 per
1254 831 1784 902 contemplationem.

211 929 393 994 Mons,
415 925 724 982 sublimitas
750 923 1052 996 religionis,
1100 931 1162 978 ut
1184 923 1242 978 in
1271 922 1469 980 Genesi
1497 940 1512 976 :
1541 939 1560 973 ι
1589 924 1791 977 Ascen-

211 1022 293 1077 dit
319 1019 420 1075 Lot
449 1020 519 1075 ad
560 1017 753 1087 Segor,
783 1022 840 1071 et
875 1015 1080 1071 mansit
1123 1014 1181 1070 in
1211 1015 1229 1033 ‘
1256 1022 1495 1069 montem
1517 1013 1563 1080 ³,
1592 1033 1612 1066 ι
1644 1011 1789 1084 quod

208 1113 417 1170 electus
434 1110 505 1167 de
530 1125 698 1182 prava
730 1107 1142 1180 coniugatorum
1155 1097 1580 1163 conversatione
1607 1105 1677 1160 ad
1697 1120 1786 1161 re-

210 1203 430 1276 ligionis
456 1202 796 1261 altitudinem
818 1198 1082 1255 ascendit.
1117 1197 1292 1264 Mons,
1329 1197 1504 1269 patria
1527 1197 1785 1263 caelestis,

209 1304 272 1351 ut
310 1296 370 1352 in
405 1293 634 1350 Psalmis
661 1307 678 1346 :
705 1297 728 1345 'c
755 1291 1109 1348 Adduxerunt
1155 1291 1212 1346 in
1253 1299 1494 1346 montem
1537 1297 1787 1347 sanctum

209 1398 362 1442 tuum
405 1386 460 1452 ‘,
495 1404 513 1436 ι
545 1384 601 1439 id
644 1391 767 1450 est,
826 1382 895 1438 ad
940 1381 1090 1438 illam
1127 1381 1430 1438 Jerusalem
1485 1381 1785 1438 caelestem.

209 1477 399 1541 Mons,
449 1475 696 1531 sublimis
730 1473 977 1543 justitia,
1019 1483 1081 1529 ut
1115 1473 1172 1528 in
1193 1473 1462 1530 Psalmis:
1495 1492 1513 1526 ι
1535 1474 1604 1530 Ει
1625 1489 1788 1530 exau-

205 1569 343 1622 divit
376 1582 463 1624 me
504 1567 570 1624 de
611 1575 795 1622 monte
833 1576 1023 1622 sancto
1070 1581 1169 1622 suo
1189 1566 1231 1634 ⁸,
1267 1586 1287 1620 ι
1315 1566 1372 1621 id
1409 1575 1514 1634 est,
1556 1567 1623 1622 de
1655 1567 1788 1622 emi-

206 1661 358 1716 nenti
379 1659 594 1729 justitia
620 1674 738 1715 sua.
769 1657 946 1726 Mons,
977 1658 1243 1726 diabolus,
1285 1666 1346 1715 ut
1369 1659 1426 1714 in
1449 1659 1742 1729 Evangelio
1771 1677 1784 1714 :

213 1776 230 1807 ι
270 1755 468 1812 Dicens
497 1755 668 1810 monti
697 1754 847 1821 huic,
877 1754 1138 1811 Transfer
1177 1763 1234 1810 te
1259 1755 1315 1809 in
1345 1769 1496 1810 mare
1517 1756 1558 1821 ⁸,
1594 1775 1613 1808 ι
1643 1755 1790 1827 quod

205 1848 438 1918 apostoli
470 1848 684 1904 hostem
711 1847 997 1917 antiquum
1031 1847 1098 1903 de
1128 1846 1366 1902 obsessis
1393 1847 1670 1918 eiecerunt
1693 1848 1710 1867 ‘
1735 1854 1790 1903 et

1891 646 1985 716 qui
2015 653 2142 701 sunt
2166 645 2442 716 principes
2470 646 2675 702 mundi.

1961 738 2108 794 Mors
2152 748 2238 795 est
2287 739 2576 794 exstinctio
2626 738 2752 794 vitae
2805 738 3100 806 saecularis,
3129 748 3191 794 ut
3238 739 3294 795 in
3322 738 3470 795 Job:

1896 848 1916 881 ι
1943 828 2046 896 Qui
2063 833 2374 901 ‘exspectat
2391 839 2642 896 mortem,
2667 839 2722 885 et
2741 830 2981 886 ‘invenit
3010 829 3108 897 ¹⁹,›
3133 831 3276 901 quod
3299 827 3472 886 sancti

1889 919 2130 978 funditus
2185 939 2243 980 se
2280 924 2348 979 ab
2399 925 2504 980 hoc
2553 924 2755 980 mundo
2790 924 3119 980 inortilicare
3143 923 3351 989 volunt,
3382 922 3478 979 sed

1889 1029 2000 1069 non
2021 1024 2266 1085 possunt.
2298 1015 2478 1083 Mors,
2507 1016 2783 1087 superbia,
2811 1025 2870 1072 ut
2911 1017 2968 1072 in
3013 1015 3114 1073 Job
3158 1035 3170 1070 :
3212 1036 3231 1068 ‹
3266 1015 3475 1072 Consu-

1891 1117 2006 1163 mat
2023 1108 2247 1165 brachia
2277 1109 2420 1167 illius
2445 1111 2807 1182 primogenita
2827 1127 2976 1167 mors
3002 1112 3071 1177 ὀ,
3107 1130 3127 1164 ι
3155 1111 3298 1182 quod
3335 1112 3479 1170 bona

1890 1214 2056 1272 opera
2105 1202 2257 1273 impii
2299 1204 2567 1274 superbia,
2605 1220 2725 1274 quae
2767 1204 2872 1260 fuit
2904 1204 3141 1276 primum
3170 1214 3476 1276 peccatum,

1891 1293 2150 1351 destruet.
2182 1294 2352 1362 Mors,
2377 1297 2640 1364 diabolus,
2663 1308 2724 1353 ut
2751 1299 2809 1353 in
2831 1285 3149 1371 Apocalypsi
3178 1317 3190 1353 :
3237 1318 3256 1352 ‹
3291 1298 3481 1356 Habeo

1891 1383 2072 1442 claves
2114 1388 2308 1444 mortis
2335 1397 2392 1443 et
2443 1389 2661 1456 inferni,
2692 1409 2711 1442 ›
2763 1390 2819 1445 id
2857 1400 2975 1457 est,
3010 1399 3334 1462 potestatem
3384 1407 3480 1446 su-

1890 1493 1988 1549 per
2039 1478 2312 1535 diabolum
2359 1490 2416 1537 et
2470 1483 2715 1538 membra
2761 1482 2897 1552 ejus.
2950 1483 3134 1550 Mors,
3184 1499 3478 1556 supernum

1891 1572 2095 1638 odium,
2128 1583 2190 1628 ut
2216 1574 2271 1629 in
2298 1573 2573 1630 Psalmis:
2612 1595 2631 1627 ‹
2668 1576 2738 1632 Ει
2760 1576 2995 1633 formido
3045 1579 3238 1634 mortis
3285 1579 3482 1635 cecidit

1893 1678 2057 1733 super
2079 1678 2168 1719 me
2187 1664 2255 1731 “,
2278 1685 2297 1718 ›
2320 1665 2373 1720 id
2399 1674 2502 1730 est,
2533 1666 2689 1720 timui
2712 1681 2780 1721 ne
2807 1682 3101 1737 supernum
3127 1667 3311 1722 odium
3337 1683 3478 1738 prae-

1893 1755 2098 1812 valeret
2121 1757 2277 1812 mihi.
2311 1757 2480 1822 Mors,
2511 1768 2816 1828 peccatum,
2840 1767 2901 1813 ut
2947 1759 3004 1814 in
3043 1759 3274 1818 Psalmis
3303 1780 3356 1814 ε(
3403 1759 3482 1814 Ne

1893 1862 2133 1917 unquam
2153 1848 2492 1904 obdormiam
2515 1849 2570 1904 in
2598 1858 2773 1906 morte
2793 1850 2864 1915 ",
2893 1869 2914 1903 ι
2934 1849 2988 1906 id
3015 1859 3120 1918 est,
3145 1867 3213 1907 ne
3240 1867 3478 1922 unquam

204 1941 264 1996 in
287 1940 559 1996 infernum
584 1950 753 1996 retro.
780 1939 972 2006 Mons,
1018 1939 1328 2004 haereticus,
1353 1939 1494 1994 utin
1516 1939 1786 1995 Psalmis:
1817 1933 1867 1994 B
1894 1938 2230 2007 requiescam
2285 1939 2342 1994 in
2389 1948 2632 2010 peccato.
2682 1939 2863 2007 Mors,
2919 1956 3080 2013 pcena
3129 1950 3332 1998 aeterna
3357 1983 3372 2008 ,
3423 1951 3483 1997 ut

209 2055 228 2087 α
261 2034 542 2102 Quomodo
566 2034 745 2090 dicitis
769 2029 962 2089 animae
986 2049 1157 2089 meae:
1191 2034 1541 2105 Transmigra
1559 2034 1614 2088 in
1644 2049 1792 2090 mon-

203 2138 319 2185 tem
345 2128 488 2184 sicut
510 2143 698 2198 passer
723 2128 790 2182 7?
823 2147 843 2181 ι
891 2127 943 2183 id
972 2135 1078 2195 est,
1110 2136 1170 2184 ut
1189 2129 1206 2148 ⁴
1235 2137 1492 2200 sequatur
1515 2130 1792 2186 hominem

201 2222 543 2289 hzereticum,
573 2223 728 2294 quasi
749 2223 796 2280 si
817 2239 938 2280 esse
965 2239 1180 2295 possem
1207 2223 1378 2295 magis
1400 2223 1598 2294 justus.

278 2313 431 2370 Mons
448 2356 465 2382 ,
494 2314 798 2372 sublimitas
821 2315 980 2385 hujus
1005 2317 1215 2382 mundi,
1240 2324 1302 2371 ut
1329 2315 1384 2370 in
1402 2315 1542 2371 Isaia
1573 2331 1588 2370 :
1622 2335 1642 2368 ‹
1685 2315 1790 2371 Su-

202 2420 304 2474 per
331 2413 569 2460 montem
598 2405 952 2477 caliginosum
981 2407 1158 2462 levate
1175 2406 1219 2473 ⁸,
1243 2425 1260 2457 ι
1283 2406 1334 2461 id
1359 2414 1458 2469 est,
1486 2405 1789 2462 sublimita-

204 2505 316 2550 tem
371 2497 558 2552 mundi
601 2496 883 2554 humiliate
929 2498 998 2553 ad
1051 2512 1265 2554 crucem
1319 2496 1542 2553 Christi.
1601 2497 1789 2564 Mons,

201 2596 358 2667 virgo
407 2595 604 2664 Maria,
669 2605 732 2653 ut
777 2597 833 2652 in
878 2598 1138 2653 Daniele:
1177 2617 1196 2649 ι
1237 2597 1497 2654 Abcissus
1537 2598 1676 2668 lapis
1723 2597 1792 2652 de

201 2698 392 2745 monte
428 2689 546 2746 sine
587 2690 838 2746 manibus
864 2689 918 2756 ’,
963 2710 983 2742 ›
1023 2693 1167 2761 quod
1217 2689 1464 2745 Christus
1505 2689 1572 2745 de
1622 2689 1793 2744 Maria

195 2789 371 2838 natus
390 2792 475 2838 est
502 2781 620 2839 sine
646 2781 790 2838 virili
819 2782 1050 2838 semine.
1078 2781 1184 2838 Per
1209 2790 1408 2836 montes
1459 2781 1633 2854 angeli
1659 2821 1673 2847 ,
1733 2789 1795 2835 ut

199 2875 262 2928 in
295 2873 520 2930 Psalmis
551 2893 564 2928 :
605 2893 624 2926 ι
660 2873 1030 2930 Fundamenta
1077 2873 1194 2943 ejus
1246 2873 1299 2928 in
1335 2872 1611 2930 montibus
1664 2887 1790 2926 san-

199 2966 314 3020 ctis
335 2966 396 3029 ιο,
421 2985 440 3017 ι
457 2965 600 3036 quod
634 2973 821 3021 sancta
849 2965 1092 3020 Ecclesia
1121 2963 1379 3019 fundatur
1406 2965 1463 3019 in
1490 2963 1788 3035 prophetis.

197 3055 316 3111 Per
351 3065 548 3111 montes
569 3057 815 3128 apostoli,
852 3057 992 3112 utin
1013 3055 1244 3112 Psalmis
1272 3075 1284 3110 :
1318 3073 1337 3107 ‹
1373 3055 1575 3110 Levavi
1605 3054 1795 3110 oculos

198 3161 361 3203 meos
399 3148 455 3202 in
485 3157 696 3204 montes
738 3149 813 3214 “,
852 3168 871 3200 ι
900 3148 954 3203 id
998 3155 1103 3214 est,
1153 3147 1335 3203 cordis
1385 3147 1494 3203 mei
1538 3147 1794 3202 intuitum

196 3241 359 3297 erexi
390 3241 457 3296 ad
488 3242 788 3297 doctrinam
819 3241 1206 3312 apostolorum.
1241 3239 1346 3295 Per
1364 3248 1562 3296 montes
1587 3253 1793 3310 praece-

196 3343 304 3404 pta
331 3335 598 3400 sublimia,
613 3350 731 3405 qua:
750 3336 1024 3406 pertinent
1043 3336 1109 3391 ad
1127 3333 1416 3406 perfectos.
1435 3335 1451 3355 ‘
1465 3333 1570 3389 Per
1591 3343 1789 3388 montes

197 3429 316 3484 duo
329 3427 693 3494 Testamenta,
721 3437 782 3484 ut
809 3429 866 3484 in
890 3428 1152 3485 Psalmis:
1178 3447 1197 3480 ι
1218 3427 1362 3484 lnter
1385 3426 1624 3483 medium
1644 3442 1792 3484 mon-

197 3523 346 3578 tium
367 3522 770 3593 pertransibunt
795 3538 948 3594 aquae
981 3523 1047 3589 η,
1072 3541 1090 3574 ι
1118 3521 1263 3593 quod
1284 3521 1339 3576 in
1369 3535 1634 3577 consensu
1661 3522 1793 3577 duo-

191 3631 332 3672 rum
345 3615 814 3672 Testamentorum
835 3617 1147 3672 discurrunt
1172 3615 1369 3672 ﬂuenta
1393 3616 1672 3692 doctrinae.
1688 3616 1810 3672 Per.

189 3717 406 3762 montes
454 3707 858 3777 prtedicatores,
907 3715 967 3762 ut
1005 3707 1060 3762 in
1109 3707 1384 3762 Psalmis:
1423 3725 1443 3758 ι
1481 3706 1794 3778 Suscipiant

189 3806 420 3854 montes
456 3813 650 3868 pacem
697 3798 774 3864 ¹³,
813 3818 832 3851 ›
867 3797 920 3854 id
961 3805 1078 3864 est,
1125 3798 1508 3868 przedicatores
1536 3799 1554 3818 θ
1583 3813 1795 3853 annun-

191 3891 351 3946 tiant
403 3889 776 3961 paenitentiam
824 3890 890 3945 de
945 3889 1221 3959 subjectis.
1264 3888 1371 3945 Per
1410 3897 1612 3944 montes
1661 3906 1794 3946 con-

191 3982 587 4051 templationes
632 3982 881 4048 internae,
912 3991 974 4038 ut
1021 3983 1076 4037 in
1127 3979 1228 4037 Job
1272 3998 1289 4038 :
1347 3999 1366 4033 ι
1414 3980 1796 4051 Circumspicit

194 4081 425 4130 montes
449 4089 661 4144 pascuae
683 4073 701 4093 *
732 4081 837 4129 tuae
867 4072 935 4140 “,
966 4093 983 4124 ι
1015 4073 1070 4128 id
1099 4081 1203 4140 est,
1229 4073 1539 4129 considerat
1559 4073 1794 4128 altitudi-

193 4179 312 4219 nes
331 4163 665 4219 internarum
695 4163 1242 4236 contemplationnm,
1272 4164 1327 4218 in
1358 4164 1554 4235 quibus
1601 4164 1795 4220 devote

195 4255 396 4312 anima
421 4255 644 4327 depasta
674 4264 776 4312 est.
808 4255 915 4311 Per
951 4267 1153 4312 montes
1179 4255 1428 4312 homines
1465 4257 1710 4327 superbi,
1737 4264 1797 4311 ut

194 4350 262 4403 in
308 4345 408 4403 Job
434 4367 446 4401 :
485 4367 504 4398 ι
537 4348 674 4404 Huic
701 4358 912 4404 montes
939 4349 1137 4404 herbas
1166 4348 1348 4404 ferunt
1379 4348 1443 4415 ",
1483 4368 1502 4401 ι
1535 4349 1677 4419 quod
1707 4364 1798 4404 su-

195 4437 363 4511 perbi
416 4439 616 4508 quique
654 4439 926 4495 diabolum
955 4456 1053 4511 per
1082 4441 1370 4498 elationem
1411 4451 1658 4512 pascunt.
1693 4442 1798 4498 Per

194 4543 412 4586 montes
442 4533 670 4603 superba
707 4534 868 4590 corda
915 4531 1258 4603 Iudaeorum,
1303 4543 1365 4592 ut
1413 4537 1469 4592 in
1512 4536 1666 4593 libris
1692 4537 1800 4592 Re-

1895 2030 1950 2085 in
1980 2030 2147 2088 Paulo
2181 2051 2194 2086 :
2231 2051 2250 2084 ι
2269 2032 2371 2099 Qui
2397 2033 2526 2088 talia
2569 2043 2737 2105 agunt
2765 2033 2912 2108 digni
2941 2044 3069 2090 sunt
3087 2044 3263 2090 morte
3288 2036 3354 2100 ”,
3388 2054 3406 2087 ι
3428 2035 3482 2089 id

1893 2134 1998 2192 est,
2030 2125 2178 2198 digni
2209 2136 2336 2183 sunt
2374 2143 2539 2199 poena
2579 2137 2806 2185 :eterna.

1965 2215 2150 2272 Morus
2194 2228 2279 2275 est
2313 2219 2581 2287 diabolus,
2631 2227 2692 2275 ut
2720 2221 2776 2276 in
2830 2220 3124 2293 Evangelio
3159 2236 3175 2276 :
3228 2241 3246 2273 ‹
3288 2221 3482 2277 Dicens

1891 2310 2022 2366 huic
2044 2312 2247 2377 arbori,
2273 2311 2442 2380 More,
2465 2313 2836 2382 eradicare“,
2869 2334 2888 2367 ι
2925 2317 3070 2386 quod
3107 2315 3335 2387 apostoli
3367 2315 3480 2372 dia-

1891 2402 2076 2459 bolum
2103 2403 2160 2458 in
2194 2404 2504 2461 hominibus
2535 2406 2992 2477 exstirpaverunt.
3133 2407 3150 2422 “

1967 2504 2337 2560 Mortariolum
2386 2513 2471 2562 est
2518 2521 2673 2562 mens
2727 2507 2984 2573 hominis,
3017 2515 3076 2561 ut
3111 2507 3165 2562 in
3204 2507 3345 2563 libro
3371 2506 3479 2563 Nu-

1894 2598 2028 2652 meri
2058 2615 2073 2651 :
2111 2617 2130 2650 ι
2167 2598 2400 2655 Terebat
2439 2600 2667 2671 populus
2715 2615 2912 2656 manna
2941 2601 2997 2656 in
3027 2601 3346 2657 mortariolo
3374 2603 3474 2666 ³⁸,ι

1895 2689 2039 2758 quod
2079 2703 2234 2744 sacra
2261 2688 2541 2764 Scriptura
2567 2691 2624 2745 in
2649 2699 2836 2747 mente
2860 2691 3134 2748 subtiliter
3169 2701 3254 2750 est
3270 2709 3370 2764 per
3398 2695 3480 2749 in-

1894 2779 2168 2835 tellectum
2213 2783 2647 2839 comminuenda.
2703 2783 2809 2840 Per
2856 2785 3228 2840 mortariolum
3276 2797 3481 2859 marty-

1894 2872 1976 2926 ria
1996 2913 2011 2938 ,
2045 2880 2106 2927 ut
2131 2873 2184 2928 in
2212 2873 2398 2930 Exodo
2442 2893 2454 2929 :
2493 2894 2511 2926 ι
2548 2874 2857 2932 Mortariola
2881 2885 2936 2933 et
2967 2877 3241 2932 thuribula
3268 2878 3344 2945 ’⁸,
3377 2899 3394 2930 ι
3427 2879 3481 2934 id

1895 2973 1980 3020 est
1998 3005 2013 3029 ,
2042 2965 2304 3037 martyria
2330 2973 2387 3022 et
2415 2967 2576 3022 corda
2610 2975 2925 3024 sanctorum
2956 2969 3014 3024 in
3059 2983 3241 3025 amore
3269 2969 3367 3026 Dei
3392 2987 3480 3025 ar-

1896 3058 2098 3114 dentia.

1969 3149 2165 3205 Mulier
2197 3159 2279 3207 est
2304 3151 2400 3208 Dei
2444 3153 2730 3224 sapientia,
2769 3163 2831 3210 ut
2853 3155 2908 3212 in
2939 3155 3273 3231 Evangelio:
3313 3179 3331 3212 ‹
3367 3160 3479 3215 Mu-

1895 3241 1997 3298 lier
2041 3243 2244 3300 habens
2273 3245 2562 3302 drachmas
2601 3249 2790 3302 decem
2815 3248 2883 3315 ",
2921 3269 2937 3302 ι
2979 3249 3033 3304 id
3082 3258 3183 3317 est,
3216 3254 3234 3274 ⁶
3263 3250 3361 3307 Dei
3388 3268 3478 3308 sa-

1895 3334 2156 3403 pientiam
2205 3345 2398 3408 regunt
2450 3336 2687 3394 divinam
2735 3345 2792 3396 et
2820 3339 3114 3396 humanam
3145 3351 3472 3399 creaturam.

1897 3424 2116 3494 Mulier,
2141 3425 2408 3495 Christus,
2432 3438 2492 3484 ut
2521 3430 2576 3484 in
2599 3430 2922 3502 Evangelio:
2947 3431 3323 3489 «Fermentum
3348 3435 3474 3489 abs-

1896 3518 2080 3574 condit
2115 3519 2309 3576 mulier
2340 3521 2396 3576 in
2427 3522 2614 3578 farinae
2653 3532 2770 3580 sata
2816 3524 2920 3579 tria
2948 3525 3016 3590 ’⁸,
3053 3545 3071 3576 ›
3103 3526 3248 3597 quod
3287 3527 3479 3582 huma-

1895 3626 2026 3666 num
2060 3627 2228 3683 genus
2265 3611 2512 3670 Christus
2557 3615 2612 3670 in
2642 3624 2753 3672 tres
2791 3617 3008 3673 ordines
3044 3617 3306 3685 distinxit,
3334 3619 3478 3674 ordi-

1895 3717 2020 3758 nem
2055 3703 2264 3759 scilicet
2286 3704 2628 3774 praelatorum
2648 3747 2662 3772 ,
2701 3707 3114 3774 continentium,
3142 3716 3196 3763 et
3225 3710 3478 3778 conjuga-

1897 3801 2096 3848 torum.
2114 3793 2532 3862 Mulier,sancta
2555 3796 2818 3864 Ecclesia,
2833 3807 2893 3852 ut
2915 3799 2970 3854 in
2989 3797 3301 3854 Parabolis:
3326 3818 3343 3849 ‹
3366 3798 3479 3854 Μιι-

1896 3883 2086 3938 lierem
2114 3884 2312 3941 fortem
2333 3887 2454 3957 quis
2479 3888 2716 3944 inveniet
2744 3889 2829 3943 "'1
2857 3908 2874 3940 ι
2905 3891 3048 3960 quod
3077 3891 3245 3946 solius
3273 3891 3366 3947 Dei
3394 3902 3477 3947 est

1899 3984 2144 4032 sanctam
2169 3977 2465 4034 Ecclesiam
2492 3980 2548 4034 in
2571 3982 2772 4037 mundo
2795 3990 3050 4040 statuere.
3083 3985 3296 4054 Mulier,
3328 3987 3478 4056 virgo

1899 4066 2067 4123 Maria
2092 4109 2107 4133 ,
2163 4076 2225 4123 ut
2278 4069 2335 4124 in
2375 4069 2604 4126 Jeremia
2656 4089 2669 4126 :
2709 4091 2728 4123 ι
2765 4073 2957 4130 Mulier
3010 4075 3366 4132 circumdabit
3403 4077 3482 4131 vi-

1900 4173 2020 4212 rum
2052 4158 2096 4189 ³⁰
2117 4200 2132 4226 ,
2163 4178 2180 4210 ι
2212 4158 2266 4214 id
2293 4166 2393 4225 est,
2439 4159 2606 4216 Maria
2631 4162 2901 4233 concipiet
2933 4164 3227 4221 Christum.
3262 4166 3475 4232 Mulier,

1900 4267 2069 4324 genus
2101 4253 2430 4321 humanum,
2459 4261 2518 4308 ut
2544 4254 2600 4309 in
2626 4255 2917 4329 Evangelio
2943 4277 2956 4312 :
2994 4277 3013 4311 ‹
3045 4257 3113 4312 Ει
3139 4273 3265 4314 εεεε
3288 4259 3482 4315 mulier

1900 4358 2021 4413 quae
2089 4343 2324 4400 habebat
2391 4343 2640 4415 spiritum
2686 4347 2705 4366 ‘
2744 4346 3081 4402 immundum
3130 4347 3173 4380 ³¹
3205 4389 3220 4414 ,
3273 4369 3292 4401 ›
3339 4349 3482 4420 quod
3547 4417 3564 4426 μ

1901 4435 2148 4493 diabolus
2186 4451 2356 4507 genus
2384 4436 2678 4493 humanum
2723 4453 2821 4508 per
2853 4446 3132 4510 peccatum
3160 4417 3418 4510 possedit.
3457 4461 3475 4493 ι
3545 4417 3555 4495 ἶ

1904 4527 2117 4595 Mulier,
2142 4529 2321 4583 anima
2363 4528 2556 4594 ﬁdelis,
2587 4537 2647 4584 ut
2674 4530 2728 4584 in
2757 4529 3036 4586 Parabolis
3071 4549 3084 4584 :
3119 4549 3137 4582 ‹
3167 4529 3358 4585 Mulier
3396 4547 3480 4586 sa-

196 4638 380 4694 gum:
417 4642 434 4673 ι
480 4623 686 4679 Montes
709 4623 931 4691 Gelboe,
967 4643 1068 4682 nec
1103 4643 1212 4694 ros,
1247 4644 1349 4684 nec
1365 4628 1545 4700 pluvia
1577 4630 1790 4686 veniant

1902 4621 2056 4690 piens
2070 4621 2302 4677 aediﬁcat
2327 4621 2546 4678 domum
2577 4637 2729 4677 suam
2757 4621 2824 4688 ³²,
2861 4642 2879 4674 ι
2913 4624 3056 4693 quod
3083 4624 3262 4678 anima
3288 4623 3478 4679 devota

197 4729 376 4784 super
403 4730 498 4771 vos
517 4715 593 4780 3‘,
619 4737 636 4769 ι
657 4718 801 4786 quod
821 4718 1119 4774 inﬁdelium
1140 4719 1450 4776 Iudaeorum
1471 4730 1678 4777 mentes
1707 4737 1798 4776 su—
1822 4711 1858 4713 _
1901 4721 2117 4782 reparat
2135 4720 2371 4767 mentem
2403 4726 2576 4766 suam-
2607 4711 2820 4777 Μαίίεν,
2851 4713 3066 4769 vanitas
3087 4714 3272 4770 mundi
3297 4713 3478 4784 huius.

196 4808 417 4879 perhaa,
447 4809 537 4878 qui
567 4808 842 4864 Christum
863 4812 1180 4867 occiderunt
1199 4853 1213 4878 ,
1243 4812 1681 4883 praedicationem
1705 4829 1800 4870 ve-

199 4896 396 4951 ritatis
426 4912 534 4952 non
562 4907 945 4968 susceperunt.
981 4898 1088 4955 Per
1113 4909 1312 4954 montes
1367 4901 1613 4970 gentiles,
1654 4910 1714 4956 ut
1741 4901 1797 4956 in

198 4985 370 5041 libris
392 4984 846 5044 Machabaeorum:
869 5009 887 5041 ‹
907 4989 1140 5045 Reful'sit
1166 4989 1247 5046 sol
1265 4991 1320 5046 in
1344 4991 1562 5062 clypeos
1583 5008 1795 5058 aureos,

199 5085 271 5134 et
303 5079 750 5148 resplenduerunt
773 5089 988 5137 montes
1017 5083 1085 5138 ab
1108 5082 1188 5137 eis
1229 5084 1294 5148 ³⁷,
1327 5103 1347 5135 ι
1399 5085 1542 5153 quod
1568 5084 1802 5155 Spiritus

202 5179 439 5226 sanctus
471 5174 619 5227 venit
658 5174 726 5228 ad
750 5173 1043 5244 apostolos,
1075 5181 1129 5230 et
1157 5174 1226 5229 ab
1258 5174 1338 5229 eis
1364 5174 1650 5230 illuminati
1677 5184 1802 5231 sunt

201 5261 399 5332 populi
418 5261 666 5334 gentiles.
682 5262 790 5320 Per
804 5273 1003 5318 montes
1020 5264 1244 5335 Spiritus
1259 5264 1498 5337 maligni,
1516 5274 1576 5320 ut
1597 5267 1801 5339 in_can-

207 5354 328 5410 tico
352 5353 637 5411 Habacuc:
667 5375 685 5408 ι
724 5357 793 5412 Ει
816 5357 1038 5414 contriti
1076 5366 1202 5414 sunt
1231 5368 1442 5415 montes
1464 5359 1647 5416 saeculi
1672 5361 1739 5426 η,
1774 5380 1794 5412 ι

1900 4811 1961 4858 ιιι
1981 4805 2035 4858 in
2075 4802 2399 4874 Apocalypsi
2427 4821 2439 4856 :
2475 4821 2494 4854 ς
2527 4803 2594 4857 Ει
2622 4803 2816 4858 mulier
2837 4813 2956 4859 erat
2987 4805 3318 4862 circumdata
3346 4823 3480 4877 pur-

1901 4908 2036 4965 pura
2060 4904 2115 4948 et
2156 4897 2171 4915 '
2199 4892 2422 4948 coccina
2449 4891 2520 4957 ‘3,
2565 4911 2583 4943 ›
2631 4893 2775 4962 quod
2805 4883 2990 4949 mundi
3027 4895 3186 4964 hujus
3212 4904 3481 4952 amatores

1902 5001 2001 5056 per
2033 4985 2343 5057 superbiam
2386 4985 2623 5040 maxime
2653 4985 3012 5056 decipiuntur.
3045 4986 3261 5056 Mulier,
3291 4989 3482 5045 crude-

1903 5081 2050 5147 litas,
2091 5089 2152 5135 ut
2193 5080 2249 5135 in
2273 5079 2595 5150 Apocalypsi
2622 5098 2634 5133 :
2666 5098 2684 5131 ‹
2717 5079 2840 5134 Vidi
2879 5080 3160 5138 mulierem
3183 5082 3390 5138 ebriam
3417 5085 3482 5138 de

1903 5175 2165 5246 sanguine
2215 5179 2512 5244 martyrum
2566 5170 2692 5228 Jesu
2731 5171 2801 5238 “,
2835 5191 2853 5224 ι
2885 5174 3026 5243 quod
3068 5188 3257 5232 omnes
3310 5175 3480 5245 iniqui

1901 5273 1958 5320 et
1980 5263 2216 5319 maxime
2235 5260 2483 5317 crudeles
2507 5270 2885 5332 persecutores
2913 5263 2968 5318 in
2993 5264 3014 5285 ¹
3035 5264 3308 5320 montibus
3328 5263 3482 5319 Chri-

1902 5359 2205 5415 stianorum
2236 5355 2596 5413 delectantur.
2645 5353 2872 5424 Mulier,
2912 5357 3156 5413 doctrina
3200 5356 3477 5423 haeretica,

295 5535 443 5608 ’ilsa.
472 5554 586 5604 xlv,
611 5539 698 5594 15.
735 5540 756 5570 ⁸
782 5537 955 5596 Exod.
981 5555 1130 5605 xxiv,
1164 5539 1252 5595 ιε.
1295 5542 1317 5573 ³
1343 5539 1479 5596 Gen.
1503 5557 1621 5608 χιχ,
1644 5541 1733 5598 50.
1774 5541 1796 5571 ⁸
1818 5537 1960 5596 Psal.
1993 5555 2128 5607 xui,
2156 5541 2210 5594 5.
2244 5540 2265 5571 ⁸
2294 5539 2440 5596 Psal.
2464 5554 2547 5606 ιιι,
2567 5555 2620 5594 v.
2659 5541 2680 5572 ³
2702 5539 2890 5596 Matth.
2918 5556 3052 5604 xvn,
3081 5538 3170 5594 20.
3201 5538 3225 5571 '
3249 5537 3394 5593 Psal.
3425 5555 3480 5600 χ,

210 5608 271 5679 1-.
302 5607 457 5679 fisa.
507 5626 640 5678 xm,
689 5609 746 5664 2.
784 5610 805 5640 9
841 5613 973 5666 Dan.
1002 5627 1065 5677 ιι,
1106 5611 1195 5666 54.
1250 5612 1291 5644 ιο
1334 5613 1475 5667 Psal.
1526 5629 1748 5679 Lxxxw,
1778 5614 1830 5666 1.
1865 5614 1905 5644 “
1937 5612 2081 5668 Psal.
2121 5627 2249 5677 cxx,
2292 5613 2344 5668 1.
2384 5613 2426 5643 ¹²
2455 5611 2598 5665 Psal.
2630 5628 2746 5676 cm,
2789 5611 2877 5666 10.
2925 5611 2969 5642 ¹²
3015 5609 3184 5679 Psal._
3217 5624 3378 5674 LXXI,
3425 5609 3479 5662 5.

212 5676 267 5709 ¹⁸
293 5676 632 5756 «ἰοὺ-χχχιχ,
678 5683 765 5756 1_-l.
811 5681 856 5713 "
883 5676 1114 5756 ιρδχι,
1132 5683 1220 5756 15.
1265 5684 1308 5714 ⁸⁸
1338 5682 1381 5738 ll
1420 5685 1553 5756 Reg.
1583 5701 1621 5756 ι,
1657 5676 1747 5738 21.
1783 5684 1790 5714 ¹

1908 5683 2091 5756 AMach.
2127 5698 2205 5749 vi,
2235 5676 2324 5738 39.
2370 5682 2594 5756 ‘°_Hab_._
2625 5699 2708 5749 ιιι,
2733 5683 2786 5737 6.
2847 5681 2889 5756 ‘_’
2917 5680 3131 5756 Job_m,
3156 5677 3251 5756 _21.
3283 5680 3328 5711 '°
3359 5680 3478 5756 Joh.

211 5764 374 5813 χχιιι,
408 5750 494 5806 15.
528 5752 572 5782 ’ί
598 5751 743 5808 Psal.
767 5769 876 5818 Liv,
909 5754 960 5808 5.
995 5753 1042 5784 “
1085 5753 1229 5809 Psal.
1263 5772 1358 5816 xu,
1404 5755 1457 5809 4.
1499 5750 1546 5786 ῖ³
1577 5755 1735 5812 Βοιιι.
1775 5771 1790 5808 ι

1902 5754 1953 5809 2.
1986 5755 2032 5785 ’δ
2066 5753 2198 5810 Luc.
2233 5769 2363 5817 xvn,
2395 5754 2446 5808 6.
2479 5754 2525 5785 ²⁸
2552 5752 2710 5808 Νιιιιι.
2744 5770 2820 5814 χι,
2852 5752 2904 5806 8.
2953 5752 2998 5782 ’⁸
3024 5750 3193 5805 Exod.
3229 5766 3358 5815 xxv,
3389 5750 3482 5812 2.0.

214 5829 275 5894 et
301 5836 512 5894 xxxvii,
552 5823 634 5876 16.
670 5824 712 5855 ¹⁷
747 5823 873 5878 Luc.
907 5841 998 5892 xv,
1029 5825 1082 5880 8.
1112 5825 1156 5856 "‘
1189 5827 1377 5880 Matth.
1424 5841 1544 5892 xm,
1576 5827 1666 5882 55.
1694 5827 1738 5857 ”
1769 5825 1927 5884 Prov.
1958 5842 2114 5894 xxxi,
2160 5825 2245 5880 10.
2306 5825 2349 5857 ³ο
2383 5824 2494 5881 Jer.
2540 5841 2688 5887 χχχι,
2741 5824 2830 5876 22.
2867 5823 2910 5853 ³¹
2941 5821 3069 5878 Luc.
3126 5837 3249 5888 χιιι,
3276 5822 3364 5888 11,
3395 5822 3480 5876 16.

217 5893 265 5922 ³³
298 5890 456 5946 Prov.
505 5909 615 5959 xiv,
642 5895 693 5946 1.
735 5894 780 5925 ³³
804 5890 988 5965 Apoc.
1016 5911 1150 5962 xvu,
1183 5897 1234 5951 4.
1285 5899 1328 5927 ³³
1373 5890 1608 5964 ιωιιηγ.
1645 5900 1698 5952 (i.

540 5985 813 6047 PATROL.
859 5986 1058 6051 CXII.

3053 5985 3132 6046 32
