3936 6328
116 334 263 393 i005

1071 340 1492 402 AdlLEGORIIE
1534 342 1603 401 ΙΝ
1640 340 1919 402 SACRAM
1958 339 2421 399 SCRIPTURAM.

3236 344 3376 404 1006

114 447 326 533 calypsi
357 465 371 502 :
400 463 422 500 ι
453 444 637 504 Tertia
662 461 791 520 pars
816 450 835 472 ‘
865 452 1022 509 navis
1054 452 1266 511 interiit
1297 454 1348 524 ⁸,
1382 476 1402 509 ι
1434 444 1578 528 quod
1622 454 1701 513 illi
1725 471 1781 533 Α
1803 469 1912 510 non
1935 452 2117 521 debet,
2161 460 2216 509 et
2242 451 2468 509 Paulum
2496 446 2643 510 misit
2668 448 2813 509 Deus
2854 454 3225 528 evangelizare
3264 473 3376 516 non

112 530 363 597 rectores
407 538 503 611 qui
534 554 637 598 nec
662 540 918 611 activam,
946 558 1051 603 nec
1094 546 1569 621 contemplativam
1617 552 1696 607 te-
1728 530 1780 533 ﬁ
1800 547 1856 603 in
1876 546 2141 618 sapientia
2174 545 2325 602 verbi
2355 542 2420 601 ι’.

114 642 271 700 neut,
300 633 569 705 peribunt.
600 632 707 691 Per
748 652 933 695 nauem
981 638 1169 697 mundi
1223 651 1525 712 amatores,
1550 643 1695 700 utin

111 724 348 784 Psalmis
403 740 419 782 :
469 746 489 780 ι
523 726 581 782 in
626 728 824 799 spiritu
868 728 1178 789 vehementi
1228 740 1479 792 conteres
1528 746 1697 792 naves

110 814 345 875 “ramis
372 816 416 886 ⁸,
449 835 471 871 ι
520 816 581 874 id
622 826 743 888 est,
791 819 849 876 in
893 820 1099 893 Spiritu
1148 832 1343 882 sancto
1387 824 1698 882 humiliahis

113 924 211 966 eos
252 909 346 983 qui
376 920 588 968 terrena
612 910 809 983 gaudia
826 910 1134 986 explorant,
1164 916 1309 989 quod
1337 915 1562 977 Tharsis
1605 932 1698 975 ex.

110 999 343 1071 pluralia
363 1000 547 1073 gaudii
594 1000 1003 1075 interpretatur.
1038 1004 1147 1062 Per
1185 1018 1342 1064 naves
1368 1008 1479 1064 duo
1507 1006 1697 1064 Testa-

112 1101 296 1149 menta
318 1092 525 1168 populi,
546 1100 609 1152 ut
632 1094 690 1153 in
717 1092 1053 1171 EVangeiio:
1097 1117 1119 1152 ι
1170 1088 1316 1158 Vidit
1365 1098 1500 1159 duas
1524 1112 1696 1158 naves

111 1193 321 1244 stantes
373 1196 530 1244 secus
575 1186 612 1225 ³⁵
637 1179 855 1258 littus",
890 1208 911 1244 ι
960 1190 1106 1263 quod
1154 1186 1225 1250 de
1265 1196 1503 1265 utraque
1538 1194 1695 1252 novit

110 1276 255 1334 Deus
296 1276 391 1348 qui
430 1280 557 1335 sunt
572 1274 716 1352 ejus.

183 1388 450 1448 Navicuia
482 1401 567 1451 est
615 1386 886 1464 Ecclesia,
915 1406 978 1454 ut
1013 1397 1070 1454 in
1108 1394 1447 1474 Evangelio:
1480 1422 1499 1457 ι
1526 1398 1606 1461 Ita
1633 1412 1696 1462 ut

110 1480 354 1538 navicula
390 1484 695 1555 operiretur
717 1484 970 1545 ﬂuctibus
995 1491 1044 1557 ⁸,
1081 1510 1098 1543 ι
1136 1486 1193 1550 id
1231 1502 1334 1562 est,
1366 1503 1424 1551 ut
1450 1486 1691 1555 Ecclesia

106 1578 399 1627 vexaretur
438 1574 898 1635 tribulationibus.
933 1574 1236 1650 Navicula,
1278 1599 1411 1639 crux
1464 1580 1690 1653 Christi,

106 1672 166 1718 ut
194 1663 250 1719 in
278 1664 568 1738 Evangelio
600 1687 614 1725 :
662 1688 681 1720 ι
716 1666 977 1728 Ascendit
1004 1666 1164 1730 Iesus
1191 1672 1247 1730 in
1278 1670 1603 1741 naviculam,
1637 1682 1694 1733 ει

106 1755 506 1827 transiretavit,
564 1768 621 1816 et
666 1763 820 1821 venit
870 1758 912 1831 ⁸,
946 1783 968 1817 ι
1025 1770 1157 1834 etc.,
1209 1764 1353 1838 quod
1394 1768 1692 1827 ascendens

103 1846 359 1904 Christus
389 1866 606 1909 crucem
636 1848 809 1911 exivit
834 1852 901 1912 de
934 1856 1169 1926 mundo,
1196 1860 1253 1915 et
1270 1858 1419 1916 venit
1454 1859 1523 1916 ad
1576 1874 1688 1917 coe-
1715 1852 1766 1915 Β

102 1936 295 1995 lestem
322 1943 575 2012 patriam.

174 2028 387 2087 Nebula
412 2040 495 2091 est
536 2030 861 2108 igndrantia,
886 2046 948 2096 ut
972 2040 1025 2096 in
1050 2028 1152 2097 Iob
1186 2061 1199 2097 :
1238 2061 1257 2094 ι
1302 2036 1577 2115 Expandit
1599 2060 1689 2101 su-

95 2135 203 2191 per
220 2120 352 2178 illud
374 2124 627 2182 nebulam
654 2144 809 2185 suam
824 2128 866 2200 ',
891 2146 910 2185 t
950 2132 1092 2202 quod
1115 2133 1282 2189 etiam
1305 2133 1434 2205 justi
1457 2151 1553 2191 cor
1572 2135 1690 2192 sine

94 2213 413 2284 ignorantia
463 2216 752 2290 aliquando
782 2220 838 2279 in
874 2218 980 2279 hac
1016 2220 1126 2280 vita
1171 2240 1293 2281 esse
1334 2241 1441 2281 non
1483 2230 1685 2299 potest.

91 2300 316 2360 Nebuia
350 2322 447 2364 cor
470 2308 759 2380 cujuslibet
802 2308 1056 2381 infidelis,
1091 2325 1150 2373 ut
1186 2315 1240 2371 in
1290 2311 1393 2371 Iob
1424 2335 1438 2371 :
1490 2335 1509 2369 ι
1544 2315 1691 2372 Nun-

88 2392 233 2464 quid
281 2395 520 2455 elevabis
580 2400 637 2455 in
683 2400 882 2459 nebula
934 2420 1124 2463 vocem
1177 2414 1324 2462 tuam
1360 2406 1405 2475 τ,
1435 2425 1453 2460 ι
1497 2406 1552 2464 id
1581 2408 1687 2476 est,

88 2482 250 2542 cordi
304 2480 507 2545 inﬁdeli
562 2492 1005 2562 praedicationem
1049 2504 1199 2553 tuam
1249 2496 1539 2555 infundes'!
1580 2494 1689 2554 Ne-

87 2577 250 2645 bula,
281 2580 549 2639 stabilitas
571 2586 769 2641 mentis
792 2587 1059 2654 humanm,
1086 2598 1146 2644 ut
1172 2588 1227 2644 in
1255 2586 1409 2645 libris
1436 2590 1641 2657 Regum
1670 2607 1685 2646 :

92 2688 116 2722 s
150 2668 279 2726 Non
298 2678 877 2744 poterantsacerdotes
912 2684 1093 2747 stare,
1124 2688 1182 2736 et
1224 2680 1540 2738 ministrare
1560 2698 1690 2754 pro—

84 2770 222 2833 pter
256 2758 509 2819 nebulam
532 2765 582 2834 “,
607 2787 626 2820 ›
666 2768 811 2839 quod
838 2770 1039 2827 interni
1070 2785 1263 2827 sensus
1299 2771 1552 2827 humanae
1572 2772 1689 2828 ani-

84 2870 203 2911 mae
224 2855 319 2912 diu
344 2866 620 2930 nequeunt
644 2860 698 2916 in
720 2869 868 2918 statu
896 2878 1041 2919 verte
1066 2863 1408 2920 rectitudinis
1428 2854 1538 2920 Deo
1566 2876 1688 2921 ser-

85 2946 217 3003 vire
245 2988 262 3015 ,
316 2956 539 3025 propter
582 2950 998 3011 instabilitatem
1053 2950 1435 3013 ﬂuctuantium
1484 2955 1689 3029 cogita-

85 3041 315 3098 tionum

170 3126 388 3189 Nervus
433 3138 518 3191 est
566 3134 748 3194 divina
795 3137 1072 3208 essentia,
1120 3146 1180 3197 ut
1216 3139 1270 3197 in
1322 3138 1424 3197 Job
1471 3158 1486 3194 :
1526 3156 1545 3192 ι
1581 3134 1686 3196 Ρο-

83 3223 259 3281 suisti
298 3224 351 3281 in
385 3240 554 3283 nervo
580 3228 748 3300 pedes
774 3244 925 3288 meos
944 3230 989 3300 ⁸,
1024 3251 1045 3286 ι
1100 3230 1155 3289 id
1184 3240 1287 3301 est,
1333 3230 1572 3290 mentis“
1601 3247 1690 3291 me
1715 3224 1763 3291 C

82 3320 355 3377 aﬂ'ectum
393 3318 520 3379 l‘orti
568 3322 801 3382 scientia
832 3335 923 3382 tua
971 3324 1224 3399 alligasti.
1260 3324 1493 3397 Nervus,
1525 3324 1689 3384 robur

81 3413 306 3480 carnis,
334 3421 394 3468 ut
443 3414 497 3470 in
534 3412 733 3475 Genesi
769 3435 782 3473 :
815 3437 836 3472 ι
889 3416 1095 3492 Tetigit
1142 3421 1367 3494 angelus
1417 3420 1474 3478 in
1521 3416 1691 3478 Iacob

82 3524 329 3564 nervum
356 3504 576 3568 femoris
594 3513 710 3584 ejus
741 3508 809 3581 ’⁸,
840 3534 858 3565 ι
877 3512 1019 3586 quod
1048 3514 1101 3570 in
1119 3514 1236 3571 viro
1260 3524 1448 3572 sancto
1476 3515 1690 3572 interna

79 3600 342 3657 visitatio
374 3602 668 3659 mortiﬁcat
700 3604 867 3661 robur
897 3604 1137 3665 carnalis
1181 3604 1498 3678 voluptatis.
1545 3604 1689 3661 Ner-

82 3710 213 3757 vus,
246 3684 490 3761 alllictio,
534 3704 594 3749 ut
640 3695 695 3751 in
724 3694 958 3754 Ieremia
990 3717 1004 3754 :
1044 3718 1061 3751 ι
1102 3692 1274 3756 Iussit
1300 3715 1425 3755 eum
1456 3696 1599 3755 mitti
1635 3697 1689 3754 in

78 3800 332 3842 nervum
362 3784 429 3854 η,
462 3806 482 3839 ι
507 3778 561 3843 id
586 3796 688 3853 est,
714 3790 842 3861 poni
870 3792 927 3846 in
954 3791 1146 3847 duram
1176 3788 1547 3848 aﬂlictionem.
1584 3778 1692 3848 Per

78 3893 320 3933 neruum
366 3879 562 3934 animae
610 3880 865 3949 virtutes,
912 3890 972 3937 ut
1020 3882 1075 3937 in
1122 3876 1263 3938 Iob:
1301 3901 1321 3935 ι
1358 3880 1587 3939 Ossibus
1634 3889 1691 3938 et

78 3967 289 4024 nervis
309 3968 627 4041 compegisti
671 3986 757 4026 me
788 3970 854 4039 ι’,
888 3992 906 4025 ι
936 3964 991 4028 id
1038 3980 1154 4040 est,
1198 3966 1608 4029 fortitudinibns
1636 3980 1694 4029 et

76 4059 399 4117 virtutibus
442 4063 711 4131 roborastj
742 4079 847 4119 me.
879 4054 988 4121 Per
1021 4082 1201 4121 nervos
1252 4066 1690 4122 machinamenta

76 4151 325 4218 diaboli,
356 4158 417 4207 ut
442 4153 496 4208 in
519 4151 621 4211 Iob
673 4172 687 4211 :
727 4173 747 4207 ι
780 4153 945 4211 Nervi
993 4154 1364 4213 testiculorum
1398 4150 1516 4227 ejus
1560 4172 1690 4228 per-

1871 659 2193 731 Nycticoraa:
2216 668 2301 713 est
2324 656 2592 726 Christus,
2624 665 2684 713 ut
2719 658 2777 714 in
2805 656 3036 715 Psalmis
3068 677 3082 714 :
3119 679 3140 713 ι
3175 658 3379 722 Factus

1797 764 1917 806 sum
1947 748 2088 805 sicut
2109 748 2431 822 nycticorax
2456 746 2475 770 ‘
2509 748 2584 805 in'
2614 750 2814 807 mundo
2842 748 2917 820 ‘9,
2952 770 2973 804 ι
3003 748 3057 806 id
3092 760 3193 819 est,
3230 769 3376 811 mor-

1798 842 1923 897 tuus
1943 838 2153 913 positus
2175 848 2295 897 sum
2326 841 2383 896 in
2405 840 2675 914 scpulcro.

1868 953 2046 1010 Nidus
2079 962 2163 1009 est
2205 950 2362 1021 ﬁdes,
2391 954 2537 1009 utin
2569 953 2841 1011 Psalmis:
2881 974 2900 1007 ι
2945 955 3015 1011 Ει
3068 964 3249 1013 turtur
3294 961 3377 1015 ni-

1796 1044 1924 1102 dum
1950 1044 2055 1102 sibi
2080 1045 2148 1113 ‘9,
2180 1064 2201 1098 ι
2241 1047 2387 1115 quod
2418 1054 2607 1102 sancta
2645 1046 2888 1104 Ecclesia
2916 1049 3267 1106 securitatem
3293 1051 3376 1106 in-

1794 1136 1945 1193 venit
1980 1136 2035 1193 in
2064 1135 2186 1201 ﬁde,
2227 1136 2281 1191 in
2310 1152 2416 1207 qua
2466 1136 2653 1193 ﬁdeles
2677 1136 2905 1209 populos
2948 1139 3134 1195 nutrit.
3174 1138 3375 1208 Nidus,

1795 1236 1983 1287 sancta
2012 1230 2373 1297 conversatio,
2405 1239 2462 1285 ut
2489 1228 2545 1287 in
2571 1230 2990 1289 Deuteronomio
3026 1252 3040 1288 :
3074 1253 3093 1287 ι
3121 1234 3193 1289 Ει
3218 1250 3375 1292 avem

1793 1321 1955 1395 pullis
1981 1322 2039 1377 in
2075 1322 2204 1377 nido
2231 1322 2577 1380 incubantem
2609 1324 2676 1391 ’⁸,
2710 1344 2731 1377 ι
2759 1324 2816 1379 id
2845 1333 2950 1391 est,
2970 1326 3149 1383 virum
3172 1325 3375 1385 bonum

1794 1414 1851 1470 in
1893 1423 2081 1470 sancta
2106 1414 2520 1471 conversatione
2546 1415 2805 1485 operibus
2829 1415 2987 1473 bonis
3012 1417 3371 1475 insistentem.

1797 1504 1992 1573 Nidus,
2038 1505 2142 1561 viri
2168 1504 2345 1562 sancti
2374 1505 2611 1572 animus,
2642 1515 2705 1562 ut
2750 1507 2807 1563 in
2838 1505 2943 1564 Iob
2973 1525 2987 1563 ε
3022 1527 3042 1561 ι
3074 1509 3142 1565 Ει
3170 1510 3227 1566 in
3278 1524 3375 1565 ar-

1793 1599 1915 1656 duis
1959 1608 2130 1671 ponet
2176 1599 2364 1657 nidum
2392 1615 2550 1659 suum
2577 1601 2651 1668 ",
2694 1620 2717 1655 ι
2747 1601 2807 1659 id
2832 1609 2937 1670 est,
2964 1602 3021 1661 in
3062 1603 3377 1662 cmlestibus

1792 1688 1922 1762 liget
1955 1691 2196 1748 animum
2224 1706 2406 1751 stium.

1867 1799 2101 1858 Nidutus
2147 1800 2233 1860 est
2278 1802 2620 1874 simplicitas,
2655 1810 2717 1859 ut
2753 1803 2813 1859 in
2856 1801 2959 1861 Iob
2997 1822 3011 1860 :
3046 1820 3068 1859 t
3101 1804 3161 1862 in
3188 1805 3377 1863 nidulo

1791 1912 1916 1955 meo
1939 1899 2144 1955 moriar
2168 1898 2341 1963 “,iid
2369 1906 2473 1966 est,
2503 1898 2562 1954 in
2595 1897 2941 1969 simplicitate
2964 1910 3088 1957 mea
3118 1910 3375 1958 consum-

1792 1988 1953 2044 mabo
1981 1986 2097 2044 dies
2130 2002 2285 2045 meos

1863 2079 2100 2150 Nigredo
2150 2087 2239 2135 est
2288 2078 2590 2147 humilitas,
2618 2087 2681 2135 ut
2721 2079 2776 2134 in
2816 2078 3045 2137 Castico
3084 2094 3100 2136 :
3136 2094 3159 2134 Ι
3190 2080 3375 2141 Cotus

1792 2175 1908 2244 dus
1947 2174 2091 2229 sicut
2124 2172 2281 2229 elatae
2304 2172 2605 2244 palutarum
2639 2174 2809 2245 nigra
2833 2171 2902 2240 “,
2939 2188 2960 2227 ι
2997 2174 3143 2244 quod
3176 2182 3374 2230 corvus

1792 2276 1849 2325 et
1872 2267 2097 2339 spiritus
2146 2264 2373 2339 angelici
2420 2276 2478 2321 et
2522 2265 2783 2322 sublimes
2832 2266 2885 2321 in
2920 2264 3277 2333 beatitudine,
3315 2274 3373 2321 et

1791 2376 1861 2419 ne
1884 2369 2226 2426 corruerent,
2272 2360 2507 2418 humiles
2528 2357 2769 2416 fuerunt.
2802 2358 3060 2430 Nigra“,
3084 2359 3368 2419 tribulatio

1790 2456 2048 2523 exterior,
2089 2462 2153 2510 ut
2192 2452 2248 2510 in
2276 2452 2546 2510 Cantico:
2582 2470 2602 2506 ι
2638 2450 2802 2524 Nigra
2846 2466 2988 2520 sum,
3040 2454 3141 2509 sed
3167 2453 3370 2509 tortuo-

1792 2562 1855 2606 sa
1900 2549 1979 2615 “,
2016 2564 2036 2602 ι
2067 2544 2211 2619 quod
2246 2547 2429 2602 anima
2484 2544 2682 2611 ﬁdelis,
2734 2543 2864 2601 licet
2908 2545 2970 2602 iu
3020 2541 3375 2601 tribulatione

1792 2640 2022 2697 obscura
2064 2642 2170 2705 sit,
2227 2641 2375 2696 intus
2405 2645 2587 2695 tamen
2632 2650 2820 2694 coram
2873 2637 2985 2693 Deo
3033 2638 3233 2694 decora
3264 2645 3371 2693 est.

1795 2730 2050 2803 Nigrsdp,
2080 2730 2411 2786 conscientia
2450 2728 2615 2795 mala,
2642 2737 2704 2784 ut
2738 2729 2794 2784 in
2838 2726 3073 2784 Ieremia
3109 2744 3124 2782 t
3161 2742 3182 2779 ι
3219 2727 3375 2782 nenia

1792 2832 1945 2897 grata
1974 2830 2058 2878 est
2083 2834 2245 2892 super
2266 2821 2532 2877 carbones
2553 2818 2719 2875 iacies
2742 2817 2859 2887 ejus
2885 2817 2955 2884 ⁸⁸,
2996 2836 3015 2870 ι
3043 2817 3097 2872 id
3121 2826 3227 2882 est,
3243 2831 3373 2873 con-

1793 2914 2018 2971 scientia
2043 2924 2232 2971 eorutn
2259 2913 2423 2967 etiam
2464 2910 2586 2981 plus
2604 2918 2687 2966 est
2711 2910 2999 2966 obscurata
3049 2923 3212 2981 quam
3246 2922 3378 2965 cun-

1792 3006 2018 3062 scientia
2047 3016 2359 3076 pravorum.
2390 2998 2650 3073 Nigredo,
2679 3000 2852 3067 labor,
2870 3008 2930 3054 ut
2956 2999 3013 3055 in
3038 2998 3143 3055 Job
3166 3016 3185 3054 t
3217 3015 3237 3051 t
3267 2997 3378 3054 CI-

1791 3099 1863 3156 tis
1885 3112 2005 3154 mea
2040 3095 2321 3168 denigruta
2346 3100 2429 3150 est
2470 3106 2636 3163 super
2661 3102 2749 3147 me
2786 3090 2857 3157 ",
2893 3109 2917 3143 ι
2940 3091 3086 3162 quod
3109 3088 3203 3162 qui
3227 3097 3378 3145 ene.

1792 3189 2030 3245 rioribus
2056 3186 2363 3244 actionibus
2388 3184 2446 3239 in
2487 3182 2734 3240 Ecclesia
2761 3181 3038 3250 serviunt,
3085 3182 3142 3238 in
3190 3181 3377 3238 labore

1793 3280 2121 3353 alliguntur;

1866 3392 2080 3451 Nitrum
2139 3394 2223 3449 est
2266 3394 2522 3463 perversa
2576 3396 2768 3457 mens,
2824 3388 2888 3446 ut
2938 3388 2995 3446 in
3052 3386 3374 3447 Parabolis:

1799 3508 1818 3542 ι
1853 3486 2081 3544 Acetum
2109 3486 2167 3542 in
2200 3480 2365 3551 nitro,
2402 3486 2459 3539 ει
2486 3482 2580 3556 qui
2607 3490 2793 3539 cantat
2815 3480 2833 3504 '
2862 3486 2924 3537 ut
2974 3490 3195 3538 carmen
3223 3480 3380 3538 cordi

1789 3580 2028 3654 pessimo
2040 3578 2110 3647 ³⁷,
2138 3588 2159 3632 i
2186 3576 2329 3650 quod
2355 3588 2522 3648 prava
2548 3588 2720 3641 mens,
2744 3574 2964 3646 quando
2985 3577 3374 3648 corrumpitur,

1792 3676 1859 3733 de
1892 3674 2239 3746 corruptione
2272 3670 2510 3728 deterior
2545 3664 2797 3739 edicitur,
2841 3668 2982 3729 sicut
3016 3670 3221 3728 nitrum
3268 3670 3380 3727 fer-

1791 3768 1965 3824 vescit
2008 3776 2065 3823 et
2114 3762 2303 3823 ebullit
2350 3762 2566 3836 Quando
2623 3772 2838 3823 acetum
2892 3766 3131 3822 mittitur
3184 3765 3240 3821 in
3288 3776 3377 3822 eo.

1796 3860 2038 3926 Nitrum,
2083 3854 2326 3915 exterior
2352 3857 2535 3914 carnis
2560 3856 2825 3913 munditia
2848 3897 2863 3924 ,
2906 3862 2967 3914 tit
3013 3858 3069 3913 i‘n
3097 3856 3334 3915 Ieremia
3366 3878 3378 3913 :

1799 3970 1819 4005 ι
1855 3951 1913 4008 Si
1936 3949 2134 4007 laveris
2164 3956 2218 4007 te
2242 3948 2412 4016 nitro,
2431 3956 2614 4004 tamen
2639 3950 2671 4004 a
2692 3940 2904 4021 peccati
2935 3946 3148 4007 macula
3179 3952 3383 4008 munda

1793 4054 1899 4101 non
1932 4054 1992 4099 es
2018 4038 2087 4098 ’⁸.

1866 4152 1980 4209 Nia:
2014 4162 2100 4211 est
2125 4153 2210 4210 vir
2230 4160 2473 4219 sanctus,
2501 4160 2561 4209 ut
2585 4154 2641 4209 in
2661 4150 2899 4209 Ieremia
2929 4168 2945 4209 :
2979 4171 2998 4207 ι
3032 4134 3386 4213 Candidiores

1792 4242 2037 4302 Nazartei
2066 4244 2184 4316 ejus
2211 4243 2337 4300 nive
2358 4242 2427 4310 ”,
2457 4262 2477 4296 ι
2513 4242 2569 4298 id
2597 4250 2684 4300 est
2701 4243 3079 4327 ,_continentes
3103 4244 3219 4316 ejus
3263 4245 3387 4302 aliis

72 4244 247 4317 pleri
271 4254 400 4301 sunt
426 4240 490 4315 “,
520 4266 541 4301 ι
568 4242 713 4320 quod
750 4244 1187 4307 machinamenta
1225 4246 1343 4321 ejus
1372 4248 1691 4308 multimoda

1657 4330 1665 4339 ’
1791 4338 1927 4395 viris
1955 4335 2161 4395 sanctis
2180 4335 2495 4392 mundiores
2518 4344 2693 4391 erant.
2712 4334 3087 4407 Nix,quilibet
3104 4344 3382 4408 peccator,

72 4348 229 4398 sunt

172 4430 383 4487 Nemus
413 4426 631 4488 estvita
666 4448 988 4503 pravorum,
1015 4434 1151 4491 utin
1176 4420 1457 4494 Iudicibus
1487 4456 1500 4492 :
1535 4422 1692 4505 «\Ge-
1796 4440 1859 4487 ut
1886 4430 1941 4487 in
1972 4424 2204 4485 Psalmis
2236 4447 2249 4484 :
2281 4447 2299 4481 ι
2330 4427 2433 4496 Qui
2461 4428 2555 4483 dat
2576 4414 2755 4493 nivem
2791 4427 2935 4483 sicut
2960 4427 3005 4459 ³ο
3025 4468 3042 4495 ,
3077 4447 3098 4482 ι
3135 4428 3285 4500 quod
3313 4426 3383 4484 ali

69 4527 241 4583 deon
294 4523 562 4581 destruxit
588 4528 606 4546 '
636 4525 957 4591 Aminadab.
989 4537 1040 4585 et
1072 4528 1301 4586 succidit
1344 4540 1538 4589 nemus
1562 4528 1627 4597 ³⁸,
1666 4550 1686 4583 ι
1717 4583 1764 4597 ,-
1800 4523 1894 4581 illo
1946 4537 2338 4594 nonnunquam
2375 4522 2529 4595 quasi
2576 4537 2606 4577 a
2654 4530 2807 4579 veste
2841 4522 3209 4577 circumdatur
3231 4561 3248 4589 ,
3292 4521 3387 4593 qui

66 4619 251 4693 quod
283 4616 532 4675 Christus
580 4635 823 4676 errorem
853 4622 1055 4679 diaboli
1093 4632 1149 4680 et
1185 4640 1479 4697 pravorum
1522 4625 1689 4679 vitam
1716 4598 1770 4646 υ
1796 4618 1949 4688 prius
1982 4617 2039 4672 in
2066 4624 2291 4688 peccato
2319 4614 2550 4687 frigidus
2577 4622 2715 4671 erat.
2749 4612 2877 4677 Nix,
2907 4598 3073 4671 corda
3112 4613 3381 4684 gentium,

64 4713 351 4769 damnat.
410 4702 610 4766 Nemus
636 4753 651 4778 ,
709 4720 896 4770 sancta
943 4706 1207 4782 Ecclesia“,
1257 4725 1315 4771 ut
1364 4717 1417 4772 in
1447 4710 1686 4773 Genesi:
1800 4720 1860 4766 ut
1901 4711 1955 4765 in
1995 4708 2097 4767 Job
2130 4729 2145 4766 :
2178 4727 2201 4763 οι
2233 4709 2488 4781 Nunquid
2513 4710 2793 4781 ingressus
2829 4723 2890 4765 es
2931 4708 3219 4769 thesauros
3255 4710 3276 4732 ⁴⁵
3316 4708 3387 4767 il-

76 4824 107 4856 (
158 4800 449 4859 Abraham
498 4805 760 4874 plantavit
812 4821 1003 4865 nemus
1052 4807 1105 4862 in
1153 4798 1422 4865 Bersabee
1468 4802 1534 4877 ’⁸,
1573 4829 1593 4862 ι
1637 4818 1694 4866 ει
1799 4807 1906 4864 lius
1955 4807 2041 4862 “?
2076 4826 2096 4860 ι
2135 4806 2280 4877 quod
2328 4805 2589 4861 Dominus
2641 4804 2803 4859 corda
2849 4802 3088 4876 gentium
3139 4802 3382 4885 intravit.

1799 4900 1947 4967 Nix,
1997 4908 2201 4957 aeterna
2256 4898 2556 4965 damnatio,
2587 4897 2733 4953 utin
2769 4896 2870 4953 Iob
2920 4915 2933 4951 :
2988 4913 3007 4948 ι
3061 4894 3165 4964 Qui
3194 4896 3387 4952 timent

1795 4993 2070 5064 pruinam,
2095 4994 2269 5049 irruet
2300 5006 2463 5062 super
2487 4992 2507 5012 ¹
2536 5003 2658 5046 eam
2688 4988 2782 5043 nix
2804 4987 2874 5056 θ’,
2902 5007 2923 5041 ι
2954 4987 3097 5059 quod
3117 4987 3211 5059 qui
3242 5002 3386 5058 prte-

1797 5085 1938 5141 senti
1965 5085 2160 5141 nolunt
2183 5082 2537 5141 tribulatione
2560 5097 2662 5153 pro
2688 5081 2799 5137 Deo
2827 5079 3012 5154 afﬂigi,
3032 5082 3386 5138 damnatione

1797 5188 2000 5236 aeterna
2033 5179 2325 5236 feriuntur.
2369 5176 2502 5245 Nix,
2547 5174 2873 5233 desiderium
2925 5174 3171 5243 cmleste,
3214 5182 3277 5231 ut
3323 5174 3381 5230 in

1797 5271 1899 5330 Iob
1929 5291 1943 5328 :
1980 5292 1999 5325 ι
2055 5271 2115 5329 Si
2160 5271 2304 5329 lotus
2344 5269 2498 5327 fuero
2534 5269 2733 5340 aquis‘
2776 5267 2917 5324 vivis
2956 5266 3029 5336 ³³,
3065 5287 3084 5321 ι
3117 5268 3173 5325 id
3200 5275 3305 5336 est,
3334 5265 3385 5324 si

64 4896 362 4954 Christus
388 4898 576 4952 statuit
596 4897 895 4953 Ecclesiam
922 4899 976 4954 in
1010 4901 1186 4971 gratia
1228 4894 1559 4972 septiformis
1584 4900 1689 4972 sui,

62 4989 251 5062 quod
306 4987 571 5047 Bersabee
620 5001 808 5062 puteus
834 4994 1083 5064 sept'mus
1129 4995 1535 5066 interpretatur.
1584 4995 1695 5051 Ne-

54 5096 243 5146 mus,
274 5080 424 5136 nitor
475 5082 799 5153 eloquentia:
852 5085 1164 5153 saecularis,
1206 5097 1267 5142 ut
1302 5088 1448 5159 quod
1504 5104 1695 5146 nemus

52 5175 151 5231 in
200 5170 368 5225 domo
402 5170 615 5227 Domini
652 5173 889 5244 plantari
927 5176 1246 5245 prohibetur
1276 5178 1340 5245 ⁸⁸,
1371 5177 1515 5249 quod
1564 5178 1696 5235 tudio

50 5262 296 5321 ﬁcatio
324 5266 529 5321 salicta:
556 5258 814 5323 Ecclesiae
834 5267 890 5324 in
912 5268 1090 5326 nitore
1112 5271 1363 5329 maculari
1392 5272 1696 5331 consistere

176 5461 683 5555 {-élfwgimzﬁ...’
702 5465 849 5555 1.193!-
892 5469 1143 5555 Ψηνέ·
1196 5469 1372 5555 ’.ίιυεει
1407 5474 1538 5539 ννεσ
1596 5472 2099 5555 illatis-1m,“
2162 5472 2402 5555 “Matth.
2438 5486 2537 5555 ξγε
2570 5466 2743 5555 59:,“
2784 5465 2906 5555 ’2‘»
2940 5463 3384 5555 {xiv-3’91."

46 5548 345 5617 332‘!!!"
402 5534 515 5617 54.;
548 5535 843 5617 “mltos-
900 5553 1016 5617 ut),
1046 5534 1170 5617 μί
1210 5540 1381 5617 ξιοιι·
1432 5534 1691 5617 Ψ¹Ἀ27ι

1805 5551 1811 5576 ’
1858 5534 1996 5602 Gen.
2054 5543 2371 5617 χιιιιμιὶέί.
2442 5542 2480 5573 ¹¹
2508 5539 2635 5617 ζειἱ
2672 5538 2889 5617 ξξλῖ..
2942 5540 2983 5569 ι’
3012 5536 3131 5617 Iob.
3171 5534 3382 5617 Emit.

48 5606 139 5641 ³³
168 5598 301 5660 Iob.
328 5598 417 5683 an,
448 5602 632 5683 l3._“
657 5598 1017 5683 Ιιιιιῖνιηὸρξ
1056 5608 1266 5683 ξ’ίϐεἰι.
1296 5631 1409 5683 im,
1450 5598 1554 5670 55.,
1576 5615 1619 5646 ¹⁶
1650 5598 1691 5669 ll

1835 5598 2367 5683 xvi,m‘217.ii”l'Cor.
2402 5630 2464 5678 ιι,
2508 5608 2581 5683 l,
2607 5600 2664 5683 δέ
2696 5598 2913 5683 'l'Psal.
2961 5624 3031 5683 ci,
3072 5606 3132 5683 1.
3170 5602 3213 5638 ¹⁹
3240 5602 3384 5661 Psal.

45 5690 344 5739 pxxxm,
370 5674 424 5731 4.
458 5672 505 5709 ’θ
540 5678 696 5735 Deut.
728 5672 1021 5745 “11,6.”
1047 5680 1168 5739 Job.
1199 5672 1503 5751 χιχικίῦθ.
1544 5688 1587 5717 ²¹
1617 5685 1691 5742 Jol

47 5752 103 5773 ο
195 5746 242 5773 26
280 5744 374 5773 Ιλῑι
427 5766 529 5773 ..-υ
588 5752 657 5773 qn
707 5750 751 5773 11
780 5750 917 5773 ﬁ..-“
974 5770 1075 5773 -___A_
1130 5754 1199 5773 nn
1254 5755 1346 5773 an!
1560 5756 1620 5773 Α.
1684 5762 1691 5773 λ

1808 5672 2040 5753 χνιχξι8.
2071 5687 2127 5773 ’1
2156 5676 2315 5773 canuit.
2342 5702 2397 5773 v_,
2425 5672 2511 5738 il.
2546 5672 2593 5715 ⁵⁸
2621 5678 2779 5773 Gerart.
2801 5695 2846 5773 ιι
2875 5676 3272 5773 ξὶιηυῃιειςειι.
3295 5690 3389 5773 ἐξ.

47 5720 944 5817 ἓῖῖῗῖδῦῖίιιῗ
973 5720 1230 5811 χέῗῖοῗ
1246 5720 1515 5823 ἶῖῖἱὲτῗῖιζ
1560 5720 1691 5813 ili";

48 5820 141 5855 ³³
181 5810 309 5873 Iob.
333 5833 407 5880 vt,
442 5821 524 5875 l6.
575 5818 620 5853 ³³
669 5810 790 5879 Iob.
823 5839 897 5880 ιι.
929 5816 1017 5880 2i).

1808 5720 1919 5753 ius,
1962 5720 2040 5743 Io.
2156 5720 2315 5743 manu.
2349 5720 2397 5749 ν,
2430 5720 2511 5779 ιι..
2566 5772 2573 5777 1
2623 5720 2779 5737 ναι...
2876 5720 2929 5733 υ.
3082 5720 3272 5773 -.η’μ..
3312 5720 3387 5735 ...

1805 5762 1954 5817 bren.
1992 5777 2067 5826 tv,
2096 5759 2147 5814 7.
2198 5758 2241 5790 '°
2264 5757 2406 5813 Psal.
2440 5770 2641 5819 cantu,
2673 5750 2762 5807 i6.
2877 5748 2996 5806 Iob.
3039 5760 3266 5813 natm,
3295 5744 3387 5802 ΞΩ.

295 5857 309 5872 .
333 5835 407 5881 Vi,
442 5835 524 5875 ιϋ.
575 5835 620 5853 δ”
669 5835 790 5879 JOD.
823 5839 897 5883 IX.
929 5835 1017 5880 Συ.
