3936 6328
646 404 783 461 1007

1283 401 1346 456 Β.
1387 399 1640 456 RABANI
1679 365 1901 457 MAURl
1939 399 2260 456 ARCHIEP.
2303 395 2613 455 MOGUNT.
2654 392 2940 452 OPERUM
2977 392 3154 448 rans
3188 393 3268 486 ιιι.
3649 406 3731 466 ,ωε

645 514 882 570 mundus
909 513 1062 568 fuero
1110 508 1334 566 effectus
1385 509 1641 565 desiderii
1675 509 1912 565 caelestis
1963 524 2222 579 compun-
2251 515 2301 574 Α
2331 509 2427 573 ειί,
2455 515 2516 561 ιιι
2566 507 2619 560 in
2668 504 2935 560 Psalmis:
2974 523 2992 555 ‹
3046 503 3143 570 Qui
3189 504 3329 573 ponis
3367 507 3528 562 nubem
3549 525 3733 574 asceam

645 607 937 664 ctionibus.

719 696 931 753 Noctua
959 705 1044 752 est
1071 709 1225 751 mens
1248 695 1428 760 fallax,
1460 700 1521 748 ut
1559 694 1615 748 in
1639 693 1784 766 Lege
1811 693 2146 750 :«Noctuam
2175 702 2229 748 et

644 790 961 860 accipitrem
1015 803 1126 843 non
1171 787 1465 843 comedetis
1522 787 1575 849 ¹,
1629 806 1648 838 ι
1716 787 1860 856 quod
1909 786 2225 852 hominem,

645 879 862 949 quando
891 886 1128 934 mentem
1157 877 1299 949 gerit
1327 876 1573 932 fallacem
1601 885 1658 932 et
1701 891 1988 947 rapacem,
2021 875 2226 931 imitari

645 985 754 1024 non
784 969 1061 1024 debemus.

719 1058 993 1116 Novacula
1043 1067 1128 1114 est
1169 1059 1393 1130 quilibet
1429 1059 1790 1128 praedicator,
1843 1068 1902 1113 ut
1945 1061 1999 1112 in
2041 1059 2177 1113 lsaia
2213 1071 2228 1110 :

653 1171 671 1204 ι
704 1150 876 1206 Radet
921 1151 1064 1205 Deus
1092 1149 1352 1204 novacula
1401 1151 1686 1215 conducta,
1726 1151 1781 1204 in
1833 1151 1900 1205 iis
1931 1151 2024 1220 qui
2081 1160 2230 1204 trans

644 1244 844 1300 flumen
890 1252 1037 1309 sunt,
1066 1252 1230 1314 caput
1275 1243 1318 1308 ¹,
1355 1262 1375 1296 ›
1412 1244 1555 1314 quod
1611 1252 1846 1300 mentem
1897 1260 2083 1299 eorum
2139 1243 2230 1314 qui

646 1336 704 1390 in
747 1334 991 1390 Ecclesia
1021 1343 1148 1389 sunt
1191 1333 1471 1404 baptizati,
1514 1335 1582 1390 ab
1609 1336 1756 1390 omni
1787 1336 1947 1390 sorde
1977 1335 2232 1390 vitiorum

565 1455 570 1464 κ
644 1443 742 1496 per
765 1427 1155 1498 praedicatores
1195 1442 1320 1482 suos
1362 1427 1637 1482 emundat.
1681 1427 1975 1492 Novacula,
2004 1427 2234 1498 quilibet

645 1519 878 1590 impius,
935 1526 995 1574 ut
1041 1517 1098 1572 in
1150 1516 1382 1572 Psalmis
1436 1536 1448 1572 :
1499 1535 1518 1569 ‹
1569 1516 1722 1573 Sicut
1764 1517 2024 1574 novacula
2074 1527 2234 1572 acuta

646 1607 825 1664 fecisti
877 1607 1060 1664 dolum
1093 1607 1114 1639 ³
1145 1625 1164 1657 ι
1213 1606 1269 1662 id
1301 1615 1417 1673 εει,
1440 1647 1454 1660 .
1477 1647 1491 1662 .
1514 1646 1528 1661 .
1548 1647 1562 1662 .
1582 1645 1598 1661 .
1619 1646 1633 1661 .
1653 1647 1666 1661 .
1709 1617 1766 1662 ει
1803 1607 2082 1677 expedite,
2112 1607 2233 1677 qui-

644 1699 962 1768 buscunque
995 1697 1178 1765 vales,
1224 1697 1442 1767 perficis
1489 1697 1714 1753 malum.
1759 1697 2071 1764 Novacula,
2120 1712 2234 1767 pre-

646 1790 910 1853 nitentia,
959 1798 1020 1844 ut
1074 1791 1131 1844 in
1187 1788 1339 1844 libris
1397 1789 1605 1861 Regum
1666 1807 1678 1843 :
1741 1807 1760 1840 ι
1798 1787 2072 1844 Novacula
2126 1805 2232 1844 non

644 1885 903 1942 ascendet
942 1899 1103 1955 super
1147 1891 1306 1954 caput
1351 1882 1467 1952 ejus
1497 1882 1554 1949 ⁸,
1595 1902 1616 1935 ι
1663 1881 1950 1954 [scilicet]
2001 1882 2226 1937 Samue-
2258 1872 2305 1931 B

644 1978 734 2044 lis,
765 1978 988 2048 quodin
1016 1985 1198 2031 mente
1222 1976 1425 2031 Christi
1467 1975 1616 2029 nulla
1641 1974 1786 2030 ﬂuxa
1812 1975 2070 2047 cogitatio
2104 1974 2226 2040 fuit,

645 2086 766 2141 qua:
795 2085 894 2140 per
926 2069 1300 2141 paenitentiam
1343 2068 1580 2124 resecari
1612 2068 1817 2124 debuit.

721 2164 846 2219 Nox
877 2171 963 2220 est
1001 2162 1301 2229 tribulatio,
1343 2172 1402 2217 ut
1440 2163 1493 2218 in
1521 2162 1749 2218 Psalmis
1779 2181 1792 2216 :
1821 2182 1841 2215 ‹
1869 2162 2053 2234 Neque
2105 2163 2229 2217 luna

647 2273 745 2327 per
801 2266 1047 2320 noctem,
1083 2254 1105 2287 ⁵
1151 2274 1170 2307 ι
1207 2256 1261 2311 id
1294 2263 1396 2322 est,
1424 2255 1666 2311 defectus
1694 2255 1910 2310 virtutis
1947 2271 2054 2312 non
2086 2254 2232 2310 fran-

649 2356 830 2419 get-te
857 2365 955 2419 per
999 2348 1428 2404 tribulationem.
1464 2347 1619 2413 Nox,
1644 2348 1757 2404 vita
1801 2363 2057 2419 praesens,
2090 2356 2150 2402 ut
2176 2349 2231 2403 in

649 2441 788 2496 lsaia
823 2459 836 2495 :
882 2458 902 2491 ‹
933 2440 1130 2495 Anima
1178 2456 1300 2496 mea
1351 2439 1679 2496 desideravit
1725 2447 1777 2495 te
1820 2439 1874 2494 in
1914 2447 2106 2505 nocte,
2137 2442 2232 2494 sed

653 2542 708 2588 et
735 2532 956 2602 spiritus
985 2547 1139 2589 meus
1159 2533 1200 2599 ⁸,
1231 2551 1248 2584 ι
1295 2532 1348 2588 id
1370 2540 1472 2600 est,
1494 2532 1552 2586 in
1581 2532 1864 2603 prmsentis
1891 2531 2016 2586 vitae
2041 2531 2232 2587 obscu-

653 2625 835 2680 ritate.
883 2624 1028 2691 Nox,
1074 2626 1414 2682 conversatio
1465 2625 1760 2691 laicorum,
1791 2633 1853 2680 ut
1899 2624 1954 2679 in
1984 2623 2181 2679 Genesi
2216 2642 2226 2676 :

658 2737 677 2768 ι
714 2716 1009 2773 Luminare
1053 2715 1252 2787 majus,
1284 2726 1343 2770 ut
1390 2723 1646 2787 praeesset
1695 2716 1837 2782 diei,
1881 2723 1938 2770 et
1966 2714 2234 2792 luminare

652 2809 870 2875 minus,
919 2817 980 2863 ut
1031 2816 1290 2879 praeesset
1355 2807 1498 2862 nocti
1547 2805 1601 2872 ",
1633 2825 1652 2858 ι
1710 2805 1765 2860 id
1805 2815 1926 2871 est,
1980 2804 2232 2858 sacerdo-

656 2902 819 2958 talem
844 2944 860 2970 ,
916 2918 1036 2975 quae
1093 2911 1308 2974 regeret
1362 2900 1588 2956 clericos
1612 2941 1626 2965 ,
1689 2907 1745 2956 et
1800 2899 2007 2970 regiam
2030 2937 2045 2962 ,
2114 2911 2236 2966 quae

656 2997 873 3051 turbam
927 3002 1142 3066 regeret
1200 2992 1477 3048 laicorum.
1547 2989 1707 3054 Nox,
1771 2988 1887 3058 ipse
1944 2985 2190 3042 diabolus
2217 3025 2232 3050 ,

654 3095 718 3140 ut
747 3086 802 3139 in
830 3083 1062 3140 Psalmis
1109 3101 1123 3136 :
1179 3102 1198 3134 ι
1239 3083 1308 3138 Ει
1359 3098 1465 3137 nox
1506 3081 1650 3136 nocti
1694 3078 1898 3134 indicat
1927 3078 1986 3145 ⁸,
2025 3096 2044 3128 ›
2091 3076 2236 3148 quod

657 3176 902 3232 diabolus
955 3173 1194 3245 primum
1241 3175 1511 3228 hominem
1557 3173 1787 3227 obscure
1831 3171 2114 3240 deceptum
2167 3168 2235 3222 ad

657 3273 861 3320 tactum
909 3227 1039 3336 ligni
1068 3263 1308 3318 scientia:
1351 3261 1479 3316 boni
1507 3269 1562 3316 et
1600 3260 1729 3315 mali
1745 3227 2034 3331 fperduxit.
2086 3258 2230 3324 Nox,
2263 3227 2307 3291 Ο

657 3357 956 3414 adversitas
1008 3355 1216 3421 sancti,
1270 3363 1332 3410 ut
1375 3355 1430 3408 in
1472 3353 1618 3410 Job:
1666 3373 1685 3406 ι
1740 3353 1873 3422 Quis
1925 3353 2075 3409 dedit
2116 3367 2237 3407 car-

657 3450 806 3504 mina
858 3451 916 3505 in
969 3447 1232 3505 nocte"?
1265 3467 1284 3498 ›
1325 3448 1471 3518 quod
1511 3447 1654 3502 Deus
1687 3447 1887 3502 electos
1929 3461 2056 3504 suos
2103 3461 2232 3500 con-

657 3540 864 3597 solatur
905 3540 963 3595 in
1016 3538 1381 3595 tribulatione.
1439 3537 1565 3593 Non:
1589 3579 1604 3606 ,
1663 3537 2000 3610 ignorantia,
2060 3545 2122 3591 ut
2180 3535 2234 3589 in

655 3631 800 3689 Job:
836 3650 857 3684 ι
893 3630 1063 3689 Nocte
1091 3631 1356 3702 opprimet
1383 3645 1507 3686 eum
1547 3639 1836 3702 tempestas
1864 3631 1939 3696 ιο,
1991 3650 2010 3682 ι
2048 3629 2101 3685 id
2131 3635 2234 3693 est,

657 3725 966 3797 ignorantia
994 3739 1120 3780 eum
1145 3722 1417 3779 damnatio
1443 3730 1768 3793 prosternet.
1803 3721 1948 3789 Nox,
1983 3721 2237 3777 seductor

657 3816 880 3871 humani
930 3815 1165 3888 generis,
1193 3823 1253 3868 ut
1285 3813 1341 3868 in
1388 3812 1528 3869 Job:
1561 3832 1580 3865 ‹
1618 3813 1702 3868 Sit
1751 3828 1860 3869 nox
1904 3813 1996 3868 illa
2052 3813 2238 3869 solita-

659 3909 741 3962 ria
771 3909 834 3974 “,
873 3927 894 3960 ι
919 3907 976 3962 id
999 3915 1106 3974 est,
1146 3904 1336 3961 electis
1357 3905 1426 3960 ad
1451 3904 1805 3961 salvationem
1831 3907 2122 3976 assumptis
2145 3925 2234 3964 so-

657 3999 742 4054 lus
775 3998 1022 4055 diabolus
1065 4013 1188 4054 cum
1216 4012 1445 4068 corpore
1489 4012 1607 4064 suo,
1640 4011 1818 4053 messa
1849 3997 2104 4054 videlicet
2141 4002 2239 4058 're—

659 4091 955 4164 proborum
997 4091 1303 4147 damnetur.
1333 4088 1478 4154 Nox,
1512 4088 1801 4144 infirmitas
1829 4089 2046 4157 mentis,
2080 4100 2144 4146 ut
2183 4092 2238 4146 in

660 4183 760 4238 Job
787 4198 802 4238 :
833 4201 853 4234 ι
903 4182 973 4236 Ει
1017 4181 1220 4236 nox'in
1271 4195 1379 4250 qua
1429 4179 1631 4234 dictum
1670 4179 2122 4252 est:Conceptus
2155 4190 2240 4239 est

661 4277 824 4330 homo
856 4273 934 4339 ι’,
971 4292 990 4324 ι
1023 4272 1169 4342 quod
1209 4271 1336 4326 dum
1364 4277 1544 4325 mente
1574 4268 1901 4337 infirmatur,
1951 4273 2135 4326 statim
2171 4275 2240 4329 ad

661 4375 946 4441 peccatum
1003 4366 1258 4422 trahitur.
1305 4363 1452 4429 Nam,
1481 4371 1784 4434 peccatum,
1838 4373 1899 4418 ut
1951 4365 2006 4419 in
2059 4365 2235 4421 Isaia:

668 4483 686 4513 ι
723 4461 942 4527 Custos,
969 4458 1099 4529 quid
1142 4458 1211 4514 de
1237 4466 1396 4512 nocte
1441 4455 1508 4521 ¹³,
1545 4475 1562 4506 ι
1596 4455 1652 4510 id
1689 4463 1772 4510 est
1804 4475 1815 4508 :
1849 4455 1894 4511 Ο
1919 4456 2080 4523 Deus,
2112 4458 2239 4528 quid

657 4556 872 4624 judicas
909 4555 976 4612 de
1003 4562 1226 4625 peccato
1257 4549 1411 4605 meo?
1433 4549 1540 4604 Per
1567 4557 1768 4602 noctem
1801 4549 2105 4606 obscuritas
2143 4551 2245 4606 hu-

656 4646 748 4718 jus
803 4645 1021 4710 saeculi,
1073 4650 1134 4698 ut
1188 4643 1244 4696 in
1296 4639 1522 4696 Cantico
1568 4657 1633 4691 ;‹
1670 4637 1728 4692 In
1754 4637 1952 4695 lectulo
1993 4655 2115 4695 meo
2144 4655 2242 4710 per

665 4750 854 4797 noctes
883 4733 1108 4810 quaesivi
1135 4747 1297 4804 quem
1327 4731 1502 4802 diligit
1534 4729 1718 4785 anima
1740 4745 1861 4786 mea
1889 4729 1958 4796 ¹¹⁶,
1989 4751 2007 4784 ι
2040 4731 2094 4786 id
2137 4741 2238 4798 est,

663 4834 719 4888 in
745 4829 999 4904 praesenti
1035 4826 1374 4890 obscuritate
1400 4824 1623 4895 quaasivi
1651 4825 1939 4880 Dominum
1972 4826 2027 4880 in
2059 4827 2241 4896 quiete

664 4939 808 4979 mea.
837 4923 945 4979 Per
989 4931 1192 4978 noctem
1229 4915 1580 4982 amictiones,
1612 4923 1672 4970 ut
1707 4916 1762 4970 in
1804 4914 2033 4971 Psahnis
2076 4936 2087 4971 :
2127 4935 2146 4967 ι
2183 4917 2240 4971 In

665 5017 916 5074 noctibus
946 5015 1190 5072 extollite
1226 5024 1428 5069 manus
1454 5015 1666 5064 vestras
1703 5006 1768 5072 ",
1808 5026 1827 5059 ι
1864 5007 1918 5061 id
1946 5016 2047 5074 est,
2071 5009 2126 5062 in
2167 5007 2244 5062 af-

663 5109 992 5167 ﬂictionibus
1026 5108 1234 5164 elevate
1268 5111 1284 5127 ‘
1317 5112 1478 5159 nctus
1503 5109 1712 5157 vestros
1741 5099 1810 5155 ad
1841 5099 2033 5154 Deum.

741 5200 919 5256 Nubes
965 5208 1048 5256 est
1094 5198 1326 5268 Spiritus
1371 5204 1612 5260 sanctus,
1661 5202 1719 5247 ut
1761 5193 1813 5246 in
1855 5191 2064 5248 Paulo:
2118 5211 2138 5244 ι
2185 5193 2242 5249 In

667 5295 848 5366 Moyse
874 5291 1132 5362 baptizati
1155 5299 1280 5346 sunt
1299 5290 1355 5344 in
1392 5286 1554 5354 nube,
1589 5294 1641 5341 et
1667 5285 1722 5339 in
1750 5281 1884 5338 mari
1917 5283 1979 5351 “,
2011 5303 2030 5336 ι
2063 5282 2116 5339 id
2139 5294 2242 5351 est,

667 5401 700 5440 a
724 5385 944 5442 Christo
970 5391 1024 5440 et
1045 5397 1077 5437 a
1107 5380 1312 5452 Spiritu
1337 5387 1544 5435 sancto.
1589 5375 1644 5434 Ν
1651 5375 1794 5434 ubes,
1820 5374 2065 5430 ascensio
2090 5373 2246 5430 Chri-

743 5572 761 5602 ¹
791 5568 920 5624 Lev.
953 5581 1029 5631 χι,
1057 5572 1142 5620 ιι).
1175 5565 1195 5595 ²
1221 5562 1326 5618 lsa.
1355 5577 1454 5626 vn,
1481 5563 1570 5616 ‘20.
1612 5561 1632 5592 ³
1653 5557 1798 5620 Psal.
1822 5556 1980 5631 14,4.
2000 5555 2070 5631 ξι
2098 5556 2230 5631 Reg.
2257 5574 2296 5624 ι,

2188 5575 2230 5628 g.
2257 5560 2406 5631 1,11.
2437 5558 2628 5631 {Psth
2662 5553 2868 5631 ιδῃ-6⁵
2892 5551 3036 5609 'lsa.
3058 5565 3201 5631 xxv},
3310 5540 3531 5631 ξίξηχξπ

2325 608 2477 655 mum
2506 599 2572 662 ιιι,
2601 617 2618 647 ,
2648 597 2704 652 id
2730 604 2836 662 est,
2861 595 2954 666 qui
2979 595 3312 663 corporaliter
3336 596 3393 650 ad
3413 597 3546 653 caelos
3561 607 3734 662 ascendis.

2328 690 2530 754 Nubes,
2559 686 2862 744 consolatio
2885 685 3084 750 divina,
3106 695 3164 740 ut
3195 685 3246 738 in
3281 683 3436 740 Isaia:
3463 705 3479 738 ι
3507 677 3661 746 Nubem
3683 712 3738 765 per

2328 786 2472 842 diem
2498 786 2562 849 ³⁸,
2597 806 2616 838 ι
2663 783 2808 855 quod
2849 782 3106 837 Dominus
3136 781 3508 838 consolationem
3529 787 3738 860 prabetpei

2329 878 2768 951 prosperitatem.
2804 875 3008 940 Nubes,
3061 872 3395 944 refrigerium,
3427 884 3477 929 ut
3507 875 3550 930 in
3581 877 3738 952 Apocaly.

2329 975 2449 1047 psi:
2482 992 2501 1024 ι
2529 972 2599 1027 Ει
2641 969 3005 1026 ascenderunt
3050 968 3104 1021 in
3132 967 3265 1022 nube
3297 966 3348 1021 in
3381 968 3606 1034 malum",
3625 991 3638 1021 ι
3659 973 3738 1040 quod

2330 1078 2459 1125 tunc
2490 1068 2650 1139 plene
2693 1064 2879 1120 Enoch
2929 1069 2986 1118 et
3033 1061 3175 1116 Elias
3221 1061 3494 1129 pervenient
3515 1062 3566 1117 ad
3589 1078 3738 1135 regnum,

2329 1160 2422 1215 ubi
2449 1167 2577 1214 sunt
2601 1158 2658 1213 in
2684 1155 2970 1227 refrigerio
2991 1153 3108 1208 sine
3132 1153 3252 1207 tiite.
3281 1151 3456 1217 Nubes,
3473 1156 3663 1222 protectio
3675 1158 3737 1222 Dei,

2332 1260 2392 1306 ut
2415 1252 2472 1306 in
2501 1250 2688 1305 Exodo
2713 1267 2725 1301 :
2756 1266 2775 1298 ι
2813 1246 3059 1314 Cumque
3088 1243 3394 1299 ascendisset
3416 1241 3595 1314 Moyses,
3617 1248 3739 1314 operuit

2331 1353 2571 1400 montem
2602 1343 2774 1398 nubes
2799 1340 2867 1405 ’°,
2898 1360 2916 1392 ι
2953 1339 3096 1408 quod
3125 1351 3241 1392 cum
3267 1335 3440 1406 aliquis
3462 1335 3516 1389 ad
3535 1339 3740 1406 contempla-

2333 1435 2498 1490 tionis
2525 1431 2863 1486 altitudinem
2892 1427 3169 1500 pertingit,
3219 1439 3420 1480 necesse
3443 1433 3512 1480 est
3551 1436 3596 1479 ut
3623 1427 3655 1480 ei
3674 1442 3738 1496 pur

2337 1529 2500 1586 tcctio
2528 1527 2714 1583 divina
2739 1525 2896 1590 assit,
2951 1537 3020 1578 ne
3046 1522 3272 1577 aberret.
3303 1519 3478 1585 Nubes,
3503 1518 3660 1588 quilibet
3677 1537 3739 1574 san-

2334 1631 2477 1688 ctus,
2502 1629 2564 1676 ut
2589 1620 2645 1674 in
2666 1619 2854 1674 Exodo
2879 1635 2892 1670 :
2922 1635 2941 1667 ι
2977 1616 3339 1686 Respexerunt
3360 1611 3419 1667 ad
3448 1610 3697 1676 solitudinem,
3713 1623 3738 1666 et

2334 1729 2462 1772 ecce
2483 1713 2652 1786 gloria
2667 1710 2881 1766 Domini
2907 1709 3160 1780 apparuit
3177 1707 3232 1762 in
3247 1705 3476 1770 nube“,i
3491 1705 3532 1760 id
3550 1714 3625 1769 est,
3641 1705 3737 1759 intuiti

2336 1816 2461 1863 sunt
2488 1803 2808 1870 Ecclesiam,
2836 1810 2890 1856 ει
2914 1800 3069 1855 visus
3096 1806 3180 1854 est
3211 1798 3346 1853 Deus
3374 1795 3574 1852 habitare
3591 1795 3738 1849 iunoni.

2332 1912 2400 1952 ne
2431 1901 2638 1951 sancto.
2698 1892 2899 1956 Nubes,
2936 1891 3174 1945 humana
3201 1902 3322 1944 caro
3361 1886 3410 1941 in
3445 1885 3625 1950 Christo,
3651 1893 3688 1937 ut
3713 1885 3738 1937 iu

2331 1987 2498 2043 Isaia:
2531 2003 2552 2036 ι
2579 1983 2842 2040 Dominus
2864 1981 3200 2052 ingredietur
3219 1979 3272 2034 in
3297 1977 3544 2049 Egyptum
3561 1977 3739 2031 sedens

2330 2093 2428 2150 per
2472 2078 2672 2132 nubem
2717 2075 2788 2141 ”,
2817 2093 2836 2124 ι
2871 2073 2925 2128 id
2970 2081 3078 2138 est,
3110 2072 3248 2141 quod
3274 2069 3427 2125 Filius
3459 2069 3536 2124 Dei
3574 2067 3736 2121 introit'it'

2332 2171 2479 2228 hunc
2503 2169 2785 2232 mundum,
2837 2181 3064 2222 carnem
3101 2165 3303 2220 habens
3341 2163 3580 2218 humanam
3601 2159 3737 2213 abomni

2330 2262 2569 2336 pondere
2617 2258 2831 2330 peccati
2861 2258 3181 2312 immunem.
3213 2253 3401 2320 Nubes,
3435 2251 3600 2308 caecitas
3615 2248 3738 2310 mentis,

2330 2355 2469 2409 utin
2494 2350 2775 2408 Ezechiele
2799 2369 2812 2404 :
2841 2368 2861 2402 ‹
2891 2350 3103 2405 Ventus
3127 2347 3350 2402 turbinis
3375 2344 3576 2400 veniebat
3595 2343 3638 2395 ab
3653 2342 3737 2408 Aqui

2330 2447 2477 2510 lone,
2507 2444 2784 2512 nubesque
2810 2454 3006 2512 magna
3050 2439 3120 2505 “,
3149 2457 3167 2490 ι
3198 2437 3333 2508 quod
3355 2452 3383 2490 a
3413 2432 3580 2491 diabolo
3605 2431 3738 2502 procedit

2334 2537 2565 2594 tentatio
2593 2535 2884 2592 vehemens
2911 2541 2969 2587 et
3003 2531 3224 2587 caecitas
3248 2530 3300 2583 in
3322 2535 3478 2583 mente
3496 2523 3672 2580 hominis.
3689 2521 3739 2574 Pu

2334 2633 2494 2687 nubes
2518 2629 2921 2700 praedicatores,
2953 2633 3014 2679 ut
3045 2621 3103 2680 iri
3133 2623 3268 2679 Isaia
3293 2641 3306 2677 :
3345 2639 3362 2672 (
3393 2619 3539 2674 Nubes
3566 2611 3740 2686 pluantjn-

2333 2732 2478 2779 stum
2499 2721 2567 2789 “,
2597 2741 2616 2773 ι
2657 2719 3041 2791 praedicatores
3082 2716 3326 2771 nuntient
3354 2711 3590 2767 Christum.
3614 2705 3679 2760 Per
3694 2720 3741 2753 nt-

2335 2816 2420 2871 bes
2453 2813 2736 2885 propheta,
2767 2821 2828 2867 ut
2879 2811 2935 2866 in
2978 2811 3248 2866 Psalmis:
3275 2828 3293 2860 ‹
3329 2805 3580 2861 Tenebrosa
3609 2812 3692 2868 aqua
3716 2796 3740 2848 in

2335 2908 2568 2962 nubibus
2589 2906 2658 2973 “,
2685 2925 2703 2956 ι
2737 2905 2880 2974 quod
2923 2903 3139 2959 occulta
3186 2909 3267 2956 est
3289 2898 3485 2954 scientia
3507 2897 3549 2951 in
3567 2889 3738 2963 prole-

2335 2999 2440 3054 Per
2463 2998 2625 3052 nubes
2656 2995 2904 3067 apostoli,
2941 3004 3002 3050 ut
3029 2996 3089 3049 in
3125 2991 3382 3048 Psalmis:
3408 3008 3423 3040 ‹
3455 2977 3741 3042 Educensnnl-as

2337 3093 2405 3148 ab
2434 3099 2678 3146 extremo
2707 3098 2866 3144 terra:
2887 3087 2954 3151 ⁸⁸,
2984 3107 3002 3138 ι
3032 3086 3180 3156 quod
3207 3099 3310 3140 non
3333 3071 3741 3166 oratores,sedpi5£f

2341 3194 2506 3250 tores,
2532 3183 2588 3238 in
2616 3180 2893 3253 apostolos
2921 3181 3069 3234 Deus
3097 3175 3394 3246 assumpsit.
3421 3171 3507 3228 Per
3525 3167 3636 3223 nubet
3651 3168 3741 3253 sane“

2341 3275 2476 3330 Novi
2504 3251 2856 3339 Testamenti,
2891 3278 2952 3325 ut
2980 3271 3034 3324 in
3061 3269 3238 3324 Isaia:
3272 3287 3290 3319 ι
3331 3266 3420 3332 Qui
3457 3257 3626 3318 suntilli
3647 3251 3741 3348 quit:l

2341 3367 2513 3424 nubes
2539 3365 2726 3421 volant
2743 3364 2786 3395 ’⁷
2815 3363 2840 3416 ?
2863 3382 2880 3414 ι
2911 3363 3055 3430 quod
3084 3376 3236 3416 nova:
3263 3357 3431 3430 gratia:
3448 3349 3581 3409 sancti
3598 3342 3743 3402 etterbii

2341 3459 2533 3531 pluunt
2561 3465 2617 3512 et
2648 3453 2924 3510 miraculis
2957 3459 3264 3516 coruscant,
3291 3458 3343 3504 et
3367 3461 3451 3518 per
3494 3445 3743 3531 sanctast-cor

2341 3526 2704 3608 versationem
2742 3549 2798 3603 in
2819 3545 3144 3602 sublimibus
3168 3543 3362 3599 volant.
3387 3538 3476 3592 Per
3506 3533 3618 3587 nubes
3633 3526 3739 3590 iniqui.

2340 3653 2402 3698 ut
2428 3644 2484 3698 in
2507 3639 2748 3709 Epistola
2773 3636 2959 3692 Judae:
2996 3655 3014 3688 ‹
3057 3633 3239 3690 Nubes
3264 3633 3371 3687 sine
3394 3641 3525 3698 aqua,
3548 3633 3662 3691 qua:
3681 3626 3744 3664 τω

2343 3735 2413 3789 ιῑε
2441 3731 2898 3788 circumferuntur
2926 3727 2993 3793 ’⁸,
3022 3747 3043 3777 ι
3097 3725 3241 3796 quod
3271 3719 3428 3791 iniqui
3465 3713 3604 3784 gratis
3619 3709 3743 3762 ltum

2342 3835 2611 3892 carentes,
2638 3821 3024 3879 tentationibus
3059 3820 3349 3891 agitantur.

2414 3921 2628 3992 Nuptiae
2658 3926 2784 3973 sunt
2809 3915 3005 3988 gaudia
3033 3914 3227 3984 patria:
3251 3907 3481 3971 caelestis,
3506 3910 3553 3958 ut
3586 3899 3622 3952 in

2343 3983 2518 4084 gelioz'
2550 4030 2567 4062 ι
2601 3983 2837 4076 Quando
2869 3983 3177 4063 revertatur
3219 4021 3249 4058 a
3293 4000 3473 4072 nuptiis
3495 3983 3744 4084 “,tqttodii:

2343 4075 2524 4160 cendit
2555 4075 2858 4164 inictelum,
2906 4106 2962 4152 ει
3018 4095 3145 4152 inde
3190 4101 3436 4148 venturus
3472 4093 3538 4141 est
3569 4075 3742 4162 judicatus

2342 4195 2494 4250 vivos
2539 4200 2596 4248 et
2624 4198 2888 4247 mortuos.
2937 4187 3175 4258 Nuptiae,
3215 4182 3414 4240 vocatlo
3446 4168 3742 4264 naming—ii

2344 4283 2672 4355 Evangelia:
2712 4300 2730 4333 ι
2762 4280 2863 4348 Qui
2897 4251 3040 4333 fecit
3054 4276 3269 4348 nuptias
3311 4267 3488 4332 filio",
3519 4284 3535 4315 ι
3565 4253 3659 4355 quod

2343 4351 2521 4434 Pater.
2549 4384 2795 4432 sanctam
2840 4371 3140 4429 Ecclesiam
3186 4366 3416 4426 vocando
3457 4358 3514 4416 ad
3546 4352 3654 4409 fidem
3685 4351 3742 4394 ελω

2343 4471 2560 4528 Christo
2587 4467 2884 4539 conjunxit.

2416 4565 2600 4620 Nurus
2645 4531 2732 4617 est
2781 4558 3043 4623 Ecclesia,
3073 4568 3134 4612 ut
3167 4556 3222 4611 in
3249 4553 3381 4608 libro
3406 4545 3554 4602 Ruth:
3580 4531 3743 4630 «Deftf'

2345 4669 2437 4716 tua
2459 4667 2618 4714 natus
2653 4665 2754 4721 est,
2787 4655 2878 4725 qui
2913 4663 2964 4708 te
2990 4651 3176 4720 diliget
3215 4649 3282 4713 ³¹,
3313 4668 3329 4698 ι
3361 4639 3487 4714 quod
3507 4634 3652 4688 fructus

2558 4713 2823 4804 Ecclesia.
2853 4713 3117 4817 procedit:
3166 4713 3424 4797 defectum
3450 4713 3743 4800 δεηθεοιπτθη

2343 4841 2714 4915 compassione
2739 4843 2780 4894 ⁶.
3077 4846 3091 4853 ‘

3117 4971 3162 5027 0

2350 5094 2632 5165 Obryzum.
2898 5089 3071 5165 Qrbis.

2351 5137 2632 5236 "Qui???"
2900 5137 3089 5236 ρὲνῐιῖο
3430 5137 3622 5236 ρξξῖίῗ

2352 5211 2577 5290 ὀέῗ⁷“’
2901 5211 3084 5286 an;
3428 5211 3622 5290 ρνᾳεαιιο

2351 5280 2516 5360 621'...
2905 5280 3115 5355 ὀὶῖιίηι.
3430 5280 3548 5360 ρι’ίε·

2380 5338 2627 5430 'zc’idens.
2908 5369 3114 5424 Oriens.
3435 5338 3715 5407 OMMMW

3641 5514 3656 5543 ι
3668 5497 3745 5560 Ρμι.

746 5596 761 5602 ·
791 5596 920 5624 wv.
955 5596 1029 5631 tu,
1058 5596 1142 5620 1v.
1224 5596 1326 5618 ma.
1364 5596 1454 5626 νη,
1487 5596 1570 5616 ιυ.
1654 5596 1674 5615 ι
1697 5596 1798 5620 σει..
1823 5596 1898 5622 ω,
1926 5596 1979 5610 τ.
2052 5596 2068 5610 ι
2099 5596 2225 5628 ..νῦ⁴

671 5657 828 5703 xvm,
851 5640 906 5693 '5.
938 5639 959 5669 ⁹
979 5637 1099 5691 Job.
1128 5649 1292 5697 xxxv,
1320 5634 1406 5687 10.
1435 5633 1476 5664 ¹⁰
1503 5632 1624 5703 Job.
1647 5645 1826 5703 xxv“,
1849 5628 1944 5703 20.
1971 5629 2010 5703 ‘_‘
2042 5626 2159 5681 Joh.
2179 5645 2222 5703 ll_

2188 5596 2422 5703 ita:
2450 5596 3094 5703 ιδιῖῖςςιῑςῖιιῒξςειῖῖξςῖ.
3121 5596 3206 5674 ut
3248 5596 3742 5703 ':9an-n.:-;;at

672 5663 828 5703 XVIII,
853 5663 906 5693 ο.
941 5663 957 5669 '
979 5663 1099 5691 JUU.
1128 5663 1292 5697 333v,
1321 5663 1406 5687 ιυ-
1436 5663 1469 5664 "
1503 5663 1624 5686 συυ.
1653 5663 1826 5690 manu,
1853 5663 1939 5682 av.
2042 5663 2159 5681 um.
2181 5663 2213 5681 ιι

671 5725 900 5773 cxxxut,
929 5710 979 5762 1.
1013 5707 1054 5738 ¹⁶
1080 5705 1102 5759 1
1127 5704 1250 5759 Cor.
1282 5720 1336 5768 x,
1367 5703 1421 5756 2.
1471 5703 1509 5773 ⁸7
1540 5702 1680 5773 Psal.
1709 5718 1763 5764 κ,
1787 5699 1843 5752 5.
1906 5699 1956 5773 “ﬂ
1978 5698 2225 5773 lsa_._|v,_i

2124 5663 2159 5681 -'-
2181 5663 2262 5692 ¹¹ιν
2301 5663 2343 5683 ι·
2450 5663 2568 5684 συυο
2594 5663 2742 5692 μην.
2852 5663 2950 5677 ιη...
2983 5663 3094 5688 ειη..
3124 5663 3206 5674 ---
3316 5663 3389 5667 νην
3635 5665 3668 5703 ‘1

2124 5715 2182 5762 tv,
2309 5699 2350 5730 ¹⁹
2376 5700 2542 5773 Apoc.
2570 5697 2767 5773 _x_t,_12_.
2822 5697 2864 5725 ²⁰
2892 5692 3041 5748 Exod
3064 5705 3246 5773 _X§-IVI,
3273 5683 3356 5773 15ἶ
3372 5663 3678 5773 ῃ¹¹ξ13άὺέης

675 5759 994 5842 ῖῖῑέῌῗὲιῖ,
1023 5778 1074 5830 1.
1100 5775 1146 5806 ³³
1177 5759 1371 5828 Ezech.
1404 5790 1444 5838 ι,
1476 5772 1528 5824 4.
1567 5772 1611 5802 ’³
1636 5759 1980 5842 ιεείκίλνηθο
2025 5770 2070 5798 ²¹⁵
2093 5759 2229 5842 Ῑῗξέηε

1936 5769 1980 5820 Β·
2025 5770 2070 5798 ²¹³
2093 5759 2234 5842 ΙῗξλέιΙ.
2269 5787 2402 5834 xvtt,
2424 5759 2522 5823 Ὠ.
2572 5769 2618 5799 ²⁶
2638 5759 2780 5822 Psal.
2815 5780 3037 5830 cxxxrv,
3064 5761 3112 5816 7.
3139 5761 3184 5792 ’τ
3221 5759 3318 5814 lsa.
3341 5767 3421 5815 ui
3449 5759 3490 5800 δ·

583 5851 588 5856 ’
676 5847 721 5878 ²⁹
752 5847 882 5902 Luc.
916 5838 1012 5904 xu.
1046 5846 1134 5900 '56.
1166 5845 1208 5875 3°
1240 5844 1425 5897 Matth.
1461 5858 1595 5901 xxii,
1620 5842 1674 5895 2.
1727 5842 1767 5872 ³¹
1803 5838 1969 5892 lts'th.
2002 5854 2071 5900 tv,
2108 5838 2190 5891 15.

3449 5704 3678 5800 nisi...
3699 5704 3742 5762 ιίι
