3936 6328
137 421 283 477 1009

137 535 322 610 Ortus.
663 509 680 532 ‘
709 534 1015 610 Optimales.
1257 541 1548 610 Orgauum.

138 604 384 680 Oriunes.
709 605 934 680 Qslium.
1256 604 1492 680 Oili/clm.

136 672 356 728 Oculus.
705 672 878 730 Oliva.
1256 672 1421 736 Ovile.

209 831 502 904 Obryzuut,
533 834 789 906 angelica
836 836 1134 908 dignitatis,
1183 847 1241 894 ut
1291 840 1346 893 in
1375 838 1505 894 Job:
1538 858 1557 891 ι
1600 838 1719 896 Νοιι

131 921 352 977 dabitur
401 939 594 979 aurum
644 927 904 998 obryzum
949 944 1049 998 pro
1099 943 1162 983 ea
1196 928 1238 994 ¹,
1283 949 1302 980 ι
1353 929 1497 998 quod
1523 930 1541 950 ‘
1567 928 1719 984 Chri-

128 1022 271 1081 stus,
302 1016 394 1085 qui
427 1015 598 1072 Filius
625 1018 721 1072 Dei
743 1026 846 1086 est,
876 1034 977 1075 nec
1002 1020 1119 1090 ipsa
1159 1020 1381 1076 claritas
1406 1019 1718 1091 angelorum

127 1108 437 1178 comparari
464 1116 664 1178 potest.
696 1108 988 1180 Obryzum,
1015 1111 1274 1167 sanctitas
1298 1111 1554 1176 hominis,
1577 1120 1639 1166 ut
1662 1111 1719 1166 in

125 1197 232 1255 Job
259 1219 273 1254 :
299 1202 316 1220 θ
348 1219 368 1251 ι
403 1199 514 1256 Νεε
541 1201 805 1272 obryzum
829 1202 964 1268 dixi,
1004 1201 1199 1258 ﬁducia
1246 1217 1368 1258 mea
1391 1203 1433 1268 ³,
1478 1222 1498 1254 ι
1529 1202 1584 1257 id
1611 1210 1714 1266 est,

127 1291 187 1345 in
212 1290 358 1346 nulla
389 1307 628 1362 unquam
655 1292 942 1348 sanctitate
971 1307 1113 1357 mea,
1153 1302 1566 1363 quantacunque
1594 1292 1715 1358 fuit,

124 1385 404 1442 conﬁdere
455 1385 622 1442 nolui.
672 1385 960 1457 Obryzum,
993 1385 1208 1441 divitia
1257 1393 1504 1448 terrenae,
1551 1392 1613 1440 ut
1661 1385 1716 1438 in

123 1478 299 1533 Isaia:
335 1497 356 1531 ι
385 1477 685 1534 Pretiosior
712 1478 818 1533 erit
856 1478 1020 1533 homo
1051 1477 1253 1533 mundo
1304 1477 1505 1548 obryzo
1531 1476 1574 1540 ³,
1606 1496 1626 1528 ι
1663 1475 1719 1531 id

121 1579 236 1635 est,
270 1570 326 1624 in
349 1577 561 1624 tantum
586 1568 881 1641 Babylonia
907 1571 1239 1634 destruetur,
1266 1576 1327 1623 ut
1351 1561 1612 1638 plures'in
1651 1581 1716 1621 ea

121 1660 358 1731 reperiri
380 1660 592 1730 possint
609 1660 808 1716 divitia
833 1667 1060 1715 terrena
1084 1675 1248 1730 quam
1271 1659 1538 1714 homines.

1112 425 1527 484 ALLEGORI/E
1570 428 1637 486 ΙΝ
1677 428 1953 486 SACRAM
1993 430 2455 489 SCRIPTURAM.

3264 433 3402 491 1010

1745 546 1797 606 Α
1826 553 1970 602 tores
2011 547 2163 613 mali,
2207 557 2267 602 ut
2295 549 2351 602 in
2382 548 2646 606 Psalmis:
2678 570 2696 601 ι
2738 550 3115 608 Obscurentur
3141 550 3282 606 oculi
3314 567 3404 606 eo-

1820 653 1942 692 rum
1970 639 2064 705 ‘6,»
2087 640 2229 710 quod
2247 643 2398 711 pravi
2429 643 2677 700 doctores
2697 645 2823 701 dum
2850 661 2917 716 ag
2955 658 3016 698 re
3042 643 3232 699 nolunt
3259 645 3404 714 quod

1819 729 2145 802 intelligunt,
2173 733 2241 786 ad
2269 733 2372 788 hoc
2397 734 2561 790 etiam
2607 737 2931 807 quandoque
2977 737 3316 806 perveniunt,
3346 747 3405 792 ut

1818 824 2026 888 cacati,
2053 823 2182 893 quid
2233 840 2394 895 agere
2447 827 2698 894 debeant,
2754 829 3025 900 ignorent.
3073 827 3177 883 Per
3225 827 3401 882 oculos

1817 917 2065 988 apostoli,
2095 927 2153 973 ut
2190 920 2244 974 in
2274 919 2540 976 Psalmis:
2579 939 2600 974 ι
2628 921 2949 977 Defecerunt
2984 919 3125 975 oculi
3156 920 3261 974 mei
3285 920 3343 983 ν’,
3376 939 3396 972 ι

1818 1009 1870 1064 id
1901 1019 2006 1075 est,
2033 1011 2170 1066 Dum
2193 1027 2292 1083 ego
2326 1011 2379 1066 in
2413 1013 2663 1083 passione
2690 1029 2809 1068 mea
2834 1013 2901 1068 de
2933 1012 3094 1067 Patre
3128 1028 3249 1067 meo
3275 1027 3398 1067 con-

1816 1100 1945 1164 ﬁdo,
1969 1101 2217 1172 discipuli
2245 1103 2353 1158 mei
2378 1120 2476 1175 per
2501 1106 2696 1160 mentis
2725 1105 3092 1160 inﬁrmitatem
3120 1103 3395 1158 deﬁciunt.

1817 1191 1921 1248 Per
1941 1193 2118 1248 oculos
2158 1211 2351 1250 sensus
2382 1197 2675 1266 spiritales,
2703 1208 2762 1252 ut
2811 1199 2866 1253 in
2896 1198 3157 1254 Cantico:
3197 1216 3215 1248 ‹
3247 1195 3399 1252 Oculi

1815 1287 1896 1342 tui
1949 1288 2321 1344 columbarum
2345 1290 2412 1356 η,
2453 1311 2471 1344 ›
2513 1293 2656 1360 quod
2705 1292 2904 1348 interni
2956 1306 3146 1346 sensus
3194 1290 3399 1345 devota

1817 1379 2011 1434 anima
2054 1381 2388 1450 simplicitati
2443 1382 2717 1438 insistunt.
2774 1381 2880 1436 Per
2931 1380 3107 1436 oculos
3149 1381 3398 1435 doctores

1815 1467 2146 1536 Judaorum,
2169 1479 2229 1526 ut
2250 1457 2303 1526 in
2331 1471 2600 1528 Jeremia:
2631 1493 2649 1524 ι
2685 1473 3008 1528 Defeccrunt
3027 1472 3165 1528 oculi
3188 1486 3396 1536 eorum,

1816 1559 1958 1630 quod
1984 1575 2089 1615 non
2111 1569 2230 1616 erat
2255 1563 2424 1618 herba
2449 1562 2514 1628 ιθ,
2545 1583 2564 1616 ›
2611 1565 2664 1618 id
2687 1572 2789 1630 est,
2831 1564 3101 1628 doctores,
3125 1562 3246 1617 ideo
3269 1575 3398 1614 eva-

1816 1659 2072 1714 nuerunt,
2115 1653 2258 1722 quod
2312 1652 2582 1708 internum
2631 1655 2747 1724 spei
2775 1655 3011 1708 virorem
3059 1668 3166 1707 non
3195 1653 3399 1706 habue-

202 1750 516 1807 Obstctrices
545 1761 672 1807 sunt
701 1757 718 1772 '
747 1761 1081 1822 peccatores,
1106 1761 1167 1806 ut
1193 1752 1245 1805 in
1268 1751 1482 1806 Exodo:
1515 1769 1534 1800 ι
1562 1749 1716 1816 Quod
1813 1749 1958 1796 runt.
2008 1744 2113 1798 Per
2159 1743 2338 1798 oculos
2382 1745 2676 1800 consiliarii
2734 1746 2934 1801 diaboli
2963 1786 2977 1810 ,
3037 1753 3098 1798 ut
3139 1743 3194 1797 in
3251 1742 3394 1797 Job:

125 1845 431 1901 timuerunt
455 1845 776 1902 obstetrices
813 1846 1125 1913 Dominum,
1167 1847 1456 1902 aediﬁcavit
1485 1846 1592 1900 illis
1621 1847 1716 1902 do-

1823 1851 1841 1884 ι
1877 1832 2028 1889 Oculi
2053 1832 2169 1903 ejus
2200 1835 2344 1891 velut
2370 1838 2640 1908 palpebra
2688 1839 2908 1893 diluculi
2951 1839 3020 1902 3°,
3047 1837 3188 1908 quod
3215 1835 3397 1892 consi-

122 1949 248 1989 mos
292 1935 338 1999 ⁵,
369 1954 388 1987 ι
447 1936 591 2005 quod
631 1936 847 2006 quando
893 1937 996 2007 ipsi
1047 1937 1431 2007 praedicatores
1476 1935 1713 2008 perfecte
1740 1922 1790 1985 B
1819 1927 1961 1984 liarii
2001 1928 2215 1986 Satanae
2238 1931 2307 1986 ad
2333 1933 2584 1988 tenebras
2609 1933 2882 1989 auditores
2921 1949 3046 1988 suos
3075 1933 3315 1997 trahunt,
3346 1945 3400 1984 et

122 2023 420 2079 Dominum
446 2025 659 2092 timent,
691 2033 820 2081 tunc
845 2033 901 2082 et
920 2026 1118 2082 merito
1143 2035 1200 2084 et
1225 2042 1453 2084 numero
1487 2028 1714 2098 populus

121 2114 177 2168 ei
203 2114 449 2170 serviens
472 2122 720 2188 augetur.

207 2207 410 2262 Oculus
438 2217 523 2264 est
553 2208 781 2265 intentio
829 2211 1032 2277 cordis,
1073 2218 1135 2265 ut
1161 2210 1216 2265 in
1247 2209 1570 2282 Evangelia:
1606 2229 1624 2260 ι
1657 2207 1716 2264 Si

119 2299 323 2355 oculus
352 2309 476 2356 tuus
504 2300 668 2356 fuerit
695 2301 925 2372 simplex
955 2304 996 2368 ⁵,
1026 2321 1044 2354 ι
1081 2303 1135 2358 id
1174 2311 1279 2368 εει,
1302 2303 1347 2357 si
1375 2303 1602 2358 intentio
1625 2309 1715 2357 tua

118 2390 296 2446 fuerit
329 2407 485 2463 pura.
526 2391 745 2459 Oculus,
768 2392 988 2450 claritas
1033 2393 1356 2461 intellectus,
1387 2402 1446 2449 ut
1483 2395 1538 2448 in
1561 2393 1712 2449 Psal-

117 2485 230 2539 mis
259 2503 272 2538 :
306 2504 324 2536 ι
373 2485 739 2541 Conturbatus
780 2494 864 2542 est
917 2488 969 2541 in
999 2487 1078 2542 ira
1117 2488 1307 2542 oculus
1338 2487 1382 2555 ⁸,
1413 2508 1432 2540 ι
1465 2491 1483 2510 ‘
1515 2487 1569 2543 id
1609 2496 1712 2553 est,

115 2577 208 2630 ira
232 2577 560 2646 impediebat
580 2577 911 2636 intellectum
935 2593 1136 2633 meum.
1167 2576 1386 2644 Oculus,
1413 2593 1568 2633 mens
1588 2592 1717 2633 con-

115 2668 454 2739 templantis,
489 2678 550 2724 ut
583 2669 638 2724 in
677 2669 907 2726 Psalmis
931 2688 989 2724 :.«
1036 2671 1310 2727 Turbatus
1339 2680 1424 2726 est
1455 2687 1486 2726 a
1531 2669 1717 2726 furore

111 2759 318 2815 oculus
343 2775 497 2816 meus
520 2761 568 2828 ",
596 2781 616 2814 ›
663 2761 718 2816 id
749 2769 852 2828 est,
896 2778 1050 2817 mens
1095 2776 1213 2816 mea
1244 2763 1397 2817 val-tle
1435 2762 1588 2817 timet
1629 2761 1718 2832 ju-

112 2853 332 2907 dicium
354 2861 529 2919 tuum,
558 2853 778 2922 quando
827 2854 895 2908 de
922 2855 941 2875 ¹
972 2855 1082 2908 Deo
1114 2853 1334 2924 cogitat.
1365 2851 1584 2919 Oculus,
1631 2853 1716 2907 iu-

112 2955 342 3000 ternum
363 2946 710 3013 desiderium,
743 2946 878 3002 utin
901 2945 1002 3001 Job
1029 2965 1042 3000 :
1079 2966 1096 2998 ι
1129 2944 1210 2999 Ad
1237 2945 1528 3000 Dominum
1553 2942 1720 3000 stillat

107 3037 315 3092 oculus
346 3053 498 3093 meus
540 3039 584 3104 ⁸,
618 3058 638 3091 ›
695 3038 750 3093 id
802 3046 906 3104 est,
954 3038 1022 3093 ad
1069 3038 1358 3093 Dominum
1404 3036 1533 3091 ﬂuet
1579 3035 1720 3091 desi-

109 3129 335 3184 derium
384 3145 583 3185 meum.
617 3128 836 3196 Oculus,
867 3129 1088 3185 intimus
1119 3131 1344 3197 amicus,
1379 3137 1440 3184 ut
1462 3129 1517 3183 in
1543 3128 1720 3184 Evan-

109 3217 306 3291 gelio:
353 3238 372 3270 ι
423 3218 481 3274 Si
534 3219 722 3275 oculus
771 3228 896 3274 tuus
943 3219 1394 3275 scandalizaverit
1453 3227 1527 3286 te,
1585 3234 1718 3275 erue

1819 2030 2000 2078 tamen
2027 2023 2328 2079 claritatem
2349 2040 2409 2081 se
2437 2027 2518 2081 eis
2537 2025 2818 2081 infundere
2841 2026 3112 2081 simulant.
3146 2025 3249 2079 Per
3276 2013 3422 2079 ocu:

1817 2114 1898 2170 los
1929 2116 2316 2184 pradicatores
2361 2117 2702 2184 Antichristi,
2751 2128 2812 2173 ut
2858 2117 2916 2172 in
2963 2117 3064 2172 Job
3108 2136 3120 2170 :
3159 2135 3178 2167 ι
3217 2115 3400 2170 Hostis

1817 2221 1972 2260 meus
1997 2207 2327 2262 terribilibus
2371 2223 2457 2262 me
2494 2207 2668 2263 oculis
2714 2209 2940 2263 intuitus
2983 2216 3066 2264 est
3093 2208 3160 2272 ’³,
3203 2227 3221 2258 ι
3256 2206 3399 2274 quod

1819 2295 2064 2351 diabolus
2092 2306 2338 2351 sanctam
2367 2297 2665 2352 Ecclesiam
2709 2313 2808 2367 per
2849 2296 3171 2352 Antichristi
3209 2295 3402 2366 pradi-

1818 2399 2031 2444 catores
2050 2389 2342 2458 plurimum
2389 2390 2630 2444 terrebit.
2660 2389 2765 2444 Per
2791 2389 2970 2444 oculos
3010 2389 3398 2457 concupiscen-

1819 2481 1908 2536 tia
1932 2480 2153 2547 illicita,
2182 2490 2244 2534 ut
2263 2480 2315 2534 in
2347 2479 2540 2535 Genesi
2573 2499 2584 2532 :
2625 2499 2643 2530 ι
2680 2480 2746 2534 Ει
2773 2481 2946 2552 aperti
2973 2487 3100 2534 sunt
3128 2476 3268 2533 oculi
3295 2493 3400 2530 am-

1817 2572 2009 2627 borum
2037 2574 2100 2634 ",
2144 2591 2162 2625 ι
2198 2571 2341 2642 quod
2369 2578 2491 2642 post
2529 2579 2808 2641 peccatum
2853 2570 2918 2623 ad
2949 2578 3164 2624 terrena
3213 2576 3400 2624 contra

1820 2663 2106 2718 Dominum
2136 2663 2189 2716 in
2219 2665 2398 2716 anima
2449 2662 2684 2716 humana
2713 2662 2915 2717 illicita
2952 2660 3402 2730 concupiscentia

1820 2761 1992 2807 erant.
2023 2752 2126 2808 Per
2154 2753 2331 2808 oculos
2363 2753 2740 2823 cogitationes,
2761 2761 2822 2806 ut
2874 2753 2930 2806 in
2958 2750 3092 2806 Job:
3129 2770 3146 2802 ι
3190 2750 3291 2817 Qui
3320 2751 3403 2803 in-

1822 2844 2103 2900 clinaverit
2155 2842 2339 2898 oculos
2394 2858 2520 2898 suos
2569 2858 2678 2898 non
2722 2843 3021 2898 salvabitur
3068 2842 3139 2909 ’³,
3175 2861 3193 2892 ›
3228 2850 3283 2894 ει
3313 2840 3406 2909 qui

1823 2935 2189 2991 humiliaverit
2217 2935 2572 3005 cogitationes
2591 2935 2787 2989 mentis
2813 2950 2943 2999 suae,
2965 2948 3149 2988 veram
3179 2932 3404 2988 salutem

1823 3035 2205 3096 consequetur.
2235 3025 2340 3081 Per
2371 3024 2547 3080 oculos
2578 3026 2795 3096 superbi
2820 3033 2998 3081 motus
3027 3024 3228 3089 cordis,
3263 3031 3326 3077 ut
3353 3023 3407 3077 in

1823 3117 1953 3173 Job:
1995 3135 2013 3167 ι
2053 3116 2219 3184 Quasi
2251 3105 2442 3188 magna
2489 3118 2734 3187 cogitans
2761 3117 3019 3172 attonitos
3071 3117 3241 3172 habes
3281 3132 3410 3171 ocu-

1825 3209 1906 3266 los
1934 3209 2002 3275 ",
2029 3229 2046 3262 ι
2086 3209 2138 3264 id
2165 3216 2269 3273 est,
2310 3225 2374 3264 ac
2414 3209 2461 3263 si
2499 3207 2750 3263 sublimia
2795 3208 2859 3263 de
2899 3216 2950 3263 te
2996 3215 3320 3278 pertractes,
3355 3208 3407 3260 in

107 3325 250 3366 cum
280 3309 326 3374 ⁸,
356 3330 376 3362 ι
413 3311 469 3366 id
498 3318 600 3376 est,
646 3311 691 3366 si
721 3311 945 3367 intimus
1003 3311 1210 3367 amicus
1233 3319 1358 3366 tuus
1407 3311 1475 3367 ad
1512 3311 1716 3366 malum
1745 3291 1791 3355 C
1821 3309 2007 3357 mente
2051 3301 2324 3371 superbis.
2374 3300 2480 3354 Per
2502 3299 2682 3354 oculos
2709 3300 3016 3370 asperiores
3055 3308 3326 3370 aspectus,
3351 3309 3412 3353 ut

108 3413 179 3461 te
201 3403 393 3470 trahit,
429 3404 688 3461 abscinde
711 3421 743 3458 a
782 3413 834 3460 te
859 3403 1286 3459 familiaritatem
1337 3401 1472 3471 ejus,
1505 3417 1575 3459 ne
1596 3418 1718 3459 eam

107 3497 374 3566 sequaris
395 3497 461 3552 ad
505 3497 729 3552 malum.
773 3495 994 3563 Oculus,
1023 3511 1180 3567 opus,
1219 3503 1283 3551 ut
1305 3496 1360 3550 in
1385 3496 1714 3568 Evangelio:

115 3608 137 3639 ι
185 3585 421 3642 Trabem
468 3596 652 3642 autem
684 3587 742 3644 in
785 3587 941 3643 oculo
984 3596 1078 3642 tuo
1111 3603 1219 3642 non
1248 3588 1560 3643 consideras
1600 3588 1662 3652 ¹⁹,
1693 3607 1713 3640 ι

109 3679 180 3735 id
201 3689 309 3745 est,
336 3680 542 3735 crimen
576 3681 632 3734 in
651 3695 813 3751 opere
838 3688 932 3734 tuo
957 3673 1066 3735 noxi
1089 3680 1464 3751 deprehendis.
1497 3679 1719 3747 Oculus,

112 3772 359 3827 intuitus
381 3771 641 3838 exterior,
665 3780 726 3826 ut
753 3772 809 3827 in
831 3771 1101 3843 Propheta
1126 3792 1139 3827 :
1170 3791 1190 3824 ι
1227 3772 1428 3829 Oculus
1457 3787 1610 3828 meus
1636 3773 1724 3827 de-

110 3863 402 3934 pradatus
438 3871 520 3918 est
566 3864 805 3918 animam
848 3878 1024 3918 meam
1050 3865 1116 3930 “,
1159 3885 1177 3918 ι
1213 3864 1266 3918 id
1294 3873 1398 3930 est,
1440 3865 1496 3919 in
1531 3879 1723 3934 pecca-

115 3967 243 4010 tum
264 3971 365 4025 per
387 3957 716 4012 exteriorem
738 3957 992 4012 affectum
1015 3960 1222 4028 prorui.
1253 3955 1470 4023 Oculus,
1497 3955 1722 4026 quilibet

111 4047 472 4121 praedicator,
501 4058 561 4103 ut
591 4049 650 4103 in
671 4048 987 4105 Parabolis:
1021 4068 1038 4101 ι
1083 4047 1308 4104 Oculum
1347 4049 1638 4114 videntem,
1670 4054 1726 4102 et

114 4155 318 4196 aurem
343 4139 670 4206 audientem,
705 4139 850 4196 Deus
877 4139 1006 4194 fecit
1027 4148 1317 4210 utrumque
1342 4139 1408 4206 η,
1439 4158 1457 4190 ι
1482 4139 1625 4209 quod
1655 4154 1723 4193 ex

111 4245 356 4288 munere
380 4240 463 4286 est
506 4232 710 4299 divino,
741 4232 762 4254 ‘
784 4239 841 4288 ut
872 4238 926 4286 ct
971 4231 1144 4286 bonus
1172 4232 1360 4287 doctor
1387 4237 1442 4284 et
1487 4229 1719 4285 auditor.

115 4325 355 4390 Oculus,
384 4325 692 4390 haereticus,
741 4332 804 4380 ut
847 4325 900 4379 in
950 4322 1271 4380 Parabolis:
1311 4341 1330 4373 ι
1373 4321 1600 4378 Oculum
1633 4322 1724 4392 qui

111 4419 434 4475 subsannat
459 4425 673 4487 patrem
703 4433 879 4483 suum,
910 4426 968 4472 et
994 4417 1268 4488 despicit.‘
1293 4425 1504 4488 partem
1534 4415 1726 4470 matris

112 4526 268 4576 sua,
291 4509 546 4566 eﬁ'odiant
576 4525 699 4565 eum
723 4511 873 4566 corvi
895 4511 962 4566 de
993 4517 1231 4565 torrente
1254 4508 1299 4540 ³³
1324 4525 1338 4574 ;
1378 4528 1396 4560 ι
1430 4507 1575 4578 quod
1612 4507 1724 4560 ha-

115 4602 388 4669 reticum,
443 4602 536 4672 qui
571 4601 848 4658 Christum
901 4609 958 4658 et
1001 4601 1440 4671 praedicationem
1469 4597 1723 4654 Ecclesia

1818 3395 1873 3450 in
1901 3393 2034 3450 Job:
2068 3413 2088 3445 ι
2138 3393 2324 3466 Pepigi
2372 3392 2549 3448 foedus
2599 3409 2722 3448 cum
2781 3394 2954 3450 oculis
2987 3393 3142 3458 meis,
3173 3410 3241 3448 ne
3269 3395 3412 3465 cogi-

1819 3494 1992 3540 tarem
2045 3484 2111 3539 de
2152 3483 2361 3555 virgine
2396 3483 2464 3550 ’⁵,
2499 3483 2610 3548 »ιιι
2635 3491 2739 3549 εει,
2769 3499 2798 3538 a
2833 3484 3071 3538 vanitate
3100 3483 3407 3553 compescui

1820 3574 2146 3630 exteriorem
2187 3581 2369 3628 actum
2409 3589 2611 3638 meum,
2660 3587 2729 3627 ne
2759 3572 2827 3628 de
2849 3588 2913 3628 ea
2948 3573 3188 3645 cogitare
3235 3573 3410 3643 repel-

1819 3666 1981 3722 lerer.
2012 3664 2117 3720 Per
2135 3664 2312 3719 oculos
2338 3664 2540 3735 populi,
2581 3671 2643 3718 ut
2668 3664 2723 3718 in
2753 3662 2976 3719 Cantico
3001 3682 3014 3718 :
3045 3682 3064 3715 (
3100 3663 3407 3720 Vulnerasti

1821 3772 1916 3812 cor
1944 3771 2125 3810 meum
2157 3756 2211 3809 in
2244 3769 2352 3808 uno
2377 3754 2657 3808 oc‘ulorum
2702 3763 2919 3808 tuorum
2962 3753 3028 3819 “,
3066 3774 3085 3806 ›
3118 3753 3172 3808 id
3195 3761 3300 3818 est,
3337 3754 3407 3808 ad

1822 3846 2233 3902 delectationem
2283 3860 2370 3899 me
2398 3845 2634 3906 traxisti,
2675 3859 2708 3900 0
2739 3844 3000 3910 Ecclesia,
3051 3845 3106 3898 in
3137 3845 3406 3900 unanimi-

1825 3945 1934 3991 tate
1961 3935 2278 4006 populorum
2304 3943 2541 3988 tuorum.

1896 4027 2152 4082 Occidens
2200 4036 2283 4081 est
2341 4026 2616 4096 decrepita
2673 4034 2829 4092 atas,
2885 4026 3029 4081 utin
3076 4026 3406 4098 Evangelia:

1829 4142 1847 4174 ι
1885 4121 2036 4177 Multi
2062 4122 2130 4176 ab
2177 4120 2468 4176 Occidente
2515 4119 2733 4174 venient
2761 4120 2823 4184 ³⁷,
2861 4141 2879 4172 ι
2915 4121 2967 4174 id
2993 4129 3098 4188 est,
3147 4121 3330 4191 plures
3355 4123 3411 4176 in

1824 4214 1941 4284 ipsa
1962 4211 2234 4281 decrepita
2261 4219 2420 4264 atate
2449 4210 2518 4264 ad
2541 4210 2885 4265 sanctitatem
2935 4211 3260 4282 pertingent.
3302 4209 3410 4267 0c-

1825 4306 2025 4372 cidens,
2056 4304 2366 4369 inﬁdelitas,
2397 4312 2458 4358 ut
2481 4303 2537 4356 in
2567 4301 2890 4374 Apocalypsi
2923 4321 2936 4355 :
2972 4323 2989 4354 ι
3026 4303 3108 4359 Ab
3127 4304 3411 4359 occidente

1824 4406 1995 4468 porta
2022 4406 2133 4452 tres
2163 4397 2230 4462 ’⁸,
2263 4417 2281 4447 ι
2323 4394 2465 4464 quod
2488 4395 2580 4464 qui
2618 4394 2672 4448 in
2703 4392 2916 4450 defectu
2946 4394 3072 4450 ﬁdei
3111 4404 3258 4460 sunt,
3284 4409 3414 4449 non-

1825 4505 2104 4560 nunquam
2131 4489 2201 4544 ad
2240 4488 2402 4542 ﬁdem
2426 4485 2710 4541 Trinitatis
2734 4486 3078 4557 perveniunt.
3133 4483 3409 4552 Occidens,

1827 4584 2070 4640 defectus
2123 4583 2362 4648 virtutis,
2416 4589 2476 4636 ut
2509 4581 2564 4636 in
2598 4579 2739 4636 Job:
2778 4599 2797 4632 ι
2852 4579 2912 4636 Si
2950 4580 3017 4634 ad
3073 4580 3411 4635 occidentem

115 4646 388 4669 .ν-..,ν...,
445 4646 536 4672 ιι...
575 4646 848 4658 ......--.....
904 4646 958 4658 ν-
1001 4646 1440 4671 pugnum"-..
1469 4646 1720 4654 __-_-__“
2349 4646 2356 4648 ν

113 4693 453 4758 contemnit,
488 4708 520 4746 a
559 4693 938 4748 communione
996 4690 1235 4746 ﬁdelium
1281 4688 1477 4758 ejicere
1524 4646 1972 4746 debentDieI'O.
2030 4694 2138 4734 non
2187 4677 2481 4749 intelligam
2542 4675 2756 4739 eum”,
2808 4695 2826 4727 ι
2877 4674 3020 4745 quod
3070 4688 3408 4742 nequaquam

113 4781 367 4856 pralati.
409 4783 504 4853 qui
532 4783 736 4838 sanctis
763 4781 1028 4836 doctrinis
1080 4780 1356 4835 insistunt.
1383 4779 1488 4834 Per
1541 4778 1719 4834 oculos

112 4872 310 4929 sancti
332 4874 628 4944 prophetae,
661 4872 798 4928 utin
831 4871 1095 4927 Cantico:
1134 4890 1152 4923 ι
1179 4869 1334 4926 Oculi
1362 4868 1441 4923 tui
1472 4868 1613 4924 sicut
1638 4884 1723 4924 eo-

115 4965 334 5019 lumba
368 4981 531 5036 super
569 4964 717 5020 rivos
745 4979 1015 5034 aquarum
1048 4964 1114 5030 η,
1147 4982 1164 5013 ι
1201 4962 1346 5032 quod
1389 4961 1563 5016 sancti
1592 4975 1720 5030 pro-

117 5057 338 5126 phetae,
370 5058 462 5128 qui
495 5055 679 5112 futura
704 5055 1060 5128 prospiciunt,
1107 5052 1440 5124 simplicitati
1471 5059 1525 5107 et
1554 5067 1723 5107 sacra

1826 4775 1996 4828 Deum
2024 4787 2160 4842 pure
2187 4771 2505 4840 intelligunt,
2534 4770 2627 4839 qui
2654 4783 2751 4837 per
2772 4767 2982 4838 lapsum
3009 4765 3218 4822 peccati
3245 4781 3276 4819 a
3303 4765 3410 4819 vir-

1825 4874 1939 4922 tute
1961 4864 2158 4920 cadunt

1899 4957 2047 5012 Odor
2074 4967 2158 5012 est
2203 4955 2441 5012 suavitas
2467 4951 2793 5016 sanctitatis,
2815 4958 2876 5005 ut
2910 4949 2966 5004 in
2990 4947 3250 5005 Ca'ntico:
3289 4969 3308 5001 ι
3344 4950 3412 5006 Et

1826 5047 1961 5104 odor
1986 5053 2385 5115 unguentorum
2421 5059 2582 5113 super
2603 5041 2783 5096 omnia
2807 5046 3049 5094 aromata
3077 5038 3143 5105 ³θ,
3179 5059 3197 5092 ι
3226 5039 3279 5094 id
3307 5049 3412 5105 est,

118 5147 434 5218 Scriptura
457 5149 738 5204 insistunt.
767 5147 872 5202 Per
891 5145 1070 5202 oculos
1089 5144 1473 5216 praedicatores
1495 5142 1641 5206 boni,
1665 5151 1727 5197 ut
1830 5139 2066 5195 suavitas
2089 5137 2350 5192 virtutum
2377 5143 2589 5189 tuorum
2613 5132 2794 5188 omnia
2821 5131 3034 5186 excedit
3057 5130 3232 5186 dulcia
3253 5131 3412 5200 hujus

121 5242 187 5298 in
215 5238 455 5296 Genesi:
487 5259 507 5294 ι
540 5241 889 5296 Pulchriores
944 5248 1070 5296 sunt
1104 5236 1246 5293 oculi
1301 5235 1417 5306 ejus
1443 5235 1569 5290 vino
1599 5235 1667 5297 ¹³,
1699 5254 1718 5286 ι

117 5332 282 5406 quod
311 5333 699 5405 pradicatores
721 5331 999 5404 Evangelii
1022 5327 1335 5385 doctoribus
1373 5325 1585 5382 Veteris
1622 5326 1726 5380 Te-

1826 5233 1970 5286 viue.
2014 5228 2180 5296 Odor,
2203 5230 2347 5285 bona
2382 5229 2515 5294 vita,
2550 5238 2609 5283 ut
2647 5228 2701 5282 in
2722 5225 2979 5282 Cantico:
3017 5245 3036 5276 ι
3071 5227 3139 5281 Ει
3159 5226 3292 5280 odor
3316 5241 3410 5279 vc-

1826 5327 2204 5383 stimentorum
2236 5334 2452 5380 tuorum
2493 5323 2638 5398 sicut
2688 5321 2824 5378 odor
2851 5321 3025 5376 thuris
3068 5320 3135 5385 ³⁸,
3167 5338 3185 5371 ›
3219 5318 3272 5373 id
3303 5326 3408 5383 est,

122 5427 395 5483 stamenti
426 5425 841 5483 excellentiores
893 5432 1038 5480 sunt.
1085 5420 1193 5476 Per
1235 5418 1413 5474 oculos
1465 5417 1727 5490 pradica-
1827 5418 1968 5474 fama
2014 5417 2153 5473 bona
2209 5431 2432 5487 operum
2483 5424 2697 5472 tuorum
2748 5413 3088 5468 devotionem
3141 5409 3405 5474 ostendis,

205 5613 223 5645 ¹
265 5609 385 5674 Job.
417 5627 616 5679 xxvm,
642 5611 730 5666 15.
773 5611 794 5641 ²
819 5608 939 5666 Job.
971 5620 1157 5670 XXXIV,
1191 5605 1278 5679 15.
1337 5602 1481 5679 ﬁsa.
1514 5616 1634 5666 χιιι,
1654 5600 1810 5679 12.:
1829 5599 2002 5679 Exod:
2032 5615 2074 5664 ι,
2108 5597 2203 5679 l7;
2227 5598 2248 5628 ⁸
2268 5595 2461 5679 Matth,
2492 5611 2580 5679 v1_,_
2594 5595 2687 5679 22...
2705 5593 2898 5679 :“Psal.
2931 5589 3406 5679 xxx,pl0..z‘i{sa_l.

117 5701 212 5751 vn,
243 5660 363 5738 ἑξεῖ
370 5660 493 5740 21ιῖδῖ
506 5660 756 5750 ἰὶῖἱίξέὁ.
781 5681 803 5712 ο
822 5660 1277 5751 Mittin—{nime
1299 5690 1314 5740 ;
1338 5673 1513 5751 ⁸ιειιιιιι.
1540 5660 1710 5735 ιιι,’47

1846 5660 2150 5751 biaglnju,
2173 5669 2236 5734 5;
2264 5668 2394 5751 Luc.
2425 5660 2498 5751 ιχ,
2651 5667 2688 5697 ¹¹
2705 5665 2908 5720 Thren.
2923 5661 3168 5751 1111,9517.”
3186 5660 3409 5751 ξ’ξξιοξ.

123 5731 346 5821 iii,
372 5731 755 5819 ἶῖ
775 5731 1107 5806 Γίξ-Ῑίξεῐιι.
1125 5731 1312 5821 γξηί
1336 5745 1381 5777 ³⁸
1399 5743 1542 5821 (ἷιειιἒ
1567 5731 1711 5821 ξω,

1824 5785 1825 5792 η
1853 5743 1897 5821 1f
1927 5741 2070 5821 Psal.
2105 5731 2294 5804 mm,
2320 5739 2410 5821 2ft:
2446 5738 2656 5821 *ZlPsal.
2701 5751 2890 5821 LXVI”:
2913 5731 3046 5821 4:“:
3067 5731 3224 5821 (Eant.
3251 5747 3326 5795 IV,

134 5802 1093 5892 B'iéﬁ'méféi'sViBbfiu,6.31
1118 5802 1240 5892 Jq’b.
1280 5833 1390 5882 XVI,
1420 5815 1544 5892 9.3}
1574 5802 1709 5892 gen.
1742 5830 1828 5880 ιιι,
1860 5813 1912 5866 7.
1952 5802 2316 5892 ﬂauam,
2344 5810 2433 5863 29.
2472 5809 2525 5892 ιζ
2554 5808 2674 5892 ιριιε
2709 5802 3408 5892 xy,12..f{9pl.}_xxi,_l_

138 5901 189 5934 ³⁸
581 5897 624 5930 ’⁷
651 5874 1083 5959 militiai,“
1114 5908 1128 5956 ;
1155 5890 1289 5945 Luc.
1318 5874 1438 5954 χιιι,
1465 5886 1554 5940 29.
1579 5874 1948 5958 “Apocfxxt,
1975 5885 2060 5938 l5.
2089 5882 2134 5913 ²⁹
2153 5880 2275 5937 Job.
2307 5897 2462 5947 xxut,
2494 5882 2546 5936 8.
2573 5879 2794 5934 ao(lant.
2824 5893 2898 5940 IV,
2916 5874 3001 5932 10.
3031 5874 3072 5906 ³¹
3095 5874 3228 5930 Ibid.
3247 5890 3299 5930 ν.
3322 5874 3413 5948 ll;
