3936 6328
406 452 424 467 ,
515 400 651 459 1011

1157 399 1218 453 Β.
1261 397 1515 454 RABA‘Nl
1552 398 1769 455 MAURI
1806 397 2128 455 ARCHIEP.
2170 396 2480 456 MOGUNT.
2520 396 2811 457 OPBRUM
2844 398 3028 458 PARS
3066 401 3153 457 ll].
3662 405 3799 465 1012

510 537 674 597 quam
698 518 868 579 habes
897 520 953 576 in
977 519 1241 576 oratione.
1273 516 1440 585 Odor,
1484 518 1746 574 sanctitas
1783 518 2094 583 locutionis,
2124 519 2173 579 Α
2201 517 2343 587 quod
2380 516 2487 574 illis
2536 519 2807 575 daemones
2859 518 3219 587 delectantur,
3266 520 3359 591 qui
3406 521 3539 578 elati
3590 533 3792 581 suntet

510 622 570 669 ut
600 614 655 669 in
693 612 959 669 Cantico:
999 630 1019 664 ι
1052 610 1201 668 Odor
1238 610 1353 667 oris
1403 610 1483 666 tui
1513 609 1656 666 sicut
1692 609 1958 666 malorum
1992 610 2030 676 ',
2070 629 2089 663 ι
2200 609 2414 677 lubrici,
2445 611 2588 682 quod
2616 608 2730 674 ὄνος
2758 610 2944 666 asinus
2991 608 3212 678 dicitur,
3239 626 3339 682 per
3366 627 3535 684 quem
3578 612 3795 673 luxuria

508 706 566 766 id
590 715 695 776 est,
712 716 821 764 tam
846 715 1035 764 sancta
1059 720 1120 762 es
1144 705 1199 761 in
1220 704 1496 762 locutione
1521 720 1681 775 quam
1704 720 1763 761 es
1783 705 1836 761 in
1859 706 2091 762 actione.

583 796 737 855 Oliva
767 805 852 856 est
875 797 1275 865 misericordia,
1315 804 1377 852 ut
1418 796 1475 852 in
1516 795 1694 851 Isaia:
1727 814 1747 848 ι
1784 795 2017 868 Myrtum
2039 805 2095 851 et

508 891 715 965 lignum
740 890 898 947 olivis
920 891 964 957 ',
996 910 1015 943 ι
1054 890 1109 947 id
1139 900 1246 957 est,
1288 889 1723 961 compassionem
1753 898 1809 946 et
1837 889 2093 944 virtutem

508 982 913 1041 misericordiae.
939 979 1113 1048 Oliva,
1136 980 1374 1051 Spiritus
1400 989 1642 1048 sanctus,
1664 988 1725 1035 ut
1755 978 1809 1034 in
1834 978 1975 1034 libro
2001 976 2094 1032 Ju-

507 1073 726 1132 dicum:
768 1092 787 1126 ι
824 1073 1091 1129 Dixerunt
1118 1073 1312 1128 olivae:
1362 1068 1574 1143 Impera
1620 1070 1777 1126 nobis
1802 1068 1845 1136 ⁸,
1885 1089 1903 1122 ι
1948 1069 2092 1139 quod

506 1169 598 1237 qui
621 1164 726 1222 llde
753 1164 1001 1237 spiritum
1027 1162 1226 1220 habere
1251 1162 1531 1220 fructuose
1550 1178 1658 1218 non
1683 1169 1929 1234 possunt,
1948 1158 2094 1231 quod

502 1273 734 1330 regnum
769 1258 898 1325 erit,
930 1271 994 1313 ea
1020 1254 1165 1312 oliva
1208 1257 1458 1328 accipere
1480 1254 1691 1311 nolunt.
1721 1252 1899 1319 Oliva,
1926 1267 2092 1322 opera

498 1348 792 1420 iustorum,
836 1350 981 1406 ut.in
1025 1349 1294 1405 Psalmis:
1349 1368 1367 1400 ι
1407 1348 1520 1420 Ego
1555 1354 1735 1404 autem
1782 1347 1922 1402 sicut
1949 1344 2090 1401 oliva

501 1440 783 1499 fructifera
809 1440 854 1509 ⁸,
889 1462 909 1496 ι
966 1442 1020 1498 id
1072 1450 1176 1509 est,
1219 1442 1288 1497 ad
1331 1443 1503 1497 instar
1542 1439 1964 1511 praecedentium
2002 1438 2091 1509 ju-

502 1540 710 1587 storum
741 1531 872 1587 vixi.
932 1531 1105 1599 Oliva,
1159 1532 1386 1605 quilibet
1438 1532 1743 1604 hypocrita,
1775 1542 1836 1588 ut
1863 1532 1917 1587 in
1946 1531 2086 1587 Job:

506 1642 525 1674 ‹
555 1620 719 1690 Quasi
748 1621 889 1678 oliva
919 1621 1211 1695 projiciens
1256 1623 1445 1680 llorem
1495 1638 1653 1679 suum
1681 1624 1722 1690 ',
1755 1643 1774 1678 ι
1825 1624 1969 1694 quod
1995 1623 2091 1696 hy-

497 1716 708 1786 pocrita
735 1716 1024 1773 exterioris
1053 1717 1362 1773 sanctitatis
1410 1716 1645 1773 nitorem
1694 1716 1898 1774 habere
1941 1705 2088 1772 vidc-

498 1814 589 1860 tur
612 1806 658 1873 ‘,
684 1821 1074 1877 nonnunquam
1118 1807 1334 1861 amittit.
1390 1806 1564 1875 Oliva,
1594 1807 1824 1878 populus
1869 1806 2087 1864 Iudaeo-

2199 704 2545 775 exprimitur,
2572 708 2591 727 ‘
2622 714 2678 763 et
2698 721 2796 777 per
2828 714 3046 763 taurum
3081 708 3259 780 accipi
3288 709 3447 766 solet.

2271 814 2482 889 Onager
2508 826 2592 873 est
2639 816 2911 885 Christus,
2964 827 3027 875 ut
3073 820 3127 876 in
3180 818 3320 877 Job:
3359 840 3379 874 ι
3416 822 3555 891 Quis
3585 824 3794 882 amisit

2196 922 2458 978 onagrum
2488 908 2720 964 liberum
2742 910 2790 941 ³⁸
2827 908 2852 963 2
2877 929 2895 961 ι
2927 912 3071 981 quod
3100 912 3242 968 Deus
3262 928 3361 985 per
3381 912 3669 972 Christum
3696 918 3792 975 ho-

2196 999 2397 1054 minem
2425 1014 2456 1053 a
2488 999 2840 1056 mortalitatis
2868 1002 3181 1072 captivitate
3224 1003 3497 1060 liberavit.
3561 1002 3791 1077 Onager,

2195 1082 2442 1163 gen'tiles,
2470 1097 2530 1146 ut
2554 1088 2607 1147 in
2637 1090 2770 1147 Job:
2809 1110 2829 1145 ι
2859 1091 3115 1165 Nunquid
3162 1097 3337 1168 rugiet
3361 1111 3594 1168 onager,
3626 1114 3751 1154 eum
3774 1104 3790 1121 '

2194 1194 2304 1236 non
2326 1181 2575 1237 habuerit
2595 1183 2830 1253 praedam
2850 1184 2937 1239 “1
2955 1204 2972 1235 ι
2994 1186 3138 1256 quod
3160 1194 3293 1242 tunc
3314 1188 3555 1259 populus
3579 1191 3791 1262 gentil's

2195 1288 2227 1328 a
2253 1272 2437 1329 dolore
2470 1290 2569 1330 suo
2620 1283 2705 1330 est
2738 1275 3023 1333 mortifero
3068 1278 3351 1349 liberatus,
3381 1280 3607 1353 quando
3632 1282 3787 1339 Cirri-

2194 1372 2337 1422 stum
2385 1367 2644 1439 cognovit
2669 1383 2768 1438 per
2815 1367 2997 1424 fidem.
3046 1368 3154 1425 Per
3196 1387 3453 1442 onagrum
3484 1375 3677 1444 populi
3706 1373 3789 1430 Ju-

2192 1457 2458 1526 daeorum,
2489 1468 2549 1514 ut
2578 1459 2633 1514 in
2664 1458 2937 1516 Psalmis:
2979 1478 2999 1512 t
3032 1461 3447 1531 Exspectabam
3496 1466 3696 1537 onagri
3736 1466 3786 1522 in

2193 1549 2282 1606 siti
2311 1566 2410 1605 sua
2436 1551 2538 1617 “,i
2558 1552 2701 1621 quod
2724 1566 2867 1608 nunc
2880 1551 3049 1609 Judaei
3070 1553 3298 1609 salutem
3320 1570 3479 1610 suam
3504 1555 3564 1610 in
3594 1573 3786 1628 magno

2192 1644 2461 1703 desiderio
2492 1644 2894 1717 praestolamur,
2946 1647 3088 1717 quod
3116 1648 3133 1668 '
3166 1646 3390 1719 reliqua:
3430 1649 3601 1704 salva:
3637 1648 3781 1706 fient.

2191 1735 2296 1792 Per
2340 1753 2595 1807 onagrum
2644 1736 2907 1802 hmreticl,
2941 1744 3000 1792 ut
3049 1736 3101 1792 in
3133 1735 3276 1793 Job:
3316 1755 3339 1789 r
3392 1738 3566 1806 Quasi
3604 1742 3785 1812 onagri

2193 1828 2295 1904 [in]
2345 1830 2562 1886 deserto
2615 1829 2968 1898 egrediuntur
2994 1832 3061 1886 ad
3103 1844 3242 1901 opus
3288 1846 3452 1886 suum
3478 1831 3553 1897 ’³,
3588 1852 3606 1884 ι
3652 1835 3785 1904 quod

497 1914 640 1997 “mf:
667 1906 729 1955 ¹¹ί
754 1899 810 1956 in
844 1898 1348 1997 θλθῐξιίθίξμηθδθθηθ
1373 1917 1387 1954 ³
1411 1919 1444 1997 _‘
1482 1898 1772 1997 ξίφιίθῑαξ
1800 1914 1936 1997 (ἶνίξδ
1984 1897 2087 1955 ⁰¹ί”
2115 1900 2166 1963 Β
2192 1897 2435 1981 haeretici
2460 1923 2529 1980 ad
2554 1897 2768 1981 ﬁdelem
2792 1923 3047 1997 populum
3083 1897 3456 1980 seducendum
3486 1897 3781 1980 Ecclesia:

495 1990 646 2058 vae‘,
683 2011 702 2045 ι
750 1992 896 2065 quod
938 1992 1147 2067 legalis,
1191 2008 1353 2064 quam
1411 1993 1689 2050 habebant
1732 1991 1925 2061 Iudzei,
1956 2007 2085 2064 ope-

495 2086 636 2143 ratio
657 2084 770 2157 jam
796 2090 1051 2145 cessavit.
1354 2102 1363 2113 '

569 2178 756 2234 Oleum
782 2188 867 2236 est
892 2179 1128 2253 Spiritus
1153 2186 1393 2247 sanctus,
1416 2186 1476 2235 ut
1502 2178 1558 2235 in
1579 2178 1719 2235 Isaia
1745 2196 1757 2234 :
1796 2196 1817 2231 r
1851 2176 2085 2249 Compu-

496 2279 700 2328 trescet
720 2272 908 2348 jugum
938 2292 968 2330 a
1002 2273 1139 2330 facie
1167 2274 1269 2331 olei
1308 2274 1355 2341 ',
1412 2293 1429 2327 ι
1460 2274 1515 2330 id
1553 2282 1659 2339 est,
1710 2272 1923 2329 deficiet
1953 2287 2083 2344 pec-

493 2374 675 2421 catum
705 2366 760 2421 in
803 2368 1092 2438 praesentia
1118 2366 1355 2438 Spiritus
1384 2367 1580 2424 sancti.
1623 2365 1830 2432 Oleum,
1866 2367 2079 2422 interna

496 2456 693 2530 gratia,
742 2467 803 2513 ut
853 2457 909 2513 in
959 2456 1112 2514 Job:
1168 2476 1186 2510 ι
1228 2457 1388 2513 Petra
1440 2456 1698 2517 fundebat
1747 2458 1879 2514 mihi
1936 2458 2080 2516 rivos

491 2549 599 2606 olei
625 2549 668 2617 ',
709 2570 728 2603 ι
774 2549 830 2605 id
860 2557 967 2616 est,
998 2548 1247 2607 Christus
1284 2550 1416 2606 mihi
1455 2551 1686 2607 contulit
1714 2552 1855 2608 dona
1888 2551 2079 2623 gratia:

491 2656 622 2698 suae.
654 2640 862 2707 Oleum,
920 2638 1134 2699 devotio
1184 2643 1402 2709 mentis,
1446 2651 1507 2698 ut
1534 2644 1589 2698 in
1628 2642 1850 2700 Exodo:
1883 2663 1901 2697 ι
1937 2640 2077 2698 Λίτε-

491 2742 619 2790 rant
646 2732 739 2789 tibi
772 2734 953 2790 oleum
982 2734 1049 2791 de
1100 2735 1384 2792 arboribus
1426 2736 1777 2809 purissimum
1807 2734 1853 2803 ’,
1884 2755 1902 2789 ι
1933 2734 2079 2807 quod

482 2822 639 2893 iuxta
678 2824 926 2896 exempla
955 2834 1172 2898 patrum
1203 2826 1625 2899 praecedentium
1653 2826 1746 2883 uni
1777 2869 1789 2881 .
1824 2867 1838 2881 .
1874 2868 1887 2883 .
1914 2869 1928 2884 .
1966 2869 1979 2882 .
2008 2867 2022 2883 .
2059 2868 2074 2881 .

487 2916 748 2973 debemus
774 2914 886 2972 Deo
915 2914 1108 2972 offerre
1151 2914 1515 2973 devotionem.
1570 2916 1781 2985 Oleum,
1812 2918 2071 2985 Charitas,

486 3016 547 3063 ut
586 3008 640 3063 in
674 3006 1041 3065 Ecclesiaste:
1079 3030 1097 3063 ι
1132 3008 1323 3065 Oleum
1351 3008 1418 3067 de
1462 3012 1639 3082 capite
1684 3020 1779 3067 tuo
1825 3028 1933 3069 non
1983 3012 2075 3067 de-

486 3102 635 3158 li‘ciat
665 3102 731 3169 '°,
769 3122 787 3155 ι
840 3102 894 3159 id
950 3110 1054 3170 est,
1100 3103 1342 3160 charitas
1389 3104 1444 3160 in
1495 3112 1677 3160 mente
1720 3112 1810 3161 tua
1860 3119 2074 3176 semper

485 3193 665 3247 duret.
700 3190 913 3259 Oleum,
941 3193 1309 3250 testimonium
1336 3194 1538 3263 cordis,
1569 3206 1628 3252 ut
1652 3197 1707 3252 in
1738 3198 2061 3269 Evangelio:

491 3300 509 3332 ι
543 3280 842 3338 Prudentcs
870 3297 1002 3338 vero
1027 3290 1354 3353 acceperunt
1372 3284 1549 3340 oleum
1576 3285 1628 3341 in
1658 3287 1804 3343 vasis
1832 3288 1944 3347 suis
1967 3288 2064 3355 “,o
2097 3269 2145 3335 (ἶ

484 3372 631 3444 quod
659 3372 762 3427 viri
786 3373 959 3429 sancti
998 3373 1366 3431 testimonium
1398 3377 1740 3433 conscientia:
1784 3377 1983 3434 habent
2018 3381 2070 3437 in

483 3462 740 3520 cordibus
765 3463 896 3520 suis.
931 3461 1141 3531 Oleum,
1170 3463 1489 3533 consolatio,
1538 3476 1598 3522 ut
1640 3468 1695 3523 in
1745 3468 2068 3541 Evangelio:

489 3572 508 3605 ι
543 3550 836 3611 lnfundeus
865 3553 1043 3610 oleum
1075 3563 1131 3611 et
1161 3556 1351 3612 vinum
1397 3555 1461 3625 ι’,
1501 3577 1520 3609 ι
1576 3557 1629 3613 id
1674 3566 1779 3625 est,
1830 3560 2074 3615 consola-

482 3648 685 3703 tionem
712 3656 768 3703 et
790 3648 1209 3719 correptionem.
1252 3648 1462 3717 Oleum,
1488 3648 1628 3706 fama
1656 3650 1851 3707 divinae
1871 3650 2067 3721 laudis,

482 3750 543 3797 ut
569 3741 623 3796 in
645 3739 907 3797 Cantico:
938 3760 958 3795 ι
1000 3742 1188 3799 Oleum
1230 3739 1460 3799 eﬂ‘usum
1508 3759 1707 3801 nomen
1761 3753 1915 3802 tuum
1941 3746 2005 3815 ¹³,
2046 3767 2064 3801 ι

481 3832 625 3904 quod
651 3832 901 3889 videlicet
920 3833 974 3888 in
995 3833 1236 3889 Ecclesia
1257 3834 1570 3891 excellentia
1596 3836 1775 3893 divina
1796 3836 2066 3895 laudatur.

484 3927 696 3993 Oleum,
725 3926 934 3983 activus
952 3926 1278 3998 quilibet,ut
1300 3928 1355 3984 in
1376 3926 1697 4000 Apocalypsi
1722 3948 1734 3983 :
1764 3948 1783 3981 ι
1803 3928 1870 3986 Ει
1888 3929 2069 3986 oleum

477 4029 535 4076 et
556 4019 741 4075 vinum
765 4034 835 4075 ne
880 4018 1086 4076 laeseris
1114 4017 1179 4085 ⁸⁸,
1223 4038 1242 4072 ι
1288 4019 1344 4076 id
1390 4028 1495 4088 εει,
1542 4021 1988 4093 contemplativos
2014 4032 2069 4080 et

478 4113 687 4169 activos
736 4127 844 4168 non
900 4111 1254 4184 discrepabis.
1315 4112 1526 4181 Oleum,
1578 4115 1840 4183 adulatio,
1894 4128 1953 4173 ut
2011 4118 2067 4174 in

478 4205 740 4263 Psalmis:
777 4223 796 4256 ι
827 4202 1017 4262 Oleum
1039 4214 1219 4262 autem
1250 4207 1554 4278 peccatoris
1599 4224 1706 4265 non
1745 4208 2068 4283 [impinguet

477 4308 644 4369 caput
674 4294 876 4370 meum]
910 4296 975 4364 ",
1012 4316 1033 4350 ι
1060 4296 1116 4352 id
1140 4305 1246 4365 est,
1268 4296 1425 4354 favor
1469 4298 1768 4357 adulatoris
1796 4317 1903 4358 non
1932 4302 2067 4359 laeti-

474 4394 658 4469 ﬁcahit
684 4407 782 4449 cor
800 4405 979 4449 meum
1526 4390 1535 4397 ’

550 4485 675 4543 Olla
716 4493 802 4543 est
847 4484 1146 4551 tribulatio,
1188 4492 1251 4540 ut
1295 4485 1353 4540 in
1395 4482 1664 4541 Psalmis:
1713 4503 1732 4538 ι
1772 4485 1928 4566 Moab
1957 4486 2063 4543 olla

476 4577 589 4648 spei
621 4591 754 4633 mea:
780 4575 842 4641 ’⁸,
866 4595 887 4627 ι
916 4574 970 4631 id
999 4584 1103 4641 est,
1136 4573 1428 4641 tribulatio,
1459 4590 1623 4647 quam
1646 4591 1677 4630 a
1700 4576 1915 4633 diabolo
1937 4594 2059 4635 sus-

2187 2018 2509 2088 irrumpunt,

2257 2127 2478 2201 Onyclia
2526 2137 2613 2189 est
2654 2129 2855 2198 oratio,
2884 2137 2945 2187 ut
2989 2128 3047 2187 in
3093 2127 3319 2185 Exodo:
3358 2142 3381 2180 t
3428 2126 3782 2202 Onychamet

2183 2217 2474 2290 galbanum
2502 2220 2522 2241 ’
2556 2218 2761 2277 homini
2811 2219 3035 2297 odorem
3066 2216 3137 2285 ",
3167 2238 3187 2271 ι
3224 2218 3279 2279 id
3326 2227 3439 2275 est.
3481 2220 3779 2281 orationem

2183 2318 2240 2366 et
2262 2312 2636 2381 operationem
2662 2311 2820 2369 bona:
2848 2309 3030 2367 famae.
3174 2307 3179 2313 ’

2256 2400 2547 2473 Optimam
2578 2409 2706 2459 sunt
2733 2401 3006 2467 doctores,
3053 2408 3114 2459 ut
3139 2398 3192 2456 in
3219 2396 3361 2457 Joh:
3400 2419 3421 2452 ι
3456 2400 3533 2456 Et
3562 2402 3778 2473 optima-

2182 2502 2264 2551 tes
2319 2490 2731 2564 supplantet",
2766 2513 2786 2545 ι
2837 2492 2983 2565 quod
3027 2493 3293 2565 superbos
3329 2508 3364 2549 a
3423 2508 3489 2550 se
3540 2495 3777 2550 doctores

2183 2584 2329 2643 Deus
2365 2584 2608 2656 expellit.

2254 2676 2408 2737 Orbis
2438 2686 2522 2735 est
2553 2674 2785 2733 mundus
2809 2674 2934 2745 iste,
2964 2677 3103 2735 utin
3131 2673 3232 2735 Job
3257 2696 3272 2733 :
3307 2696 3328 2730 ι
3361 2674 3482 2735 Sub
3525 2695 3637 2752 quo
3664 2694 3777 2735 eur-

2177 2778 2375 2827 vantur
2421 2769 2516 2841 qui
2541 2778 2761 2843 portant
2783 2770 2972 2827 orbem
3001 2770 3072 2839 “,
3102 2790 3121 2824 ι
3154 2771 3300 2843 quod
3345 2769 3405 2827 in
3448 2773 3778 2845 contempla-

2176 2866 2329 2923 tione
2353 2864 2549 2921 divina:
2598 2862 2901 2933 maiestatis
2954 2863 3315 2921 humiliantur
3355 2872 3421 2920 et
3458 2865 3661 2937 angeli,
3692 2868 3775 2937 Qui

2175 2956 2474 3030 disponunt
2513 2957 2659 3015 hunc
2708 2956 2990 3015 mundum.
3058 2954 3233 3022 Orbis,
3266 2954 3520 3015 Ecclesia
3550 2999 3569 3027 ,
3622 2970 3684 3013 ut
3728 2958 3775 3013 ia

2175 3047 2401 3107 Cantico
2426 3066 2442 3103 :
2474 3069 2493 3103 ι
2520 3049 2588 3105 Ει
2616 3049 2797 3120 posuit
2826 3064 2990 3121 super
3006 3062 3102 3111 eos
3125 3050 3316 3107 orbem
3338 3050 3447 3118 ",i
3482 3052 3635 3124 quod
3668 3051 3771 3107 ειεο

2175 3150 2292 3198 ctos
2317 3156 2445 3197 suos
2470 3140 2526 3195 in
2554 3139 2693 3197 libro
2718 3138 2892 3199 beatae
2936 3140 3439 3213 praedestinationis
3480 3144 3629 3203 Deus
3657 3160 3769 3217 per-

2174 3232 2407 3306 scriptus
2435 3240 2583 3289 tenet

2248 3346 2880 3418 Oraumestoporatio,
2906 3346 3047 3405 utin
3074 3345 3215 3405 Job:
3248 3364 3269 3401 ι
3296 3346 3414 3409 Pro
3438 3350 3773 3409 adactis-

2173 3449 2266 3498 tur
2308 3441 2443 3498 mihi
2486 3442 2646 3513 spina
2674 3442 2747 3509 ³⁸,
2792 3441 2851 3499 id
2877 3450 2983 3507 est,
3024 3441 3143 3501 loco
3173 3442 3334 3501 fortis
3362 3445 3613 3503 actionis
3632 3446 3703 3505 sit
3722 3446 3771 3501 iu

2173 3552 2262 3592 me
2286 3535 2506 3607 punctio
2554 3535 2787 3605 peccati.
2837 3533 3092 3602 Ordeuut,
3116 3534 3287 3595 Vetus
3332 3535 3769 3599 Testamentum,

2172 3639 2235 3687 ut
2252 3630 2309 3685 in
2339 3629 2633 3699 Evangelia
2664 3647 2679 3684 :
2718 3646 2739 3685 ‹
2781 3628 2924 3685 Puer
2950 3629 3044 3700 qui
3070 3628 3309 3687 habebat
3333 3632 3591 3703 quisque
3610 3646 3771 3704 panes

2171 3720 2464 3776 ardescens
2488 3719 2557 3786 ",
2596 3738 2619 3772 a
2655 3719 2798 3789 quod
2842 3717 3073 3790 populus
3106 3734 3269 3777 sensu
3318 3722 3559 3793 puerilis
3606 3723 3768 3793 legem

2171 3819 2411 3868 veterem
2466 3811 2709 3883 quinque
2759 3809 2916 3867 libris
2959 3808 3130 3869 lovsi
3181 3811 3649 3883 comer
3678 3813 3769 3869 In-

2170 3903 2352 3959 bebat.

2245 3992 3103 4067 Orgmmcstlmtitiameutiu.
3155 3993 3491 4052 utinJoh:
3532 3996 3771 4055 «Ειοιιο

2169 4104 2368 4164 ganum
2397 4103 2579 4145 meum
2616 4087 2673 4145 in
2710 4102 2899 4145 vocem
2940 4086 3187 4147 ﬂentium
3225 4088 3296 4156 ³⁸,
3338 4109 3360 4144 ι
3414 4089 3471 4145 id
3502 4102 3619 4157 est,
3645 4107 3769 4163 gau-

2168 4186 2299 4241 dere
2322 4184 2417 4255 qui
2454 4181 2716 4243 solebam.
2743 4181 2905 4241 modo
2926 4182 3118 4241 dolore
3152 4183 3352 4254 plenus
3380 4201 3533 4243 sum.
3560 4185 3667 4243 Per
3686 4204 3767 4243 er-

2166 4292 2361 4349 ganum
2390 4275 2833 4347 praedicationes,
2853 4283 2916 4331 ut
2956 4275 3013 4331 in
3042 4274 3315 4333 Psalmis:
3354 4296 3374 4329 ι
3410 4278 3473 4334 In
3512 4278 3767 4336 salith

2167 4372 2221 4426 in
2266 4369 2448 4426 medio
2492 4368 2613 4440 ejus
2636 4367 3016 4440 suspeudlmus
3060 4383 3267 4441 organa
3309 4379 3508 4427 nostra
3552 4371 3623 4437 “,
3656 4392 3675 4423 ι
3712 4370 3763 4425 ιιι

2165 4470 2270 4529 εει,
2305 4474 2494 4518 coram
2522 4459 2683 4516 elatis
2720 4468 2779 4515 et
2808 4460 3184 4527 infructuosis,
3216 4460 3313 4532 qui
3359 4462 3421 4518 ia
3446 4462 3761 4519 εειιΐιιείωε

2163 4554 2419 4610 vitiorum
2448 4560 2824 4625 perseverant,
2877 4553 3167 4612 ostendere
3194 4553 3455 4613 nolumus
3496 4556 3761 4622 pradica-

480 4626 589 4648 -τν-
621 4626 752 4633 -τη
829 4626 842 4641 .
872 4626 875 4627 ν
916 4626 970 4631 η
1141 4626 1428 4641 ν--ηητ--ι
1465 4626 1623 4647 γη-
1648 4626 1677 4630 -
1704 4626 1910 4633 νη---
1937 4626 2028 4635 νη

477 4671 643 4737 tineo,
668 4676 829 4743 auget
857 4683 945 4726 me
972 4668 1029 4725 in
1067 4683 1181 4741 spe.
1231 4665 1375 4735 Olla,
1408 4683 1563 4725 mens
1608 4670 1862 4742 reproba,
1917 4680 1977 4726 ut
2006 4671 2058 4727 in
2085 4626 2140 4690 Β
2167 4651 2340 4707 lim
2364 4658 2602 4707 “05"”-

473 4763 706 4820 Jeremia
738 4778 753 4818 :
792 4782 812 4816 ε
843 4761 1016 4820 Ollam
1059 4777 1374 4818 succensam
1410 4777 1510 4834 ego
1533 4762 1689 4817 video
1724 4763 1785 4831 υ,
1818 4783 1837 4817 ι
1872 4762 1924 4819 id
1954 4773 2060 4833 est,

476 4864 713 4912 mentem
742 4856 1029 4927 reproham
1070 4855 1353 4913 desideriis
1402 4856 1710 4913 carnalibus
1757 4856 2061 4915 inﬂamma-

479 4957 590 5004 tam
621 4948 845 5018 aspicio.
879 4945 1021 5013 Olla,
1048 4947 1255 5005 malitia
1282 4947 1505 5013 diaboli,
1530 4956 1588 5003 ut
1612 4946 1665 5003 in
1691 4946 1792 5004 Job
1818 4967 1830 5001 :
1866 4967 1886 5001 ι
1920 4948 2057 5006 Fer-

472 5056 695 5099 vescere
751 5041 906 5114 quasi
942 5040 1102 5098 ollam
1153 5040 1479 5112 profundum
1530 5056 1681 5098 mare
1728 5042 1794 5109 “,
1842 5064 1859 5095 ι
1914 5043 2056 5114 quod

475 5132 725 5195 diabolus
763 5133 919 5206 juxta
958 5131 1267 5203 exemplum
1305 5131 1523 5189 malitia:
1568 5147 1679 5188 suae
1708 5147 1933 5204 pravum
1965 5149 2060 5189 cor

471 5230 769 5290 succendit.

547 5320 945 5379 Onoceutaurua
970 5325 1056 5375 est
1082 5315 1308 5389 quilibet
1344 5319 1609 5388 reprobus
1645 5328 1700 5375 et
1726 5316 2056 5390 luxuriosus,

473 5422 535 5471 ut
561 5416 614 5470 in
644 5414 782 5471 Isaia
809 5433 823 5470 :
859 5432 879 5466 ‹
914 5412 1215 5470 Occurrent
1236 5411 1500 5468 daemonia
1529 5414 1908 5470 onocentauris
1940 5414 2003 5481 ¹⁹,
2036 5435 2052 5466 ι

2240 4761 2430 4819 Oriens
2453 4769 2536 4819 est
2564 4760 2840 4830 Christus,
2868 4770 2931 4817 ut
2963 4761 2983 4785 ⁹
3012 4761 3068 4816 in
3108 4759 3377 4817 Zacharia
3403 4778 3420 4815 :
3456 4778 3479 4814 ι
3508 4759 3757 4817 Visitavit

2168 4870 2267 4911 nos
2289 4855 2471 4911 oriens
2492 4868 2560 4908 ex
2586 4851 2749 4926 [alto]
2769 4852 2844 4904 "o
2882 4850 2935 4908 id
2963 4862 3067 4917 est,
3097 4851 3248 4906 venit
3276 4852 3346 4907 ad
3382 4866 3488 4908 nos
3512 4853 3757 4907 (inrisus

2170 4946 2237 5003 de
2262 4946 2421 5003 cmlo.
2454 4943 2666 5010 Oriens,
2689 4942 2944 5015 pueritia,
2974 4950 3033 4998 ut
3070 4943 3125 4998 in
3155 4942 3458 5013 Evangelia
3490 4960 3506 4998 :
3559 4963 3577 4994 ι
3616 4941 3752 4997 κιὶεί

2162 5041 2231 5097 ab
2251 5039 2460 5095 oriente
2482 5036 2701 5093 venient
2723 5034 2790 5103 ³⁸,
2812 5054 2831 5087 ι
2852 5036 2995 5106 quod
3018 5033 3200 5106 plures
3226 5049 3258 5088 ε
3276 5035 3515 5104 pueritia
3540 5034 3751 5089 veniant

2163 5134 2231 5190 ad
2263 5131 2558 5189 Christum.
2588 5126 2802 5195 Oriens,
2828 5124 3058 5199 populus
3087 5123 3368 5191 Iudaicus,
3418 5135 3481 5180 ut
3512 5127 3569 5180 in
3618 5128 3751 5196 Apo-

2165 5226 2405 5299 calypsi:
2459 5241 2477 5275 ι
2519 5222 2602 5278 Ab
2653 5220 2866 5277 oriente
2907 5227 3078 5293 porta:
3120 5226 3233 5273 tres
3254 5216 3326 5283 ",
3366 5237 3385 5270 ι
3424 5218 3573 5290 quod
3612 5222 3628 5239 '
3665 5215 3751 5269 ιι-

2166 5320 2299 5375 ότείε
2329 5316 2498 5373 lidelis
2522 5312 2760 5371 civitatis
2793 5312 3040 5369 nuntiata
3077 5320 3185 5367 est.
3240 5309 3460 5377 Oﬁm,
3492 5311 3747 5365 sanctitas

2164 5414 2310 5479 vitae,
2339 5420 2399 5467 ut
2442 5411 2499 5467 in
2536 5407 2638 5465 Job
2667 5407 2752 5462 "z
2782 5424 2802 5459 ι
2831 5405 2890 5462 Si
2915 5405 2985 5463 ab
3017 5403 3231 5462 oriente
3258 5403 3398 5471 iero,
3444 5420 3561 5461 non
3586 5418 3745 5475 appa-

597 5598 759 5657 Cant.
785 5615 884 5665 vn,
914 5599 970 5656 8.
998 5600 1020 5631 ¹
1040 5597 1143 5655 lsa.
1170 5613 1280 5665 xu,
1306 5597 1394 5653 19.
1420 5596 1442 5632 ³
1469 5596 1645 5655 Judic.
1675 5614 1752 5663 rx,
1782 5597 1835 5653 8.
1878 5598 1896 5631 ⁵
1917 5596 2059 5654 Psal.

2196 5598 2252 5653 ε.
2280 5596 2301 5629 υ
2329 5594 2450 5653 Job.
2477 5610 2567 5659 xv,
2600 5590 2689 5665 εδ.
2710 5593 2735 5665 ξ
2758 5589 2927 5665 Ilaba.
2954 5604 3043 5665 m_,
3074 5588 3343 5665 173m.
3372 5602 3435 5656 ς,
3458 5585 3743 5665 ετξ-,ιαμ

466 5685 625 5735 nix,
648 5670 702 5723 ϐ.
730 5671 755 5703 ⁹
776 5658 946 5725 Exod.
972 5685 1142 5733 xxvn,
1170 5658 1337 5723 εοζίο
1353 5668 1530 5726 Eccle.
1556 5685 1631 5733 Ix,
1663 5668 1717 5723 8.
1740 5658 1787 5702 ῖί
1815 5669 2004 5724 Matth.
2030 5685 2075 5723 χι

2189 5668 2230 5723 i.
2263 5671 2303 5700 ¹²
2328 5667 2455 5723 Luc.
2486 5658 2981 5735 ιέῦιηηίῦειιινι,
3004 5662 3058 5735 5.
3083 5658 3193 5735 ίξᾼ

3306 5698 3322 5713 .
3344 5676 3428 5726 vr,
3452 5660 3507 5716 6.
3536 5660 3585 5693 "
3604 5659 3741 5716 Psal.

468 5755 594 5803 cn,
614 5729 677 5792 ’5.
713 5740 757 5771 ⁸⁸
786 5739 928 5794 Psal.
956 5756 1066 5803 ux,
1098 5729 1181 5795 10.
1210 5740 1252 5773 ¹⁷
1274 5737 1441 5804 let-.1,
1472 5739 1558 5794 15.
1585 5729 1628 5771 ¹⁶
1648 5738 1768 5795 Job.
1802 5756 1912 5804 xu,
1935 5741 2024 5794 ἓξ.
2057 5742 2069 5771 ⁸

2190 5758 2222 5791 ι.
2256 5756 2442 5804 xxxiv,
2472 5736 2559 5791 M.
2584 5736 2633 5768 ’θ
2659 5733 2778 5790 Job.
2812 5729 3002 5799 xxxrx,
3032 5732 3090 5804 8ἰ
3115 5732 3158 5804 ’_'
3184 5729 3307 5787 Job.
3341 5746 3419 5793 τι,
3444 5731 3499 5786 5.
3526 5734 3579 5764 ¹¹

469 5801 590 5867 cu.
616 5808 702 5878 11.
726 5807 903 5863 "Joh.
926 5801 1075 5871 xxiv,
1103 5812 1156 5867 5.
1180 5811 1225 5842 ³⁵
1247 5801 1579 5871 Εεοάζχχι,
1606 5809 1693 5865 51.
1717 5811 1764 5842 ’⁸
1783 5801 2016 5873 ιοιιέχιι,
2040 5812 2075 5865 l1

2189 5826 2191 5835 δ
2217 5810 2337 5866 Joh.
2370 5801 2447 5873 rx,
2482 5808 2565 5863 15.
2590 5807 2669 5863 ³⁷1
2692 5804 2826 5878 Reg.
2846 5805 2975 5869 ",8.
3004 5802 3047 5836 ³⁸
3065 5801 3196 5878 Job;
3214 5818 3369 5878 xxxi,
3391 5804 3486 5878 50.
3514 5804 3563 5835 ”
3588 5803 3737 5878 Jouu.

473 5890 550 5939 vr,
581 5879 633 5931 9.
664 5877 708 5909 '°
742 5878 860 5935 Job.
891 5897 1018 5949 xxx,
1045 5882 1134 5938 51.
1167 5881 1209 5914 ³³
1241 5880 1386 5939 Psal.
1409 5895 1632 5946 cxxxvn,
1661 5879 1714 5934 2.
1742 5880 1786 5911 ⁸³
1810 5879 1937 5939 Luc.
1968 5871 2012 5949 ι,
2041 5882 2075 5936 7ι

2189 5882 2204 5913 ³
2236 5871 2570 5947 Μειιιιιζγιιι,
2599 5878 2686 5935 ll.
2722 5871 2959 5951 "'Apoc.
2984 5890 3095 5940 xxi,
3132 5872 3214 5928 15.
3259 5871 3306 5905 ⁸⁸
3338 5872 3464 5931 Job.
3496 5890 3659 5937 χχιιι,
3684 5872 3739 5926 8.
