3936 6328
178 435 341 494 1015

1157 435 1579 498 ΑυιΕΕΟΒΙΛΕ
1616 440 1685 498 1N
1725 439 2002 500 SACRAM
2047 441 2514 502 SCRIP'I‘URAM.

3333 450 3473 506 10M

177 567 304 622 ret,
336 577 353 608 ι
391 554 444 611 id
478 563 581 624 est,
627 555 877 628 quamvis
909 569 963 612 ιι)
997 557 1289 618 sanctitate
1324 556 1450 613 vitae
1487 556 1663 618 fuero.
1690 565 1776 613 ta-
1805 559 1858 626 Α
1887 557 1942 612 in
1983 557 2084 613 Job
2114 575 2124 610 :
2163 577 2181 608 c
2211 558 2279 612 Et
2321 557 2567 616 medullis
2601 571 2726 614 ossa
2767 557 2912 616 illius
2941 559 3235 632 irrigantur
3263 561 3332 628 η,
3371 581 3389 612 ι
3421 562 3474 616 id

173 666 318 708 men
344 651 502 722 plene
523 664 750 707 securus
770 665 879 706 non
907 666 1048 707 sum.

259 743 484 799 Oriones
511 751 640 800 sunt
675 752 962 816 martyres,
1007 744 1150 800 ut'in
1175 743 1277 800 Job
1303 763 1315 798 :
1349 762 1368 796 ι
1395 742 1500 812 Qui
1529 742 1660 800 fecit
1681 743 1784 798 Ar-

169 844 405 895 cturum
427 848 482 894 et
503 835 736 896 Oriones
761 838 801 902 ί,
823 855 843 889 ι
871 837 1016 910 quod
1042 838 1186 894 Deus
1208 847 1456 896 sanctam
1482 837 1782 895 Ecclesiam

169 929 455 998 fundavit,
485 931 618 1000 etin
642 946 708 990 ea
737 937 956 988 sanctos
985 942 1256 1004 martyres
1275 931 1552 1002 produxit.

259 1022 447 1090 Ortus,
500 1031 688 1078 sancta
735 1023 1004 1090 Ecclesia,
1035 1031 1096 1079 ut
1137 1024 1193 1079 in
1221 1024 1484 1080 Cantico:
1530 1043 1548 1076 (
1582 1023 1784 1080 Hortus

177 1127 272 1171 cst
318 1116 604 1172 conclusus
660 1131 819 1174 soror
861 1131 984 1172 mea
1037 1131 1236 1189 sponsa
1267 1118 1312 1183 ',
1348 1139 1367 1170 ι
1398 1118 1543 1188 quod
1593 1126 1781 1174 sancta

169 1209 435 1264 Ecclesia
461 1209 583 1266 viva
610 1207 714 1264 fide
756 1209 995 1279 undique
1017 1209 1243 1266 munita.
1274 1208 1454 1274 Ortus,
1486 1223 1640 1264 mens
1662 1224 1784 1280 san-

169 1313 294 1370 cta,
329 1312 388 1358 ut
415 1303 470 1358 in
499 1302 762 1360 Cantico:
792 1322 812 1357 ι
834 1303 1030 1359 Veniat
1050 1305 1281 1360 dilectus
1309 1318 1461 1358 meus
1483 1303 1536 1358 in
1561 1304 1782 1359 hortum

168 1411 345 1452 suum
369 1395 412 1462 ³,
444 1415 462 1447 ι
495 1395 549 1450 id
603 1403 709 1461 est,
732 1396 919 1451 visitet
945 1405 1183 1451 mentem
1221 1411 1421 1460 meam,
1453 1394 1509 1448 in
1533 1410 1638 1464 qua
1659 1409 1782 1468 gra-

169 1489 388 1544 tiarum
417 1503 638 1546 suarum
681 1490 924 1558 germina
972 1489 1257 1560 plantavit.
1314 1487 1495 1554 Ortus,
1545 1487 1782 1546 caelestis

167 1584 384 1654 patria,
416 1591 475 1636 ut
505 1583 558 1636 in
587 1581 815 1638 Cantico
840 1601 852 1635 :
895 1580 1062 1637 «Veni
1091 1583 1146 1636 in
1167 1583 1383 1636 hortum
1407 1595 1782 1645 meum,soror

169 1691 309 1730 mea
362 1691 558 1746 sponsa
583 1675 622 1740 ⁵,
670 1696 689 1728 ι
742 1676 795 1730 id
841 1683 944 1742 est,
995 1674 1189 1730 festina
1217 1675 1404 1729 venire
1455 1674 1520 1729 ad
1547 1674 1780 1746 patriam

169 1767 492 1833 caelestem,
529 1767 620 1822 ubi
653 1781 753 1839 ego
799 1782 940 1822 sum.
976 1765 1154 1832 Ortus,
1188 1766 1370 1820 anima
1405 1763 1596 1820 fidelis.
1624 1765 1645 1786 *
1679 1763 1780 1819 Or-

167 1871 286 1924 tus,
315 1859 582 1930 voluptas,
606 1868 666 1916 ut
694 1859 748 1914 in
780 1858 934 1913 libris
965 1857 1169 1930 Regum
1201 1876 1213 1911 :
1243 1877 1260 1910 ι
1292 1857 1368 1912 Da
1410 1857 1542 1912 mihi
1564 1855 1780 1911 vineam

1887 661 2004 720 est,
2055 667 2236 722 pravae
2284 651 2432 722 impii
2473 654 2890 710 consuetudines
2929 656 3136 711 deliciis
3163 655 3474 712 carnalibus

1887 751 2236 799 renovantur.
2281 743 2386 800 Per
2431 762 2580 814 ossa,
2628 747 3000 816 suggestiones
3045 746 3260 812 diaboli,
3307 755 3370 803 ut
3417 747 3474 802 in

1885 835 1986 892 Job
2016 853 2029 890 :
2058 857 2077 888 ι
2111 836 2246 893 Ossa
2273 836 2388 907 ejus
2413 837 2578 893 veluti
2605 838 2796 895 fistulae
2825 839 2948 895 aeris
2968 839 3032 906 ¹⁹,
3064 831 3247 909 {quod
3272 840 3472 896 diaboli

1887 930 2279 1002 suggestiones,
2303 931 2431 985 dum
2451 930 2646 988 blande
2667 941 2882 999 sonant,
2903 947 3026 988 eam
3053 932 3347 1003 decipiunt.
3369 933 3476 988 Per

1886 1038 2026 1089 ossa,
2051 1039 2218 1094 prava
2245 1023 2513 1089 doctrina,
2543 1032 2599 1078 ut
2630 1024 2684 1079 in
2715 1023 2947 1080 Jeremia
2973 1039 2987 1079 :
3015 1043 3032 1076 ι
3073 1024 3312 1080 Adhaesit
3335 1025 3474 1080 cutis

1885 1129 2073 1170 eorum
2102 1111 2316 1172 ossibus
2345 1116 2411 1181 ³⁸,
2445 1136 2464 1167 ›
2499 1116 2554 1172 id
2582 1124 2699 1184 est,
2737 1117 2990 1173 mollities
3021 1132 3209 1174 eorum
3247 1117 3306 1172 in
3329 1119 3348 1143 '
3376 1117 3474 1171 du-

1887 1207 2066 1262 ritiam
2097 1217 2428 1263 commutata
2451 1216 2552 1264 est.

1959 1299 2214 1356 Osculum
2241 1311 2323 1359 est
2353 1302 2553 1358 donum
2577 1301 2812 1374 Spiritus
2833 1302 3032 1368 sancti,
3053 1309 3114 1357 ut
3137 1301 3192 1357 in
3213 1300 3472 1360 Cantico:

1891 1410 1910 1444 ι
1939 1391 2225 1448 Osculetnr
2252 1410 2340 1449 me
2382 1394 2568 1450 osculo
2601 1395 2714 1450 oris
2744 1395 2909 1461 sui“,
2946 1413 2963 1445 ι
3001 1394 3054 1448 id
3095 1401 3200 1461 est,
3249 1405 3478 1450 exornet

1882 1500 1972 1540 me
2015 1487 2155 1541 dono
2191 1486 2426 1558 Spiritus
2465 1487 2656 1542 sancti.
2708 1486 2980 1552 Osculum,
3011 1487 3281 1553 charitas,
3325 1496 3384 1541 ut
3421 1487 3472 1541 in

1882 1577 2176 1648 Evangelio
2201 1593 2214 1632 :
2243 1599 2259 1630 ι
2289 1577 2543 1635 Osculum
2571 1581 2704 1636 mihi
2731 1597 2838 1636 non
2867 1579 3063 1636 dedisti
3090 1582 3159 1647 ”,
3187 1583 3331 1652 quod
3366 1582 3475 1638 Deo

1883 1689 1980 1743 per
2011 1673 2337 1728 charitatcm
2379 1672 2636 1730 Judaicus
2665 1675 2896 1747 populus
2919 1675 3092 1731 noluit
3115 1678 3340 1734 servire.
3369 1678 3478 1734 Per

1884 1765 2119 1820 osculum
2175 1766 2551 1838 deceptiones,
2615 1776 2674 1824 ut
2721 1769 2775 1824 in
2822 1768 3105 1826 Parabolis
3137 1787 3151 1824 :
3187 1789 3206 1822 ι
3251 1770 3475 1828 Meliora

1885 1868 2010 1916 sunt
2052 1862 2276 1918 vulnera
2325 1863 2630 1934 diligentis,
2682 1880 2845 1936 quam
2895 1867 3237 1926 fraudulenta
3291 1867 3476 1925 oscula

171 1960 358 2020 tuam,
394 1960 453 2006 ut
485 1949 680 2006 faciam
718 1950 851 2005 mihi
877 1953 1094 2006 hortum
1122 1950 1331 2006 olerum
1363 1950 1404 2017 ⁵,
1436 1971 1453 2003 )
1485 1942 1627 2021 quod
1663 1949 1774 2004 dia-
1801 1951 1851 2012 B
1878 1953 2114 2010 odientis
2136 1955 2202 2022 ⁸⁸,
2233 1975 2252 2010 ι
2288 1959 2431 2029 quod
2455 1959 2699 2017 utiliores
2723 1963 3096 2035 correptiones
3125 1965 3287 2021 amici
3312 1979 3475 2038 quam

165 2045 342 2100 holus
388 2043 723 2114 spiritualem
761 2043 1001 2102 hominis
1053 2044 1296 2100 laetitiam
1344 2041 1638 2102 transferre
1665 2041 1780 2099 vult

167 2137 239 2192 in
269 2134 606 2206 voluptatem
637 2135 939 2193 carnalium
975 2136 1391 2192 desideriorum.

253 2227 352 2294 Os,
388 2225 558 2282 Filius
592 2227 710 2295 Dei,
743 2236 803 2282 ut
848 2227 902 2282 in
931 2226 1030 2284 Job
1059 2246 1070 2281 :
1123 2247 1140 2280 ι
1179 2228 1246 2282 Ει
1276 2242 1468 2283 sonum
1503 2226 1570 2283 de
1593 2241 1689 2282 ore
1719 2226 1781 2282 il-

167 2321 290 2376 lius
320 2321 699 2392 procedentem
729 2319 771 2387 ⁸,
803 2341 821 2373 ι
861 2320 916 2375 id
965 2328 1069 2386 est,
1118 2321 1533 2376 instructionem
1582 2321 1780 2376 summi

167 2413 366 2469 Patris
392 2415 408 2433 ‘
445 2411 512 2468 de
560 2411 697 2468 Filio
745 2413 1148 2484 procedentem.
1182 2412 1274 2479 Os,
1324 2413 1551 2484 quilibet
1585 2413 1782 2485 praedi-

169 2514 362 2573 cator,
390 2515 450 2560 ut
479 2506 532 2559 in
573 2505 902 2577 Apocalypsi
937 2523 949 2560 :
995 2525 1012 2557 ι
1049 2505 1310 2578 Incipiam
1359 2514 1410 2560 te
1431 2521 1682 2561 evomere
1711 2521 1781 2562 ex

167 2614 280 2654 ore
331 2600 524 2670 meo',
581 2597 634 2654 id
683 2607 787 2666 est,
835 2615 932 2669 per
977 2599 1366 2671 praedicatores
1402 2613 1552 2654 meos
1589 2614 1618 2652 a
1651 2613 1782 2654 cou-

169 2693 358 2749 sortio
411 2699 725 2750 sanctorum
765 2691 977 2763 ejiciam
1021 2700 1096 2747 te.
1152 2690 1248 2756 Os,
1298 2701 1567 2748 secretum
1626 2692 1780 2746 bonae

171 2785 408 2851 mentis,
461 2793 520 2840 ut
572 2785 624 2843 in
656 2783 924 2842 Psalmis:
955 2803 972 2838 (
1010 2784 1078 2840 Et
1124 2800 1186 2840 os
1216 2801 1395 2841 meum
1440 2785 1784 2842 annuntiabit

172 2877 404 2932 laudem
434 2884 578 2932 tuam
603 2875 646 2944 ⁸,
687 2896 705 2927 )
761 2875 814 2931 id
843 2884 946 2943 est,
979 2875 1035 2930 in
1063 2890 1264 2930 arcano
1285 2875 1482 2930 mentis
1510 2890 1645 2930 mea:
1667 2874 1782 2929 lau-

173 2967 329 3024 dabo
355 2975 428 3022 te.
461 2967 556 3034 0s,
586 2981 754 3039 prava
787 2965 1064 3037 cogitatio,
1093 2965 1228 3020 utin
1255 2962 1356 3022 Job
1380 2981 1392 3017 :
1425 2983 1442 3016 ι
1471 2963 1606 3020 Cum
1635 2965 1780 3020 enim

177 3060 346 3115 dulce
403 3057 566 3114 fuerit
624 3060 680 3114 in
733 3073 828 3114 ore
885 3056 1002 3128 ejus
1053 3055 1254 3112 malum
1295 3056 1340 3123 ’,
1399 3057 1452 3110 id
1498 3063 1603 3122 est,
1657 3071 1780 3110 cum

176 3167 359 3209 suave
384 3152 548 3209 fuerit
569 3152 620 3210 ei
653 3152 709 3208 in
730 3151 1064 3223 cogitatione
1090 3158 1396 3224 peccatum.
1431 3149 1527 3216 0s,
1554 3150 1777 3217 locutio,

176 3255 246 3300 ut
273 3246 330 3299 in
357 3243 488 3302 Job:
512 3264 530 3298 ‹
562 3243 778 3300 Manum
797 3259 974 3300 meam
995 3259 1192 3314 ponam
1209 3259 1370 3316 super
1393 3258 1454 3299 os
1474 3257 1652 3298 meum
1669 3242 1734 3308 ω,
1755 3261 1774 3293 ι

1883 2048 2231 2120 decoptiones
2262 2051 2488 2108 inimici.
2891 2065 2897 2072 ’

1955 2140 2164 2195 Ostium
2191 2150 2274 2198 est
2303 2143 2575 2212 Christus,
2607 2154 2668 2201 ut
2699 2147 2752 2202 in
2782 2147 3078 2222 Evangelio
3107 2167 3121 2204 :
3161 2168 3182 2202 ι
3215 2148 3331 2223 Ego
3355 2165 3477 2208 sum

1880 2235 2079 2289 ostium
2108 2235 2287 2290 ovium
2311 2237 2382 2302 ",
2413 2258 2430 2289 ›
2459 2240 2599 2308 quod
2629 2255 2726 2311 per
2753 2240 3029 2297 Christum
3057 2243 3262 2298 intrant
3291 2243 3477 2300 fideles

1881 2327 1946 2381 ad
1975 2342 2219 2396 regnum.
2255 2327 2482 2395 Ostium,
2512 2330 2754 2387 foramen
2791 2333 2846 2388 in
2874 2332 3048 2390 latere
3071 2333 3301 2402 Christi,
3333 2335 3474 2390 utin

1880 2418 2034 2474 libris
2059 2419 2268 2494 Regum
2299 2441 2310 2474 :
2353 2442 2370 2472 ι
2408 2422 2619 2479 Ostium
2660 2424 2847 2479 lateris
2883 2425 3047 2480 medii
3073 2425 3142 2493 ’⁵,
3182 2445 3201 2479 ι
3237 2426 3292 2482 in
3315 2437 3472 2500 parte

1881 2519 2000 2566 erat
2033 2511 2226 2568 domus
2255 2512 2521 2579 dexterae,
2554 2515 2698 2585 quod
2729 2525 2974 2588 apertum
3017 2526 3141 2574 erat
3178 2517 3320 2576 latus
3370 2519 3475 2575 Do-

1881 2601 2036 2668 mini,
2069 2605 2210 2660 unde
2240 2604 2428 2661 salutis
2473 2615 2675 2662 nostrae
2711 2617 3054 2664 sacramenta
3080 2607 3472 2680 perduxerunt.

1883 2691 2117 2758 Ostium,
2169 2696 2410 2751 Ecclesia
2432 2738 2445 2762 ,
2474 2706 2534 2752 ut
2564 2699 2618 2752 in
2647 2698 2911 2754 Cantico:
2948 2718 2968 2752 ι
2999 2697 3061 2756 Si
3108 2692 3308 2758 ostium
3360 2709 3474 2768 est,

1881 2787 2288 2856 compingamus
2312 2792 2465 2842 ‘eum
2496 2790 2694 2846 tabulis
2720 2791 2957 2846 cedrinis
2983 2791 3050 2857 “,
3089 2809 3109 2843 ι
3142 2791 3195 2847 id
3214 2800 3320 2859 εει,
3352 2807 3477 2848 san-

1880 2887 2024 2932 ctam
2051 2877 2368 2943 Ecclesiam,
2387 2895 2502 2949 per
2538 2896 2700 2951 quam
2723 2883 2790 2936 ad
2817 2883 3051 2952 patriam
3079 2882 3356 2939 caelestem
3378 2898 3477 2953 pa-

1881 2977 1961 3025 tet
2010 2970 2300 3038 introitus,
2348 2971 2735 3030 adornabimus
2779 2975 2984 3032 sanctis
3023 2975 3178 3031 viris.
3233 2975 3472 3042 Ostium,

1881 3064 2304 3135 contemplativi,
2339 3073 2398 3121 ut
2442 3067 2496 3122 in
2529 3067 2832 3136 Ezechiele,
2863 3071 2884 3092 *
2921 3069 2975 3126 in
3001 3071 3208 3127 visione
3239 3070 3469 3127 interna.

1883 3154 2112 3225 Ostium,
2142 3172 2203 3212 os
2231 3165 2496 3224 nostrum,
2536 3168 2597 3214 ut
2625 3159 2681 3215 in
2709 3159 2848 3217 Job:
2888 3178 2908 3214 ε
2945 3161 3132 3229 Tacui,
3167 3175 3268 3218 nec
3295 3177 3476 3234 egres-

1881 3262 1976 3304 sus
2008 3264 2128 3306 sum
2155 3250 2354 3306 ostium
2382 3251 2450 3318 ⁸⁷,
2484 3271 2502 3304 ι
2534 3252 2588 3308 id
2639 3261 2750 3321 est,
2799 3255 3069 3325 loquendo
3115 3269 3216 3328 per
3258 3271 3319 3312 os
3363 3272 3473 3314 non

177 3338 239 3394 id
265 3347 374 3407 est,
403 3352 499 3409 per
527 3339 723 3397 bonam
752 3337 1126 3412 operationem
1170 3337 1474 3393 emendabo
1517 3335 1778 3408 quidquid
1805 3323 1850 3390 C
1882 3341 2044 3398 exivi.
2077 3339 2307 3408 Ostium,
2338 3342 2690 3416 intelligentia
2719 3323 2885 3401 verbi
2899 3346 2996 3402 Dei
3018 3388 3032 3412 ,
3057 3323 3200 3402 ut-in
3225 3346 3473 3420 Evange-

178 3432 389 3508 deliqui
421 3447 519 3503 per
545 3448 768 3505 pravam
798 3431 1145 3488 locutionem.
1183 3429 1275 3498 Os,
1300 3439 1581 3502 peccatum
1612 3445 1777 3500 gran-

79 3575 82 3577 λ
177 3524 276 3592 de,
322 3525 465 3585 utin
501 3523 638 3582 Job:
671 3545 690 3578 ι
729 3523 972 3582 Salvabit
1014 3531 1066 3581 te
1089 3523 1154 3580 de
1178 3538 1274 3580 ore
1315 3531 1546 3596 angusto
1577 3523 1640 3588 “,
1675 3543 1692 3576 I
1724 3522 1779 3578 id

177 3623 297 3682 est,
325 3615 341 3636 ‘
369 3615 614 3672 liberabo
644 3625 698 3674 te
735 3631 768 3673 a
805 3626 1028 3690 peccato
1061 3615 1276 3688 grandi,
1309 3617 1365 3671 in
1393 3632 1500 3687 quo
1545 3615 1780 3673 constri-

178 3720 314 3766 ctus
359 3711 622 3768 tenebris.
676 3709 773 3778 Os,
829 3711 1096 3768 calliditas
1133 3710 1352 3778 diaboli,
1407 3719 1467 3766 ut
1522 3712 1576 3766 in
1635 3710 1774 3767 Job:

188 3827 208 3858 ι
243 3803 493 3862 Salvabit
519 3812 571 3860 te
594 3804 660 3861 de
682 3819 778 3862 ore
799 3811 1054 3876 angusto,
1081 3811 1137 3859 et
1174 3804 1230 3859 in
1256 3803 1494 3859 medium
1525 3803 1638 3859 oris
1664 3803 1781 3874 ejus

178 3899 316 3969 quis
344 3899 568 3954 intravit
602 3899 666 3966 ι’,
698 3917 720 3950 ι
765 3898 820 3952 id
865 3906 975 3965 est,
1014 3895 1365 3953 calliditatem
1411 3895 1606 3952 diaboli
1636 3896 1778 3968 quis,

179 3992 294 4050 nisi
319 4008 437 4065 ego,
469 3992 624 4063 plene
647 3991 889 4049 detexit?
1414 4003 1416 4006 '

260 4082 370 4151 Os,
401 4086 564 4152 ossis,
590 4084 758 4142 robur
785 4083 1005 4150 mentis,
1029 4091 1087 4138 ut
1117 4081 1172 4138 in
1207 4080 1467 4138 Psalmis:
1501 4099 1520 4134 ι
1556 4079 1674 4137 Non
1698 4089 1782 4137 est

412 4197 429 4230 ι
468 4178 522 4234 id
551 4185 658 4246 est,
699 4178 746 4234 si
794 4177 926 4249 quid
967 4176 1182 4236 roboris
1232 4176 1290 4232 in
1337 4191 1426 4232 me
1465 4184 1568 4245 est,
1602 4185 1656 4232 et
1682 4175 1782 4232 tibi

182 4272 438 4343 ignotum
464 4285 572 4326 non
601 4277 706 4326 est.
738 4271 832 4333 Os,
858 4269 1116 4326 divinitas
1139 4268 1362 4338 Christi,
1393 4279 1453 4326 ut
1477 4269 1532 4326 in
1557 4270 1740 4326 Exodo
1764 4287 1775 4324 :

186 4386 209 4418 ι
248 4364 327 4421 Os
351 4379 459 4420 non
489 4364 507 4384 '
533 4362 913 4420 comminuetis
938 4378 1006 4417 ex
1035 4378 1100 4419 eo
1129 4362 1196 4430 ¹⁸,
1229 4382 1250 4418 )
1277 4363 1420 4436 quod
1447 4363 1781 4419 divinitatem

182 4474 302 4515 non
333 4464 582 4528 poterant
606 4457 856 4512 occidere
883 4456 937 4513 in
975 4455 1210 4514 Christo.
1248 4457 1342 4525 0s,
1375 4459 1543 4514 robur
1566 4459 1778 4530 passio-

183 4551 278 4607 nis
305 4547 535 4617 Christi,
562 4556 623 4604 ut
651 4551 704 4604 in
734 4548 838 4606 Job
867 4566 882 4604 ;
914 4569 932 4601 ς
969 4548 1097 4606 Pelii
1127 4565 1261 4606 mea:
1297 4552 1633 4624 consumptis
1661 4566 1782 4606 car-

181 4644 350 4700 nibus
382 4644 605 4702 adhaesit
647 4660 711 4700 os
751 4657 931 4700 meum
957 4642 1024 4714 “,
1060 4665 1079 4696 )
1107 4643 1160 4700 id
1197 4652 1311 4711 est,
1343 4644 1611 4717 passionis
1645 4659 1780 4698 mea:

1880 3433 1982 3488 lio:
2023 3452 2041 3485 ‹
2079 3431 2196 3488 Jam
2225 3434 2423 3490 ostium
2450 3435 2692 3492 clausum
2713 3445 2796 3493 est
2821 3435 2890 3504 '°,
2920 3457 2938 3489 )
2971 3437 3024 3493 id
3046 3447 3153 3506 est,
3179 3437 3476 3511 intelligen-

1881 3526 1955 3582 tia
1978 3527 2130 3582 verbi
2159 3543 2266 3584 non
2304 3537 2471 3598 patet.
2519 3526 2750 3597 Ostium,
2779 3530 2914 3587 ordo
2935 3529 3278 3598 auditorum,
3313 3540 3376 3587 ut
3416 3533 3474 3588 in

1880 3619 2243 3692 Apocalypsi:
2277 3640 2296 3673 ε
2333 3621 2475 3676 Ecce
2523 3629 2609 3678 sto
2648 3622 2715 3677 ad
2763 3621 2962 3678 ostium
2998 3628 3053 3678 et
3086 3621 3241 3694 pulso
3263 3621 3330 3690 “,
3367 3643 3384 3673 ι
3419 3621 3475 3678 id

1881 3719 1982 3777 est,
2008 3727 2123 3778 cor,
2154 3719 2214 3768 ut
2235 3713 2532 3784 aperiatur,
2564 3714 2763 3770 excito.
2797 3711 3036 3780 Ostium,
3074 3715 3351 3786 ingressus
3386 3729 3474 3769 re-

1881 3801 1972 3872 gni
2005 3801 2262 3868 caelestis,
2303 3810 2364 3856 ut
2393 3801 2448 3856 in
2489 3801 2677 3858 Exodo
2705 3821 2718 3856 :
2748 3821 2768 3855 (
2801 3802 3003 3859 Oﬂ'eret
3041 3817 3162 3860 eum
3209 3802 3472 3859 Dominus

1882 3895 2011 3960 diis,
2038 3902 2092 3951 et
2115 3894 2476 3965 applicabitur
2501 3895 2570 3949 ad
2597 3894 2797 3950 ostium
2813 3893 2879 3962 ⁸⁸,
2905 3914 2923 3947 ι
2951 3895 3004 3950 id
3025 3903 3128 3960 est,
3151 3893 3474 3966 subjicietur

1880 3985 2116 4053 Balatis,
2147 3993 2202 4041 et
2243 3987 2310 4040 ab
2351 3987 2432 4041 eis
2466 3986 2757 4053 intruetur,
2803 3994 2864 4042 ut
2906 3987 3098 4058 dignus
3135 3987 3207 4043 sit
3246 4003 3470 4058 regnum

1881 4075 2105 4132 caeleste
2132 4075 2378 4132 introire.
2427 4076 2533 4132 Per
2575 4079 2766 4133 ostium
2790 4119 2805 4145 ,
2848 4067 3233 4150 praedicatores
3263 4079 3468 4145 sancti,

1881 4178 1940 4224 ut
1967 4168 2022 4223 in
2049 4167 2150 4225 Job
2175 4185 2190 4222 :
2222 4188 2240 4220 ι
2267 4168 2336 4223 Ει
2361 4168 2517 4240 posui
2541 4177 2752 4224 vectem
2782 4177 2837 4224 et
2862 4170 3000 4224 ostia
3015 4169 3082 4236 ⁸³,
3111 4191 3127 4220 ι
3157 4169 3301 4240 quod
3327 4169 3470 4225 Deus

1880 4257 2043 4314 Pater
2069 4259 2137 4315 ad
2165 4260 2525 4315 coercendum
2560 4261 2820 4315 mundum
2858 4259 3133 4315 Christum
3181 4269 3236 4316 et
3276 4261 3472 4332 praedi-

1882 4361 2098 4408 catores
2132 4353 2300 4408 misit.
2330 4352 2436 4407 Per
2461 4353 2674 4419 ostium,
2717 4353 2938 4411 dilectio
2977 4353 3072 4410 Dei
3117 4363 3173 4409 et
3213 4354 3468 4425 proximi,

1877 4443 2032 4515 juxta
2055 4443 2300 4515 exempla
2331 4445 2642 4500 sanctorum
2673 4442 2918 4500 Patrum.
2950 4444 3055 4500 Per
3083 4457 3298 4510 ostium,
3331 4445 3470 4500 desi-

1882 4535 2031 4590 deria
2054 4536 2255 4601 carnis,
2286 4544 2348 4590 ut
2373 4535 2426 4590 in
2453 4534 2554 4590 Job
2577 4549 2593 4589 :
2619 4553 2641 4586 ι
2663 4535 2780 4592 Non
2803 4535 3068 4592 conclusit
3091 4536 3236 4590 ostia
3261 4535 3470 4591 ventris

1883 4630 1976 4700 qui
2004 4631 2238 4701 portavit
2267 4645 2354 4685 me
2375 4629 2445 4696 ³¹,
2481 4651 2499 4682 ι
2537 4631 2589 4685 id
2615 4637 2729 4697 est,
2760 4646 2868 4686 non
2911 4629 3171 4685 devitavit
3201 4629 3470 4685 desideria

181 4735 355 4807 rigori
371 4775 386 4800 ,
411 4735 683 4808 discipulis
704 4737 842 4794 meis
868 4699 1215 4808 fugientibus,
1238 4737 1328 4810 qui
1343 4699 1630 4808 propiores
1655 4751 1775 4792 esse

1887 4699 2196 4793 voluptatis,
2228 4723 2320 4793 qui
2359 4731 2584 4794 peccato
2624 4722 2877 4792 exposuit
2901 4737 3009 4776 me.
3042 4720 3146 4776 Per
3175 4720 3328 4786 ostia,
3357 4722 3469 4793 spi-

182 4829 530 4898 tiebuerunt,
577 4831 834 4888 mulieres
865 4831 1210 4886 adstiterant.
1243 4830 1349 4887 Per
1384 4847 1506 4886 ossa
1549 4830 1777 4885 virtutes

181 4923 406 4987 anime,
443 4933 502 4978 ut
545 4922 598 4978 in
635 4921 738 4980 Job
766 4943 779 4978 :
809 4942 828 4976 ι
863 4921 1059 4980 Omnia
1107 4937 1233 4978 ossa
1279 4923 1396 4994 ejus
1441 4935 1780 4977 marcescere

183 5013 323 5071 facit
348 5013 413 5080 “,
441 5034 460 5066 ι
488 5015 542 5072 id
571 5024 686 5081 est,
716 5016 944 5072 virtutes
963 5016 1082 5087 ejus
1102 5015 1334 5072 deiicere
1360 5015 1643 5088 permittit.
1672 5015 1778 5072 Per

182 5124 331 5172 assa,
369 5107 526 5165 fortia
555 5109 719 5178 facta,
745 5117 804 5166 ut
835 5107 892 5166 in
918 5108 1018 5168 Job
1043 5128 1057 5165 :
1091 5128 1110 5162 ι
1138 5109 1330 5167 Omnia
1358 5125 1482 5166 ossa
1510 5125 1630 5166 mea
1652 5125 1776 5182 per-

185 5201 378 5256 territa
429 5210 554 5258 sunt
593 5203 658 5268 ¹⁶,
685 5203 738 5259 id
775 5212 893 5269 est,
936 5203 1004 5259 de
1045 5201 1207 5260 nullis
1245 5203 1480 5259 robustis
1526 5204 1781 5274 operibus

186 5291 329 5346 lueis
360 5292 613 5350 fiduciam
655 5294 840 5352 habui.
877 5294 982 5352 Per
1008 5311 1146 5358 ossa,
1177 5293 1434 5350 fortitudo
1477 5296 1660 5352 carnis
1680 5337 1694 5363 ,
1723 5303 1782 5351 ut

187 5383 244 5437 in
267 5381 370 5436 Job
394 5401 407 5437 :
441 5402 458 5435 ι
490 5384 556 5439 Ει
581 5394 812 5441 mortem
837 5401 961 5442 ossa
987 5402 1107 5442 mea
1135 5387 1202 5454 ¹⁷,
1229 5387 1282 5443 id
1309 5397 1412 5455 est,
1441 5389 1622 5444 carnis
1646 5404 1780 5446 meae

187 5475 454 5534 fortitudo
479 5477 698 5536 defecit.
730 5479 835 5536 Per
859 5497 1001 5551 ossa,
1039 5496 1220 5552 prava:
1255 5481 1695 5550 consuetudines,
1719 5489 1780 5536 ut

1884 4817 2021 4870 ritus
2069 4816 2329 4888 maligni,
2357 4825 2417 4870 ut
2463 4817 2515 4870 in
2559 4814 2660 4870 Job
2687 4833 2700 4869 :
2729 4835 2747 4867 ι
2783 4815 2855 4871 Ει
2891 4814 3032 4870 ostia
3075 4813 3361 4872 tenebrosa
3389 4816 3470 4869 vi-

1884 4907 2089 4971 disti”,
2129 4927 2146 4960 ι
2178 4907 2323 4978 quod
2354 4907 2578 4977 spiritus
2603 4906 2892 4978 malignos,
2920 4920 3151 4975 quorum
3175 4904 3470 4978 suggestio—

1885 5001 2044 5056 nibus
2079 5001 2479 5058 consentientes
2525 4999 2739 5070 reprobi
2786 4999 2992 5056 aditum
3030 5007 3247 5054 aeterna:
3277 4998 3469 5072 mortis

1886 5093 2186 5158 inveniunt,
2218 5091 2479 5147 Dominus
2507 5091 2748 5146 moriens
2771 5090 3078 5147 debellavit.

1957 5207 2125 5263 Ovum
2153 5214 2236 5262 est
2269 5221 2414 5277 spes,
2453 5213 2514 5259 ut
2541 5205 2596 5259 in
2627 5204 2916 5276 Evangelio
2944 5221 2955 5258 τ
2997 5223 3015 5255 ι
3047 5204 3156 5258 Aut
3186 5202 3231 5258 si
3253 5201 3471 5274 petierit

1885 5315 2066 5366 ovum,
2088 5298 2332 5368 nunquid
2356 5298 2598 5368 porriget
2617 5297 2690 5351 illi
2711 5297 3052 5367 scorpionem
3074 5296 3184 5351 “‘h
3220 5295 3364 5368 quod
3395 5295 3407 5313 ‘
3437 5309 3468 5347 a

1887 5393 1998 5448 Deo
2026 5392 2260 5463 petimus
2286 5405 2457 5462 spem,
2489 5404 2832 5460 nequaquam
2857 5389 3007 5445 dabit
3035 5388 3192 5444 nobis
3215 5389 3467 5457 despera—

1886 5484 2108 5539 tionem.
2144 5479 2250 5538 Per
2295 5499 2391 5538 ova
2436 5479 2690 5549 subjecti,
2717 5489 2777 5536 ut
2806 5482 2861 5537 in
2882 5476 2984 5537 Job
3010 5498 3022 5534 :
3053 5500 3071 5533 ι
3105 5479 3273 5548 Quaa‘
3295 5477 3464 5533 delin-

267 5662 284 5740 ξ
315 5659 437 5740 Job.
464 5665 628 5740 tx_,_9.
650 5667 678 5740 ξ
701 5664 863 5740 Cant.
897 5680 973 5740 Iv,
996 5666 1111 5740 12η
1134 5667 1161 5740 ”_
1182 5665 1317 5740 lbid.
1337 5683 1391 5720 v.
1419 5667 1524 5740 16.
1549 5668 1572 5699 ⁸
1596 5667 1752 5740 Cant.

1887 5682 1916 5723 l.
1963 5669 1984 5700 "
2007 5668 2071 5724 Ill
2100 5669 2232 5740 Reg.
2263 5685 2374 5740 15x1,
2406 5668 2458 5723 2.
2494 5668 2514 5699 ⁸
2539 5665 2668 5740 Job.
2697 5683 2908 5740 xxxvii,
2931 5667 2986 5722 2.
3014 5665 3344 5740 "_§po_c._in,
3379 5669 3464 5723 16.

187 5731 405 5806 {Psala
423 5753 474 5798 ι,
510 5731 619 5790 17(
647 5737 668 5769 ⁹
694 5736 794 5793 Job
821 5754 912 5798 xx.
952 5739 1036 5793 12.
1074 5738 1117 5771 ¹⁰
1138 5736 1238 5795 Job
1275 5755 1462 5804 xxxrx,
1493 5738 1580 5794 57.
1636 5741 1675 5771 “
1706 5737 1780 5796 Jol

1887 5758 2022 5806 txvr,
2055 5739 2141 5795 16.
2182 5731 2240 5772 Ἦ
2265 5731 2368 5795 Job
2399 5755 2506 5805 xu,
2539 5739 2591 5794 4.
2631 5738 2674 5771 ’³
2702 5739 2871 5794 Exod.
2896 5731 2994 5800 itu,
3025 5731 3130 5790 46f
3154 5736 3198 5768 “
3220 5731 3464 5805 Job’xu,

186 5804 480 5878 2οε¹⁵101ι
511 5823 705 5870 xxxm.
745 5809 830 5866 19.
871 5809 912 5840 ¹⁸
940 5808 1041 5864 Job
1083 5826 1155 5874 iv,
1187 5809 1275 5864 14.
1313 5811 1351 5842 ⁸⁷
1380 5809 1480 5866 101)
1526 5828 1619 5876 vn,
1654 5811 1736 5867 15.
1773 5813 1780 5844 ²

1887 5814 1943 5868 )b
1975 5804 2084 5878 χιιι,
2113 5811 2202 5867 24.
2234 5811 2275 5842 ¹⁹
2301 5809 2402 5867 Job
2429 5804 2518 5876 xc,
2547 5811 2632 5864 15.
2661 5811 2706 5842 ²⁰
2731 5810 2862 5864 Thr.
2896 5823 2969 5873 tv,
3001 5807 3054 5862 8.
3081 5808 3125 5878 τί
3157 5806 3313 5863 Cant.
3345 5804 3463 5870 1,1.

190 5877 239 5954 ’_‘
275 5873 403 5954 Bue.
437 5894 532 5944 vlt,
560 5878 739 5954 45._f‘
766 5879 924 5954 Prov.
959 5873 1212 5954 stimuli.
1245 5879 1471 5954 ’chan.
1497 5900 1552 5948 ιι,
1585 5873 1636 5938 7.
1672 5883 1718 5914 ’⁸
1747 5884 1780 5937 ll

1887 5899 1966 5954 eg.
2000 5873 2081 5948 vi,
2103 5884 2154 5938 8.
2181 5883 2227 5915 ²⁶
2251 5882 2406 5954 Cant.
2438 5873 2559 5946 vni,
2586 5882 2638 5935 9.
2669 5879 2712 5912 ’⁷
2736 5879 2836 5954 Job
2853 5893 3014 5954 statim,
3040 5877 3130 5933 51.
3157 5879 3359 5954 “iure.
3385 5898 3463 5948 XI,

192 5947 247 6001 7.
281 5945 326 5978 "
345 5949 513 6021 Apoc.
543 5965 622 6017 ιιι,
650 5951 741 6006 20.
771 5950 815 5982 '°
845 5951 1014 6008 Exod.
1047 5945 1160 6022 xxi,
1185 5952 1237 6010 6.
1271 5952 1313 5986 ³⁸
1339 5951 1440 6011 101)
1471 5945 1696 6023 ιιιιίνιιι,
1728 5955 1780 6011 1(

1911 5945 2012 6012 101)
2035 5945 2116 6023 ιιι,
2143 5958 2228 6012 10.
2259 5955 2304 5987 ³³
2335 5952 2436 6010 101)
2469 5945 2698 6019 κχιινιιι,
2730 5952 2818 6006 17.
2850 5949 2896 5982 ³⁸
2925 5948 3056 6005 Luc.
3083 5963 3159 6018 χι,
3189 5949 3282 6006 12.
