3936 6328
542 367 680 423 1015

541 483 659 550 quit
699 480 754 533 in
802 485 947 533 terra
990 492 1091 531 ova
1133 491 1227 531 sua
1274 477 1310 540 ί,
1348 497 1368 528 ι
1412 475 1556 545 quod
1601 488 1800 544 pravus
1864 470 2120 541 praelatus
2147 464 2458 550 APiscina.

541 573 814 641 subjectos
839 586 966 626 suos
1005 571 1060 625 in
1100 570 1354 639 operibus
1386 567 1618 622 terrenis
1643 581 1675 620 a
1703 578 1832 620 vera
1859 563 2118 634 religione

541 667 734 722 alienis
773 664 981 720 versari
1019 662 1301 733 permittit.
1344 661 1450 716 Per
1500 676 1630 725 oua,
1661 656 1888 713 consilia
1923 655 2119 710 daemo-

541 773 670 812 num
689 797 704 822 ,
730 763 793 810 ut
832 757 888 809 in
905 755 1042 809 Isaia
1066 770 1081 808 :
1109 774 1127 805 ι
1160 752 1264 820 Qui
1293 751 1589 807 comederit
1616 750 1682 804 de
1708 749 1826 804 ovis
1848 747 2116 817 aspidum,

541 847 808 902 morietur
830 847 874 912 ³,
922 865 941 898 ι
992 845 1136 916 quod
1195 844 1288 914 qui
1335 842 1768 914 suggestionibus
1817 841 2118 896 daemonum

543 939 833 1002 consentit,
865 937 1059 991 animae
1086 951 1197 991 suae
1225 945 1455 991 mortem
1483 933 1733 990 incurrit.

617 1028 740 1084 Ovis
763 1035 847 1083 est
871 1027 1197 1092 innocentia,
1223 1033 1283 1080 ut
1307 1026 1363 1080 in
1391 1024 1492 1081 Job
1515 1044 1527 1079 :
1549 1045 1568 1078 ι
1587 1025 1858 1081 Dederunt
1876 1025 1927 1080 ei
1953 1040 2120 1080 unus-

543 1123 771 1194 quisque
803 1135 960 1176 ovem
987 1120 1196 1186 suam’,
1230 1139 1248 1171 ι
1297 1119 1440 1189 quod
1480 1133 1670 1174 omnes
1720 1118 1813 1187 qui
1854 1117 1923 1172 ad
1963 1116 2120 1173 Chri-

543 1221 689 1268 stum
732 1212 1038 1280 pertinent,
1069 1211 1323 1266 virtutem
1361 1209 1412 1264 ei
1445 1209 1766 1264 innocentiae
1815 1209 1871 1264 in
1910 1209 2121 1263 unitate

543 1303 825 1359 charitatis
850 1300 1043 1357 olierre
1065 1301 1297 1356 student.
1325 1300 1468 1366 Ovis,
1483 1299 1752 1365 Christus,
1776 1308 1838 1354 ut
1866 1299 1921 1354 in
1947 1299 2114 1355 Isaia:

547 1412 568 1446 ι
601 1393 882 1462 Tanquam
907 1392 1024 1448 ovis
1057 1393 1125 1448 ad
1149 1392 1475 1447 occisionem
1524 1392 1718 1447 ductus
1745 1400 1829 1446 est
1849 1391 1889 1457 ’⁵,
1925 1411 1944 1442 ι
1975 1391 2120 1460 quod

492 1493 501 1502 ‘
541 1484 792 1540 Christus
819 1483 1078 1538 innocens
1105 1492 1278 1538 morte
1300 1481 1519 1552 punitus
1539 1489 1640 1536 est.
1671 1479 1814 1546 Ovis,
1846 1481 2006 1536 homo
2035 1495 2120 1535 re-

540 1575 811 1646 demptus,
843 1583 901 1629 ut
923 1576 978 1630 in
1008 1574 1334 1646 Evangelio:
1369 1593 1387 1624 ι
1420 1574 1602 1630 inveni
1624 1590 1781 1630 ovem
1805 1589 1969 1644 quam
1999 1590 2120 1646 per-

543 1670 785 1724 dideram
811 1671 853 1736 5,
885 1690 903 1723 ι
952 1669 1096 1741 quod
1124 1671 1396 1725 hominem
1419 1685 1517 1739 per
1543 1679 1822 1740 peccatum
1849 1672 2118 1741 perditum

540 1761 817 1816 moriendo
867 1760 1114 1817 Christus
1163 1761 1384 1816 invenit.
1425 1761 1530 1816 Per
1573 1779 1688 1817 oves
1732 1764 1939 1834 angeli,
1969 1775 2030 1820 ut
2063 1767 2118 1822 in

495 1861 501 1888 ‘
539 1855 831 1926 Evangelio
861 1870 875 1909 :
910 1875 927 1906 ι
959 1855 1192 1908 Dimittit
1228 1855 1518 1925 nonaginta
1567 1871 1762 1911 novem
1789 1873 1917 1914 oves
1947 1858 2004 1912 in
2030 1858 2120 1915 de-

539 1956 686 2001 serto
717 1945 758 2009 ⁶,
793 1965 813 1997 ι
861 1945 1004 2014 quod
1049 1944 1270 2014 angelos
1307 1945 1526 2014 reliquit
1570 1943 1818 2002 Christus
1856 1947 1910 2000 in
1953 1947 2115 2015 ctelo,

539 2039 757 2108 quando
782 2038 1053 2093 hominem
1101 2038 1368 2108 perditum
1399 2038 1647 2108 quaesivit
1685 2039 1742 2093 in
1771 2039 1989 2094 mundo.
2015 2039 2120 2096 Per

538 2146 653 2184 oves
713 2128 892 2198 populi
947 2127 1130 2183 ﬁdeles
1157 2169 1171 2192 ,
1215 2137 1274 2183 ut
1319 2129 1375 2182 in
1415 2128 1698 2184 Ezechiele
1729 2147 1742 2182 :
1773 2146 1792 2180 ι
1830 2128 1970 2186 Ecce
2018 2147 2118 2202 ego

537 2237 758 2292 pascam
809 2235 937 2276 oves
984 2234 1134 2276 meas
1161 2221 1216 2286 ",
1271 2241 1290 2274 ι
1355 2222 1500 2290 quod
1549 2221 1900 2290 spiritualiter
1946 2223 2120 2278 reiicit

539 2311 788 2368 Christus
809 2311 993 2368 ﬁdeles
1019 2313 1037 2332 *
1063 2327 1208 2368 suos.
1237 2312 1342 2366 Per
1370 2329 1487 2366 oves
1513 2313 1863 2383 cogitationes
1881 2315 2115 2380 mundae,

539 2413 598 2459 ut
627 2406 678 2458 in
707 2403 806 2457 Job
835 2421 848 2456 :
881 2422 900 2454 ι
927 2403 1072 2474 Ignis
1093 2403 1190 2458 Dei
1220 2403 1415 2458 cecidit
1441 2403 1508 2457 de
1537 2403 1675 2458 ccelo
1699 2403 1775 2476 [et
1797 2412 1970 2460 tactas
1992 2421 2120 2461 oves

538 2509 844 2566 puerosque
886 2495 1222 2564 consumpsit
1241 2495 1321 2567 8],
1358 2514 1375 2546 ι
1431 2493 1575 2564 quod
1620 2495 1834 2549 mundae
1873 2512 2120 2551 nonnun-

540 2606 702 2662 quam
731 2589 1088 2662 cogitationes
1125 2589 1180 2645 in
1215 2588 1464 2652 homine,
1494 2587 1842 2658 permittente
1867 2589 2000 2656 Deo,
2033 2606 2122 2645 ar-

541 2682 672 2737 dore
713 2679 952 2736 libidinis
991 2688 1424 2735 concremantur.
1456 2679 1561 2734 Per
1599 2696 1714 2734 oves
1754 2679 2002 2738 homines
2031 2698 2117 2738 re-

538 2774 714 2844 probi,
757 2782 820 2828 ut
852 2773 906 2827 in
935 2771 1166 2828 Psalmis
1201 2791 1212 2826 :
1248 2792 1266 2824 ι
1306 2770 1458 2827 Sicut
1481 2785 1609 2826 oves
1637 2771 1693 2826 in
1718 2770 1931 2826 inferno
1960 2773 2121 2841 positi

539 2865 726 2930 sunt’,
759 2885 777 2917 ι
826 2865 968 2934 quod
999 2864 1214 2936 reprobi
1243 2864 1310 2918 ad
1349 2862 1648 2918 fatuitatem
1673 2877 1826 2917 suam
1871 2871 2118 2933 pereunt.

538 2956 644 3010 Per
664 2971 778 3010 oves
800 2955 928 3010 boni
950 2953 1194 3023 subjecti,
1215 2954 1348 3008 utin
1373 2953 1566 3009 Genesi
1593 2971 1604 3007 :
1635 2972 1653 3004 ι
1678 2942 1968 3008 Pariebant
1993 2969 2123 3010 oves

538 3051 720 3106 varios
757 3049 986 3114 fetus”,
1023 3069 1041 3100 ι
1073 3049 1128 3104 id
1153 3058 1268 3114 est,
1311 3047 1438 3103 boni
1483 3049 1712 3118 subjecti
1755 3050 2122 3106 diversitatem

539 3143 812 3198 ducebant
853 3142 1116 3196 bonarum
1169 3140 1461 3196 actionum.
1510 3141 1616 3196 Per
1660 3159 1775 3196 oves
1818 3145 2124 3213 petulantes

541 3242 722 3289 motus
768 3233 1002 3298 mentis,
1054 3239 1116 3286 ut
1163 3232 1216 3285 in
1263 3231 1503 3287 Levitico
1532 3250 1545 3286 :
1578 3253 1595 3285 ι
1635 3232 1694 3290 Si
1729 3235 1796 3290 de
1823 3237 1842 3256 ‘
1872 3238 2123 3295 omnibus

543 3325 709 3379 fuerit
733 3323 1019 3388 oblatio“,
1057 3343 1075 3374 ι
1111 3322 1254 3393 quod
1278 3331 1456 3378 motus
1492 3324 1548 3378 in
1600 3326 1754 3380 nobis
1778 3327 2123 3396 petulantiae‘

543 3417 875 3473 maturitatis
901 3415 1048 3470 cultu
1085 3423 1324 3471 mactare
1364 3417 1636 3477 debemus.
1659 3418 1767 3473 Per
1789 3436 1902 3474 oves
1931 3435 2125 3477 uxores

460 3516 462 3518 ’
544 3509 737 3574 David,
770 3509 912 3564 sicut
947 3523 1046 3580 per
1071 3525 1216 3564 ovem
1239 3510 1507 3566 Bethsabe
1529 3525 1666 3565 uxor
1699 3510 1858 3577 Uria),
1890 3520 1950 3568 ut
1971 3513 2026 3568 in
2054 3513 2122 3569 li-

544 3603 660 3659 bris
697 3601 941 3671 Regum:
972 3622 991 3656 ι
1024 3601 1261 3660 Parcens
1298 3603 1388 3659 ille
1425 3619 1640 3658 sumere
1669 3607 1734 3662 de
1774 3607 1964 3662 ovibus
1989 3607 2121 3675 suis,

545 3693 666 3749 tulit
703 3707 860 3748 ovem
891 3694 996 3748 viri
1028 3695 1311 3765 pauperis,
1357 3704 1411 3750 et
1455 3698 1775 3767 praeparavit
1818 3700 2125 3754 convivium

543 3786 831 3857 peregrino
855 3787 948 3857 qui
990 3787 1136 3842 venit
1183 3787 1252 3864 ad
1288 3803 1412 3842 eum
1434 3788 1496 3853 ¹²,
1537 3807 1555 3839 ι
1592 3789 1734 3858 quod
1771 3788 1943 3846 David
1971 3800 2123 3858 tunc,

544 3880 761 3936 omissis
783 3881 1043 3936 uxoribus
1063 3881 1199 3948 suis,
1224 3883 1402 3952 rapuit
1425 3898 1649 3938 uxorem
1673 3883 1837 3950 Uriae,
1859 3893 1920 3940 ut
1945 3885 2127 3956 exple-

547 3981 630 4039 ret
656 3973 983 4029 desiderium
1014 3973 1239 4029 luxuria:
1262 3991 1392 4042 suae,
1425 3993 1543 4046 quae
1577 3978 1803 4033 tentavit
1824 3994 1968 4034 eum.

623 4068 768 4124 Ovile
789 4079 873 4125 est
895 4070 1198 4143 SynagOga,
1225 4080 1286 4126 ut
1316 4073 1370 4126 in
1393 4071 1683 4144 Evangelio
1713 4092 1726 4129 :
1762 4093 1781 4126 ι
1818 4075 1968 4131 Alias
1996 4091 2126 4133 oves

548 4165 752 4233 habeo,
779 4181 900 4236 quae
935 4181 1044 4221 non
1088 4176 1216 4222 sunt
1245 4182 1312 4224 ex
1337 4168 1440 4224 hoc
1468 4169 1594 4223 ovili
1622 4170 1686 4235 ιθ,
1728 4189 1746 4218 ι
1776 4170 1831 4226 id
1857 4178 1962 4238 est,
1995 4187 2126 4241 gen-

545 4261 692 4326 tiles,
714 4260 804 4330 qui
827 4274 934 4314 non
954 4260 1227 4328 pertinent
1255 4261 1324 4316 ad
1352 4262 1713 4332 Synagogam,
1742 4272 1802 4318 ut
1829 4263 1884 4318 in
1911 4264 2126 4320 cantico

547 4355 804 4411 Habacuc
834 4369 850 4408 :
887 4372 907 4407 ι
927 4353 1288 4411 Abscindetur
1321 4357 1388 4412 de
1415 4357 1543 4412 ovili
1567 4373 1732 4430 pecus
1756 4358 1854 4427 “,i
1886 4361 2028 4431 quod
2060 4363 2127 4419 ab

546 4446 792 4503 Ecclesia
819 4446 1170 4503 abscindatur
1197 4447 1505 4505 haereticus.

554 4672 692 4726 Pax.
1099 4667 1290 4724 Poma.
1650 4669 1841 4728 Panis.

549 4740 740 4795 Piscis.
931 4754 950 4770 ἰ
1099 4737 1532 4811 Propugnaculo.
1649 4740 1944 4800 Paradisus

551 4811 678 4865 Pes.
1099 4807 1340 4880 Praesepe
1649 4811 1915 4870 Potentes.

479 4915 484 4928 .
551 4880 845 4951 Palpebrae.
1100 4877 1306 4951 Parias.
1649 4881 1850 4951 Pulvis.

551 4947 818 5006 Porticus.
1099 4947 1350 5007 Picturw.
1647 4950 1948 5012 Pellieanus

553 5019 828 5076 Pennulte.
1099 5017 1287 5077 Pecus.
1646 5022 1898 5081 Paludes.

554 5091 774 5146 Planta.
1100 5087 1331 5148 Palmes.
1647 5091 1826 5150 Porci.

555 5162 926 5235 Propugnator
1100 5158 1366 5235 Pontifex.
1647 5163 1806 5235 Pera.

558 5228 774 5289 Ρναὲάᾱ,
1100 5228 1315 5284 Plectra.
1648 5231 1859 5293 Platea.

561 5305 822 5378 Papyrng,
1102 5296 1408 5378 '“Palvicus.
1649 5300 1856 5378 Postes.
1975 5359 1978 5362 .

560 5367 858 5429 Ρεζςέαιωη,
1101 5367 1423 5428 Picturator.
1649 5370 1954 5437 Pra’dones.

562 5445 920 5500 Petusculum.
1102 5437 1438 5511 Peregrinus.
1647 5440 1858 5504 Pullus.

633 5622 1095 5700 {Iob.}xat_tx,l7.
1125 5625 1146 5654 ²
1170 5624 1273 5700 Isa.
1297 5627 1476 5700 1.155.
1507 5628 1528 5659 ³
1549 5627 1649 5686 Job
1669 5648 1796 5698 ιιιιι,
1830 5636 1915 5690 ll.
1951 5636 1974 5668 ⁴
1996 5637 2097 5693 lsa.
2121 5635 2304 5700 “11,7.
2334 5634 2356 5666 ⁵
2383 5632 2514 5687 Luc.
2547 5637 2708 5698 xv,b.
2737 5629 2759 5660 ⁸
2778 5629 2856 5700 Ib.
2887 5645 2934 5700 is.
2964 5627 3016 5700 ξ.
3046 5625 3066 5658 ⁷
3093 5621 3294 5700 Ezech.
3322 5603 3578 5700 {333335;

562 5696 735 5769 1.11152
760 5695 780 5724 '
804 5693 964 5769 Psaiz
993 5709 1179 5769 Χένὲυν
1210 5695 1294 5756 45·
1349 5697 1549 5769 ¹⁰ηῧθιμ
1595 5717 1745 5769 xxxr,
1777 5693 1830 5761 8.
1878 5708 1916 5737 ¹¹
1943 5707 2071 5762 Lev.
2105 5725 2116 5761 ι

995 5709 1179 5769 Χένὲυτ
1210 5695 1294 5756 15-
1349 5697 1549 5769 “LGen.
1595 5717 1745 5769 χχιιι,
1777 5693 1830 5761 8.
1878 5708 1916 5737 “
1943 5707 2071 5762 Lev.
2105 5693 2271 5769 "1,6.
2318 5707 2360 5736 ¹¹
2383 5703 2424 5757 11
2473 5703 2549 5757 Re

567 5749 614 5842 1':
640 5764 777 5842 tiph-
816 5779 875 5823 ιι,
906 5764 992 5842 μ.
1021 5765 1067 5842 :3
1095 5749 1257 5842 ngat-«3.
1287 5783 1359 5830 Ix.
1388 5749 1478 5842 so;
1497 5749 1548 5800 ⁷νί
1575 5749 1907 5842 ιδξῌῐῖίζιν,
1933 5749 2121 5832 ιὶ

2064 5749 2346 5841 ἰγ,
2460 5749 2755 5837 ’ξι-ι’,
2782 5749 2844 5823 ’1.-
2862 5770 2906 5801 ²⁰
2939 5749 3077 5822 Psal.
3111 5749 3256 5824 uit,
3290 5760 3339 5812 3.
3371 5758 3409 5788 "
3440 5749 3551 5818 Eph-
3577 5755 3618 5800 "a

567 5834 612 5866 “
634 5832 744 5886 Jos.
764 5848 875 5896 xxi,
902 5833 990 5886 ri-i.
1021 5835 1066 5864 ’³
1096 5834 1283 5893 Matth.
1309 5853 1362 5904 Χ,
1393 5837 1482 5893 54.

1171 367 1234 420 B.
1273 361 1526 419 ansam
1561 359 1780 418 MAURI
1817 355 2134 414 ARCHIEP.
2160 322 2487 412 uocum.
2521 353 2806 411 om:th
2841 351 3019 409 rans
3049 351 3134 408 ιιι.

2148 4564 2204 4626 Ι)

2774 464 3034 541 Paxillus.
3296 466 3628 541 Primogenitum.

2224 534 2525 607 Peccatum.
2772 534 3034 607 Pupillus.
3298 534 3453 607 Pilosi.

2221 604 2475 661 Pallium.
2770 604 2985 662 Passer.
3296 605 3598 669 Pavimentsm.

2220 675 2408 750 Porta.
2767 675 2983 750 Pluma.
3297 677 3492 750 Pupilla.

2219 744 2425 819 Penna.
2768 746 2962 819 Plaga.
3299 744 3487 819 Pruina.

2223 815 2438 888 Pastas.
2767 815 3211 888 Propitialorium.
3298 816 3478 888 Pluma.

2221 885 2525 960 Plumbum.
2766 885 2988 960 Perdix.
3297 886 3506 960 Pylades.

2221 955 2409 1014 Pinus.
2768 957 2966 1014 Panni.
3299 955 3479 1015 Passer.

2219 1027 2464 1101 '_P_edus.
2771 1027 2933 1084 Puer.
3195 1097 3208 1101 _
3301 1027 3525 1101 Princeps.

2221 1096 2350 1154 Pili.
2770 1101 3005 1156 Pardus.
3192 1097 3208 1108 ’
3301 1097 3398 1155 Pili

2213 1167 2404 1240 Pater.
2773 1169 3060 1240 Paciﬁcas.
3304 1167 3460 1240 Pater.

2221 1235 2478 1296 Punctus.
2774 1235 3092 1296 Piscatores.
3306 1238 3488 1296 Pilecta:

2221 1307 2498 1382 Princeps.
2773 1310 2959 1382 Pellis.
3307 1311 3342 1382 ‘_
3352 1309 3566 1382 Palricut.

2222 1377 2448 1451 Pulsus.
2775 1381 2924 1451 Pori.
3309 1377 3486 1451 Pullus.

2221 1447 2486 1521 Pumilus.
2771 1449 3029 1521 Pepones.
3307 1447 3497 1506 Pruina.

2223 1517 2490 1580 Peliades.
2772 1517 3013 1576 Platani.

2293 1666 2414 1722 Pax
2433 1677 2516 1725 est
2535 1668 2802 1734 Christus,
2821 1675 2882 1723 ut
2900 1669 2955 1722 in
2975 1665 3142 1722 Paulo
3159 1684 3171 1720 :
3194 1666 3330 1735 «Ipse
3345 1673 3418 1720 est
3435 1681 3518 1735 pax
3534 1678 3664 1725 nostra.

2221 1761 2314 1830 qui
2341 1761 2470 1817 fecit
2497 1771 2725 1832 utraque
2747 1777 2912 1816 unum
2937 1761 3003 1824 ιδ,
3019 1780 3036 1813 ι
3070 1759 3209 1829 quod
3236 1758 3454 1813 Christus
3471 1759 3665 1812 humanam

2219 1862 2473 1910 naturam
2518 1863 2725 1910 naturae
2776 1853 3035 1924 angelicae
3081 1852 3135 1906 in
3176 1865 3278 1906 una
3309 1850 3601 1915 beatitudine,
3637 1859 3668 1902 ot

2219 1950 2480 2021 quosdam
2511 1964 2581 2005 ex
2622 1947 2821 2005 Iudaeis
2858 1957 2912 2004 et
2955 1949 3156 2004 multos
3199 1963 3260 2003 ex
3300 1947 3510 2017 gentibus
3538 1947 3577 1999 in
3606 1961 3667 1998 una

2219 2040 2464 2095 sociavit.
2491 2036 2642 2107 Pax,
2670 2054 2824 2096 amor
2857 2039 3111 2095 socialis:
3144 2055 3164 2090 ‹
3197 2036 3387 2092 Habete
3411 2034 3478 2091 sal
3501 2035 3542 2090 in
3562 2035 3669 2097 vobis,

2220 2144 2274 2192 et
2299 2149 2488 2204 pacem
2529 2134 2672 2188 inter
2692 2148 2789 2190 vos
2810 2133 2877 2198 ιθ,
2915 2153 2933 2184 ι
2962 2131 3018 2186 id
3044 2140 3150 2198 est,
3180 2131 3256 2187 sic
3287 2131 3460 2186 habete
3488 2130 3530 2183 in
3551 2128 3668 2182 vobis‘

2221 2225 2506 2279 ﬁduciam.
2534 2233 2594 2279 ut
2635 2237 2758 2278 cum
2797 2222 3135 2281 simplicibus
3161 2215 3397 2278 'amorem
3429 2219 3583 2274 habere
3609 2233 3670 2270 non

2221 2318 2525 2390 negligatis.
2575 2316 2694 2372 Pax
2717 2358 2732 2383 ,
2761 2318 2915 2387 quies
2945 2317 3178 2383 mentis,
3208 2324 3266 2371 ut
3286 2315 3336 2370 in
3360 2312 3576 2369 Psalmis:
3600 2331 3612 2361 ι
3635 2309 3672 2361 Ει

2223 2410 2400 2466 factus
2429 2420 2512 2466 est
2549 2411 2604 2464 in
2643 2424 2776 2479 pace
2804 2409 2956 2464 locus
2991 2406 3156 2479 [ejus]
3185 2407 3252 2473 ",
3279 2426 3297 2458 ι
3321 2404 3446 2475 quod
3470 2403 3512 2458 in
3531 2403 3670 2455 mente‘

2221 2512 2410 2574 parata
2452 2511 2508 2558 et
2549 2501 2776 2572 paciﬁca
2824 2501 3040 2555 habitat
3067 2501 3226 2554 Deus.
3269 2495 3394 2562 Pax,
3423 2492 3672 2563 tranquillitas

2223 2593 2716 2662 contemplationis,
2745 2601 2804 2646 ut
2828 2592 2884 2646 in
2906 2591 3140 2646 Psalmis
3165 2607 3176 2643 :
3215 2607 3232 2640 ι
3254 2587 3309 2643 In
3328 2602 3444 2658 pace
3460 2587 3504 2641 in
3523 2585 3671 2654 idipsum

2223 2682 2538 2755 [dormiam]
2565 2682 2626 2748 ¹⁸,
2662 2683 2716 2738 id
2746 2690 2847 2747 est,
2880 2682 2938 2736 in
2967 2680 3350 2752 tranquillitate
3385 2675 3673 2744 contemplatio

2223 2775 2309 2830 nis
2361 2783 2416 2830 et
2468 2775 2676 2830 unitate
2723 2775 2948 2844 spiritus
3001 2773 3181 2828 habeo
3231 2773 3460 2843 quietem.
3497 2767 3676 2832 Parne-

2226 2866 2463 2937 demptio
2485 2866 2699 2936 generis
2712 2865 2954 2932 humani,
2980 2875 3044 2920 ut
3073 2867 3128 2919 in
3147 2864 3314 2920 Isaia:
3350 2882 3369 2914 ι
3392 2862 3529 2918 Pedes
3549 2872 3679 2912 annun-

2226 2959 2414 3013 tiantis
2447 2965 2503 3012 et
2543 2957 2888 3028 praedicantis
2932 2972 3128 3028 pacem
3151 2955 3220 3023 ¹⁹,
3264 2976 3282 3008 ι
3322 2955 3370 3009 id
3410 2961 3505 3017 est,
3538 2949 3678 3003 adortus

2227 3048 2513 3117 cujuslibet
2533 3047 2808 3119 propheta:
2827 3049 3127 3103 humanam
3156 3045 3433 3102 nuntiantis
3457 3039 3678 3108 redemptio-

2228 3157 2377 3198 nem.
2403 3142 2544 3207 Pax,
2569 3141 2905 3212 praadicatio,
2945 3149 3003 3196 ut
3046 3141 3105 3196 in
3141 3140 3360 3197 Psalmis
3385 3157 3396 3192 :
3427 3156 3444 3189 ι
3474 3132 3680 3202 Suscipiunt

2227 3244 2440 3289 montes
2464 3248 2653 3304 pacem
2681 3233 2880 3304 populo
2902 3233 2968 3300 ’⁸,
2999 3252 3018 3284 ι
3051 3233 3105 3289 id
3133 3243 3232 3297 est,
3261 3229 3515 3300 suscipiant
3537 3219 3680 3294 aposloli

2227 3325 2664 3395 praedicationem
2680 3365 2696 3391 ,
2723 3339 2884 3394 quam
2911 3324 3191 3396 proferant
3216 3321 3417 3378 mundo.
3449 3316 3556 3382 Pax,
3576 3311 3680 3384 poeni-

2229 3418 2419 3484 tentia,
2443 3425 2504 3472 ut
2523 3419 2578 3473 in
2616 3416 2820 3472 Paulo:
2855 3435 2874 3468 ι
2903 3415 3184 3472 Nuntiavit
3203 3427 3382 3486 pacem
3419 3411 3475 3466 iis
3504 3404 3682 3477 quiiange

2227 3518 2382 3564 erant
2403 3511 2473 3576 “,
2510 3528 2528 3561 ι
2562 3509 2708 3579 quod
2745 3507 2993 3564 Christus
3021 3516 3082 3563 et
3106 3506 3301 3562 Judaeis
3327 3501 3536 3558 ﬁdelibus
3554 3505 3591 3551 et
3606 3506 3681 3563 gen-

2228 3603 2372 3657 tibus
2403 3599 2708 3656 infidelibus
2732 3599 3106 3669 paenitentiam
3135 3593 3446 3668 praedicavit.
3473 3581 3682 3652 Pas,un

2227 3693 2245 3711 ⁴
2264 3691 2468 3757 futura,
2500 3699 2560 3746 ut
2575 3692 2630 3746 in
2643 3689 2784 3746 libro
2796 3687 2960 3746 Josue
2981 3707 2996 3746 :
3027 3708 3046 3742 ι
3072 3689 3208 3744 Data
3227 3695 3307 3744 est
3331 3699 3425 3757 pax
3443 3682 3484 3736 ei
3507 3680 3548 3734 in
3567 3685 3682 3730 omnes

2225 3801 2326 3856 per
2352 3784 2641 3840 circuitum
2669 3783 2919 3838 nationes
2935 3783 3008 3850 “,
3045 3802 3065 3833 ι
3101 3782 3247 3852 quod
3272 3779 3456 3837 nullam
3472 3770 3630 3832 omnino
3647 3765 3683 3862 ab

2228 3879 2410 3948 aliquo
2437 3877 2594 3932 hoste
2621 3874 3113 3946 perturbationem,
3143 3873 3237 3929 sed
3268 3872 3462 3943 plenam
3484 3878 3560 3935 per
3573 3869 3682 3914 omnia

2229 3971 2286 4026 in
2307 3969 2490 4024 futuro
2519 3967 2678 4023 electi
2704 3967 2982 4022 habebunt
3005 3981 3220 4036 pacem.
3251 3960 3382 4028 Pax,
3402 3953 3588 4017 carnalis
3609 3962 3685 4002 con-

2229 4077 2444 4126 sensus,
2474 4067 2534 4114 ut
2563 4059 2617 4114 in
2647 4057 2940 4129 Evangelio
2964 4075 2977 4110 :
3014 4074 3034 4108 ι
3067 4055 3188 4112 Non
3215 4055 3333 4112 veni
3353 4064 3514 4124 pacem
3533 4044 3683 4134 ιιιίιιειξ,

2229 4155 2325 4210 scd
2353 4153 2590 4224 gladium
2611 4151 2680 4217 ",
2719 4171 2738 4202 ι
2774 4127 2827 4205 id
2852 4159 2955 4216 est,
2987 4149 3115 4206 nolo
3143 4147 3323 4204 fovere
3347 4146 3398 4200 in
3420 4153 3553 4197 carne
3579 4127 3688 4188 molli-

2229 4247 2390 4311 ciem,
2416 4245 2510 4299 sed
2538 4260 2570 4299 a
2595 4255 2760 4298 carne
2784 4242 3203 4314 separationem.
3232 4239 3326 4294 Est
3348 4251 3443 4308 pax
3464 4227 3685 4286 inordinata.

2230 4351 2316 4397 est
2341 4339 2609 4403 simulata,
2647 4346 2732 4394 est
2764 4339 3062 4409 inquinata,
3089 4346 3175 4392 est
3208 4345 3264 4392 et
3303 4332 3541 4418 scelerata.
3559 4319 3686 4418 Prilluv

2229 4433 2604 4504 superborum,
2638 4431 2729 4500 qui
2773 4437 3082 4500 contempto
3122 4427 3394 4498 superiore
3418 4417 3614 4504 obediunt

2232 4497 2446 4591 feriori;
2487 4497 2792 4592 contempto
2829 4497 3080 4577 videlicet
3101 4497 3249 4584 Deo,
3278 4514 3508 4572 obediunt
3527 4497 3687 4596 diabolo;

2234 4625 2544 4688 contempto
2587 4615 2754 4680 ctelo,
2795 4613 3054 4669 obediunt
3093 4610 3326 4675 mundo;
3355 4606 3603 4695 conteml’“.l

2232 4714 2360 4779 ritu,
2391 4710 2649 4766 obediunt
2679 4707 2851 4762 carni.
2897 4704 3167 4771 Secunda,
3210 4698 3503 4772 duplicium,
3535 4693 3602 4779 qui
3623 4693 3689 4779 int-

2227 4773 2488 4875 quitatem
2518 4800 2842 4856 meditantes
2870 4798 2924 4851 in
2954 4796 3118 4851 corde
3161 4809 3286 4857 suo,
3331 4790 3543 4855 labiaque
3575 4773 3688 4875 (Ιοιξιθλ

2225 4862 2486 4950 habentes
2512 4900 2567 4946 ει
2585 4893 2603 4912 ¹
2635 4890 2794 4946 corde
2831 4897 2884 4944 et
2923 4887 3087 4944 corde
3114 4885 3408 4956 loquentes,
3432 4889 3512 4932 ore
3535 4882 3607 4966 suo

2226 4985 2574 5051 nedicebant,
2607 4992 2662 5039 et
2697 4983 2860 5038 corde
2899 4995 2998 5036 suo
3032 4975 3435 5052 maledicebant.
3458 4962 3686 5052 Tertia-int.

2229 5045 2572 5142 mundorum,
2589 5075 2680 5145 qui
2701 5073 2926 5143 turpiter
2939 5045 3219 5142 prostituti
3240 5065 3558 5136 requiescunt,
3571 5045 3690 5146 κίεσίξ

2230 5173 2284 5226 in
2299 5170 2504 5226 fecibus
2527 5168 2656 5223 suis.
2681 5165 2902 5233 Quarta,
2925 5163 3206 5219 rebellium
3227 5167 3282 5216 et
3301 5148 3672 5213 schismaticortlln

2231 5265 2402 5321 amori
2429 5261 2615 5319 sociali
2640 5259 2916 5322 resistunt,
2945 5265 3000 5312 et
3023 5249 3358 5311 universitati
3382 5237 3590 5302 Islcclesi33
3608 5233 3618 5248 ’
3638 5239 3692 5280 ³¹¹⁹

2229 5358 2537 5414 ctoritatem
2565 5339 2970 5410 contradicunt.
3584 5413 3627 5422 ά,

2302 5448 2567 5518 Paciﬁcas
2611 5453 2696 5502 est
2740 5443 3024 5509 Christus,
3065 5448 3123 5496 ut
3171 5440 3226 5493 in
3272 5432 3513 5492 Cantica:
3542 5438 3559 5472 ι
3584 5414 3692 5469 Vinea

3599 5597 3614 5626 ⁸
3631 5587 3693 5645 Job

3347 5659 3534 5736 ﬁgo.
3560 5685 3620 5728 III,

2553 5719 2604 5772 ε.
2625 5691 2742 5762 'xn.
2782 5699 2846 5785 ἐν
2862 5695 3127 5785 ,ὶῖἐοεξηί
3148 5691 3320 5785 διδ-α
3347 5691 3620 5785 ἹιἯξίξἸεῖ
3640 5691 3692 5785 iii
