  <div class='ocr_page' id='page_1' title='image "/cluster/home/n/w/nwhite01/storage/ocr_20150623/112/hvd.32044015685407/514.png"; bbox 0 0 3936 6328; ppageno 0'>
   <div class='ocr_carea' id='block_1_1' title="bbox 297 443 441 502">
    <p class='ocr_par' dir='ltr' id='par_1_1' title="bbox 297 443 441 502">
     <span class='ocr_line' id='line_1_1' title="bbox 297 443 441 502; baseline -0.014 0"><span class='ocrx_word' id='word_1_1' title='bbox 297 443 441 502; x_wconf 79' lang='lat'><strong>1017</strong></span> 
     </span>
    </p>
   </div>
   <div class='ocr_carea' id='block_1_2' title="bbox 1261 372 2606 498">
    <p class='ocr_par' dir='ltr' id='par_1_2' title="bbox 1261 372 2606 498">
     <span class='ocr_line' id='line_1_2' title="bbox 1261 372 2606 498; baseline -0.001 0"><span class='ocrx_word' id='word_1_2' title='bbox 1261 438 1675 498; x_wconf 73' lang='lat' dir='ltr'><strong>ALLEGORLE</strong></span> <span class='ocrx_word' id='word_1_3' title='bbox 1715 438 1783 494; x_wconf 82' lang='lat' dir='ltr'><strong>IN</strong></span> <span class='ocrx_word' id='word_1_4' title='bbox 1822 372 2101 495; x_wconf 37' lang='lat' dir='ltr'><strong>SACRA‘M</strong></span> <span class='ocrx_word' id='word_1_5' title='bbox 2138 437 2606 497; x_wconf 79' lang='lat' dir='ltr'><strong>SCRIPTURAM.</strong></span> 
     </span>
    </p>
   </div>
   <div class='ocr_carea' id='block_1_3' title="bbox 3430 444 3562 500">
    <p class='ocr_par' dir='ltr' id='par_1_3' title="bbox 3430 444 3562 500">
     <span class='ocr_line' id='line_1_3' title="bbox 3430 444 3562 500; baseline -0.008 0"><span class='ocrx_word' id='word_1_6' title='bbox 3430 444 3562 500; x_wconf 76' lang='lat'><strong>1018</strong></span> 
     </span>
    </p>
   </div>
   <div class='ocr_carea' id='block_1_4' title="bbox 299 552 3574 629">
    <p class='ocr_par' dir='ltr' id='par_1_4' title="bbox 299 552 3574 629">
     <span class='ocr_line' id='line_1_4' title="bbox 299 552 3574 629; baseline 0.001 -16"><span class='ocrx_word' id='word_1_7' title='bbox 299 559 404 614; x_wconf 83' lang='lat' dir='ltr'><strong>fuit</strong></span> <span class='ocrx_word' id='word_1_8' title='bbox 448 556 674 629; x_wconf 89' lang='lat' dir='ltr'><strong>paciﬁco</strong></span> <span class='ocrx_word' id='word_1_9' title='bbox 718 556 756 622; x_wconf 75' lang='grc' dir='ltr'>ί,</span> <span class='ocrx_word' id='word_1_10' title='bbox 795 576 812 607; x_wconf 78' lang='grc' dir='ltr'><strong>ι</strong></span> <span class='ocrx_word' id='word_1_11' title='bbox 848 556 991 626; x_wconf 86' lang='lat' dir='ltr'><strong>quod</strong></span> <span class='ocrx_word' id='word_1_12' title='bbox 1031 570 1129 626; x_wconf 90' lang='lat' dir='ltr'><strong>per</strong></span> <span class='ocrx_word' id='word_1_13' title='bbox 1153 557 1332 629; x_wconf 86' lang='lat' dir='ltr'><strong>legem</strong></span> <span class='ocrx_word' id='word_1_14' title='bbox 1360 555 1611 613; x_wconf 76' lang='lat' dir='ltr'><strong>Christus</strong></span> <span class='ocrx_word' id='word_1_15' title='bbox 1644 556 1884 612; x_wconf 74' lang='lat' dir='ltr'><strong>excoluit</strong></span> <span class='ocrx_word' id='word_1_16' title='bbox 1911 558 1964 618; x_wconf 83' lang='grc' dir='ltr'>Α</span> <span class='ocrx_word' id='word_1_17' title='bbox 1988 564 2093 611; x_wconf 87' lang='grc' dir='ltr'>ιεε.</span> <span class='ocrx_word' id='word_1_18' title='bbox 2137 552 2372 610; x_wconf 85' lang='lat' dir='ltr'><strong>Pallium</strong></span> <span class='ocrx_word' id='word_1_19' title='bbox 2394 597 2409 622; x_wconf 96' lang='lat'><strong>,</strong></span> <span class='ocrx_word' id='word_1_20' title='bbox 2433 564 2734 611; x_wconf 79' lang='lat' dir='ltr'><strong>reverentia</strong></span> <span class='ocrx_word' id='word_1_21' title='bbox 2759 596 2773 620; x_wconf 90' lang='lat'><strong>,</strong></span> <span class='ocrx_word' id='word_1_22' title='bbox 2819 564 2881 611; x_wconf 93' lang='lat' dir='ltr'><strong>ut</strong></span> <span class='ocrx_word' id='word_1_23' title='bbox 2913 557 2969 611; x_wconf 90' lang='lat' dir='ltr'><strong>in</strong></span> <span class='ocrx_word' id='word_1_24' title='bbox 2993 557 3194 614; x_wconf 87' lang='lat' dir='ltr'><strong>Genesi</strong></span> <span class='ocrx_word' id='word_1_25' title='bbox 3229 575 3244 612; x_wconf 88' lang='lat'><strong>:</strong></span> <span class='ocrx_word' id='word_1_26' title='bbox 3287 576 3306 611; x_wconf 75' lang='grc' dir='ltr'><strong>ι</strong></span> <span class='ocrx_word' id='word_1_27' title='bbox 3341 559 3574 615; x_wconf 86' lang='lat' dir='ltr'><strong>Pallium</strong></span> 
     </span>
    </p>
   </div>
   <div class='ocr_carea' id='block_1_5' title="bbox 301 647 1884 722">
    <p class='ocr_par' dir='ltr' id='par_1_5' title="bbox 301 647 1884 722">
     <span class='ocr_line' id='line_1_5' title="bbox 301 647 1884 722; baseline -0.004 -16"><span class='ocrx_word' id='word_1_28' title='bbox 301 651 666 722; x_wconf 78' lang='lat' dir='ltr'><strong>Synagogatn.</strong></span> <span class='ocrx_word' id='word_1_29' title='bbox 715 647 980 716; x_wconf 74' lang='lat' dir='ltr'><strong>Paciﬁcas</strong></span> <span class='ocrx_word' id='word_1_30' title='bbox 1009 648 1237 718; x_wconf 75' lang='lat' dir='ltr'><strong>quilibet</strong></span> <span class='ocrx_word' id='word_1_31' title='bbox 1276 658 1524 715; x_wconf 91' lang='lat' dir='ltr'><strong>sanctus,</strong></span> <span class='ocrx_word' id='word_1_32' title='bbox 1553 659 1614 704; x_wconf 95' lang='lat' dir='ltr'><strong>ut</strong></span> <span class='ocrx_word' id='word_1_33' title='bbox 1649 649 1703 703; x_wconf 92' lang='lat' dir='ltr'><strong>in</strong></span> <span class='ocrx_word' id='word_1_34' title='bbox 1733 647 1884 703; x_wconf 81' lang='lat' dir='ltr'><strong>Psal-</strong></span> 
     </span>
    </p>
   </div>
   <div class='ocr_carea' id='block_1_6' title="bbox 299 739 1882 812">
    <p class='ocr_par' dir='ltr' id='par_1_6' title="bbox 299 739 1882 812">
     <span class='ocr_line' id='line_1_6' title="bbox 299 739 1882 812; baseline -0.004 -13"><span class='ocrx_word' id='word_1_35' title='bbox 299 744 408 799; x_wconf 85' lang='lat' dir='ltr'><strong>mis</strong></span> <span class='ocrx_word' id='word_1_36' title='bbox 433 761 445 796; x_wconf 92' lang='lat'><strong>:</strong></span> <span class='ocrx_word' id='word_1_37' title='bbox 471 763 489 794; x_wconf 75' lang='grc' dir='ltr'><strong>ι</strong></span> <span class='ocrx_word' id='word_1_38' title='bbox 508 740 643 798; x_wconf 87' lang='lat' dir='ltr'><strong>Cum</strong></span> <span class='ocrx_word' id='word_1_39' title='bbox 666 739 734 796; x_wconf 91' lang='lat' dir='ltr'><strong>iis</strong></span> <span class='ocrx_word' id='word_1_40' title='bbox 753 740 847 811; x_wconf 87' lang='lat' dir='ltr'><strong>qui</strong></span> <span class='ocrx_word' id='word_1_41' title='bbox 865 741 1098 796; x_wconf 90' lang='lat' dir='ltr'><strong>oderunt</strong></span> <span class='ocrx_word' id='word_1_42' title='bbox 1119 757 1308 810; x_wconf 89' lang='lat' dir='ltr'><strong>pacem</strong></span> <span class='ocrx_word' id='word_1_43' title='bbox 1327 757 1478 797; x_wconf 88' lang='lat' dir='ltr'><strong>eram</strong></span> <span class='ocrx_word' id='word_1_44' title='bbox 1508 740 1768 812; x_wconf 91' lang='lat' dir='ltr'><strong>paciﬁcus</strong></span> <span class='ocrx_word' id='word_1_45' title='bbox 1798 742 1840 806; x_wconf 82' lang='lat'><strong>&#39;,</strong></span> <span class='ocrx_word' id='word_1_46' title='bbox 1863 759 1882 792; x_wconf 81' lang='grc' dir='ltr'><strong>ι</strong></span> 
     </span>
    </p>
   </div>
   <div class='ocr_carea' id='block_1_7' title="bbox 302 833 1888 905">
    <p class='ocr_par' dir='ltr' id='par_1_7' title="bbox 302 833 1888 905">
     <span class='ocr_line' id='line_1_7' title="bbox 302 833 1888 905; baseline -0.001 -16"><span class='ocrx_word' id='word_1_47' title='bbox 302 834 450 905; x_wconf 87' lang='lat' dir='ltr'><strong>quod</strong></span> <span class='ocrx_word' id='word_1_48' title='bbox 478 834 582 889; x_wconf 91' lang='lat' dir='ltr'><strong>viri</strong></span> <span class='ocrx_word' id='word_1_49' title='bbox 607 834 781 889; x_wconf 89' lang='lat' dir='ltr'><strong>sancti</strong></span> <span class='ocrx_word' id='word_1_50' title='bbox 808 833 1157 889; x_wconf 69' lang='lat' dir='ltr'><strong>serenitatem</strong></span> <span class='ocrx_word' id='word_1_51' title='bbox 1188 835 1385 890; x_wconf 90' lang='lat' dir='ltr'><strong>mentis</strong></span> <span class='ocrx_word' id='word_1_52' title='bbox 1418 849 1526 889; x_wconf 91' lang='lat' dir='ltr'><strong>non</strong></span> <span class='ocrx_word' id='word_1_53' title='bbox 1552 834 1727 890; x_wconf 89' lang='lat' dir='ltr'><strong>solum</strong></span> <span class='ocrx_word' id='word_1_54' title='bbox 1755 848 1888 888; x_wconf 91' lang='lat' dir='ltr'><strong>con-</strong></span> 
     </span>
    </p>
   </div>
   <div class='ocr_carea' id='block_1_8' title="bbox 303 926 1891 994">
    <p class='ocr_par' dir='ltr' id='par_1_8' title="bbox 303 926 1891 994">
     <span class='ocr_line' id='line_1_8' title="bbox 303 926 1891 994; baseline 0 -12"><span class='ocrx_word' id='word_1_55' title='bbox 303 936 394 982; x_wconf 88' lang='lat' dir='ltr'><strong>tra</strong></span> <span class='ocrx_word' id='word_1_56' title='bbox 423 927 648 994; x_wconf 90' lang='lat' dir='ltr'><strong>amicos,</strong></span> <span class='ocrx_word' id='word_1_57' title='bbox 685 926 780 983; x_wconf 89' lang='lat' dir='ltr'><strong>sed</strong></span> <span class='ocrx_word' id='word_1_58' title='bbox 817 927 985 982; x_wconf 90' lang='lat' dir='ltr'><strong>etiam</strong></span> <span class='ocrx_word' id='word_1_59' title='bbox 1024 936 1214 983; x_wconf 91' lang='lat' dir='ltr'><strong>contra</strong></span> <span class='ocrx_word' id='word_1_60' title='bbox 1241 928 1492 983; x_wconf 90' lang='lat' dir='ltr'><strong>inimicos</strong></span> <span class='ocrx_word' id='word_1_61' title='bbox 1519 929 1738 984; x_wconf 80' lang='lat' dir='ltr'><strong>habent.</strong></span> <span class='ocrx_word' id='word_1_62' title='bbox 1785 927 1891 982; x_wconf 94' lang='lat' dir='ltr'><strong>Per</strong></span> 
     </span>
    </p>
   </div>
   <div class='ocr_carea' id='block_1_9' title="bbox 301 1018 1889 1091">
    <p class='ocr_par' dir='ltr' id='par_1_9' title="bbox 301 1018 1889 1091">
     <span class='ocr_line' id='line_1_9' title="bbox 301 1018 1889 1091; baseline 0 -17"><span class='ocrx_word' id='word_1_63' title='bbox 301 1020 555 1091; x_wconf 78' lang='lat' dir='ltr'><strong>paciﬁcos</strong></span> <span class='ocrx_word' id='word_1_64' title='bbox 609 1018 994 1090; x_wconf 69' lang='lat' dir='ltr'><strong>praedicatores</strong></span> <span class='ocrx_word' id='word_1_65' title='bbox 1017 1061 1030 1085; x_wconf 96' lang='lat'><strong>,</strong></span> <span class='ocrx_word' id='word_1_66' title='bbox 1079 1028 1139 1074; x_wconf 91' lang='lat' dir='ltr'><strong>ut</strong></span> <span class='ocrx_word' id='word_1_67' title='bbox 1182 1019 1238 1074; x_wconf 92' lang='lat' dir='ltr'><strong>in</strong></span> <span class='ocrx_word' id='word_1_68' title='bbox 1287 1018 1548 1076; x_wconf 89' lang='lat' dir='ltr'><strong>Cantico:</strong></span> <span class='ocrx_word' id='word_1_69' title='bbox 1586 1039 1604 1072; x_wconf 75' lang='grc' dir='ltr'><strong>ι</strong></span> <span class='ocrx_word' id='word_1_70' title='bbox 1639 1020 1782 1074; x_wconf 82' lang='lat' dir='ltr'><strong>Mille</strong></span> <span class='ocrx_word' id='word_1_71' title='bbox 1813 1019 1889 1074; x_wconf 91' lang='lat' dir='ltr'><strong>tni</strong></span> 
     </span>
    </p>
   </div>
   <div class='ocr_carea' id='block_1_10' title="bbox 301 1109 1890 1183">
    <p class='ocr_par' dir='ltr' id='par_1_10' title="bbox 301 1109 1890 1183">
     <span class='ocr_line' id='line_1_10' title="bbox 301 1109 1890 1183; baseline 0.001 -17"><span class='ocrx_word' id='word_1_72' title='bbox 301 1109 519 1183; x_wconf 89' lang='lat' dir='ltr'><strong>paciﬁci</strong></span> <span class='ocrx_word' id='word_1_73' title='bbox 540 1110 586 1176; x_wconf 90' lang='grc'>³,</span> <span class='ocrx_word' id='word_1_74' title='bbox 621 1110 825 1180; x_wconf 51' lang='lat' dir='ltr'><strong>pquud</strong></span> <span class='ocrx_word' id='word_1_75' title='bbox 855 1111 1030 1166; x_wconf 85' lang='lat' dir='ltr'><strong>sancti</strong></span> <span class='ocrx_word' id='word_1_76' title='bbox 1057 1110 1442 1180; x_wconf 83' lang='lat' dir='ltr'><strong>praedicatores</strong></span> <span class='ocrx_word' id='word_1_77' title='bbox 1485 1111 1578 1181; x_wconf 88' lang='lat' dir='ltr'><strong>qui</strong></span> <span class='ocrx_word' id='word_1_78' title='bbox 1632 1110 1890 1167; x_wconf 64' lang='lat' dir='ltr'><strong>Ecclesia:</strong></span> 
     </span>
    </p>
   </div>
   <div class='ocr_carea' id='block_1_11' title="bbox 300 1204 1888 1276">
    <p class='ocr_par' dir='ltr' id='par_1_11' title="bbox 300 1204 1888 1276">
     <span class='ocr_line' id='line_1_11' title="bbox 300 1204 1888 1276; baseline 0 -16"><span class='ocrx_word' id='word_1_79' title='bbox 300 1219 497 1274; x_wconf 90' lang='lat' dir='ltr'><strong>pacem</strong></span> <span class='ocrx_word' id='word_1_80' title='bbox 547 1204 832 1270; x_wconf 91' lang='lat' dir='ltr'><strong>nuntiant,</strong></span> <span class='ocrx_word' id='word_1_81' title='bbox 877 1204 1268 1276; x_wconf 90' lang='lat' dir='ltr'><strong>perfectionem</strong></span> <span class='ocrx_word' id='word_1_82' title='bbox 1311 1205 1592 1276; x_wconf 84' lang='lat' dir='ltr'><strong>possident</strong></span> <span class='ocrx_word' id='word_1_83' title='bbox 1636 1205 1888 1272; x_wconf 89' lang='lat' dir='ltr'><strong>virtutis,</strong></span> 
     </span>
    </p>
   </div>
   <div class='ocr_carea' id='block_1_12' title="bbox 302 1295 1892 1367">
    <p class='ocr_par' dir='ltr' id='par_1_12' title="bbox 302 1295 1892 1367">
     <span class='ocr_line' id='line_1_12' title="bbox 302 1295 1892 1367; baseline -0.003 -14"><span class='ocrx_word' id='word_1_84' title='bbox 302 1298 453 1367; x_wconf 90' lang='lat' dir='ltr'><strong>quod</strong></span> <span class='ocrx_word' id='word_1_85' title='bbox 489 1295 829 1353; x_wconf 90' lang='lat' dir='ltr'><strong>millenarius</strong></span> <span class='ocrx_word' id='word_1_86' title='bbox 866 1309 1124 1351; x_wconf 89' lang='lat' dir='ltr'><strong>numerus</strong></span> <span class='ocrx_word' id='word_1_87' title='bbox 1151 1295 1422 1367; x_wconf 82' lang='lat' dir='ltr'><strong>perlectus</strong></span> <span class='ocrx_word' id='word_1_88' title='bbox 1448 1304 1551 1352; x_wconf 90' lang='lat' dir='ltr'><strong>est.</strong></span> <span class='ocrx_word' id='word_1_89' title='bbox 1579 1295 1684 1350; x_wconf 86' lang='lat' dir='ltr'><strong>Per</strong></span> <span class='ocrx_word' id='word_1_90' title='bbox 1705 1296 1892 1366; x_wconf 81' lang='lat' dir='ltr'><strong>paciﬁ-</strong></span> 
     </span>
    </p>
   </div>
   <div class='ocr_carea' id='block_1_13' title="bbox 301 1389 1890 1460">
    <p class='ocr_par' dir='ltr' id='par_1_13' title="bbox 301 1389 1890 1460">
     <span class='ocr_line' id='line_1_13' title="bbox 301 1389 1890 1460; baseline 0.001 -16"><span class='ocrx_word' id='word_1_91' title='bbox 301 1407 394 1446; x_wconf 93' lang='lat' dir='ltr'><strong>cos</strong></span> <span class='ocrx_word' id='word_1_92' title='bbox 441 1399 714 1446; x_wconf 86' lang='lat' dir='ltr'><strong>amatores</strong></span> <span class='ocrx_word' id='word_1_93' title='bbox 758 1391 1093 1457; x_wconf 62' lang='lat' dir='ltr'><strong>concordiae,</strong></span> <span class='ocrx_word' id='word_1_94' title='bbox 1135 1398 1196 1445; x_wconf 93' lang='lat' dir='ltr'><strong>ut</strong></span> <span class='ocrx_word' id='word_1_95' title='bbox 1228 1391 1282 1445; x_wconf 90' lang='lat' dir='ltr'><strong>in</strong></span> <span class='ocrx_word' id='word_1_96' title='bbox 1322 1389 1696 1460; x_wconf 77' lang='lat' dir='ltr'><strong>Evangelio:‘</strong></span> <span class='ocrx_word' id='word_1_97' title='bbox 1727 1407 1747 1440; x_wconf 72' lang='grc' dir='ltr'><strong>ι</strong></span> <span class='ocrx_word' id='word_1_98' title='bbox 1795 1389 1890 1445; x_wconf 90' lang='lat' dir='ltr'><strong>Dei</strong></span> 
     </span>
    </p>
   </div>
   <div class='ocr_carea' id='block_1_14' title="bbox 299 1482 1890 1552">
    <p class='ocr_par' dir='ltr' id='par_1_14' title="bbox 299 1482 1890 1552">
     <span class='ocr_line' id='line_1_14' title="bbox 299 1482 1890 1552; baseline -0.001 -15"><span class='ocrx_word' id='word_1_99' title='bbox 299 1483 544 1552; x_wconf 88' lang='lat' dir='ltr'><strong>paciﬁci,</strong></span> <span class='ocrx_word' id='word_1_100' title='bbox 575 1503 594 1535; x_wconf 76' lang='grc' dir='ltr'><strong>ι</strong></span> <span class='ocrx_word' id='word_1_101' title='bbox 633 1483 683 1538; x_wconf 94' lang='lat' dir='ltr'><strong>id</strong></span> <span class='ocrx_word' id='word_1_102' title='bbox 723 1491 825 1548; x_wconf 89' lang='lat' dir='ltr'><strong>est,</strong></span> <span class='ocrx_word' id='word_1_103' title='bbox 872 1490 1146 1538; x_wconf 88' lang='lat' dir='ltr'><strong>amatores</strong></span> <span class='ocrx_word' id='word_1_104' title='bbox 1187 1482 1529 1549; x_wconf 63' lang='lat' dir='ltr'><strong>concordiae,</strong></span> <span class='ocrx_word' id='word_1_105' title='bbox 1573 1501 1591 1532; x_wconf 75' lang='grc' dir='ltr'><strong>ι</strong></span> <span class='ocrx_word' id='word_1_106' title='bbox 1635 1482 1890 1552; x_wconf 84' lang='lat' dir='ltr'><strong>quoniam</strong></span> 
     </span>
    </p>
   </div>
   <div class='ocr_carea' id='block_1_15' title="bbox 304 1574 1005 1630">
    <p class='ocr_par' dir='ltr' id='par_1_15' title="bbox 304 1574 1005 1630">
     <span class='ocr_line' id='line_1_15' title="bbox 304 1574 1005 1630; baseline -0.001 -2"><span class='ocrx_word' id='word_1_107' title='bbox 304 1575 403 1629; x_wconf 83' lang='lat' dir='ltr'><strong>lilii</strong></span> <span class='ocrx_word' id='word_1_108' title='bbox 431 1575 526 1630; x_wconf 87' lang='lat' dir='ltr'><strong>Dei</strong></span> <span class='ocrx_word' id='word_1_109' title='bbox 550 1575 887 1630; x_wconf 87' lang='lat' dir='ltr'><strong>vocabuntur</strong></span> <span class='ocrx_word' id='word_1_110' title='bbox 907 1574 948 1630; x_wconf 68' lang='grc'><strong>⁸.</strong></span> <span class='ocrx_word' id='word_1_111' title='bbox 986 1593 1005 1627; x_wconf 75' lang='grc' dir='ltr'><strong>ι</strong></span> 
     </span>
    </p>
   </div>
   <div class='ocr_carea' id='block_1_16' title="bbox 384 1666 1892 1738">
    <p class='ocr_par' dir='ltr' id='par_1_16' title="bbox 384 1666 1892 1738">
     <span class='ocr_line' id='line_1_16' title="bbox 384 1666 1892 1738; baseline 0.003 -18"><span class='ocrx_word' id='word_1_112' title='bbox 384 1666 575 1722; x_wconf 90' lang='lat' dir='ltr'><strong>Palma</strong></span> <span class='ocrx_word' id='word_1_113' title='bbox 624 1677 706 1724; x_wconf 89' lang='lat' dir='ltr'><strong>est</strong></span> <span class='ocrx_word' id='word_1_114' title='bbox 747 1669 1011 1736; x_wconf 89' lang='lat' dir='ltr'><strong>Ecclesia,</strong></span> <span class='ocrx_word' id='word_1_115' title='bbox 1043 1669 1178 1724; x_wconf 87' lang='lat' dir='ltr'><strong>utin</strong></span> <span class='ocrx_word' id='word_1_116' title='bbox 1212 1668 1314 1725; x_wconf 88' lang='lat' dir='ltr'><strong>Job</strong></span> <span class='ocrx_word' id='word_1_117' title='bbox 1342 1687 1356 1726; x_wconf 91' lang='lat'><strong>:</strong></span> <span class='ocrx_word' id='word_1_118' title='bbox 1388 1689 1406 1722; x_wconf 86' lang='grc'><strong><em>‹</em></strong></span> <span class='ocrx_word' id='word_1_119' title='bbox 1441 1669 1511 1726; x_wconf 88' lang='grc' dir='ltr'><strong>Ει</strong></span> <span class='ocrx_word' id='word_1_120' title='bbox 1548 1669 1689 1726; x_wconf 90' lang='lat' dir='ltr'><strong>sicut</strong></span> <span class='ocrx_word' id='word_1_121' title='bbox 1715 1669 1892 1738; x_wconf 90' lang='lat' dir='ltr'><strong>palma</strong></span> 
     </span>
    </p>
   </div>
   <div class='ocr_carea' id='block_1_17' title="bbox 306 1758 1893 1832">
    <p class='ocr_par' dir='ltr' id='par_1_17' title="bbox 306 1758 1893 1832">
     <span class='ocr_line' id='line_1_17' title="bbox 306 1758 1893 1832; baseline 0.002 -19"><span class='ocrx_word' id='word_1_122' title='bbox 306 1758 682 1830; x_wconf 88' lang='lat' dir='ltr'><strong>multiplicabo</strong></span> <span class='ocrx_word' id='word_1_123' title='bbox 727 1761 840 1816; x_wconf 92' lang='lat' dir='ltr'><strong>dies</strong></span> <span class='ocrx_word' id='word_1_124' title='bbox 865 1761 908 1827; x_wconf 81' lang='grc'>⁸,</span> <span class='ocrx_word' id='word_1_125' title='bbox 947 1780 966 1812; x_wconf 77' lang='grc' dir='ltr'><strong>ι</strong></span> <span class='ocrx_word' id='word_1_126' title='bbox 1019 1761 1164 1832; x_wconf 89' lang='lat' dir='ltr'><strong>quod</strong></span> <span class='ocrx_word' id='word_1_127' title='bbox 1210 1770 1398 1818; x_wconf 89' lang='lat' dir='ltr'><strong>sancta</strong></span> <span class='ocrx_word' id='word_1_128' title='bbox 1446 1762 1686 1818; x_wconf 89' lang='lat' dir='ltr'><strong>Ecclesia</strong></span> <span class='ocrx_word' id='word_1_129' title='bbox 1735 1763 1893 1817; x_wconf 83' lang='lat' dir='ltr'><strong>intel-</strong></span> 
     </span>
    </p>
   </div>
   <div class='ocr_carea' id='block_1_18' title="bbox 303 1849 1890 1911">
    <p class='ocr_par' dir='ltr' id='par_1_18' title="bbox 303 1849 1890 1911">
     <span class='ocr_line' id='line_1_18' title="bbox 303 1849 1890 1911; baseline 0.005 -8"><span class='ocrx_word' id='word_1_130' title='bbox 303 1849 482 1905; x_wconf 88' lang='lat' dir='ltr'><strong>lectus</strong></span> <span class='ocrx_word' id='word_1_131' title='bbox 508 1851 845 1908; x_wconf 89' lang='lat' dir='ltr'><strong>incrementa</strong></span> <span class='ocrx_word' id='word_1_132' title='bbox 874 1853 1391 1909; x_wconf 57' lang='lat' dir='ltr'><strong>interna-claritatis</strong></span> <span class='ocrx_word' id='word_1_133' title='bbox 1434 1855 1489 1909; x_wconf 90' lang='lat' dir='ltr'><strong>in</strong></span> <span class='ocrx_word' id='word_1_134' title='bbox 1530 1855 1658 1909; x_wconf 86' lang='lat' dir='ltr'><strong>viris</strong></span> <span class='ocrx_word' id='word_1_135' title='bbox 1686 1856 1890 1911; x_wconf 90' lang='lat' dir='ltr'><strong>sanctis</strong></span> 
     </span>
    </p>
   </div>
   <div class='ocr_carea' id='block_1_19' title="bbox 1994 647 3570 719">
    <p class='ocr_par' dir='ltr' id='par_1_19' title="bbox 1994 647 3570 719">
     <span class='ocr_line' id='line_1_19' title="bbox 1994 647 3570 719; baseline 0.003 -16"><span class='ocrx_word' id='word_1_136' title='bbox 1994 650 2368 718; x_wconf 89' lang='lat' dir='ltr'><strong>imposuerunt</strong></span> <span class='ocrx_word' id='word_1_137' title='bbox 2395 649 2636 704; x_wconf 88' lang='lat' dir='ltr'><strong>humeris</strong></span> <span class='ocrx_word' id='word_1_138' title='bbox 2664 647 2782 716; x_wconf 87' lang='lat' dir='ltr'><strong>ejus</strong></span> <span class='ocrx_word' id='word_1_139' title='bbox 2804 648 2869 714; x_wconf 73' lang='grc' dir='ltr'><strong>ίτ,</strong></span> <span class='ocrx_word' id='word_1_140' title='bbox 2909 669 2928 699; x_wconf 75' lang='grc' dir='ltr'><strong>ι</strong></span> <span class='ocrx_word' id='word_1_141' title='bbox 2973 650 3119 719; x_wconf 90' lang='lat' dir='ltr'><strong>quod</strong></span> <span class='ocrx_word' id='word_1_142' title='bbox 3145 647 3440 706; x_wconf 88' lang='lat' dir='ltr'><strong>Christiani</strong></span> <span class='ocrx_word' id='word_1_143' title='bbox 3484 652 3570 707; x_wconf 90' lang='lat' dir='ltr'><strong>in-</strong></span> 
     </span>
    </p>
   </div>
   <div class='ocr_carea' id='block_1_20' title="bbox 1991 738 3576 810">
    <p class='ocr_par' dir='ltr' id='par_1_20' title="bbox 1991 738 3576 810">
     <span class='ocr_line' id='line_1_20' title="bbox 1991 738 3576 810; baseline 0.003 -16"><span class='ocrx_word' id='word_1_144' title='bbox 1991 739 2149 794; x_wconf 89' lang='lat' dir='ltr'><strong>ﬁrma</strong></span> <span class='ocrx_word' id='word_1_145' title='bbox 2179 740 2533 794; x_wconf 89' lang='lat' dir='ltr'><strong>humanitatis</strong></span> <span class='ocrx_word' id='word_1_146' title='bbox 2571 747 2863 810; x_wconf 67' lang='lat' dir='ltr'><strong>assumpta:</strong></span> <span class='ocrx_word' id='word_1_147' title='bbox 2895 739 2952 794; x_wconf 89' lang='lat' dir='ltr'><strong>in</strong></span> <span class='ocrx_word' id='word_1_148' title='bbox 2992 738 3212 798; x_wconf 83' lang='lat' dir='ltr'><strong>Christo</strong></span> <span class='ocrx_word' id='word_1_149' title='bbox 3259 752 3576 798; x_wconf 87' lang='lat' dir='ltr'><strong>reverenter</strong></span> 
     </span>
    </p>
   </div>
   <div class='ocr_carea' id='block_1_21' title="bbox 1993 830 3570 902">
    <p class='ocr_par' dir='ltr' id='par_1_21' title="bbox 1993 830 3570 902">
     <span class='ocr_line' id='line_1_21' title="bbox 1993 830 3570 902; baseline 0.002 -15"><span class='ocrx_word' id='word_1_150' title='bbox 1993 833 2281 888; x_wconf 89' lang='lat' dir='ltr'><strong>honorant.</strong></span> <span class='ocrx_word' id='word_1_151' title='bbox 2317 830 2573 900; x_wconf 82' lang='lat' dir='ltr'><strong>Pallium,</strong></span> <span class='ocrx_word' id='word_1_152' title='bbox 2604 835 2621 853; x_wconf 85' lang='lat'><strong>&#39;</strong></span> <span class='ocrx_word' id='word_1_153' title='bbox 2652 833 2967 902; x_wconf 74' lang='lat' dir='ltr'><strong>iucunditas</strong></span> <span class='ocrx_word' id='word_1_154' title='bbox 2994 834 3196 902; x_wconf 89' lang='lat' dir='ltr'><strong>cordis,</strong></span> <span class='ocrx_word' id='word_1_155' title='bbox 3224 843 3286 890; x_wconf 91' lang='lat' dir='ltr'><strong>ut</strong></span> <span class='ocrx_word' id='word_1_156' title='bbox 3310 836 3365 890; x_wconf 89' lang='lat' dir='ltr'><strong>in</strong></span> <span class='ocrx_word' id='word_1_157' title='bbox 3390 835 3530 891; x_wconf 88' lang='lat' dir='ltr'><strong>Isaia</strong></span> <span class='ocrx_word' id='word_1_158' title='bbox 3557 855 3570 890; x_wconf 92' lang='lat'><strong>:</strong></span> 
     </span>
    </p>
   </div>
   <div class='ocr_carea' id='block_1_22' title="bbox 1999 923 3576 996">
    <p class='ocr_par' dir='ltr' id='par_1_22' title="bbox 1999 923 3576 996">
     <span class='ocr_line' id='line_1_22' title="bbox 1999 923 3576 996; baseline 0.004 -20"><span class='ocrx_word' id='word_1_159' title='bbox 1999 943 2018 976; x_wconf 86' lang='grc'><em>‹</em></span> <span class='ocrx_word' id='word_1_160' title='bbox 2037 923 2267 979; x_wconf 89' lang='lat' dir='ltr'><strong>Pallium</strong></span> <span class='ocrx_word' id='word_1_161' title='bbox 2285 923 2460 979; x_wconf 91' lang='lat' dir='ltr'><strong>laudis</strong></span> <span class='ocrx_word' id='word_1_162' title='bbox 2472 939 2570 996; x_wconf 89' lang='lat' dir='ltr'><strong>pro</strong></span> <span class='ocrx_word' id='word_1_163' title='bbox 2586 924 2780 995; x_wconf 90' lang='lat' dir='ltr'><strong>spiritu</strong></span> <span class='ocrx_word' id='word_1_164' title='bbox 2805 927 3058 981; x_wconf 66' lang='lat' dir='ltr'><strong>maeroris</strong></span> <span class='ocrx_word' id='word_1_165' title='bbox 3079 926 3144 993; x_wconf 69' lang='grc' dir='ltr'>η,</span> <span class='ocrx_word' id='word_1_166' title='bbox 3177 946 3196 978; x_wconf 89' lang='grc'><strong>›</strong></span> <span class='ocrx_word' id='word_1_167' title='bbox 3223 927 3279 982; x_wconf 90' lang='lat' dir='ltr'><strong>id</strong></span> <span class='ocrx_word' id='word_1_168' title='bbox 3303 935 3409 994; x_wconf 90' lang='lat' dir='ltr'><strong>est,</strong></span> <span class='ocrx_word' id='word_1_169' title='bbox 3435 928 3576 984; x_wconf 86' lang='lat' dir='ltr'><strong>dabo</strong></span> 
     </span>
    </p>
   </div>
   <div class='ocr_carea' id='block_1_23' title="bbox 1992 1016 3572 1087">
    <p class='ocr_par' dir='ltr' id='par_1_23' title="bbox 1992 1016 3572 1087">
     <span class='ocr_line' id='line_1_23' title="bbox 1992 1016 3572 1087; baseline 0 -15"><span class='ocrx_word' id='word_1_170' title='bbox 1992 1017 2148 1074; x_wconf 83' lang='lat' dir='ltr'><strong>vobis</strong></span> <span class='ocrx_word' id='word_1_171' title='bbox 2171 1016 2617 1084; x_wconf 80' lang='lat' dir='ltr'><strong>exsultationem,</strong></span> <span class='ocrx_word' id='word_1_172' title='bbox 2663 1017 2757 1087; x_wconf 89' lang='lat' dir='ltr'><strong>qui</strong></span> <span class='ocrx_word' id='word_1_173' title='bbox 2801 1018 2952 1087; x_wconf 90' lang='lat' dir='ltr'><strong>prius</strong></span> <span class='ocrx_word' id='word_1_174' title='bbox 2999 1019 3054 1072; x_wconf 90' lang='lat' dir='ltr'><strong>in</strong></span> <span class='ocrx_word' id='word_1_175' title='bbox 3100 1018 3323 1074; x_wconf 85' lang='lat' dir='ltr'><strong>tristitia</strong></span> <span class='ocrx_word' id='word_1_176' title='bbox 3373 1017 3572 1074; x_wconf 78' lang='lat' dir='ltr'><strong>fuistis.</strong></span> 
     </span>
    </p>
   </div>
   <div class='ocr_carea' id='block_1_24' title="bbox 1993 1109 3577 1183">
    <p class='ocr_par' dir='ltr' id='par_1_24' title="bbox 1993 1109 3577 1183">
     <span class='ocr_line' id='line_1_24' title="bbox 1993 1109 3577 1183; baseline -0.001 -18"><span class='ocrx_word' id='word_1_177' title='bbox 1993 1109 2260 1180; x_wconf 84' lang='lat' dir='ltr'><strong>Pallium,</strong></span> <span class='ocrx_word' id='word_1_178' title='bbox 2285 1112 2630 1183; x_wconf 69' lang='lat' dir='ltr'><strong>pmnitentia,</strong></span> <span class='ocrx_word' id='word_1_179' title='bbox 2658 1120 2720 1166; x_wconf 92' lang='lat' dir='ltr'><strong>ut</strong></span> <span class='ocrx_word' id='word_1_180' title='bbox 2750 1112 2807 1166; x_wconf 88' lang='lat' dir='ltr'><strong>in</strong></span> <span class='ocrx_word' id='word_1_181' title='bbox 2833 1111 3033 1168; x_wconf 88' lang='lat' dir='ltr'><strong>Genesi</strong></span> <span class='ocrx_word' id='word_1_182' title='bbox 3062 1128 3076 1164; x_wconf 90' lang='lat'>:</span> <span class='ocrx_word' id='word_1_183' title='bbox 3116 1132 3135 1164; x_wconf 76' lang='grc' dir='ltr'><strong>ι</strong></span> <span class='ocrx_word' id='word_1_184' title='bbox 3170 1109 3290 1166; x_wconf 86' lang='lat' dir='ltr'><strong>Cito</strong></span> <span class='ocrx_word' id='word_1_185' title='bbox 3311 1110 3433 1165; x_wconf 90' lang='lat' dir='ltr'><strong>tulit</strong></span> <span class='ocrx_word' id='word_1_186' title='bbox 3463 1109 3577 1182; x_wconf 89' lang='lat' dir='ltr'><strong>pal-</strong></span> 
     </span>
    </p>
   </div>
   <div class='ocr_carea' id='block_1_25' title="bbox 1993 1205 3579 1278">
    <p class='ocr_par' dir='ltr' id='par_1_25' title="bbox 1993 1205 3579 1278">
     <span class='ocr_line' id='line_1_25' title="bbox 1993 1205 3579 1278; baseline -0.002 -17"><span class='ocrx_word' id='word_1_187' title='bbox 1993 1205 2128 1262; x_wconf 91' lang='lat' dir='ltr'><strong>lium</strong></span> <span class='ocrx_word' id='word_1_188' title='bbox 2158 1222 2337 1273; x_wconf 92' lang='lat' dir='ltr'><strong>suum,</strong></span> <span class='ocrx_word' id='word_1_189' title='bbox 2366 1214 2422 1262; x_wconf 89' lang='lat' dir='ltr'><strong>et</strong></span> <span class='ocrx_word' id='word_1_190' title='bbox 2441 1206 2654 1276; x_wconf 84' lang='lat' dir='ltr'><strong>operuit</strong></span> <span class='ocrx_word' id='word_1_191' title='bbox 2681 1222 2741 1262; x_wconf 89' lang='lat' dir='ltr'><strong>se</strong></span> <span class='ocrx_word' id='word_1_192' title='bbox 2765 1206 2829 1273; x_wconf 76' lang='grc'><strong>⁸³,</strong></span> <span class='ocrx_word' id='word_1_193' title='bbox 2869 1226 2887 1258; x_wconf 79' lang='grc' dir='ltr'><strong>ι</strong></span> <span class='ocrx_word' id='word_1_194' title='bbox 2923 1207 3068 1278; x_wconf 87' lang='lat' dir='ltr'><strong>quod</strong></span> <span class='ocrx_word' id='word_1_195' title='bbox 3100 1205 3344 1262; x_wconf 85' lang='lat' dir='ltr'><strong>Ecclesia</strong></span> <span class='ocrx_word' id='word_1_196' title='bbox 3365 1205 3432 1260; x_wconf 92' lang='lat' dir='ltr'><strong>de</strong></span> <span class='ocrx_word' id='word_1_197' title='bbox 3453 1219 3579 1274; x_wconf 86' lang='lat' dir='ltr'><strong>gen-</strong></span> 
     </span>
    </p>
   </div>
   <div class='ocr_carea' id='block_1_26' title="bbox 1992 1297 3580 1369">
    <p class='ocr_par' dir='ltr' id='par_1_26' title="bbox 1992 1297 3580 1369">
     <span class='ocr_line' id='line_1_26' title="bbox 1992 1297 3580 1369; baseline -0.003 -14"><span class='ocrx_word' id='word_1_198' title='bbox 1992 1300 2158 1366; x_wconf 90' lang='lat' dir='ltr'><strong>tibus,</strong></span> <span class='ocrx_word' id='word_1_199' title='bbox 2185 1299 2368 1354; x_wconf 90' lang='lat' dir='ltr'><strong>statim</strong></span> <span class='ocrx_word' id='word_1_200' title='bbox 2398 1305 2460 1353; x_wconf 90' lang='lat' dir='ltr'><strong>ut</strong></span> <span class='ocrx_word' id='word_1_201' title='bbox 2485 1314 2585 1369; x_wconf 91' lang='lat' dir='ltr'><strong>per</strong></span> <span class='ocrx_word' id='word_1_202' title='bbox 2606 1297 2767 1353; x_wconf 91' lang='lat' dir='ltr'><strong>ﬁdem</strong></span> <span class='ocrx_word' id='word_1_203' title='bbox 2796 1299 3068 1369; x_wconf 80' lang='lat' dir='ltr'><strong>cognovit,</strong></span> <span class='ocrx_word' id='word_1_204' title='bbox 3097 1298 3298 1369; x_wconf 89' lang='lat' dir='ltr'><strong>prioris</strong></span> <span class='ocrx_word' id='word_1_205' title='bbox 3351 1310 3580 1352; x_wconf 88' lang='lat' dir='ltr'><strong>conver-</strong></span> 
     </span>
    </p>
   </div>
   <div class='ocr_carea' id='block_1_27' title="bbox 1993 1389 3574 1462">
    <p class='ocr_par' dir='ltr' id='par_1_27' title="bbox 1993 1389 3574 1462">
     <span class='ocr_line' id='line_1_27' title="bbox 1993 1389 3574 1462; baseline -0.004 -14"><span class='ocrx_word' id='word_1_206' title='bbox 1993 1392 2220 1448; x_wconf 90' lang='lat' dir='ltr'><strong>sationis</strong></span> <span class='ocrx_word' id='word_1_207' title='bbox 2273 1405 2384 1448; x_wconf 65' lang='lat' dir='ltr'><strong>sua:</strong></span> <span class='ocrx_word' id='word_1_208' title='bbox 2442 1391 2767 1462; x_wconf 87' lang='lat' dir='ltr'><strong>pravitatem</strong></span> <span class='ocrx_word' id='word_1_209' title='bbox 2821 1405 2920 1461; x_wconf 88' lang='lat' dir='ltr'><strong>per</strong></span> <span class='ocrx_word' id='word_1_210' title='bbox 2973 1391 3356 1460; x_wconf 61' lang='lat' dir='ltr'><strong>paenitentiam</strong></span> <span class='ocrx_word' id='word_1_211' title='bbox 3418 1389 3574 1444; x_wconf 85' lang='lat' dir='ltr'><strong>texit.</strong></span> 
     </span>
    </p>
   </div>
   <div class='ocr_carea' id='block_1_28' title="bbox 1993 1479 3579 1550">
    <p class='ocr_par' dir='ltr' id='par_1_28' title="bbox 1993 1479 3579 1550">
     <span class='ocr_line' id='line_1_28' title="bbox 1993 1479 3579 1550; baseline -0.003 -13"><span class='ocrx_word' id='word_1_212' title='bbox 1993 1482 2264 1550; x_wconf 86' lang='lat' dir='ltr'><strong>Pallium,</strong></span> <span class='ocrx_word' id='word_1_213' title='bbox 2295 1482 2580 1549; x_wconf 81' lang='lat' dir='ltr'><strong>auxilium,</strong></span> <span class='ocrx_word' id='word_1_214' title='bbox 2618 1493 2678 1538; x_wconf 88' lang='lat' dir='ltr'><strong>ut</strong></span> <span class='ocrx_word' id='word_1_215' title='bbox 2722 1483 2778 1537; x_wconf 89' lang='lat' dir='ltr'><strong>in</strong></span> <span class='ocrx_word' id='word_1_216' title='bbox 2820 1480 3140 1538; x_wconf 89' lang='lat' dir='ltr'><strong>Parabolis:</strong></span> <span class='ocrx_word' id='word_1_217' title='bbox 3175 1500 3197 1534; x_wconf 74' lang='grc' dir='ltr'>ί</span> <span class='ocrx_word' id='word_1_218' title='bbox 3233 1480 3336 1548; x_wconf 86' lang='lat' dir='ltr'><strong>Qui</strong></span> <span class='ocrx_word' id='word_1_219' title='bbox 3377 1479 3579 1535; x_wconf 85' lang='lat' dir='ltr'><strong>amittit</strong></span> 
     </span>
    </p>
   </div>
   <div class='ocr_carea' id='block_1_29' title="bbox 1991 1572 3581 1647">
    <p class='ocr_par' dir='ltr' id='par_1_29' title="bbox 1991 1572 3581 1647">
     <span class='ocr_line' id='line_1_29' title="bbox 1991 1572 3581 1647; baseline -0.003 -17"><span class='ocrx_word' id='word_1_220' title='bbox 1991 1575 2215 1646; x_wconf 91' lang='lat' dir='ltr'><strong>pallium</strong></span> <span class='ocrx_word' id='word_1_221' title='bbox 2245 1576 2302 1630; x_wconf 93' lang='lat' dir='ltr'><strong>in</strong></span> <span class='ocrx_word' id='word_1_222' title='bbox 2347 1576 2435 1630; x_wconf 92' lang='lat' dir='ltr'><strong>die</strong></span> <span class='ocrx_word' id='word_1_223' title='bbox 2483 1575 2705 1647; x_wconf 79' lang='lat' dir='ltr'><strong>frigoris</strong></span> <span class='ocrx_word' id='word_1_224' title='bbox 2725 1575 2794 1640; x_wconf 78' lang='lat'><strong>’°,</strong></span> <span class='ocrx_word' id='word_1_225' title='bbox 2830 1593 2850 1627; x_wconf 72' lang='grc' dir='ltr'><strong>ι</strong></span> <span class='ocrx_word' id='word_1_226' title='bbox 2877 1574 2931 1630; x_wconf 92' lang='lat' dir='ltr'><strong>id</strong></span> <span class='ocrx_word' id='word_1_227' title='bbox 2974 1583 3090 1641; x_wconf 90' lang='lat' dir='ltr'><strong>est,</strong></span> <span class='ocrx_word' id='word_1_228' title='bbox 3126 1575 3219 1644; x_wconf 89' lang='lat' dir='ltr'><strong>qui</strong></span> <span class='ocrx_word' id='word_1_229' title='bbox 3255 1589 3362 1629; x_wconf 92' lang='lat' dir='ltr'><strong>non</strong></span> <span class='ocrx_word' id='word_1_230' title='bbox 3417 1572 3581 1628; x_wconf 85' lang='lat' dir='ltr'><strong>habet</strong></span> 
     </span>
    </p>
   </div>
   <div class='ocr_carea' id='block_1_30' title="bbox 1993 1665 3580 1739">
    <p class='ocr_par' dir='ltr' id='par_1_30' title="bbox 1993 1665 3580 1739">
     <span class='ocr_line' id='line_1_30' title="bbox 1993 1665 3580 1739; baseline -0.003 -15"><span class='ocrx_word' id='word_1_231' title='bbox 1993 1669 2253 1724; x_wconf 86' lang='lat' dir='ltr'><strong>auxilium</strong></span> <span class='ocrx_word' id='word_1_232' title='bbox 2299 1670 2355 1724; x_wconf 90' lang='lat' dir='ltr'><strong>in</strong></span> <span class='ocrx_word' id='word_1_233' title='bbox 2385 1679 2627 1739; x_wconf 90' lang='lat' dir='ltr'><strong>tempore</strong></span> <span class='ocrx_word' id='word_1_234' title='bbox 2655 1667 3017 1724; x_wconf 86' lang='lat' dir='ltr'><strong>necessitatis.</strong></span> <span class='ocrx_word' id='word_1_235' title='bbox 3044 1665 3300 1732; x_wconf 89' lang='lat' dir='ltr'><strong>Pallium,</strong></span> <span class='ocrx_word' id='word_1_236' title='bbox 3329 1666 3580 1721; x_wconf 89' lang='lat' dir='ltr'><strong>conside-</strong></span> 
     </span>
    </p>
   </div>
   <div class='ocr_carea' id='block_1_31' title="bbox 1995 1757 3576 1836">
    <p class='ocr_par' dir='ltr' id='par_1_31' title="bbox 1995 1757 3576 1836">
     <span class='ocr_line' id='line_1_31' title="bbox 1995 1757 3576 1836; baseline -0.004 -19"><span class='ocrx_word' id='word_1_237' title='bbox 1995 1764 2134 1818; x_wconf 87' lang='lat' dir='ltr'><strong>ratio</strong></span> <span class='ocrx_word' id='word_1_238' title='bbox 2182 1762 2418 1836; x_wconf 75' lang='lat' dir='ltr'><strong>proprize</strong></span> <span class='ocrx_word' id='word_1_239' title='bbox 2468 1761 2841 1826; x_wconf 78' lang='lat' dir='ltr'><strong>infirmitatis,</strong></span> <span class='ocrx_word' id='word_1_240' title='bbox 2893 1769 2955 1815; x_wconf 93' lang='lat' dir='ltr'><strong>ut</strong></span> <span class='ocrx_word' id='word_1_241' title='bbox 3001 1761 3056 1815; x_wconf 90' lang='lat' dir='ltr'><strong>in</strong></span> <span class='ocrx_word' id='word_1_242' title='bbox 3106 1759 3261 1815; x_wconf 90' lang='lat' dir='ltr'><strong>libris</strong></span> <span class='ocrx_word' id='word_1_243' title='bbox 3320 1757 3576 1830; x_wconf 88' lang='lat' dir='ltr'><strong>Regum:</strong></span> 
     </span>
    </p>
   </div>
   <div class='ocr_carea' id='block_1_32' title="bbox 2001 1851 3578 1929">
    <p class='ocr_par' dir='ltr' id='par_1_32' title="bbox 2001 1851 3578 1929">
     <span class='ocr_line' id='line_1_32' title="bbox 2001 1851 3578 1929; baseline -0.004 -20"><span class='ocrx_word' id='word_1_244' title='bbox 2001 1876 2021 1909; x_wconf 84' lang='grc'><strong>‹</strong></span> <span class='ocrx_word' id='word_1_245' title='bbox 2057 1857 2282 1929; x_wconf 89' lang='lat' dir='ltr'><strong>Operuit</strong></span> <span class='ocrx_word' id='word_1_246' title='bbox 2301 1858 2509 1912; x_wconf 90' lang='lat' dir='ltr'><strong>vultum</strong></span> <span class='ocrx_word' id='word_1_247' title='bbox 2531 1871 2689 1913; x_wconf 88' lang='lat' dir='ltr'><strong>suum</strong></span> <span class='ocrx_word' id='word_1_248' title='bbox 2710 1854 2874 1927; x_wconf 90' lang='lat' dir='ltr'><strong>pallio</strong></span> <span class='ocrx_word' id='word_1_249' title='bbox 2895 1855 2963 1921; x_wconf 85' lang='grc'><strong>²¹,</strong></span> <span class='ocrx_word' id='word_1_250' title='bbox 2995 1875 3013 1906; x_wconf 77' lang='grc' dir='ltr'><strong>ι</strong></span> <span class='ocrx_word' id='word_1_251' title='bbox 3041 1853 3187 1924; x_wconf 90' lang='lat' dir='ltr'><strong>quod</strong></span> <span class='ocrx_word' id='word_1_252' title='bbox 3214 1867 3340 1908; x_wconf 91' lang='lat' dir='ltr'><strong>cum</strong></span> <span class='ocrx_word' id='word_1_253' title='bbox 3364 1851 3419 1906; x_wconf 90' lang='lat' dir='ltr'><strong>in</strong></span> <span class='ocrx_word' id='word_1_254' title='bbox 3446 1866 3578 1905; x_wconf 91' lang='lat' dir='ltr'><strong>con-</strong></span> 
     </span>
    </p>
   </div>
   <div class='ocr_carea' id='block_1_33' title="bbox 301 1922 3584 2022">
    <p class='ocr_par' dir='ltr' id='par_1_33' title="bbox 301 1922 3584 2022">
     <span class='ocr_line' id='line_1_33' title="bbox 301 1922 3584 2022; baseline 0.001 -28"><span class='ocrx_word' id='word_1_255' title='bbox 301 1940 576 2010; x_wconf 91' lang='lat' dir='ltr'><strong>producit.</strong></span> <span class='ocrx_word' id='word_1_256' title='bbox 607 1939 798 1996; x_wconf 84' lang='lat' dir='ltr'><strong>Palma</strong></span> <span class='ocrx_word' id='word_1_257' title='bbox 827 1941 1060 2015; x_wconf 88' lang='lat' dir='ltr'><strong>[justus,</strong></span> <span class='ocrx_word' id='word_1_258' title='bbox 1087 1951 1150 1998; x_wconf 91' lang='lat' dir='ltr'><strong>ut</strong></span> <span class='ocrx_word' id='word_1_259' title='bbox 1175 1944 1231 1997; x_wconf 92' lang='lat' dir='ltr'><strong>in</strong></span> <span class='ocrx_word' id='word_1_260' title='bbox 1257 1943 1511 2016; x_wconf 90' lang='lat' dir='ltr'><strong>Psalmis]</strong></span> <span class='ocrx_word' id='word_1_261' title='bbox 1536 1959 1551 1997; x_wconf 89' lang='lat'><strong>:</strong></span> <span class='ocrx_word' id='word_1_262' title='bbox 1575 1963 1594 1996; x_wconf 79' lang='grc' dir='ltr'><strong>ι</strong></span> <span class='ocrx_word' id='word_1_263' title='bbox 1621 1944 1808 2001; x_wconf 77' lang='lat' dir='ltr'><strong>Justus</strong></span> <span class='ocrx_word' id='word_1_264' title='bbox 1833 1953 1893 2000; x_wconf 92' lang='lat' dir='ltr'><strong>ut</strong></span> <span class='ocrx_word' id='word_1_265' title='bbox 1918 1922 1967 1983; x_wconf 79' lang='grc' dir='ltr'><strong>Β</strong></span> <span class='ocrx_word' id='word_1_266' title='bbox 1997 1922 2342 2022; x_wconf 79' lang='lat' dir='ltr'><strong>templatione</strong></span> <span class='ocrx_word' id='word_1_267' title='bbox 2369 1953 2389 1970; x_wconf 85' lang='lat'><strong><em>‘</em></strong></span> <span class='ocrx_word' id='word_1_268' title='bbox 2426 1922 2776 2014; x_wconf 77' lang='lat' dir='ltr'><strong>aberremus,</strong></span> <span class='ocrx_word' id='word_1_269' title='bbox 2809 1955 3024 2018; x_wconf 88' lang='lat' dir='ltr'><strong>oportet</strong></span> <span class='ocrx_word' id='word_1_270' title='bbox 3059 1922 3126 2001; x_wconf 75' lang='lat' dir='ltr'><strong>ut</strong></span> <span class='ocrx_word' id='word_1_271' title='bbox 3165 1961 3265 2001; x_wconf 92' lang='lat' dir='ltr'><strong>nos</strong></span> <span class='ocrx_word' id='word_1_272' title='bbox 3303 1945 3450 2014; x_wconf 88' lang='lat' dir='ltr'><strong>ipsos</strong></span> <span class='ocrx_word' id='word_1_273' title='bbox 3485 1955 3584 2013; x_wconf 88' lang='lat' dir='ltr'><strong>per</strong></span> 
     </span>
    </p>
   </div>
   <div class='ocr_carea' id='block_1_34' title="bbox 301 2029 1893 2108">
    <p class='ocr_par' dir='ltr' id='par_1_34' title="bbox 301 2029 1893 2108">
     <span class='ocr_line' id='line_1_34' title="bbox 301 2029 1893 2108; baseline 0.005 -24"><span class='ocrx_word' id='word_1_274' title='bbox 301 2029 486 2102; x_wconf 83' lang='lat' dir='ltr'><strong>palma</strong></span> <span class='ocrx_word' id='word_1_275' title='bbox 515 2029 730 2088; x_wconf 88' lang='lat' dir='ltr'><strong>ﬂorebit</strong></span> <span class='ocrx_word' id='word_1_276' title='bbox 752 2033 796 2100; x_wconf 82' lang='grc'><strong>⁸,</strong></span> <span class='ocrx_word' id='word_1_277' title='bbox 833 2053 852 2084; x_wconf 78' lang='grc' dir='ltr'><strong>ι</strong></span> <span class='ocrx_word' id='word_1_278' title='bbox 888 2033 1031 2103; x_wconf 82' lang='lat' dir='ltr'><strong>quod</strong></span> <span class='ocrx_word' id='word_1_279' title='bbox 1081 2034 1166 2090; x_wconf 89' lang='lat' dir='ltr'><strong>vir</strong></span> <span class='ocrx_word' id='word_1_280' title='bbox 1197 2045 1418 2091; x_wconf 87' lang='lat' dir='ltr'><strong>sanctus</strong></span> <span class='ocrx_word' id='word_1_281' title='bbox 1451 2036 1505 2090; x_wconf 91' lang='lat' dir='ltr'><strong>in</strong></span> <span class='ocrx_word' id='word_1_282' title='bbox 1535 2037 1713 2091; x_wconf 86' lang='lat' dir='ltr'><strong>nitore</strong></span> <span class='ocrx_word' id='word_1_283' title='bbox 1734 2037 1893 2108; x_wconf 86' lang='lat' dir='ltr'><strong>justi-</strong></span> 
     </span>
    </p>
   </div>
   <div class='ocr_carea' id='block_1_35' title="bbox 301 2123 1887 2196">
    <p class='ocr_par' dir='ltr' id='par_1_35' title="bbox 301 2123 1887 2196">
     <span class='ocr_line' id='line_1_35' title="bbox 301 2123 1887 2196; baseline 0.005 -19"><span class='ocrx_word' id='word_1_284' title='bbox 301 2123 400 2178; x_wconf 68' lang='lat' dir='ltr'><strong>tia:</strong></span> <span class='ocrx_word' id='word_1_285' title='bbox 441 2123 693 2194; x_wconf 85' lang='lat' dir='ltr'><strong>precibus</strong></span> <span class='ocrx_word' id='word_1_286' title='bbox 735 2126 1166 2196; x_wconf 62' lang='lat' dir='ltr'><strong>praecedentibus</strong></span> <span class='ocrx_word' id='word_1_287' title='bbox 1196 2141 1256 2182; x_wconf 90' lang='lat' dir='ltr'><strong>se</strong></span> <span class='ocrx_word' id='word_1_288' title='bbox 1299 2127 1641 2183; x_wconf 89' lang='lat' dir='ltr'><strong>conformare</strong></span> <span class='ocrx_word' id='word_1_289' title='bbox 1687 2131 1887 2185; x_wconf 90' lang='lat' dir='ltr'><strong>studet.</strong></span> 
     </span>
    </p>
   </div>
   <div class='ocr_carea' id='block_1_36' title="bbox 302 2212 1892 2282">
    <p class='ocr_par' dir='ltr' id='par_1_36' title="bbox 302 2212 1892 2282">
     <span class='ocr_line' id='line_1_36' title="bbox 302 2212 1892 2282; baseline 0.006 -17"><span class='ocrx_word' id='word_1_290' title='bbox 302 2212 522 2278; x_wconf 82' lang='lat' dir='ltr'><strong>Palma,</strong></span> <span class='ocrx_word' id='word_1_291' title='bbox 561 2224 748 2270; x_wconf 87' lang='lat' dir='ltr'><strong>sancta</strong></span> <span class='ocrx_word' id='word_1_292' title='bbox 773 2231 926 2282; x_wconf 90' lang='lat' dir='ltr'><strong>crux,</strong></span> <span class='ocrx_word' id='word_1_293' title='bbox 956 2225 1017 2271; x_wconf 91' lang='lat' dir='ltr'><strong>ut</strong></span> <span class='ocrx_word' id='word_1_294' title='bbox 1056 2217 1110 2272; x_wconf 94' lang='lat' dir='ltr'><strong>in</strong></span> <span class='ocrx_word' id='word_1_295' title='bbox 1153 2216 1378 2273; x_wconf 91' lang='lat' dir='ltr'><strong>Cantico</strong></span> <span class='ocrx_word' id='word_1_296' title='bbox 1404 2236 1416 2272; x_wconf 92' lang='lat'>:</span> <span class='ocrx_word' id='word_1_297' title='bbox 1447 2236 1466 2270; x_wconf 71' lang='grc' dir='ltr'><strong>ι</strong></span> <span class='ocrx_word' id='word_1_298' title='bbox 1500 2218 1806 2274; x_wconf 86' lang='lat' dir='ltr'><strong>Ascendam</strong></span> <span class='ocrx_word' id='word_1_299' title='bbox 1837 2220 1892 2274; x_wconf 92' lang='lat' dir='ltr'><strong>in</strong></span> 
     </span>
    </p>
   </div>
   <div class='ocr_carea' id='block_1_37' title="bbox 298 2304 1889 2384">
    <p class='ocr_par' dir='ltr' id='par_1_37' title="bbox 298 2304 1889 2384">
     <span class='ocr_line' id='line_1_37' title="bbox 298 2304 1889 2384; baseline 0.009 -27"><span class='ocrx_word' id='word_1_300' title='bbox 298 2304 544 2374; x_wconf 87' lang='lat' dir='ltr'><strong>palmam</strong></span> <span class='ocrx_word' id='word_1_301' title='bbox 569 2347 583 2371; x_wconf 93' lang='lat'><strong>,</strong></span> <span class='ocrx_word' id='word_1_302' title='bbox 627 2317 682 2362; x_wconf 88' lang='lat' dir='ltr'><strong>et</strong></span> <span class='ocrx_word' id='word_1_303' title='bbox 723 2311 1124 2379; x_wconf 88' lang='lat' dir='ltr'><strong>apprehendam</strong></span> <span class='ocrx_word' id='word_1_304' title='bbox 1155 2312 1363 2369; x_wconf 85' lang='lat' dir='ltr'><strong>fructus</strong></span> <span class='ocrx_word' id='word_1_305' title='bbox 1400 2313 1581 2382; x_wconf 79' lang='lat' dir='ltr'><strong>cjns&#39;,</strong></span> <span class='ocrx_word' id='word_1_306' title='bbox 1614 2336 1632 2368; x_wconf 77' lang='grc' dir='ltr'><strong>ι</strong></span> <span class='ocrx_word' id='word_1_307' title='bbox 1684 2316 1739 2372; x_wconf 93' lang='lat' dir='ltr'><strong>id</strong></span> <span class='ocrx_word' id='word_1_308' title='bbox 1785 2324 1889 2384; x_wconf 94' lang='grc' dir='ltr'>εει,</span> 
     </span>
    </p>
   </div>
   <div class='ocr_carea' id='block_1_38' title="bbox 301 2397 1892 2476">
    <p class='ocr_par' dir='ltr' id='par_1_38' title="bbox 301 2397 1892 2476">
     <span class='ocr_line' id='line_1_38' title="bbox 301 2397 1892 2476; baseline 0.009 -28"><span class='ocrx_word' id='word_1_309' title='bbox 301 2397 716 2467; x_wconf 87' lang='lat' dir='ltr'><strong>contemplabor</strong></span> <span class='ocrx_word' id='word_1_310' title='bbox 766 2400 1025 2457; x_wconf 88' lang='lat' dir='ltr'><strong>virtutem</strong></span> <span class='ocrx_word' id='word_1_311' title='bbox 1073 2404 1290 2470; x_wconf 87' lang='lat' dir='ltr'><strong>crucis,</strong></span> <span class='ocrx_word' id='word_1_312' title='bbox 1339 2412 1395 2458; x_wconf 92' lang='lat' dir='ltr'><strong>et</strong></span> <span class='ocrx_word' id='word_1_313' title='bbox 1445 2405 1718 2476; x_wconf 87' lang='lat' dir='ltr'><strong>particeps</strong></span> <span class='ocrx_word' id='word_1_314' title='bbox 1770 2421 1892 2462; x_wconf 85' lang='lat' dir='ltr'><strong>esse</strong></span> 
     </span>
    </p>
   </div>
   <div class='ocr_carea' id='block_1_39' title="bbox 302 2491 1894 2565">
    <p class='ocr_par' dir='ltr' id='par_1_39' title="bbox 302 2491 1894 2565">
     <span class='ocr_line' id='line_1_39' title="bbox 302 2491 1894 2565; baseline 0.008 -25"><span class='ocrx_word' id='word_1_315' title='bbox 302 2495 553 2558; x_wconf 87' lang='lat' dir='ltr'><strong>satagam</strong></span> <span class='ocrx_word' id='word_1_316' title='bbox 581 2491 844 2547; x_wconf 78' lang='lat' dir='ltr'><strong>mercedis</strong></span> <span class='ocrx_word' id='word_1_317' title='bbox 878 2492 1012 2562; x_wconf 91' lang='lat' dir='ltr'><strong>ejus.</strong></span> <span class='ocrx_word' id='word_1_318' title='bbox 1045 2491 1258 2561; x_wconf 87' lang='lat' dir='ltr'><strong>Palma,</strong></span> <span class='ocrx_word' id='word_1_319' title='bbox 1290 2504 1439 2550; x_wconf 90' lang='lat' dir='ltr'><strong>recta</strong></span> <span class='ocrx_word' id='word_1_320' title='bbox 1461 2497 1712 2565; x_wconf 91' lang='lat' dir='ltr'><strong>intentio,</strong></span> <span class='ocrx_word' id='word_1_321' title='bbox 1747 2505 1809 2552; x_wconf 93' lang='lat' dir='ltr'><strong>ut</strong></span> <span class='ocrx_word' id='word_1_322' title='bbox 1837 2499 1894 2553; x_wconf 89' lang='lat' dir='ltr'><strong>in</strong></span> 
     </span>
    </p>
   </div>
   <div class='ocr_carea' id='block_1_40' title="bbox 301 2582 1895 2662">
    <p class='ocr_par' dir='ltr' id='par_1_40' title="bbox 301 2582 1895 2662">
     <span class='ocr_line' id='line_1_40' title="bbox 301 2582 1895 2662; baseline 0.007 -25"><span class='ocrx_word' id='word_1_323' title='bbox 301 2582 572 2639; x_wconf 87' lang='lat' dir='ltr'><strong>Cantico:</strong></span> <span class='ocrx_word' id='word_1_324' title='bbox 603 2602 622 2635; x_wconf 87' lang='grc'><strong>‹</strong></span> <span class='ocrx_word' id='word_1_325' title='bbox 659 2583 881 2640; x_wconf 87' lang='lat' dir='ltr'><strong>Statura</strong></span> <span class='ocrx_word' id='word_1_326' title='bbox 913 2595 1005 2642; x_wconf 91' lang='lat' dir='ltr'><strong>tua</strong></span> <span class='ocrx_word' id='word_1_327' title='bbox 1050 2588 1348 2644; x_wconf 89' lang='lat' dir='ltr'><strong>assimilata</strong></span> <span class='ocrx_word' id='word_1_328' title='bbox 1373 2600 1459 2646; x_wconf 90' lang='lat' dir='ltr'><strong>est</strong></span> <span class='ocrx_word' id='word_1_329' title='bbox 1485 2591 1679 2662; x_wconf 72' lang='lat' dir='ltr'><strong>palmae</strong></span> <span class='ocrx_word' id='word_1_330' title='bbox 1698 2592 1744 2657; x_wconf 74' lang='grc'><strong>⁸,</strong></span> <span class='ocrx_word' id='word_1_331' title='bbox 1777 2612 1794 2644; x_wconf 74' lang='grc' dir='ltr'><strong>ι</strong></span> <span class='ocrx_word' id='word_1_332' title='bbox 1839 2593 1895 2648; x_wconf 92' lang='lat' dir='ltr'><strong>id</strong></span> 
     </span>
    </p>
   </div>
   <div class='ocr_carea' id='block_1_41' title="bbox 301 2676 1896 2756">
    <p class='ocr_par' dir='ltr' id='par_1_41' title="bbox 301 2676 1896 2756">
     <span class='ocr_line' id='line_1_41' title="bbox 301 2676 1896 2756; baseline 0.007 -26"><span class='ocrx_word' id='word_1_333' title='bbox 301 2685 422 2742; x_wconf 86' lang='lat' dir='ltr'><strong>est,</strong></span> <span class='ocrx_word' id='word_1_334' title='bbox 469 2676 524 2731; x_wconf 92' lang='lat' dir='ltr'><strong>in</strong></span> <span class='ocrx_word' id='word_1_335' title='bbox 562 2679 820 2736; x_wconf 83' lang='lat' dir='ltr'><strong>exteriori</strong></span> <span class='ocrx_word' id='word_1_336' title='bbox 853 2679 994 2736; x_wconf 88' lang='lat' dir='ltr'><strong>bona</strong></span> <span class='ocrx_word' id='word_1_337' title='bbox 1037 2683 1251 2739; x_wconf 89' lang='lat' dir='ltr'><strong>actione</strong></span> <span class='ocrx_word' id='word_1_338' title='bbox 1293 2691 1384 2738; x_wconf 91' lang='lat' dir='ltr'><strong>tua</strong></span> <span class='ocrx_word' id='word_1_339' title='bbox 1425 2693 1681 2754; x_wconf 86' lang='lat' dir='ltr'><strong>apparet,</strong></span> <span class='ocrx_word' id='word_1_340' title='bbox 1731 2701 1896 2756; x_wconf 90' lang='lat' dir='ltr'><strong>quam</strong></span> 
     </span>
    </p>
   </div>
   <div class='ocr_carea' id='block_1_42' title="bbox 302 2772 1892 2850">
    <p class='ocr_par' dir='ltr' id='par_1_42' title="bbox 302 2772 1892 2850">
     <span class='ocr_line' id='line_1_42' title="bbox 302 2772 1892 2850; baseline 0.008 -27"><span class='ocrx_word' id='word_1_341' title='bbox 302 2778 460 2825; x_wconf 86' lang='lat' dir='ltr'><strong>recta</strong></span> <span class='ocrx_word' id='word_1_342' title='bbox 495 2781 580 2826; x_wconf 89' lang='grc' dir='ltr'><strong>εει</strong></span> <span class='ocrx_word' id='word_1_343' title='bbox 618 2772 867 2829; x_wconf 90' lang='lat' dir='ltr'><strong>intentio.</strong></span> <span class='ocrx_word' id='word_1_344' title='bbox 901 2772 1008 2830; x_wconf 89' lang='lat' dir='ltr'><strong>Per</strong></span> <span class='ocrx_word' id='word_1_345' title='bbox 1031 2775 1265 2845; x_wconf 82' lang='lat' dir='ltr'><strong>palmam</strong></span> <span class='ocrx_word' id='word_1_346' title='bbox 1291 2777 1536 2833; x_wconf 70' lang='lat' dir='ltr'><strong>victoriae</strong></span> <span class='ocrx_word' id='word_1_347' title='bbox 1562 2779 1892 2850; x_wconf 90' lang='lat' dir='ltr'><strong>spirituales,</strong></span> 
     </span>
    </p>
   </div>
   <div class='ocr_carea' id='block_1_43' title="bbox 299 2863 1897 2936">
    <p class='ocr_par' dir='ltr' id='par_1_43' title="bbox 299 2863 1897 2936">
     <span class='ocr_line' id='line_1_43' title="bbox 299 2863 1897 2936; baseline 0.008 -20"><span class='ocrx_word' id='word_1_348' title='bbox 299 2871 369 2917; x_wconf 90' lang='grc' dir='ltr'><strong>ιιι</strong></span> <span class='ocrx_word' id='word_1_349' title='bbox 404 2863 459 2917; x_wconf 91' lang='lat' dir='ltr'><strong>in</strong></span> <span class='ocrx_word' id='word_1_350' title='bbox 487 2863 638 2920; x_wconf 88' lang='lat' dir='ltr'><strong>libris</strong></span> <span class='ocrx_word' id='word_1_351' title='bbox 681 2865 932 2936; x_wconf 87' lang='lat' dir='ltr'><strong>Regum:</strong></span> <span class='ocrx_word' id='word_1_352' title='bbox 963 2887 980 2920; x_wconf 79' lang='grc' dir='ltr'><strong>ι</strong></span> <span class='ocrx_word' id='word_1_353' title='bbox 1013 2867 1081 2923; x_wconf 85' lang='grc' dir='ltr'><strong>Ει</strong></span> <span class='ocrx_word' id='word_1_354' title='bbox 1122 2867 1251 2925; x_wconf 83' lang='lat' dir='ltr'><strong>fecit</strong></span> <span class='ocrx_word' id='word_1_355' title='bbox 1295 2870 1349 2925; x_wconf 90' lang='lat' dir='ltr'><strong>in</strong></span> <span class='ocrx_word' id='word_1_356' title='bbox 1395 2871 1475 2927; x_wconf 86' lang='lat' dir='ltr'><strong>eis</strong></span> <span class='ocrx_word' id='word_1_357' title='bbox 1519 2871 1804 2928; x_wconf 90' lang='lat' dir='ltr'><strong>cherubim</strong></span> <span class='ocrx_word' id='word_1_358' title='bbox 1841 2883 1897 2930; x_wconf 89' lang='lat' dir='ltr'><strong>et</strong></span> 
     </span>
    </p>
   </div>
   <div class='ocr_carea' id='block_1_44' title="bbox 299 2955 1897 3031">
    <p class='ocr_par' dir='ltr' id='par_1_44' title="bbox 299 2955 1897 3031">
     <span class='ocr_line' id='line_1_44' title="bbox 299 2955 1897 3031; baseline 0.01 -24"><span class='ocrx_word' id='word_1_359' title='bbox 299 2955 518 3024; x_wconf 79' lang='lat' dir='ltr'><strong>palmas</strong></span> <span class='ocrx_word' id='word_1_360' title='bbox 557 2956 602 3023; x_wconf 79' lang='lat'><strong>&#39;,</strong></span> <span class='ocrx_word' id='word_1_361' title='bbox 640 2977 659 3008; x_wconf 76' lang='grc' dir='ltr'><strong>ι</strong></span> <span class='ocrx_word' id='word_1_362' title='bbox 708 2959 851 3030; x_wconf 87' lang='lat' dir='ltr'><strong>quod</strong></span> <span class='ocrx_word' id='word_1_363' title='bbox 895 2960 1040 3016; x_wconf 90' lang='lat' dir='ltr'><strong>Deus</strong></span> <span class='ocrx_word' id='word_1_364' title='bbox 1095 2963 1542 3031; x_wconf 66' lang='lat' dir='ltr'><strong>praadicatoribus</strong></span> <span class='ocrx_word' id='word_1_365' title='bbox 1591 2968 1796 3023; x_wconf 89' lang='lat' dir='ltr'><strong>sanctis</strong></span> <span class='ocrx_word' id='word_1_366' title='bbox 1841 2976 1897 3023; x_wconf 90' lang='lat' dir='ltr'><strong>et</strong></span> 
     </span>
    </p>
   </div>
   <div class='ocr_carea' id='block_1_45' title="bbox 299 3045 1898 3126">
    <p class='ocr_par' dir='ltr' id='par_1_45' title="bbox 299 3045 1898 3126">
     <span class='ocr_line' id='line_1_45' title="bbox 299 3045 1898 3126; baseline 0.009 -28"><span class='ocrx_word' id='word_1_367' title='bbox 299 3045 696 3116; x_wconf 87' lang='lat' dir='ltr'><strong>plenitudinem</strong></span> <span class='ocrx_word' id='word_1_368' title='bbox 757 3063 899 3104; x_wconf 78' lang='lat' dir='ltr'><strong>verae</strong></span> <span class='ocrx_word' id='word_1_369' title='bbox 955 3051 1232 3119; x_wconf 60' lang='lat' dir='ltr'><strong>scientias,</strong></span> <span class='ocrx_word' id='word_1_370' title='bbox 1286 3061 1342 3108; x_wconf 91' lang='lat' dir='ltr'><strong>et</strong></span> <span class='ocrx_word' id='word_1_371' title='bbox 1404 3055 1742 3126; x_wconf 88' lang='lat' dir='ltr'><strong>spiritualem</strong></span> <span class='ocrx_word' id='word_1_372' title='bbox 1807 3073 1898 3112; x_wconf 90' lang='lat' dir='ltr'><strong>su-</strong></span> 
     </span>
    </p>
   </div>
   <div class='ocr_carea' id='block_1_46' title="bbox 301 3139 1894 3221">
    <p class='ocr_par' dir='ltr' id='par_1_46' title="bbox 301 3139 1894 3221">
     <span class='ocr_line' id='line_1_46' title="bbox 301 3139 1894 3221; baseline 0.008 -28"><span class='ocrx_word' id='word_1_373' title='bbox 301 3152 410 3209; x_wconf 87' lang='lat' dir='ltr'><strong>per</strong></span> <span class='ocrx_word' id='word_1_374' title='bbox 435 3139 452 3158; x_wconf 82' lang='lat'><strong>&#39;</strong></span> <span class='ocrx_word' id='word_1_375' title='bbox 487 3139 618 3195; x_wconf 90' lang='lat' dir='ltr'><strong>vitia</strong></span> <span class='ocrx_word' id='word_1_376' title='bbox 673 3141 955 3197; x_wconf 90' lang='lat' dir='ltr'><strong>victoriam</strong></span> <span class='ocrx_word' id='word_1_377' title='bbox 1003 3142 1187 3200; x_wconf 90' lang='lat' dir='ltr'><strong>donat.</strong></span> <span class='ocrx_word' id='word_1_378' title='bbox 1239 3145 1346 3201; x_wconf 90' lang='lat' dir='ltr'><strong>Per</strong></span> <span class='ocrx_word' id='word_1_379' title='bbox 1397 3147 1629 3218; x_wconf 84' lang='lat' dir='ltr'><strong>palmam</strong></span> <span class='ocrx_word' id='word_1_380' title='bbox 1673 3150 1894 3221; x_wconf 72' lang='lat' dir='ltr'><strong>praemia</strong></span> 
     </span>
    </p>
   </div>
   <div class='ocr_carea' id='block_1_47' title="bbox 299 3231 1893 3310">
    <p class='ocr_par' dir='ltr' id='par_1_47' title="bbox 299 3231 1893 3310">
     <span class='ocr_line' id='line_1_47' title="bbox 299 3231 1893 3310; baseline 0.011 -29"><span class='ocrx_word' id='word_1_381' title='bbox 299 3236 548 3297; x_wconf 66' lang='lat' dir='ltr'><strong>aeterna,</strong></span> <span class='ocrx_word' id='word_1_382' title='bbox 591 3239 649 3286; x_wconf 90' lang='lat' dir='ltr'><strong>ut</strong></span> <span class='ocrx_word' id='word_1_383' title='bbox 693 3231 748 3287; x_wconf 91' lang='lat' dir='ltr'><strong>in</strong></span> <span class='ocrx_word' id='word_1_384' title='bbox 787 3232 1149 3307; x_wconf 82' lang='lat' dir='ltr'><strong>Apocalypsi:</strong></span> <span class='ocrx_word' id='word_1_385' title='bbox 1177 3256 1195 3288; x_wconf 91' lang='grc'><strong>‹</strong></span> <span class='ocrx_word' id='word_1_386' title='bbox 1231 3237 1297 3292; x_wconf 91' lang='grc' dir='ltr'><strong>Ει</strong></span> <span class='ocrx_word' id='word_1_387' title='bbox 1337 3239 1529 3310; x_wconf 65' lang='lat' dir='ltr'><strong>palmae</strong></span> <span class='ocrx_word' id='word_1_388' title='bbox 1557 3241 1613 3296; x_wconf 91' lang='lat' dir='ltr'><strong>in</strong></span> <span class='ocrx_word' id='word_1_389' title='bbox 1642 3243 1893 3299; x_wconf 90' lang='lat' dir='ltr'><strong>manibus</strong></span> 
     </span>
    </p>
   </div>
   <div class='ocr_carea' id='block_1_48' title="bbox 299 3321 1892 3405">
    <p class='ocr_par' dir='ltr' id='par_1_48' title="bbox 299 3321 1892 3405">
     <span class='ocr_line' id='line_1_48' title="bbox 299 3321 1892 3405; baseline 0.011 -32"><span class='ocrx_word' id='word_1_390' title='bbox 299 3321 581 3389; x_wconf 77' lang='lat' dir='ltr'><strong>eorum“,</strong></span> <span class='ocrx_word' id='word_1_391' title='bbox 603 3342 621 3375; x_wconf 82' lang='grc' dir='ltr'><strong>ι</strong></span> <span class='ocrx_word' id='word_1_392' title='bbox 660 3323 714 3378; x_wconf 93' lang='lat' dir='ltr'><strong>id</strong></span> <span class='ocrx_word' id='word_1_393' title='bbox 750 3332 865 3392; x_wconf 90' lang='lat' dir='ltr'><strong>est,</strong></span> <span class='ocrx_word' id='word_1_394' title='bbox 895 3327 1118 3397; x_wconf 68' lang='lat' dir='ltr'><strong>praemia</strong></span> <span class='ocrx_word' id='word_1_395' title='bbox 1151 3335 1352 3384; x_wconf 72' lang='lat' dir='ltr'><strong>aeterna</strong></span> <span class='ocrx_word' id='word_1_396' title='bbox 1389 3346 1490 3402; x_wconf 92' lang='lat' dir='ltr'><strong>pro</strong></span> <span class='ocrx_word' id='word_1_397' title='bbox 1518 3331 1675 3389; x_wconf 89' lang='lat' dir='ltr'><strong>bonis</strong></span> <span class='ocrx_word' id='word_1_398' title='bbox 1711 3333 1892 3405; x_wconf 86' lang='lat' dir='ltr'><strong>operi-</strong></span> 
     </span>
    </p>
   </div>
   <div class='ocr_carea' id='block_1_49' title="bbox 299 3413 645 3470">
    <p class='ocr_par' dir='ltr' id='par_1_49' title="bbox 299 3413 645 3470">
     <span class='ocr_line' id='line_1_49' title="bbox 299 3413 645 3470; baseline 0.009 -3"><span class='ocrx_word' id='word_1_399' title='bbox 299 3413 413 3469; x_wconf 86' lang='lat' dir='ltr'><strong>bus</strong></span> <span class='ocrx_word' id='word_1_400' title='bbox 435 3429 645 3470; x_wconf 90' lang='lat' dir='ltr'><strong>eorum.</strong></span> 
     </span>
    </p>
   </div>
   <div class='ocr_carea' id='block_1_50' title="bbox 387 3507 1893 3590">
    <p class='ocr_par' dir='ltr' id='par_1_50' title="bbox 387 3507 1893 3590">
     <span class='ocr_line' id='line_1_50' title="bbox 387 3507 1893 3590; baseline 0.009 -28"><span class='ocrx_word' id='word_1_401' title='bbox 387 3507 594 3565; x_wconf 88' lang='lat' dir='ltr'><strong>Palmes</strong></span> <span class='ocrx_word' id='word_1_402' title='bbox 631 3519 716 3566; x_wconf 90' lang='lat' dir='ltr'><strong>est</strong></span> <span class='ocrx_word' id='word_1_403' title='bbox 759 3513 984 3583; x_wconf 87' lang='lat' dir='ltr'><strong>quilibet</strong></span> <span class='ocrx_word' id='word_1_404' title='bbox 1032 3515 1125 3586; x_wconf 88' lang='lat' dir='ltr'><strong>qui</strong></span> <span class='ocrx_word' id='word_1_405' title='bbox 1155 3516 1316 3572; x_wconf 85' lang='lat' dir='ltr'><strong>ﬁdem</strong></span> <span class='ocrx_word' id='word_1_406' title='bbox 1347 3520 1363 3539; x_wconf 81' lang='lat'>&#39;</span> <span class='ocrx_word' id='word_1_407' title='bbox 1391 3528 1676 3590; x_wconf 85' lang='lat' dir='ltr'><strong>septenum</strong></span> <span class='ocrx_word' id='word_1_408' title='bbox 1721 3528 1893 3589; x_wconf 89' lang='lat' dir='ltr'><strong>tenet,</strong></span> 
     </span>
    </p>
   </div>
   <div class='ocr_carea' id='block_1_51' title="bbox 301 3601 1898 3688">
    <p class='ocr_par' dir='ltr' id='par_1_51' title="bbox 301 3601 1898 3688">
     <span class='ocr_line' id='line_1_51' title="bbox 301 3601 1898 3688; baseline 0.011 -33"><span class='ocrx_word' id='word_1_409' title='bbox 301 3610 372 3656; x_wconf 88' lang='lat' dir='ltr'><strong>ut</strong></span> <span class='ocrx_word' id='word_1_410' title='bbox 411 3601 466 3656; x_wconf 93' lang='lat' dir='ltr'><strong>in</strong></span> <span class='ocrx_word' id='word_1_411' title='bbox 499 3601 806 3688; x_wconf 30' lang='lat' dir='ltr'><strong>.Evangelio</strong></span> <span class='ocrx_word' id='word_1_412' title='bbox 838 3626 850 3661; x_wconf 92' lang='lat'>:</span> <span class='ocrx_word' id='word_1_413' title='bbox 888 3626 908 3659; x_wconf 71' lang='grc' dir='ltr'><strong>ε</strong></span> <span class='ocrx_word' id='word_1_414' title='bbox 941 3605 1168 3664; x_wconf 89' lang='lat' dir='ltr'><strong>Omnem</strong></span> <span class='ocrx_word' id='word_1_415' title='bbox 1211 3611 1488 3681; x_wconf 88' lang='lat' dir='ltr'><strong>palmitem</strong></span> <span class='ocrx_word' id='word_1_416' title='bbox 1531 3615 1586 3669; x_wconf 92' lang='lat' dir='ltr'><strong>in</strong></span> <span class='ocrx_word' id='word_1_417' title='bbox 1617 3631 1704 3671; x_wconf 89' lang='lat' dir='ltr'><strong>me</strong></span> <span class='ocrx_word' id='word_1_418' title='bbox 1726 3656 1743 3682; x_wconf 94' lang='lat'><strong>,</strong></span> <span class='ocrx_word' id='word_1_419' title='bbox 1787 3630 1898 3672; x_wconf 89' lang='lat' dir='ltr'><strong>non</strong></span> 
     </span>
    </p>
   </div>
   <div class='ocr_carea' id='block_1_52' title="bbox 301 3695 1892 3776">
    <p class='ocr_par' dir='ltr' id='par_1_52' title="bbox 301 3695 1892 3776">
     <span class='ocr_line' id='line_1_52' title="bbox 301 3695 1892 3776; baseline 0.01 -27"><span class='ocrx_word' id='word_1_420' title='bbox 301 3695 577 3753; x_wconf 83' lang='lat' dir='ltr'><strong>ferentem</strong></span> <span class='ocrx_word' id='word_1_421' title='bbox 619 3697 876 3768; x_wconf 87' lang='lat' dir='ltr'><strong>fructum,</strong></span> <span class='ocrx_word' id='word_1_422' title='bbox 902 3704 920 3721; x_wconf 91' lang='lat'><strong><em>‘</em></strong></span> <span class='ocrx_word' id='word_1_423' title='bbox 950 3703 1228 3759; x_wconf 86' lang='lat' dir='ltr'><strong>excidetur</strong></span> <span class='ocrx_word' id='word_1_424' title='bbox 1250 3707 1315 3772; x_wconf 81' lang='lat'><strong>“,</strong></span> <span class='ocrx_word' id='word_1_425' title='bbox 1353 3726 1371 3757; x_wconf 73' lang='grc' dir='ltr'><strong>ι</strong></span> <span class='ocrx_word' id='word_1_426' title='bbox 1413 3708 1467 3763; x_wconf 90' lang='lat' dir='ltr'><strong>id</strong></span> <span class='ocrx_word' id='word_1_427' title='bbox 1508 3717 1626 3775; x_wconf 90' lang='lat' dir='ltr'><strong>est,</strong></span> <span class='ocrx_word' id='word_1_428' title='bbox 1654 3725 1892 3776; x_wconf 88' lang='lat' dir='ltr'><strong>omnem,</strong></span> 
     </span>
    </p>
   </div>
   <div class='ocr_carea' id='block_1_53' title="bbox 303 3791 1898 3870">
    <p class='ocr_par' dir='ltr' id='par_1_53' title="bbox 303 3791 1898 3870">
     <span class='ocr_line' id='line_1_53' title="bbox 303 3791 1898 3870; baseline 0.007 -25"><span class='ocrx_word' id='word_1_429' title='bbox 303 3791 404 3860; x_wconf 80' lang='lat' dir='ltr'><strong>qui</strong></span> <span class='ocrx_word' id='word_1_430' title='bbox 431 3791 775 3848; x_wconf 90' lang='lat' dir='ltr'><strong>solummodo</strong></span> <span class='ocrx_word' id='word_1_431' title='bbox 799 3793 960 3850; x_wconf 88' lang='lat' dir='ltr'><strong>ﬁdem</strong></span> <span class='ocrx_word' id='word_1_432' title='bbox 999 3796 1183 3862; x_wconf 88' lang='lat' dir='ltr'><strong>habet,</strong></span> <span class='ocrx_word' id='word_1_433' title='bbox 1222 3798 1279 3851; x_wconf 89' lang='lat' dir='ltr'><strong>in</strong></span> <span class='ocrx_word' id='word_1_434' title='bbox 1305 3814 1391 3854; x_wconf 91' lang='lat' dir='ltr'><strong>me</strong></span> <span class='ocrx_word' id='word_1_435' title='bbox 1425 3807 1480 3854; x_wconf 91' lang='lat' dir='ltr'><strong>et</strong></span> <span class='ocrx_word' id='word_1_436' title='bbox 1511 3801 1530 3820; x_wconf 74' lang='lat'><strong>&#39;</strong></span> <span class='ocrx_word' id='word_1_437' title='bbox 1564 3799 1732 3854; x_wconf 89' lang='lat' dir='ltr'><strong>ullum</strong></span> <span class='ocrx_word' id='word_1_438' title='bbox 1760 3815 1898 3870; x_wconf 86' lang='lat' dir='ltr'><strong>opus</strong></span> 
     </span>
    </p>
   </div>
   <div class='ocr_carea' id='block_1_54' title="bbox 302 3882 1897 3960">
    <p class='ocr_par' dir='ltr' id='par_1_54' title="bbox 302 3882 1897 3960">
     <span class='ocr_line' id='line_1_54' title="bbox 302 3882 1897 3960; baseline 0.006 -23"><span class='ocrx_word' id='word_1_439' title='bbox 302 3882 512 3938; x_wconf 82' lang='lat' dir='ltr'><strong>bonum</strong></span> <span class='ocrx_word' id='word_1_440' title='bbox 545 3883 825 3940; x_wconf 88' lang='lat' dir='ltr'><strong>damnabit</strong></span> <span class='ocrx_word' id='word_1_441' title='bbox 850 3900 993 3941; x_wconf 91' lang='lat' dir='ltr'><strong>eum.</strong></span> <span class='ocrx_word' id='word_1_442' title='bbox 1026 3886 1132 3942; x_wconf 89' lang='lat' dir='ltr'><strong>Per</strong></span> <span class='ocrx_word' id='word_1_443' title='bbox 1154 3887 1394 3958; x_wconf 79' lang='lat' dir='ltr'><strong>palmites</strong></span> <span class='ocrx_word' id='word_1_444' title='bbox 1431 3890 1691 3960; x_wconf 90' lang='lat' dir='ltr'><strong>apostoli,</strong></span> <span class='ocrx_word' id='word_1_445' title='bbox 1735 3899 1795 3945; x_wconf 94' lang='lat' dir='ltr'><strong>ut</strong></span> <span class='ocrx_word' id='word_1_446' title='bbox 1841 3891 1897 3947; x_wconf 91' lang='lat' dir='ltr'><strong>in</strong></span> 
     </span>
    </p>
   </div>
   <div class='ocr_carea' id='block_1_55' title="bbox 302 3976 1897 4054">
    <p class='ocr_par' dir='ltr' id='par_1_55' title="bbox 302 3976 1897 4054">
     <span class='ocr_line' id='line_1_55' title="bbox 302 3976 1897 4054; baseline 0.004 -22"><span class='ocrx_word' id='word_1_447' title='bbox 302 3976 606 4048; x_wconf 85' lang='lat' dir='ltr'><strong>Evangelio</strong></span> <span class='ocrx_word' id='word_1_448' title='bbox 634 3996 647 4032; x_wconf 90' lang='lat'><strong>:</strong></span> <span class='ocrx_word' id='word_1_449' title='bbox 673 3996 693 4030; x_wconf 78' lang='grc' dir='ltr'><strong>ι</strong></span> <span class='ocrx_word' id='word_1_450' title='bbox 723 3978 839 4050; x_wconf 87' lang='lat' dir='ltr'><strong>Ego</strong></span> <span class='ocrx_word' id='word_1_451' title='bbox 867 3993 987 4035; x_wconf 86' lang='lat' dir='ltr'><strong>sum</strong></span> <span class='ocrx_word' id='word_1_452' title='bbox 1012 3980 1156 4047; x_wconf 91' lang='lat' dir='ltr'><strong>vitis,</strong></span> <span class='ocrx_word' id='word_1_453' title='bbox 1176 3997 1274 4036; x_wconf 90' lang='lat' dir='ltr'><strong>vos</strong></span> <span class='ocrx_word' id='word_1_454' title='bbox 1298 3981 1547 4054; x_wconf 87' lang='lat' dir='ltr'><strong>palmites</strong></span> <span class='ocrx_word' id='word_1_455' title='bbox 1575 3983 1636 4049; x_wconf 81' lang='lat'><strong>&quot;,</strong></span> <span class='ocrx_word' id='word_1_456' title='bbox 1669 4003 1688 4034; x_wconf 75' lang='grc' dir='ltr'><strong>ι</strong></span> <span class='ocrx_word' id='word_1_457' title='bbox 1715 3982 1768 4038; x_wconf 92' lang='lat' dir='ltr'><strong>id</strong></span> <span class='ocrx_word' id='word_1_458' title='bbox 1790 3991 1897 4049; x_wconf 89' lang='lat' dir='ltr'><strong>est,</strong></span> 
     </span>
    </p>
   </div>
   <div class='ocr_carea' id='block_1_56' title="bbox 301 4066 1899 4143">
    <p class='ocr_par' dir='ltr' id='par_1_56' title="bbox 301 4066 1899 4143">
     <span class='ocr_line' id='line_1_56' title="bbox 301 4066 1899 4143; baseline 0.002 -20"><span class='ocrx_word' id='word_1_459' title='bbox 301 4081 415 4138; x_wconf 81' lang='lat' dir='ltr'><strong>ego</strong></span> <span class='ocrx_word' id='word_1_460' title='bbox 444 4066 693 4126; x_wconf 91' lang='lat' dir='ltr'><strong>Christus</strong></span> <span class='ocrx_word' id='word_1_461' title='bbox 725 4069 1117 4140; x_wconf 90' lang='lat' dir='ltr'><strong>plenitudinem</strong></span> <span class='ocrx_word' id='word_1_462' title='bbox 1155 4073 1343 4143; x_wconf 76' lang='lat' dir='ltr'><strong>gratia:</strong></span> <span class='ocrx_word' id='word_1_463' title='bbox 1373 4073 1648 4143; x_wconf 89' lang='lat' dir='ltr'><strong>possideo,</strong></span> <span class='ocrx_word' id='word_1_464' title='bbox 1679 4087 1776 4127; x_wconf 84' lang='lat' dir='ltr'><strong>vos</strong></span> <span class='ocrx_word' id='word_1_465' title='bbox 1803 4087 1899 4126; x_wconf 88' lang='lat' dir='ltr'><strong>au-</strong></span> 
     </span>
    </p>
   </div>
   <div class='ocr_carea' id='block_1_57' title="bbox 305 4160 1897 4236">
    <p class='ocr_par' dir='ltr' id='par_1_57' title="bbox 305 4160 1897 4236">
     <span class='ocr_line' id='line_1_57' title="bbox 305 4160 1897 4236; baseline 0.004 -23"><span class='ocrx_word' id='word_1_466' title='bbox 305 4167 426 4213; x_wconf 87' lang='lat' dir='ltr'><strong>tem</strong></span> <span class='ocrx_word' id='word_1_467' title='bbox 456 4160 684 4228; x_wconf 90' lang='lat' dir='ltr'><strong>apostoli</strong></span> <span class='ocrx_word' id='word_1_468' title='bbox 725 4170 933 4232; x_wconf 90' lang='lat' dir='ltr'><strong>partem</strong></span> <span class='ocrx_word' id='word_1_469' title='bbox 968 4161 1198 4218; x_wconf 82' lang='lat' dir='ltr'><strong>habetis.</strong></span> <span class='ocrx_word' id='word_1_470' title='bbox 1228 4164 1332 4219; x_wconf 90' lang='lat' dir='ltr'><strong>Per</strong></span> <span class='ocrx_word' id='word_1_471' title='bbox 1360 4164 1600 4236; x_wconf 82' lang='lat' dir='ltr'><strong>palmites</strong></span> <span class='ocrx_word' id='word_1_472' title='bbox 1631 4165 1734 4220; x_wconf 91' lang='lat' dir='ltr'><strong>viri</strong></span> <span class='ocrx_word' id='word_1_473' title='bbox 1768 4165 1897 4220; x_wconf 85' lang='lat' dir='ltr'><strong>lide-</strong></span> 
     </span>
    </p>
   </div>
   <div class='ocr_carea' id='block_1_58' title="bbox 310 4248 1898 4327">
    <p class='ocr_par' dir='ltr' id='par_1_58' title="bbox 310 4248 1898 4327">
     <span class='ocr_line' id='line_1_58' title="bbox 310 4248 1898 4327; baseline 0.007 -25"><span class='ocrx_word' id='word_1_474' title='bbox 310 4248 415 4314; x_wconf 89' lang='lat' dir='ltr'><strong>les,</strong></span> <span class='ocrx_word' id='word_1_475' title='bbox 441 4257 503 4304; x_wconf 94' lang='lat' dir='ltr'><strong>ut</strong></span> <span class='ocrx_word' id='word_1_476' title='bbox 532 4250 587 4305; x_wconf 90' lang='lat' dir='ltr'><strong>in</strong></span> <span class='ocrx_word' id='word_1_477' title='bbox 615 4251 844 4308; x_wconf 86' lang='lat' dir='ltr'><strong>Psalmis</strong></span> <span class='ocrx_word' id='word_1_478' title='bbox 873 4271 886 4308; x_wconf 85' lang='lat'><strong>:</strong></span> <span class='ocrx_word' id='word_1_479' title='bbox 925 4272 944 4306; x_wconf 78' lang='lat' dir='ltr'><strong>t</strong></span> <span class='ocrx_word' id='word_1_480' title='bbox 981 4253 1235 4310; x_wconf 87' lang='lat' dir='ltr'><strong>Extendit</strong></span> <span class='ocrx_word' id='word_1_481' title='bbox 1271 4256 1520 4326; x_wconf 89' lang='lat' dir='ltr'><strong>palmites</strong></span> <span class='ocrx_word' id='word_1_482' title='bbox 1559 4272 1688 4312; x_wconf 91' lang='lat' dir='ltr'><strong>suos</strong></span> <span class='ocrx_word' id='word_1_483' title='bbox 1727 4271 1898 4327; x_wconf 91' lang='lat' dir='ltr'><strong>usque</strong></span> 
     </span>
    </p>
   </div>
   <div class='ocr_carea' id='block_1_59' title="bbox 309 4343 1899 4424">
    <p class='ocr_par' dir='ltr' id='par_1_59' title="bbox 309 4343 1899 4424">
     <span class='ocr_line' id='line_1_59' title="bbox 309 4343 1899 4424; baseline 0.006 -27"><span class='ocrx_word' id='word_1_484' title='bbox 309 4343 382 4398; x_wconf 88' lang='lat' dir='ltr'><strong>ad</strong></span> <span class='ocrx_word' id='word_1_485' title='bbox 409 4358 559 4398; x_wconf 91' lang='lat' dir='ltr'><strong>mare</strong></span> <span class='ocrx_word' id='word_1_486' title='bbox 587 4344 652 4409; x_wconf 80' lang='grc'><strong>¹³,</strong></span> <span class='ocrx_word' id='word_1_487' title='bbox 678 4364 696 4395; x_wconf 78' lang='grc' dir='ltr'><strong>ι</strong></span> <span class='ocrx_word' id='word_1_488' title='bbox 722 4347 864 4415; x_wconf 93' lang='lat' dir='ltr'><strong>quod</strong></span> <span class='ocrx_word' id='word_1_489' title='bbox 894 4356 1082 4403; x_wconf 90' lang='lat' dir='ltr'><strong>sancta</strong></span> <span class='ocrx_word' id='word_1_490' title='bbox 1109 4348 1349 4405; x_wconf 91' lang='lat' dir='ltr'><strong>Ecclesia</strong></span> <span class='ocrx_word' id='word_1_491' title='bbox 1370 4349 1556 4407; x_wconf 90' lang='lat' dir='ltr'><strong>ﬁdeles</strong></span> <span class='ocrx_word' id='word_1_492' title='bbox 1580 4365 1706 4407; x_wconf 92' lang='lat' dir='ltr'><strong>suos</strong></span> <span class='ocrx_word' id='word_1_493' title='bbox 1726 4365 1899 4424; x_wconf 88' lang='lat' dir='ltr'><strong>usque</strong></span> 
     </span>
    </p>
   </div>
   <div class='ocr_carea' id='block_1_60' title="bbox 313 4435 1030 4494">
    <p class='ocr_par' dir='ltr' id='par_1_60' title="bbox 313 4435 1030 4494">
     <span class='ocr_line' id='line_1_60' title="bbox 313 4435 1030 4494; baseline 0.006 -5"><span class='ocrx_word' id='word_1_494' title='bbox 313 4436 385 4490; x_wconf 88' lang='lat' dir='ltr'><strong>ad</strong></span> <span class='ocrx_word' id='word_1_495' title='bbox 415 4435 552 4491; x_wconf 88' lang='lat' dir='ltr'><strong>ﬁnes</strong></span> <span class='ocrx_word' id='word_1_496' title='bbox 580 4444 741 4493; x_wconf 65' lang='lat' dir='ltr'><strong>terra:</strong></span> <span class='ocrx_word' id='word_1_497' title='bbox 767 4437 1030 4494; x_wconf 90' lang='lat' dir='ltr'><strong>dilatavit.</strong></span> 
     </span>
    </p>
   </div>
   <div class='ocr_carea' id='block_1_61' title="bbox 387 4525 1898 4602">
    <p class='ocr_par' dir='ltr' id='par_1_61' title="bbox 387 4525 1898 4602">
     <span class='ocr_line' id='line_1_61' title="bbox 387 4525 1898 4602; baseline 0.008 -22"><span class='ocrx_word' id='word_1_498' title='bbox 387 4525 624 4582; x_wconf 86' lang='lat' dir='ltr'><strong>Pallium</strong></span> <span class='ocrx_word' id='word_1_499' title='bbox 660 4536 744 4586; x_wconf 91' lang='lat' dir='ltr'><strong>est</strong></span> <span class='ocrx_word' id='word_1_500' title='bbox 781 4529 1006 4586; x_wconf 88' lang='lat' dir='ltr'><strong>altitudo</strong></span> <span class='ocrx_word' id='word_1_501' title='bbox 1053 4532 1407 4589; x_wconf 88' lang='lat' dir='ltr'><strong>humanitatis</strong></span> <span class='ocrx_word' id='word_1_502' title='bbox 1446 4533 1687 4602; x_wconf 89' lang='lat' dir='ltr'><strong>Christi,</strong></span> <span class='ocrx_word' id='word_1_503' title='bbox 1728 4543 1790 4590; x_wconf 92' lang='lat' dir='ltr'><strong>ut</strong></span> <span class='ocrx_word' id='word_1_504' title='bbox 1841 4536 1898 4592; x_wconf 92' lang='lat' dir='ltr'><strong>in</strong></span> 
     </span>
    </p>
   </div>
   <div class='ocr_carea' id='block_1_62' title="bbox 1920 3285 1969 3352">
    <p class='ocr_par' dir='ltr' id='par_1_62' title="bbox 1920 3285 1969 3352">
     <span class='ocr_line' id='line_1_62' title="bbox 1920 3285 1969 3352; baseline 0 -2"><span class='ocrx_word' id='word_1_505' title='bbox 1920 3285 1969 3352; x_wconf 93' lang='lat' dir='ltr'><strong>C</strong></span> 
     </span>
    </p>
   </div>
   <div class='ocr_carea' id='block_1_63' title="bbox 1995 2034 3579 2100">
    <p class='ocr_par' dir='ltr' id='par_1_63' title="bbox 1995 2034 3579 2100">
     <span class='ocr_line' id='line_1_63' title="bbox 1995 2034 3579 2100; baseline -0.008 0"><span class='ocrx_word' id='word_1_506' title='bbox 1995 2043 2490 2100; x_wconf 89' lang='lat' dir='ltr'><strong>considerationem</strong></span> <span class='ocrx_word' id='word_1_507' title='bbox 2555 2039 2887 2097; x_wconf 84' lang='lat' dir='ltr'><strong>inﬁrmitatis</strong></span> <span class='ocrx_word' id='word_1_508' title='bbox 2955 2047 3158 2094; x_wconf 82' lang='lat' dir='ltr'><strong>nostrae</strong></span> <span class='ocrx_word' id='word_1_509' title='bbox 3208 2034 3579 2090; x_wconf 88' lang='lat' dir='ltr'><strong>humilicmus.</strong></span> 
     </span>
    </p>
   </div>
   <div class='ocr_carea' id='block_1_64' title="bbox 1997 2126 3584 2204">
    <p class='ocr_par' dir='ltr' id='par_1_64' title="bbox 1997 2126 3584 2204">
     <span class='ocr_line' id='line_1_64' title="bbox 1997 2126 3584 2204; baseline -0.005 -16"><span class='ocrx_word' id='word_1_510' title='bbox 1997 2134 2258 2201; x_wconf 87' lang='lat' dir='ltr'><strong>Pallium,</strong></span> <span class='ocrx_word' id='word_1_511' title='bbox 2291 2134 2564 2190; x_wconf 88' lang='lat' dir='ltr'><strong>exteriora</strong></span> <span class='ocrx_word' id='word_1_512' title='bbox 2587 2141 2830 2204; x_wconf 89' lang='lat' dir='ltr'><strong>peccata,</strong></span> <span class='ocrx_word' id='word_1_513' title='bbox 2863 2139 2922 2186; x_wconf 91' lang='lat' dir='ltr'><strong>ut</strong></span> <span class='ocrx_word' id='word_1_514' title='bbox 2964 2131 3022 2186; x_wconf 92' lang='lat' dir='ltr'><strong>in</strong></span> <span class='ocrx_word' id='word_1_515' title='bbox 3058 2127 3352 2198; x_wconf 89' lang='lat' dir='ltr'><strong>Evangelio</strong></span> <span class='ocrx_word' id='word_1_516' title='bbox 3381 2143 3394 2180; x_wconf 88' lang='lat'><strong>:</strong></span> <span class='ocrx_word' id='word_1_517' title='bbox 3434 2146 3452 2177; x_wconf 77' lang='grc' dir='ltr'><strong>ι</strong></span> <span class='ocrx_word' id='word_1_518' title='bbox 3492 2126 3584 2180; x_wconf 87' lang='lat' dir='ltr'><strong>Di-</strong></span> 
     </span>
    </p>
   </div>
   <div class='ocr_carea' id='block_1_65' title="bbox 1995 2217 3583 2296">
    <p class='ocr_par' dir='ltr' id='par_1_65' title="bbox 1995 2217 3583 2296">
     <span class='ocr_line' id='line_1_65' title="bbox 1995 2217 3583 2296; baseline -0.006 -15"><span class='ocrx_word' id='word_1_519' title='bbox 1995 2227 2151 2282; x_wconf 90' lang='lat' dir='ltr'><strong>mitte</strong></span> <span class='ocrx_word' id='word_1_520' title='bbox 2173 2226 2224 2281; x_wconf 92' lang='lat' dir='ltr'><strong>ei</strong></span> <span class='ocrx_word' id='word_1_521' title='bbox 2253 2227 2270 2246; x_wconf 77' lang='lat'><strong>’</strong></span> <span class='ocrx_word' id='word_1_522' title='bbox 2297 2225 2519 2296; x_wconf 89' lang='lat' dir='ltr'><strong>pallium</strong></span> <span class='ocrx_word' id='word_1_523' title='bbox 2539 2226 2606 2290; x_wconf 81' lang='grc'><strong>²²,</strong></span> <span class='ocrx_word' id='word_1_524' title='bbox 2639 2246 2658 2277; x_wconf 76' lang='grc' dir='ltr'><strong>ι</strong></span> <span class='ocrx_word' id='word_1_525' title='bbox 2687 2231 2704 2244; x_wconf 83' lang='grc'><strong>⁹</strong></span> <span class='ocrx_word' id='word_1_526' title='bbox 2735 2233 2792 2278; x_wconf 90' lang='grc' dir='ltr'>ει</span> <span class='ocrx_word' id='word_1_527' title='bbox 2815 2221 3089 2278; x_wconf 80' lang='lat' dir='ltr'><strong>exteriora</strong></span> <span class='ocrx_word' id='word_1_528' title='bbox 3118 2227 3342 2292; x_wconf 87' lang='lat' dir='ltr'><strong>peccata</strong></span> <span class='ocrx_word' id='word_1_529' title='bbox 3375 2227 3466 2272; x_wconf 90' lang='lat' dir='ltr'><strong>tua</strong></span> <span class='ocrx_word' id='word_1_530' title='bbox 3491 2217 3583 2272; x_wconf 90' lang='lat' dir='ltr'><strong>ab-</strong></span> 
     </span>
    </p>
   </div>
   <div class='ocr_carea' id='block_1_66' title="bbox 1989 2309 3606 2390">
    <p class='ocr_par' dir='ltr' id='par_1_66' title="bbox 1989 2309 3606 2390">
     <span class='ocr_line' id='line_1_66' title="bbox 1989 2309 3606 2390; baseline -0.002 -18"><span class='ocrx_word' id='word_1_531' title='bbox 1989 2318 2098 2390; x_wconf 89' lang='lat' dir='ltr'><strong>jice</strong></span> <span class='ocrx_word' id='word_1_532' title='bbox 2136 2319 2232 2373; x_wconf 88' lang='lat' dir='ltr'><strong>abs</strong></span> <span class='ocrx_word' id='word_1_533' title='bbox 2257 2325 2328 2373; x_wconf 92' lang='lat' dir='ltr'><strong>te.</strong></span> <span class='ocrx_word' id='word_1_534' title='bbox 2363 2315 2620 2383; x_wconf 88' lang='lat' dir='ltr'><strong>Pallium,</strong></span> <span class='ocrx_word' id='word_1_535' title='bbox 2663 2331 2830 2386; x_wconf 86' lang='lat' dir='ltr'><strong>prava</strong></span> <span class='ocrx_word' id='word_1_536' title='bbox 2857 2322 3119 2380; x_wconf 88' lang='lat' dir='ltr'><strong>vetustas,</strong></span> <span class='ocrx_word' id='word_1_537' title='bbox 3145 2322 3206 2366; x_wconf 90' lang='lat' dir='ltr'><strong>ut</strong></span> <span class='ocrx_word' id='word_1_538' title='bbox 3231 2313 3284 2366; x_wconf 92' lang='lat' dir='ltr'><strong>in</strong></span> <span class='ocrx_word' id='word_1_539' title='bbox 3311 2309 3538 2366; x_wconf 87' lang='lat' dir='ltr'><strong>Cantico</strong></span> <span class='ocrx_word' id='word_1_540' title='bbox 3566 2327 3579 2363; x_wconf 94' lang='lat'>:</span> <span class='ocrx_word' id='word_1_541' title='bbox 3603 2365 3606 2368; x_wconf 83' lang='lat'><strong>.</strong></span> 
     </span>
    </p>
   </div>
   <div class='ocr_carea' id='block_1_67' title="bbox 2001 2399 3578 2480">
    <p class='ocr_par' dir='ltr' id='par_1_67' title="bbox 2001 2399 3578 2480">
     <span class='ocr_line' id='line_1_67' title="bbox 2001 2399 3578 2480; baseline -0.004 -16"><span class='ocrx_word' id='word_1_542' title='bbox 2001 2428 2020 2463; x_wconf 84' lang='grc'>‹</span> <span class='ocrx_word' id='word_1_543' title='bbox 2061 2410 2327 2466; x_wconf 90' lang='lat' dir='ltr'><strong>Tulerunt</strong></span> <span class='ocrx_word' id='word_1_544' title='bbox 2370 2409 2596 2480; x_wconf 89' lang='lat' dir='ltr'><strong>pallium</strong></span> <span class='ocrx_word' id='word_1_545' title='bbox 2641 2422 2822 2463; x_wconf 91' lang='lat' dir='ltr'><strong>meum</strong></span> <span class='ocrx_word' id='word_1_546' title='bbox 2853 2407 3107 2462; x_wconf 90' lang='lat' dir='ltr'><strong>custodes</strong></span> <span class='ocrx_word' id='word_1_547' title='bbox 3150 2417 3432 2459; x_wconf 87' lang='lat' dir='ltr'><strong>murorum</strong></span> <span class='ocrx_word' id='word_1_548' title='bbox 3451 2399 3523 2466; x_wconf 81' lang='grc'><strong>⁸³,</strong></span> <span class='ocrx_word' id='word_1_549' title='bbox 3559 2419 3578 2452; x_wconf 72' lang='grc' dir='ltr'><strong>ι</strong></span> 
     </span>
    </p>
   </div>
   <div class='ocr_carea' id='block_1_68' title="bbox 1995 2498 3584 2570">
    <p class='ocr_par' dir='ltr' id='par_1_68' title="bbox 1995 2498 3584 2570">
     <span class='ocr_line' id='line_1_68' title="bbox 1995 2498 3584 2570; baseline -0.009 -11"><span class='ocrx_word' id='word_1_550' title='bbox 1995 2503 2050 2558; x_wconf 94' lang='lat' dir='ltr'><strong>id</strong></span> <span class='ocrx_word' id='word_1_551' title='bbox 2077 2511 2180 2568; x_wconf 89' lang='lat' dir='ltr'><strong>est,</strong></span> <span class='ocrx_word' id='word_1_552' title='bbox 2215 2500 2556 2557; x_wconf 89' lang='lat' dir='ltr'><strong>abstulerunt</strong></span> <span class='ocrx_word' id='word_1_553' title='bbox 2576 2515 2606 2554; x_wconf 93' lang='lat' dir='ltr'><strong>a</strong></span> <span class='ocrx_word' id='word_1_554' title='bbox 2637 2514 2724 2554; x_wconf 90' lang='lat' dir='ltr'><strong>me</strong></span> <span class='ocrx_word' id='word_1_555' title='bbox 2749 2498 3074 2570; x_wconf 88' lang='lat' dir='ltr'><strong>pravitatem</strong></span> <span class='ocrx_word' id='word_1_556' title='bbox 3103 2501 3330 2550; x_wconf 68' lang='lat' dir='ltr'><strong>vetusta:</strong></span> <span class='ocrx_word' id='word_1_557' title='bbox 3360 2506 3584 2546; x_wconf 90' lang='lat' dir='ltr'><strong>conver-</strong></span> 
     </span>
    </p>
   </div>
   <div class='ocr_carea' id='block_1_69' title="bbox 1997 2583 3579 2656">
    <p class='ocr_par' dir='ltr' id='par_1_69' title="bbox 1997 2583 3579 2656">
     <span class='ocr_line' id='line_1_69' title="bbox 1997 2583 3579 2656; baseline -0.009 -5"><span class='ocrx_word' id='word_1_558' title='bbox 1997 2595 2223 2651; x_wconf 90' lang='lat' dir='ltr'><strong>sationis</strong></span> <span class='ocrx_word' id='word_1_559' title='bbox 2273 2601 2516 2648; x_wconf 91' lang='lat' dir='ltr'><strong>rcctores</strong></span> <span class='ocrx_word' id='word_1_560' title='bbox 2562 2591 2952 2648; x_wconf 90' lang='lat' dir='ltr'><strong>Ecclesiarum.</strong></span> <span class='ocrx_word' id='word_1_561' title='bbox 3002 2586 3270 2652; x_wconf 79' lang='lat' dir='ltr'><strong>Pallium,</strong></span> <span class='ocrx_word' id='word_1_562' title='bbox 3308 2583 3579 2656; x_wconf 90' lang='lat' dir='ltr'><strong>superbia,</strong></span> 
     </span>
    </p>
   </div>
   <div class='ocr_carea' id='block_1_70' title="bbox 1998 2678 3584 2749">
    <p class='ocr_par' dir='ltr' id='par_1_70' title="bbox 1998 2678 3584 2749">
     <span class='ocr_line' id='line_1_70' title="bbox 1998 2678 3584 2749; baseline -0.009 -3"><span class='ocrx_word' id='word_1_563' title='bbox 1998 2699 2058 2746; x_wconf 90' lang='lat' dir='ltr'><strong>ut</strong></span> <span class='ocrx_word' id='word_1_564' title='bbox 2083 2691 2139 2746; x_wconf 91' lang='lat' dir='ltr'><strong>in</strong></span> <span class='ocrx_word' id='word_1_565' title='bbox 2160 2690 2298 2746; x_wconf 91' lang='lat' dir='ltr'><strong>libro</strong></span> <span class='ocrx_word' id='word_1_566' title='bbox 2323 2687 2488 2744; x_wconf 87' lang='lat' dir='ltr'><strong>Josuc</strong></span> <span class='ocrx_word' id='word_1_567' title='bbox 2517 2702 2532 2741; x_wconf 88' lang='lat'><strong>:</strong></span> <span class='ocrx_word' id='word_1_568' title='bbox 2562 2706 2582 2738; x_wconf 86' lang='grc'><em>‹</em></span> <span class='ocrx_word' id='word_1_569' title='bbox 2621 2687 2770 2744; x_wconf 78' lang='lat' dir='ltr'><strong>Vidit</strong></span> <span class='ocrx_word' id='word_1_570' title='bbox 2793 2685 2979 2742; x_wconf 90' lang='lat' dir='ltr'><strong>Acban</strong></span> <span class='ocrx_word' id='word_1_571' title='bbox 3011 2685 3155 2739; x_wconf 89' lang='lat' dir='ltr'><strong>inter</strong></span> <span class='ocrx_word' id='word_1_572' title='bbox 3182 2690 3379 2738; x_wconf 62' lang='lat' dir='ltr'><strong>caetera</strong></span> <span class='ocrx_word' id='word_1_573' title='bbox 3411 2678 3584 2749; x_wconf 89' lang='lat' dir='ltr'><strong>spolia</strong></span> 
     </span>
    </p>
   </div>
   <div class='ocr_carea' id='block_1_71' title="bbox 1995 2773 3585 2854">
    <p class='ocr_par' dir='ltr' id='par_1_71' title="bbox 1995 2773 3585 2854">
     <span class='ocr_line' id='line_1_71' title="bbox 1995 2773 3585 2854; baseline -0.008 -16"><span class='ocrx_word' id='word_1_574' title='bbox 1995 2783 2220 2854; x_wconf 86' lang='lat' dir='ltr'><strong>pallium</strong></span> <span class='ocrx_word' id='word_1_575' title='bbox 2265 2783 2612 2846; x_wconf 81' lang='lat' dir='ltr'><strong>coccineum,</strong></span> <span class='ocrx_word' id='word_1_576' title='bbox 2654 2779 2812 2834; x_wconf 88' lang='lat' dir='ltr'><strong>valde</strong></span> <span class='ocrx_word' id='word_1_577' title='bbox 2856 2780 3060 2851; x_wconf 87' lang='lat' dir='ltr'><strong>bonum</strong></span> <span class='ocrx_word' id='word_1_578' title='bbox 3091 2777 3157 2842; x_wconf 72' lang='lat'><strong>“,</strong></span> <span class='ocrx_word' id='word_1_579' title='bbox 3200 2796 3219 2829; x_wconf 77' lang='grc' dir='ltr'><strong>ι</strong></span> <span class='ocrx_word' id='word_1_580' title='bbox 3249 2773 3396 2844; x_wconf 90' lang='lat' dir='ltr'><strong>quod</strong></span> <span class='ocrx_word' id='word_1_581' title='bbox 3441 2773 3585 2826; x_wconf 90' lang='lat' dir='ltr'><strong>inter</strong></span> 
     </span>
    </p>
   </div>
   <div class='ocr_carea' id='block_1_72' title="bbox 1998 2867 3583 2946">
    <p class='ocr_par' dir='ltr' id='par_1_72' title="bbox 1998 2867 3583 2946">
     <span class='ocr_line' id='line_1_72' title="bbox 1998 2867 3583 2946; baseline -0.009 -14"><span class='ocrx_word' id='word_1_582' title='bbox 1998 2886 2195 2932; x_wconf 64' lang='lat' dir='ltr'><strong>caetera</strong></span> <span class='ocrx_word' id='word_1_583' title='bbox 2237 2883 2458 2946; x_wconf 89' lang='lat' dir='ltr'><strong>peccata</strong></span> <span class='ocrx_word' id='word_1_584' title='bbox 2486 2875 2664 2929; x_wconf 87' lang='lat' dir='ltr'><strong>nitore</strong></span> <span class='ocrx_word' id='word_1_585' title='bbox 2691 2871 2957 2942; x_wconf 63' lang='lat' dir='ltr'><strong>superbiae</strong></span> <span class='ocrx_word' id='word_1_586' title='bbox 2993 2869 3209 2940; x_wconf 89' lang='lat' dir='ltr'><strong>reprobi</strong></span> <span class='ocrx_word' id='word_1_587' title='bbox 3235 2867 3357 2938; x_wconf 90' lang='lat' dir='ltr'><strong>plus</strong></span> <span class='ocrx_word' id='word_1_588' title='bbox 3384 2880 3583 2921; x_wconf 90' lang='lat' dir='ltr'><strong>concu-</strong></span> 
     </span>
    </p>
   </div>
   <div class='ocr_carea' id='block_1_73' title="bbox 1997 2958 3580 3041">
    <p class='ocr_par' dir='ltr' id='par_1_73' title="bbox 1997 2958 3580 3041">
     <span class='ocr_line' id='line_1_73' title="bbox 1997 2958 3580 3041; baseline -0.007 -17"><span class='ocrx_word' id='word_1_589' title='bbox 1997 2969 2232 3041; x_wconf 91' lang='lat' dir='ltr'><strong>piscunt.</strong></span> <span class='ocrx_word' id='word_1_590' title='bbox 2265 2967 2370 3022; x_wconf 89' lang='lat' dir='ltr'><strong>Per</strong></span> <span class='ocrx_word' id='word_1_591' title='bbox 2391 2965 2630 3036; x_wconf 83' lang='lat' dir='ltr'><strong>pallium,</strong></span> <span class='ocrx_word' id='word_1_592' title='bbox 2656 2965 2914 3028; x_wconf 83' lang='lat' dir='ltr'><strong>actiones,</strong></span> <span class='ocrx_word' id='word_1_593' title='bbox 2959 2970 3018 3017; x_wconf 93' lang='lat' dir='ltr'><strong>ut</strong></span> <span class='ocrx_word' id='word_1_594' title='bbox 3051 2963 3107 3016; x_wconf 92' lang='lat' dir='ltr'><strong>in</strong></span> <span class='ocrx_word' id='word_1_595' title='bbox 3143 2960 3284 3015; x_wconf 91' lang='lat' dir='ltr'><strong>libro</strong></span> <span class='ocrx_word' id='word_1_596' title='bbox 3317 2958 3538 3014; x_wconf 86' lang='lat' dir='ltr'><strong>Numeri</strong></span> <span class='ocrx_word' id='word_1_597' title='bbox 3568 2978 3580 3013; x_wconf 89' lang='lat'><strong>:</strong></span> 
     </span>
    </p>
   </div>
   <div class='ocr_carea' id='block_1_74' title="bbox 2004 3053 3578 3126">
    <p class='ocr_par' dir='ltr' id='par_1_74' title="bbox 2004 3053 3578 3126">
     <span class='ocr_line' id='line_1_74' title="bbox 2004 3053 3578 3126; baseline -0.003 -14"><span class='ocrx_word' id='word_1_598' title='bbox 2004 3079 2022 3112; x_wconf 73' lang='grc' dir='ltr'><strong>ι</strong></span> <span class='ocrx_word' id='word_1_599' title='bbox 2059 3059 2133 3116; x_wconf 89' lang='lat' dir='ltr'><strong>Ut</strong></span> <span class='ocrx_word' id='word_1_600' title='bbox 2174 3058 2380 3114; x_wconf 83' lang='lat' dir='ltr'><strong>faciant</strong></span> <span class='ocrx_word' id='word_1_601' title='bbox 2412 3057 2493 3112; x_wconf 91' lang='lat' dir='ltr'><strong>eis</strong></span> <span class='ocrx_word' id='word_1_602' title='bbox 2535 3057 2778 3113; x_wconf 88' lang='lat' dir='ltr'><strong>ﬁmbrias</strong></span> <span class='ocrx_word' id='word_1_603' title='bbox 2805 3055 2861 3110; x_wconf 93' lang='lat' dir='ltr'><strong>in</strong></span> <span class='ocrx_word' id='word_1_604' title='bbox 2891 3055 3103 3126; x_wconf 79' lang='lat' dir='ltr'><strong>angulis</strong></span> <span class='ocrx_word' id='word_1_605' title='bbox 3141 3053 3518 3125; x_wconf 78' lang='lat' dir='ltr'><strong>palliorum”,</strong></span> <span class='ocrx_word' id='word_1_606' title='bbox 3559 3074 3578 3107; x_wconf 72' lang='grc' dir='ltr'>ι</span> 
     </span>
    </p>
   </div>
   <div class='ocr_carea' id='block_1_75' title="bbox 1997 3145 3584 3220">
    <p class='ocr_par' dir='ltr' id='par_1_75' title="bbox 1997 3145 3584 3220">
     <span class='ocr_line' id='line_1_75' title="bbox 1997 3145 3584 3220; baseline -0.004 -13"><span class='ocrx_word' id='word_1_607' title='bbox 1997 3152 2054 3207; x_wconf 89' lang='lat' dir='ltr'><strong>id</strong></span> <span class='ocrx_word' id='word_1_608' title='bbox 2101 3159 2216 3217; x_wconf 88' lang='lat' dir='ltr'><strong>est,</strong></span> <span class='ocrx_word' id='word_1_609' title='bbox 2247 3157 2309 3205; x_wconf 92' lang='lat' dir='ltr'><strong>ut</strong></span> <span class='ocrx_word' id='word_1_610' title='bbox 2341 3150 2599 3205; x_wconf 89' lang='lat' dir='ltr'><strong>studeant</strong></span> <span class='ocrx_word' id='word_1_611' title='bbox 2634 3162 2987 3220; x_wconf 87' lang='lat' dir='ltr'><strong>perseverare</strong></span> <span class='ocrx_word' id='word_1_612' title='bbox 3018 3146 3072 3202; x_wconf 91' lang='lat' dir='ltr'><strong>in</strong></span> <span class='ocrx_word' id='word_1_613' title='bbox 3113 3145 3584 3217; x_wconf 87' lang='lat' dir='ltr'><strong>conjunctionibus</strong></span> 
     </span>
    </p>
   </div>
   <div class='ocr_carea' id='block_1_76' title="bbox 1999 3236 3588 3309">
    <p class='ocr_par' dir='ltr' id='par_1_76' title="bbox 1999 3236 3588 3309">
     <span class='ocr_line' id='line_1_76' title="bbox 1999 3236 3588 3309; baseline -0.007 -9"><span class='ocrx_word' id='word_1_614' title='bbox 1999 3244 2266 3300; x_wconf 91' lang='lat' dir='ltr'><strong>bonorum</strong></span> <span class='ocrx_word' id='word_1_615' title='bbox 2291 3251 2508 3296; x_wconf 89' lang='lat' dir='ltr'><strong>actuum</strong></span> <span class='ocrx_word' id='word_1_616' title='bbox 2536 3255 2778 3296; x_wconf 90' lang='lat' dir='ltr'><strong>suorum.</strong></span> <span class='ocrx_word' id='word_1_617' title='bbox 2817 3239 2922 3293; x_wconf 88' lang='lat' dir='ltr'><strong>Per</strong></span> <span class='ocrx_word' id='word_1_618' title='bbox 2942 3237 3183 3309; x_wconf 80' lang='lat' dir='ltr'><strong>pallium,</strong></span> <span class='ocrx_word' id='word_1_619' title='bbox 3217 3236 3500 3302; x_wconf 91' lang='lat' dir='ltr'><strong>elationes,</strong></span> <span class='ocrx_word' id='word_1_620' title='bbox 3526 3243 3588 3289; x_wconf 89' lang='lat' dir='ltr'><strong>ut</strong></span> 
     </span>
    </p>
   </div>
   <div class='ocr_carea' id='block_1_77' title="bbox 2000 3327 3580 3400">
    <p class='ocr_par' dir='ltr' id='par_1_77' title="bbox 2000 3327 3580 3400">
     <span class='ocr_line' id='line_1_77' title="bbox 2000 3327 3580 3400; baseline -0.008 -7"><span class='ocrx_word' id='word_1_621' title='bbox 2000 3337 2056 3393; x_wconf 91' lang='lat' dir='ltr'><strong>in</strong></span> <span class='ocrx_word' id='word_1_622' title='bbox 2085 3335 2227 3392; x_wconf 83' lang='lat' dir='ltr'><strong>Isaia</strong></span> <span class='ocrx_word' id='word_1_623' title='bbox 2259 3352 2273 3388; x_wconf 89' lang='lat'><strong>:</strong></span> <span class='ocrx_word' id='word_1_624' title='bbox 2308 3353 2328 3386; x_wconf 73' lang='grc' dir='ltr'><strong>ι</strong></span> <span class='ocrx_word' id='word_1_625' title='bbox 2360 3333 2591 3390; x_wconf 86' lang='lat' dir='ltr'><strong>Auferet</strong></span> <span class='ocrx_word' id='word_1_626' title='bbox 2621 3334 2764 3388; x_wconf 91' lang='lat' dir='ltr'><strong>Deus</strong></span> <span class='ocrx_word' id='word_1_627' title='bbox 2790 3333 2809 3354; x_wconf 78' lang='grc'><strong><em>⁶</em></strong></span> <span class='ocrx_word' id='word_1_628' title='bbox 2833 3332 2888 3386; x_wconf 91' lang='lat' dir='ltr'><strong>in</strong></span> <span class='ocrx_word' id='word_1_629' title='bbox 2915 3331 3163 3387; x_wconf 90' lang='lat' dir='ltr'><strong>unctoria</strong></span> <span class='ocrx_word' id='word_1_630' title='bbox 3193 3338 3250 3384; x_wconf 90' lang='lat' dir='ltr'><strong>et</strong></span> <span class='ocrx_word' id='word_1_631' title='bbox 3275 3327 3436 3400; x_wconf 91' lang='lat' dir='ltr'><strong>pallia</strong></span> <span class='ocrx_word' id='word_1_632' title='bbox 3455 3329 3523 3393; x_wconf 70' lang='grc'><strong>’⁸,</strong></span> <span class='ocrx_word' id='word_1_633' title='bbox 3561 3349 3580 3381; x_wconf 76' lang='grc' dir='ltr'><strong>ι</strong></span> 
     </span>
    </p>
   </div>
   <div class='ocr_carea' id='block_1_78' title="bbox 1998 3419 3586 3495">
    <p class='ocr_par' dir='ltr' id='par_1_78' title="bbox 1998 3419 3586 3495">
     <span class='ocr_line' id='line_1_78' title="bbox 1998 3419 3586 3495; baseline -0.006 -11"><span class='ocrx_word' id='word_1_634' title='bbox 1998 3429 2054 3484; x_wconf 93' lang='lat' dir='ltr'><strong>id</strong></span> <span class='ocrx_word' id='word_1_635' title='bbox 2105 3437 2224 3495; x_wconf 90' lang='lat' dir='ltr'><strong>est,</strong></span> <span class='ocrx_word' id='word_1_636' title='bbox 2276 3427 2519 3484; x_wconf 90' lang='lat' dir='ltr'><strong>destruet</strong></span> <span class='ocrx_word' id='word_1_637' title='bbox 2565 3426 2622 3481; x_wconf 93' lang='lat' dir='ltr'><strong>in</strong></span> <span class='ocrx_word' id='word_1_638' title='bbox 2660 3423 2907 3494; x_wconf 89' lang='lat' dir='ltr'><strong>reprobis</strong></span> <span class='ocrx_word' id='word_1_639' title='bbox 2950 3421 3333 3478; x_wconf 88' lang='lat' dir='ltr'><strong>instabilitates</strong></span> <span class='ocrx_word' id='word_1_640' title='bbox 3374 3429 3432 3476; x_wconf 88' lang='lat' dir='ltr'><strong>et</strong></span> <span class='ocrx_word' id='word_1_641' title='bbox 3469 3419 3586 3476; x_wconf 87' lang='lat' dir='ltr'><strong>ela-</strong></span> 
     </span>
    </p>
   </div>
   <div class='ocr_carea' id='block_1_79' title="bbox 1999 3520 2610 3576">
    <p class='ocr_par' dir='ltr' id='par_1_79' title="bbox 1999 3520 2610 3576">
     <span class='ocr_line' id='line_1_79' title="bbox 1999 3520 2610 3576; baseline -0.011 0"><span class='ocrx_word' id='word_1_642' title='bbox 1999 3520 2194 3576; x_wconf 89' lang='lat' dir='ltr'><strong>tiones.</strong></span> <span class='ocrx_word' id='word_1_643' title='bbox 2603 3569 2610 3576; x_wconf 79' lang='grc'>,</span> 
     </span>
    </p>
   </div>
   <div class='ocr_carea' id='block_1_80' title="bbox 2072 3607 3585 3684">
    <p class='ocr_par' dir='ltr' id='par_1_80' title="bbox 2072 3607 3585 3684">
     <span class='ocr_line' id='line_1_80' title="bbox 2072 3607 3585 3684; baseline -0.006 -15"><span class='ocrx_word' id='word_1_644' title='bbox 2072 3613 2350 3684; x_wconf 63' lang='lat' dir='ltr'><strong>Palpebrae</strong></span> <span class='ocrx_word' id='word_1_645' title='bbox 2380 3620 2506 3668; x_wconf 90' lang='lat' dir='ltr'><strong>sunt</strong></span> <span class='ocrx_word' id='word_1_646' title='bbox 2528 3610 2731 3682; x_wconf 88' lang='lat' dir='ltr'><strong>judicia</strong></span> <span class='ocrx_word' id='word_1_647' title='bbox 2760 3609 2880 3676; x_wconf 90' lang='lat' dir='ltr'><strong>Dei,</strong></span> <span class='ocrx_word' id='word_1_648' title='bbox 2909 3616 2970 3664; x_wconf 93' lang='lat' dir='ltr'><strong>ut</strong></span> <span class='ocrx_word' id='word_1_649' title='bbox 3011 3609 3067 3664; x_wconf 91' lang='lat' dir='ltr'><strong>in</strong></span> <span class='ocrx_word' id='word_1_650' title='bbox 3092 3608 3324 3664; x_wconf 88' lang='lat' dir='ltr'><strong>Psalmis</strong></span> <span class='ocrx_word' id='word_1_651' title='bbox 3351 3624 3365 3661; x_wconf 88' lang='lat'><strong>:</strong></span> <span class='ocrx_word' id='word_1_652' title='bbox 3399 3625 3420 3659; x_wconf 75' lang='grc' dir='ltr'>ι</span> <span class='ocrx_word' id='word_1_653' title='bbox 3457 3607 3585 3662; x_wconf 89' lang='lat' dir='ltr'><strong>Pal-</strong></span> 
     </span>
    </p>
   </div>
   <div class='ocr_carea' id='block_1_81' title="bbox 1997 3703 3586 3778">
    <p class='ocr_par' dir='ltr' id='par_1_81' title="bbox 1997 3703 3586 3778">
     <span class='ocr_line' id='line_1_81' title="bbox 1997 3703 3586 3778; baseline -0.003 -16"><span class='ocrx_word' id='word_1_654' title='bbox 1997 3707 2179 3778; x_wconf 64' lang='lat' dir='ltr'><strong>pebrae</strong></span> <span class='ocrx_word' id='word_1_655' title='bbox 2204 3704 2323 3774; x_wconf 92' lang='lat' dir='ltr'><strong>ejus</strong></span> <span class='ocrx_word' id='word_1_656' title='bbox 2351 3707 2692 3777; x_wconf 79' lang='lat' dir='ltr'><strong>interrogant</strong></span> <span class='ocrx_word' id='word_1_657' title='bbox 2721 3704 2862 3759; x_wconf 92' lang='lat' dir='ltr'><strong>ﬁlios</strong></span> <span class='ocrx_word' id='word_1_658' title='bbox 2887 3704 3167 3759; x_wconf 91' lang='lat' dir='ltr'><strong>hominum</strong></span> <span class='ocrx_word' id='word_1_659' title='bbox 3186 3704 3255 3768; x_wconf 76' lang='grc'><strong>³⁷,</strong></span> <span class='ocrx_word' id='word_1_660' title='bbox 3285 3721 3305 3754; x_wconf 78' lang='grc' dir='ltr'><strong>ι</strong></span> <span class='ocrx_word' id='word_1_661' title='bbox 3332 3703 3474 3773; x_wconf 89' lang='lat' dir='ltr'><strong>quod</strong></span> <span class='ocrx_word' id='word_1_662' title='bbox 3499 3703 3586 3757; x_wconf 91' lang='lat' dir='ltr'><strong>in-</strong></span> 
     </span>
    </p>
   </div>
   <div class='ocr_carea' id='block_1_82' title="bbox 2000 3793 3587 3866">
    <p class='ocr_par' dir='ltr' id='par_1_82' title="bbox 2000 3793 3587 3866">
     <span class='ocr_line' id='line_1_82' title="bbox 2000 3793 3587 3866; baseline -0.002 -14"><span class='ocrx_word' id='word_1_663' title='bbox 2000 3805 2180 3853; x_wconf 88' lang='lat' dir='ltr'><strong>tentos</strong></span> <span class='ocrx_word' id='word_1_664' title='bbox 2212 3812 2313 3852; x_wconf 91' lang='lat' dir='ltr'><strong>nos</strong></span> <span class='ocrx_word' id='word_1_665' title='bbox 2334 3799 2352 3816; x_wconf 79' lang='lat'><strong>&#39;</strong></span> <span class='ocrx_word' id='word_1_666' title='bbox 2381 3811 2478 3852; x_wconf 92' lang='lat' dir='ltr'><strong>vos</strong></span> <span class='ocrx_word' id='word_1_667' title='bbox 2515 3796 2720 3866; x_wconf 89' lang='lat' dir='ltr'><strong>judicia</strong></span> <span class='ocrx_word' id='word_1_668' title='bbox 2754 3795 2849 3852; x_wconf 90' lang='lat' dir='ltr'><strong>Dei</strong></span> <span class='ocrx_word' id='word_1_669' title='bbox 2890 3803 2946 3850; x_wconf 88' lang='lat' dir='ltr'><strong>et</strong></span> <span class='ocrx_word' id='word_1_670' title='bbox 2975 3794 3234 3850; x_wconf 86' lang='lat' dir='ltr'><strong>sollicitos</strong></span> <span class='ocrx_word' id='word_1_671' title='bbox 3282 3793 3488 3848; x_wconf 86' lang='lat' dir='ltr'><strong>faciunt</strong></span> <span class='ocrx_word' id='word_1_672' title='bbox 3533 3795 3587 3849; x_wconf 94' lang='lat' dir='ltr'><strong>in</strong></span> 
     </span>
    </p>
   </div>
   <div class='ocr_carea' id='block_1_83' title="bbox 2000 3884 3591 3959">
    <p class='ocr_par' dir='ltr' id='par_1_83' title="bbox 2000 3884 3591 3959">
     <span class='ocr_line' id='line_1_83' title="bbox 2000 3884 3591 3959; baseline -0.004 -15"><span class='ocrx_word' id='word_1_673' title='bbox 2000 3903 2065 3944; x_wconf 92' lang='lat' dir='ltr'><strong>eo</strong></span> <span class='ocrx_word' id='word_1_674' title='bbox 2085 3930 2099 3954; x_wconf 96' lang='lat'><strong>,</strong></span> <span class='ocrx_word' id='word_1_675' title='bbox 2131 3888 2278 3959; x_wconf 89' lang='lat' dir='ltr'><strong>quod</strong></span> <span class='ocrx_word' id='word_1_676' title='bbox 2318 3887 2375 3942; x_wconf 91' lang='lat' dir='ltr'><strong>in</strong></span> <span class='ocrx_word' id='word_1_677' title='bbox 2420 3886 2744 3956; x_wconf 87' lang='lat' dir='ltr'><strong>quibusdam</strong></span> <span class='ocrx_word' id='word_1_678' title='bbox 2787 3898 2844 3941; x_wconf 88' lang='lat' dir='ltr'><strong>se</strong></span> <span class='ocrx_word' id='word_1_679' title='bbox 2871 3887 2888 3906; x_wconf 77' lang='lat'><strong><em>&#39;</em></strong></span> <span class='ocrx_word' id='word_1_680' title='bbox 2915 3901 3016 3941; x_wconf 90' lang='lat' dir='ltr'><strong>nos</strong></span> <span class='ocrx_word' id='word_1_681' title='bbox 3045 3884 3348 3949; x_wconf 89' lang='lat' dir='ltr'><strong>occultant,</strong></span> <span class='ocrx_word' id='word_1_682' title='bbox 3385 3884 3440 3938; x_wconf 91' lang='lat' dir='ltr'><strong>in</strong></span> <span class='ocrx_word' id='word_1_683' title='bbox 3471 3885 3591 3953; x_wconf 88' lang='lat' dir='ltr'><strong>qui-</strong></span> 
     </span>
    </p>
   </div>
   <div class='ocr_carea' id='block_1_84' title="bbox 1999 3973 3586 4047">
    <p class='ocr_par' dir='ltr' id='par_1_84' title="bbox 1999 3973 3586 4047">
     <span class='ocr_line' id='line_1_84' title="bbox 1999 3973 3586 4047; baseline -0.004 -12"><span class='ocrx_word' id='word_1_684' title='bbox 1999 3978 2228 4035; x_wconf 87' lang='lat' dir='ltr'><strong>busdam</strong></span> <span class='ocrx_word' id='word_1_685' title='bbox 2259 3993 2391 4033; x_wconf 91' lang='lat' dir='ltr'><strong>vero</strong></span> <span class='ocrx_word' id='word_1_686' title='bbox 2419 3993 2479 4033; x_wconf 91' lang='lat' dir='ltr'><strong>se</strong></span> <span class='ocrx_word' id='word_1_687' title='bbox 2513 3977 2783 4047; x_wconf 90' lang='lat' dir='ltr'><strong>aperiunt.</strong></span> <span class='ocrx_word' id='word_1_688' title='bbox 2823 3973 3132 4047; x_wconf 74' lang='grc' dir='ltr'><strong>Ραιρεὸνίε,</strong></span> <span class='ocrx_word' id='word_1_689' title='bbox 3161 3973 3368 4046; x_wconf 72' lang='lat' dir='ltr'><strong>praelati</strong></span> <span class='ocrx_word' id='word_1_690' title='bbox 3397 3974 3586 4030; x_wconf 90' lang='lat' dir='ltr'><strong>Eccle-</strong></span> 
     </span>
    </p>
   </div>
   <div class='ocr_carea' id='block_1_85' title="bbox 2000 4067 3582 4139">
    <p class='ocr_par' dir='ltr' id='par_1_85' title="bbox 2000 4067 3582 4139">
     <span class='ocr_line' id='line_1_85' title="bbox 2000 4067 3582 4139; baseline -0.006 -11"><span class='ocrx_word' id='word_1_691' title='bbox 2000 4073 2114 4138; x_wconf 58' lang='lat' dir='ltr'><strong>sia,</strong></span> <span class='ocrx_word' id='word_1_692' title='bbox 2151 4079 2212 4126; x_wconf 92' lang='lat' dir='ltr'><strong>ut</strong></span> <span class='ocrx_word' id='word_1_693' title='bbox 2235 4071 2292 4126; x_wconf 89' lang='lat' dir='ltr'><strong>in</strong></span> <span class='ocrx_word' id='word_1_694' title='bbox 2315 4069 2418 4124; x_wconf 83' lang='lat' dir='ltr'><strong>Joh</strong></span> <span class='ocrx_word' id='word_1_695' title='bbox 2442 4089 2453 4123; x_wconf 94' lang='lat'>:</span> <span class='ocrx_word' id='word_1_696' title='bbox 2490 4090 2508 4121; x_wconf 84' lang='grc'><strong><em>‹</em></strong></span> <span class='ocrx_word' id='word_1_697' title='bbox 2541 4069 2608 4124; x_wconf 87' lang='grc' dir='ltr'><strong>Ει</strong></span> <span class='ocrx_word' id='word_1_698' title='bbox 2631 4069 2903 4139; x_wconf 69' lang='lat' dir='ltr'><strong>palpebrae</strong></span> <span class='ocrx_word' id='word_1_699' title='bbox 2924 4083 3059 4124; x_wconf 65' lang='lat' dir='ltr'><strong>mea:</strong></span> <span class='ocrx_word' id='word_1_700' title='bbox 3083 4067 3536 4138; x_wconf 72' lang='lat' dir='ltr'><strong>caligaverunt&quot;,</strong></span> <span class='ocrx_word' id='word_1_701' title='bbox 3563 4087 3582 4118; x_wconf 73' lang='grc' dir='ltr'><strong>ι</strong></span> 
     </span>
    </p>
   </div>
   <div class='ocr_carea' id='block_1_86' title="bbox 1999 4154 3587 4232">
    <p class='ocr_par' dir='ltr' id='par_1_86' title="bbox 1999 4154 3587 4232">
     <span class='ocr_line' id='line_1_86' title="bbox 1999 4154 3587 4232; baseline -0.006 -14"><span class='ocrx_word' id='word_1_702' title='bbox 1999 4164 2054 4218; x_wconf 87' lang='lat' dir='ltr'><strong>id</strong></span> <span class='ocrx_word' id='word_1_703' title='bbox 2085 4171 2188 4229; x_wconf 90' lang='lat' dir='ltr'><strong>est,</strong></span> <span class='ocrx_word' id='word_1_704' title='bbox 2227 4161 2438 4232; x_wconf 81' lang='lat' dir='ltr'><strong>praelati</strong></span> <span class='ocrx_word' id='word_1_705' title='bbox 2466 4161 2573 4215; x_wconf 90' lang='lat' dir='ltr'><strong>mei</strong></span> <span class='ocrx_word' id='word_1_706' title='bbox 2608 4160 2663 4214; x_wconf 92' lang='lat' dir='ltr'><strong>in</strong></span> <span class='ocrx_word' id='word_1_707' title='bbox 2691 4159 3014 4230; x_wconf 87' lang='lat' dir='ltr'><strong>quibusdam</strong></span> <span class='ocrx_word' id='word_1_708' title='bbox 3043 4159 3417 4214; x_wconf 87' lang='lat' dir='ltr'><strong>deviaverunt.</strong></span> <span class='ocrx_word' id='word_1_709' title='bbox 3453 4154 3587 4212; x_wconf 84' lang='lat' dir='ltr'><strong>Pal-</strong></span> 
     </span>
    </p>
   </div>
   <div class='ocr_carea' id='block_1_87' title="bbox 1999 4248 3592 4327">
    <p class='ocr_par' dir='ltr' id='par_1_87' title="bbox 1999 4248 3592 4327">
     <span class='ocr_line' id='line_1_87' title="bbox 1999 4248 3592 4327; baseline -0.004 -17"><span class='ocrx_word' id='word_1_710' title='bbox 1999 4256 2189 4327; x_wconf 77' lang='lat' dir='ltr'><strong>pebrw,</strong></span> <span class='ocrx_word' id='word_1_711' title='bbox 2216 4255 2512 4325; x_wconf 90' lang='lat' dir='ltr'><strong>prudentes</strong></span> <span class='ocrx_word' id='word_1_712' title='bbox 2533 4251 2737 4318; x_wconf 70' lang='lat' dir='ltr'><strong>szeculi,</strong></span> <span class='ocrx_word' id='word_1_713' title='bbox 2769 4260 2829 4307; x_wconf 92' lang='lat' dir='ltr'><strong>ut</strong></span> <span class='ocrx_word' id='word_1_714' title='bbox 2853 4252 2909 4306; x_wconf 91' lang='lat' dir='ltr'><strong>in</strong></span> <span class='ocrx_word' id='word_1_715' title='bbox 2931 4250 3062 4308; x_wconf 84' lang='lat' dir='ltr'><strong>Joh:</strong></span> <span class='ocrx_word' id='word_1_716' title='bbox 3091 4270 3109 4302; x_wconf 75' lang='grc' dir='ltr'><strong>ι</strong></span> <span class='ocrx_word' id='word_1_717' title='bbox 3129 4250 3280 4306; x_wconf 90' lang='lat' dir='ltr'><strong>Oculi</strong></span> <span class='ocrx_word' id='word_1_718' title='bbox 3303 4251 3421 4321; x_wconf 89' lang='lat' dir='ltr'><strong>ejus</strong></span> <span class='ocrx_word' id='word_1_719' title='bbox 3446 4248 3592 4303; x_wconf 90' lang='lat' dir='ltr'><strong>velut</strong></span> 
     </span>
    </p>
   </div>
   <div class='ocr_carea' id='block_1_88' title="bbox 1999 4342 3586 4419">
    <p class='ocr_par' dir='ltr' id='par_1_88' title="bbox 1999 4342 3586 4419">
     <span class='ocr_line' id='line_1_88' title="bbox 1999 4342 3586 4419; baseline -0.005 -17"><span class='ocrx_word' id='word_1_720' title='bbox 1999 4348 2268 4419; x_wconf 73' lang='lat' dir='ltr'><strong>palpebra:</strong></span> <span class='ocrx_word' id='word_1_721' title='bbox 2294 4344 2512 4401; x_wconf 90' lang='lat' dir='ltr'><strong>diluculi</strong></span> <span class='ocrx_word' id='word_1_722' title='bbox 2536 4344 2600 4411; x_wconf 74' lang='grc'><strong>⁸⁸,</strong></span> <span class='ocrx_word' id='word_1_723' title='bbox 2623 4363 2641 4395; x_wconf 77' lang='grc' dir='ltr'><strong>ι</strong></span> <span class='ocrx_word' id='word_1_724' title='bbox 2667 4345 2810 4415; x_wconf 89' lang='lat' dir='ltr'><strong>quod</strong></span> <span class='ocrx_word' id='word_1_725' title='bbox 2837 4343 3130 4414; x_wconf 87' lang='lat' dir='ltr'><strong>prudentes</strong></span> <span class='ocrx_word' id='word_1_726' title='bbox 3155 4343 3335 4399; x_wconf 70' lang='lat' dir='ltr'><strong>saeculi</strong></span> <span class='ocrx_word' id='word_1_727' title='bbox 3357 4342 3424 4397; x_wconf 91' lang='lat' dir='ltr'><strong>de</strong></span> <span class='ocrx_word' id='word_1_728' title='bbox 3449 4356 3586 4395; x_wconf 86' lang='lat' dir='ltr'><strong>vana</strong></span> 
     </span>
    </p>
   </div>
   <div class='ocr_carea' id='block_1_89' title="bbox 2000 4433 3588 4510">
    <p class='ocr_par' dir='ltr' id='par_1_89' title="bbox 2000 4433 3588 4510">
     <span class='ocr_line' id='line_1_89' title="bbox 2000 4433 3588 4510; baseline -0.004 -15"><span class='ocrx_word' id='word_1_729' title='bbox 2000 4439 2248 4495; x_wconf 90' lang='lat' dir='ltr'><strong>claritate</strong></span> <span class='ocrx_word' id='word_1_730' title='bbox 2289 4438 2610 4510; x_wconf 86' lang='lat' dir='ltr'><strong>gloriantur.</strong></span> <span class='ocrx_word' id='word_1_731' title='bbox 2664 4435 2969 4506; x_wconf 69' lang='lat' dir='ltr'><strong>Palpebrae,</strong></span> <span class='ocrx_word' id='word_1_732' title='bbox 2994 4435 3383 4508; x_wconf 86' lang='lat' dir='ltr'><strong>cogitationes,</strong></span> <span class='ocrx_word' id='word_1_733' title='bbox 3423 4442 3484 4488; x_wconf 93' lang='lat' dir='ltr'><strong>ut</strong></span> <span class='ocrx_word' id='word_1_734' title='bbox 3532 4433 3588 4488; x_wconf 91' lang='lat' dir='ltr'><strong>in</strong></span> 
     </span>
    </p>
   </div>
   <div class='ocr_carea' id='block_1_90' title="bbox 1999 4524 3590 4597">
    <p class='ocr_par' dir='ltr' id='par_1_90' title="bbox 1999 4524 3590 4597">
     <span class='ocr_line' id='line_1_90' title="bbox 1999 4524 3590 4597; baseline -0.006 -11"><span class='ocrx_word' id='word_1_735' title='bbox 1999 4529 2306 4586; x_wconf 89' lang='lat' dir='ltr'><strong>Parabolis:</strong></span> <span class='ocrx_word' id='word_1_736' title='bbox 2339 4545 2359 4581; x_wconf 87' lang='grc' dir='ltr'><strong>ι</strong></span> <span class='ocrx_word' id='word_1_737' title='bbox 2388 4528 2499 4584; x_wconf 83' lang='lat' dir='ltr'><strong>Nec</strong></span> <span class='ocrx_word' id='word_1_738' title='bbox 2513 4526 2808 4583; x_wconf 88' lang='lat' dir='ltr'><strong>dormitent</strong></span> <span class='ocrx_word' id='word_1_739' title='bbox 2826 4527 3098 4597; x_wconf 79' lang='lat' dir='ltr'><strong>palpebrae</strong></span> <span class='ocrx_word' id='word_1_740' title='bbox 3113 4526 3182 4592; x_wconf 77' lang='grc' dir='ltr'><strong>³ο,</strong></span> <span class='ocrx_word' id='word_1_741' title='bbox 3216 4546 3234 4575; x_wconf 72' lang='grc' dir='ltr'><strong>ι</strong></span> <span class='ocrx_word' id='word_1_742' title='bbox 3266 4524 3322 4580; x_wconf 94' lang='lat' dir='ltr'><strong>id</strong></span> <span class='ocrx_word' id='word_1_743' title='bbox 3348 4531 3451 4589; x_wconf 88' lang='lat' dir='ltr'><strong>est,</strong></span> <span class='ocrx_word' id='word_1_744' title='bbox 3481 4538 3590 4578; x_wconf 92' lang='lat' dir='ltr'><strong>non</strong></span> 
     </span>
    </p>
   </div>
   <div class='ocr_carea' id='block_1_91' title="bbox 309 4615 3584 4713">
    <p class='ocr_par' dir='ltr' id='par_1_91' title="bbox 309 4615 3584 4713">
     <span class='ocr_line' id='line_1_91' title="bbox 309 4615 3584 4713; baseline 0.003 -39"><span class='ocrx_word' id='word_1_745' title='bbox 309 4621 471 4713; x_wconf 87' lang='lat' dir='ltr'><strong>libris</strong></span> <span class='ocrx_word' id='word_1_746' title='bbox 500 4620 705 4692; x_wconf 84' lang='lat' dir='ltr'><strong>Regum</strong></span> <span class='ocrx_word' id='word_1_747' title='bbox 729 4623 776 4675; x_wconf 75' lang='grc' dir='ltr'><strong>ε·</strong></span> <span class='ocrx_word' id='word_1_748' title='bbox 797 4640 816 4674; x_wconf 78' lang='grc' dir='ltr'><strong>ι</strong></span> <span class='ocrx_word' id='word_1_749' title='bbox 845 4621 1090 4680; x_wconf 90' lang='lat' dir='ltr'><strong>Christus</strong></span> <span class='ocrx_word' id='word_1_750' title='bbox 1119 4625 1316 4680; x_wconf 81' lang='lat' dir='ltr'><strong>levavit</strong></span> <span class='ocrx_word' id='word_1_751' title='bbox 1339 4627 1557 4696; x_wconf 89' lang='lat' dir='ltr'><strong>pallium</strong></span> <span class='ocrx_word' id='word_1_752' title='bbox 1581 4628 1731 4693; x_wconf 70' lang='lat' dir='ltr'><strong>Elite,</strong></span> <span class='ocrx_word' id='word_1_753' title='bbox 1755 4628 1899 4698; x_wconf 87' lang='lat' dir='ltr'><strong>quod</strong></span> <span class='ocrx_word' id='word_1_754' title='bbox 1923 4651 1978 4713; x_wconf 80' lang='lat' dir='ltr'><strong><em>D</em></strong></span> <span class='ocrx_word' id='word_1_755' title='bbox 2003 4625 2256 4680; x_wconf 61' lang='lat' dir='ltr'><strong>aberrent</strong></span> <span class='ocrx_word' id='word_1_756' title='bbox 2291 4621 2643 4692; x_wconf 65' lang='lat' dir='ltr'><strong>cogitationes</strong></span> <span class='ocrx_word' id='word_1_757' title='bbox 2677 4617 3132 4690; x_wconf 49' lang='lat' dir='ltr'><strong>luat-Palpebrae,</strong></span> <span class='ocrx_word' id='word_1_758' title='bbox 3160 4617 3373 4672; x_wconf 59' lang='lat' dir='ltr'><strong>interna</strong></span> <span class='ocrx_word' id='word_1_759' title='bbox 3400 4615 3584 4713; x_wconf 39' lang='lat' dir='ltr'><strong>0095b</strong></span> 
     </span>
    </p>
   </div>
   <div class='ocr_carea' id='block_1_92' title="bbox 312 4712 1900 4785">
    <p class='ocr_par' dir='ltr' id='par_1_92' title="bbox 312 4712 1900 4785">
     <span class='ocr_line' id='line_1_92' title="bbox 312 4712 1900 4785; baseline 0.004 -17"><span class='ocrx_word' id='word_1_760' title='bbox 312 4712 589 4768; x_wconf 90' lang='lat' dir='ltr'><strong>ceciderat</strong></span> <span class='ocrx_word' id='word_1_761' title='bbox 615 4714 668 4769; x_wconf 90' lang='lat' dir='ltr'><strong>ei</strong></span> <span class='ocrx_word' id='word_1_762' title='bbox 691 4714 758 4780; x_wconf 67' lang='grc' dir='ltr'><strong>ιδ,</strong></span> <span class='ocrx_word' id='word_1_763' title='bbox 793 4734 813 4767; x_wconf 78' lang='grc' dir='ltr'><strong>ι</strong></span> <span class='ocrx_word' id='word_1_764' title='bbox 845 4717 989 4785; x_wconf 89' lang='lat' dir='ltr'><strong>quod</strong></span> <span class='ocrx_word' id='word_1_765' title='bbox 1015 4726 1190 4772; x_wconf 75' lang='lat' dir='ltr'><strong>ctetus</strong></span> <span class='ocrx_word' id='word_1_766' title='bbox 1218 4717 1454 4773; x_wconf 86' lang='lat' dir='ltr'><strong>ﬁdelium</strong></span> <span class='ocrx_word' id='word_1_767' title='bbox 1486 4719 1689 4774; x_wconf 87' lang='lat' dir='ltr'><strong>Christi</strong></span> <span class='ocrx_word' id='word_1_768' title='bbox 1716 4734 1900 4775; x_wconf 89' lang='lat' dir='ltr'><strong>sacra-</strong></span> 
     </span>
    </p>
   </div>
   <div class='ocr_carea' id='block_1_93' title="bbox 313 4807 1895 4880">
    <p class='ocr_par' dir='ltr' id='par_1_93' title="bbox 313 4807 1895 4880">
     <span class='ocr_line' id='line_1_93' title="bbox 313 4807 1895 4880; baseline 0.004 -21"><span class='ocrx_word' id='word_1_769' title='bbox 313 4813 502 4860; x_wconf 90' lang='lat' dir='ltr'><strong>menta</strong></span> <span class='ocrx_word' id='word_1_770' title='bbox 530 4807 882 4863; x_wconf 90' lang='lat' dir='ltr'><strong>humanitatis</strong></span> <span class='ocrx_word' id='word_1_771' title='bbox 909 4809 1058 4880; x_wconf 88' lang='lat' dir='ltr'><strong>ejus,</strong></span> <span class='ocrx_word' id='word_1_772' title='bbox 1092 4825 1212 4879; x_wconf 66' lang='lat' dir='ltr'><strong>qua:</strong></span> <span class='ocrx_word' id='word_1_773' title='bbox 1239 4811 1347 4865; x_wconf 91' lang='lat' dir='ltr'><strong>illis</strong></span> <span class='ocrx_word' id='word_1_774' title='bbox 1375 4811 1596 4880; x_wconf 89' lang='lat' dir='ltr'><strong>reliquit</strong></span> <span class='ocrx_word' id='word_1_775' title='bbox 1637 4812 1692 4866; x_wconf 92' lang='lat' dir='ltr'><strong>in</strong></span> <span class='ocrx_word' id='word_1_776' title='bbox 1730 4821 1895 4879; x_wconf 92' lang='lat' dir='ltr'><strong>terra,</strong></span> 
     </span>
    </p>
   </div>
   <div class='ocr_carea' id='block_1_94' title="bbox 313 4895 1900 4968">
    <p class='ocr_par' dir='ltr' id='par_1_94' title="bbox 313 4895 1900 4968">
     <span class='ocr_line' id='line_1_94' title="bbox 313 4895 1900 4968; baseline 0.003 -16"><span class='ocrx_word' id='word_1_777' title='bbox 313 4895 645 4952; x_wconf 82' lang='lat' dir='ltr'><strong>excellenter</strong></span> <span class='ocrx_word' id='word_1_778' title='bbox 681 4897 987 4953; x_wconf 88' lang='lat' dir='ltr'><strong>honoravit.</strong></span> <span class='ocrx_word' id='word_1_779' title='bbox 1019 4897 1284 4962; x_wconf 86' lang='lat' dir='ltr'><strong>Pallium,</strong></span> <span class='ocrx_word' id='word_1_780' title='bbox 1318 4909 1505 4956; x_wconf 89' lang='lat' dir='ltr'><strong>sancta</strong></span> <span class='ocrx_word' id='word_1_781' title='bbox 1535 4900 1799 4968; x_wconf 90' lang='lat' dir='ltr'><strong>Ecclesia,</strong></span> <span class='ocrx_word' id='word_1_782' title='bbox 1841 4911 1900 4957; x_wconf 92' lang='lat' dir='ltr'><strong>ut</strong></span> 
     </span>
    </p>
   </div>
   <div class='ocr_carea' id='block_1_95' title="bbox 315 4988 1963 5062">
    <p class='ocr_par' dir='ltr' id='par_1_95' title="bbox 315 4988 1963 5062">
     <span class='ocr_line' id='line_1_95' title="bbox 315 4988 1963 5062; baseline 0.004 -20"><span class='ocrx_word' id='word_1_783' title='bbox 315 4989 372 5043; x_wconf 93' lang='lat' dir='ltr'><strong>in</strong></span> <span class='ocrx_word' id='word_1_784' title='bbox 421 4988 656 5045; x_wconf 88' lang='lat' dir='ltr'><strong>Genesi:</strong></span> <span class='ocrx_word' id='word_1_785' title='bbox 693 5008 711 5042; x_wconf 86' lang='grc'><em>‹</em></span> <span class='ocrx_word' id='word_1_786' title='bbox 748 4991 814 5046; x_wconf 85' lang='grc' dir='ltr'><strong>Ει</strong></span> <span class='ocrx_word' id='word_1_787' title='bbox 860 4991 1120 5062; x_wconf 84' lang='lat' dir='ltr'><strong>sanguine</strong></span> <span class='ocrx_word' id='word_1_788' title='bbox 1161 5007 1280 5046; x_wconf 72' lang='lat' dir='ltr'><strong>uvae</strong></span> <span class='ocrx_word' id='word_1_789' title='bbox 1327 4991 1546 5062; x_wconf 88' lang='lat' dir='ltr'><strong>pallium</strong></span> <span class='ocrx_word' id='word_1_790' title='bbox 1591 5009 1747 5050; x_wconf 90' lang='lat' dir='ltr'><strong>suum</strong></span> <span class='ocrx_word' id='word_1_791' title='bbox 1773 4996 1836 5061; x_wconf 81' lang='grc'><strong>⁸⁸,</strong></span> <span class='ocrx_word' id='word_1_792' title='bbox 1873 5017 1891 5048; x_wconf 79' lang='grc' dir='ltr'><strong>ι</strong></span> <span class='ocrx_word' id='word_1_793' title='bbox 1959 5015 1963 5019; x_wconf 58' lang='grc' dir='ltr'><strong><em>λ</em></strong></span> 
     </span>
    </p>
   </div>
   <div class='ocr_carea' id='block_1_96' title="bbox 317 5080 1903 5152">
    <p class='ocr_par' dir='ltr' id='par_1_96' title="bbox 317 5080 1903 5152">
     <span class='ocr_line' id='line_1_96' title="bbox 317 5080 1903 5152; baseline 0.004 -16"><span class='ocrx_word' id='word_1_794' title='bbox 317 5082 465 5152; x_wconf 85' lang='lat' dir='ltr'><strong>quod</strong></span> <span class='ocrx_word' id='word_1_795' title='bbox 515 5080 764 5138; x_wconf 91' lang='lat' dir='ltr'><strong>Christus</strong></span> <span class='ocrx_word' id='word_1_796' title='bbox 816 5091 1158 5138; x_wconf 88' lang='lat' dir='ltr'><strong>sacramento</strong></span> <span class='ocrx_word' id='word_1_797' title='bbox 1211 5084 1479 5152; x_wconf 89' lang='lat' dir='ltr'><strong>passionis</strong></span> <span class='ocrx_word' id='word_1_798' title='bbox 1517 5100 1627 5139; x_wconf 82' lang='lat' dir='ltr'><strong>suae</strong></span> <span class='ocrx_word' id='word_1_799' title='bbox 1667 5087 1682 5104; x_wconf 87' lang='lat'><strong>&#39;</strong></span> <span class='ocrx_word' id='word_1_800' title='bbox 1715 5087 1903 5142; x_wconf 89' lang='lat' dir='ltr'><strong>tendat</strong></span> 
     </span>
    </p>
   </div>
   <div class='ocr_carea' id='block_1_97' title="bbox 317 5173 1900 5245">
    <p class='ocr_par' dir='ltr' id='par_1_97' title="bbox 317 5173 1900 5245">
     <span class='ocr_line' id='line_1_97' title="bbox 317 5173 1900 5245; baseline 0.001 -15"><span class='ocrx_word' id='word_1_801' title='bbox 317 5173 620 5230; x_wconf 87' lang='lat' dir='ltr'><strong>Ecclesiam</strong></span> <span class='ocrx_word' id='word_1_802' title='bbox 647 5190 822 5231; x_wconf 90' lang='lat' dir='ltr'><strong>suam.</strong></span> <span class='ocrx_word' id='word_1_803' title='bbox 850 5174 1103 5241; x_wconf 85' lang='lat' dir='ltr'><strong>Pallium,</strong></span> <span class='ocrx_word' id='word_1_804' title='bbox 1126 5175 1304 5230; x_wconf 88' lang='lat' dir='ltr'><strong>littera</strong></span> <span class='ocrx_word' id='word_1_805' title='bbox 1325 5175 1534 5233; x_wconf 79' lang='lat' dir='ltr'><strong>Veteris</strong></span> <span class='ocrx_word' id='word_1_806' title='bbox 1549 5177 1900 5245; x_wconf 87' lang='lat' dir='ltr'><strong>Testamenti,</strong></span> 
     </span>
    </p>
   </div>
   <div class='ocr_carea' id='block_1_98' title="bbox 323 5263 1901 5340">
    <p class='ocr_par' dir='ltr' id='par_1_98' title="bbox 323 5263 1901 5340">
     <span class='ocr_line' id='line_1_98' title="bbox 323 5263 1901 5340; baseline 0.003 -19"><span class='ocrx_word' id='word_1_807' title='bbox 323 5275 386 5321; x_wconf 91' lang='lat' dir='ltr'><strong>ut</strong></span> <span class='ocrx_word' id='word_1_808' title='bbox 416 5266 468 5320; x_wconf 95' lang='lat' dir='ltr'><strong>in</strong></span> <span class='ocrx_word' id='word_1_809' title='bbox 495 5263 691 5322; x_wconf 87' lang='lat' dir='ltr'><strong>Genesi</strong></span> <span class='ocrx_word' id='word_1_810' title='bbox 722 5283 740 5325; x_wconf 86' lang='lat'><strong>:</strong></span> <span class='ocrx_word' id='word_1_811' title='bbox 775 5285 794 5318; x_wconf 72' lang='grc' dir='ltr'><strong>ι</strong></span> <span class='ocrx_word' id='word_1_812' title='bbox 829 5265 1039 5323; x_wconf 90' lang='lat' dir='ltr'><strong>Relicto</strong></span> <span class='ocrx_word' id='word_1_813' title='bbox 1083 5268 1139 5322; x_wconf 94' lang='lat' dir='ltr'><strong>in</strong></span> <span class='ocrx_word' id='word_1_814' title='bbox 1180 5269 1430 5324; x_wconf 88' lang='lat' dir='ltr'><strong>manibus</strong></span> <span class='ocrx_word' id='word_1_815' title='bbox 1466 5269 1584 5338; x_wconf 90' lang='lat' dir='ltr'><strong>ejus</strong></span> <span class='ocrx_word' id='word_1_816' title='bbox 1622 5270 1785 5340; x_wconf 91' lang='lat' dir='ltr'><strong>pallio</strong></span> <span class='ocrx_word' id='word_1_817' title='bbox 1813 5270 1901 5326; x_wconf 85' lang='lat' dir='ltr'><strong>fu-</strong></span> 
     </span>
    </p>
   </div>
   <div class='ocr_carea' id='block_1_99' title="bbox 319 5358 1902 5432">
    <p class='ocr_par' dir='ltr' id='par_1_99' title="bbox 319 5358 1902 5432">
     <span class='ocr_line' id='line_1_99' title="bbox 319 5358 1902 5432; baseline 0.001 -17"><span class='ocrx_word' id='word_1_818' title='bbox 319 5360 404 5432; x_wconf 84' lang='lat' dir='ltr'><strong>git</strong></span> <span class='ocrx_word' id='word_1_819' title='bbox 431 5359 497 5426; x_wconf 78' lang='grc'><strong>³⁸,</strong></span> <span class='ocrx_word' id='word_1_820' title='bbox 538 5379 557 5412; x_wconf 74' lang='grc' dir='ltr'><strong>ι</strong></span> <span class='ocrx_word' id='word_1_821' title='bbox 586 5360 732 5430; x_wconf 92' lang='lat' dir='ltr'><strong>quod</strong></span> <span class='ocrx_word' id='word_1_822' title='bbox 759 5358 1027 5426; x_wconf 92' lang='lat' dir='ltr'><strong>Christus,</strong></span> <span class='ocrx_word' id='word_1_823' title='bbox 1059 5359 1250 5416; x_wconf 91' lang='lat' dir='ltr'><strong>relicto</strong></span> <span class='ocrx_word' id='word_1_824' title='bbox 1283 5361 1548 5417; x_wconf 89' lang='lat' dir='ltr'><strong>velamine</strong></span> <span class='ocrx_word' id='word_1_825' title='bbox 1594 5361 1811 5429; x_wconf 61' lang='lat' dir='ltr'><strong>littera},</strong></span> <span class='ocrx_word' id='word_1_826' title='bbox 1845 5362 1902 5418; x_wconf 92' lang='lat' dir='ltr'><strong>in</strong></span> 
     </span>
    </p>
   </div>
   <div class='ocr_carea' id='block_1_100' title="bbox 321 5453 1904 5528">
    <p class='ocr_par' dir='ltr' id='par_1_100' title="bbox 321 5453 1904 5528">
     <span class='ocr_line' id='line_1_100' title="bbox 321 5453 1904 5528; baseline -0.001 -17"><span class='ocrx_word' id='word_1_827' title='bbox 321 5453 580 5526; x_wconf 86' lang='lat' dir='ltr'><strong>operibus</strong></span> <span class='ocrx_word' id='word_1_828' title='bbox 601 5453 922 5528; x_wconf 76' lang='lat' dir='ltr'><strong>Synagogae,</strong></span> <span class='ocrx_word' id='word_1_829' title='bbox 958 5467 1055 5524; x_wconf 89' lang='lat' dir='ltr'><strong>per</strong></span> <span class='ocrx_word' id='word_1_830' title='bbox 1083 5454 1330 5510; x_wconf 86' lang='lat' dir='ltr'><strong>notitiam</strong></span> <span class='ocrx_word' id='word_1_831' title='bbox 1357 5455 1480 5511; x_wconf 87' lang='lat' dir='ltr'><strong>ﬁdei</strong></span> <span class='ocrx_word' id='word_1_832' title='bbox 1502 5455 1652 5511; x_wconf 87' lang='lat' dir='ltr'><strong>venit</strong></span> <span class='ocrx_word' id='word_1_833' title='bbox 1680 5455 1748 5510; x_wconf 94' lang='lat' dir='ltr'><strong>ad</strong></span> <span class='ocrx_word' id='word_1_834' title='bbox 1772 5470 1904 5527; x_wconf 89' lang='lat' dir='ltr'><strong>gen-</strong></span> 
     </span>
    </p>
   </div>
   <div class='ocr_carea' id='block_1_101' title="bbox 2003 4711 3590 4784">
    <p class='ocr_par' dir='ltr' id='par_1_101' title="bbox 2003 4711 3590 4784">
     <span class='ocr_line' id='line_1_101' title="bbox 2003 4711 3590 4784; baseline -0.004 -12"><span class='ocrx_word' id='word_1_835' title='bbox 2003 4717 2104 4784; x_wconf 91' lang='lat' dir='ltr'><strong>lia,</strong></span> <span class='ocrx_word' id='word_1_836' title='bbox 2153 4725 2213 4772; x_wconf 93' lang='lat' dir='ltr'><strong>ut</strong></span> <span class='ocrx_word' id='word_1_837' title='bbox 2259 4716 2316 4771; x_wconf 88' lang='lat' dir='ltr'><strong>in</strong></span> <span class='ocrx_word' id='word_1_838' title='bbox 2358 4714 2639 4770; x_wconf 87' lang='lat' dir='ltr'><strong>Parabolis</strong></span> <span class='ocrx_word' id='word_1_839' title='bbox 2681 4731 2694 4764; x_wconf 89' lang='lat'><strong>:</strong></span> <span class='ocrx_word' id='word_1_840' title='bbox 2746 4733 2765 4764; x_wconf 82' lang='grc'><strong><em>‹</em></strong></span> <span class='ocrx_word' id='word_1_841' title='bbox 2814 4712 3094 4783; x_wconf 70' lang='lat' dir='ltr'><strong>Palpebrae</strong></span> <span class='ocrx_word' id='word_1_842' title='bbox 3138 4719 3244 4767; x_wconf 65' lang='lat' dir='ltr'><strong>tua:</strong></span> <span class='ocrx_word' id='word_1_843' title='bbox 3281 4711 3590 4783; x_wconf 75' lang='lat' dir='ltr'><strong>przecedant</strong></span> 
     </span>
    </p>
   </div>
   <div class='ocr_carea' id='block_1_102' title="bbox 2005 4805 3586 4883">
    <p class='ocr_par' dir='ltr' id='par_1_102' title="bbox 2005 4805 3586 4883">
     <span class='ocr_line' id='line_1_102' title="bbox 2005 4805 3586 4883; baseline -0.004 -17"><span class='ocrx_word' id='word_1_844' title='bbox 2005 4827 2222 4883; x_wconf 86' lang='lat' dir='ltr'><strong>gressus</strong></span> <span class='ocrx_word' id='word_1_845' title='bbox 2252 4809 2450 4876; x_wconf 72' lang='lat' dir='ltr'><strong>tuos&quot;,</strong></span> <span class='ocrx_word' id='word_1_846' title='bbox 2487 4829 2505 4861; x_wconf 79' lang='grc' dir='ltr'><strong>ι</strong></span> <span class='ocrx_word' id='word_1_847' title='bbox 2543 4809 2598 4864; x_wconf 91' lang='lat' dir='ltr'><strong>id</strong></span> <span class='ocrx_word' id='word_1_848' title='bbox 2619 4816 2706 4863; x_wconf 91' lang='lat' dir='ltr'><strong>est</strong></span> <span class='ocrx_word' id='word_1_849' title='bbox 2726 4848 2741 4873; x_wconf 98' lang='lat'><strong>,</strong></span> <span class='ocrx_word' id='word_1_850' title='bbox 2776 4805 2988 4860; x_wconf 89' lang='lat' dir='ltr'><strong>interna</strong></span> <span class='ocrx_word' id='word_1_851' title='bbox 3018 4805 3244 4861; x_wconf 90' lang='lat' dir='ltr'><strong>consilia</strong></span> <span class='ocrx_word' id='word_1_852' title='bbox 3269 4813 3357 4861; x_wconf 92' lang='lat' dir='ltr'><strong>tua</strong></span> <span class='ocrx_word' id='word_1_853' title='bbox 3380 4821 3586 4876; x_wconf 74' lang='lat' dir='ltr'><strong>przeve-</strong></span> 
     </span>
    </p>
   </div>
   <div class='ocr_carea' id='block_1_103' title="bbox 2005 4905 2505 4960">
    <p class='ocr_par' dir='ltr' id='par_1_103' title="bbox 2005 4905 2505 4960">
     <span class='ocr_line' id='line_1_103' title="bbox 2005 4905 2505 4960; baseline -0.008 0"><span class='ocrx_word' id='word_1_854' title='bbox 2005 4905 2160 4960; x_wconf 90' lang='lat' dir='ltr'><strong>niant</strong></span> <span class='ocrx_word' id='word_1_855' title='bbox 2182 4910 2336 4959; x_wconf 89' lang='lat' dir='ltr'><strong>actus</strong></span> <span class='ocrx_word' id='word_1_856' title='bbox 2365 4910 2505 4958; x_wconf 92' lang='lat' dir='ltr'><strong>tuos.</strong></span> 
     </span>
    </p>
   </div>
   <div class='ocr_carea' id='block_1_104' title="bbox 2078 4989 3588 5060">
    <p class='ocr_par' dir='ltr' id='par_1_104' title="bbox 2078 4989 3588 5060">
     <span class='ocr_line' id='line_1_104' title="bbox 2078 4989 3588 5060; baseline -0.002 -12"><span class='ocrx_word' id='word_1_857' title='bbox 2078 4994 2258 5051; x_wconf 73' lang='lat' dir='ltr'><strong>Palea:</strong></span> <span class='ocrx_word' id='word_1_858' title='bbox 2291 5002 2418 5050; x_wconf 90' lang='lat' dir='ltr'><strong>sunt</strong></span> <span class='ocrx_word' id='word_1_859' title='bbox 2446 4993 2544 5048; x_wconf 88' lang='lat' dir='ltr'><strong>viri</strong></span> <span class='ocrx_word' id='word_1_860' title='bbox 2575 4991 2768 5059; x_wconf 90' lang='lat' dir='ltr'><strong>sancti,</strong></span> <span class='ocrx_word' id='word_1_861' title='bbox 2801 5000 2861 5046; x_wconf 89' lang='lat' dir='ltr'><strong>ut</strong></span> <span class='ocrx_word' id='word_1_862' title='bbox 2890 4991 2944 5047; x_wconf 95' lang='lat' dir='ltr'><strong>in</strong></span> <span class='ocrx_word' id='word_1_863' title='bbox 2969 4989 3168 5048; x_wconf 89' lang='lat' dir='ltr'><strong>Genesi</strong></span> <span class='ocrx_word' id='word_1_864' title='bbox 3197 5007 3225 5060; x_wconf 75' lang='grc' dir='ltr'><strong>ε⁴</strong></span> <span class='ocrx_word' id='word_1_865' title='bbox 3249 5008 3270 5042; x_wconf 84' lang='grc'><strong><em>‹</em></strong></span> <span class='ocrx_word' id='word_1_866' title='bbox 3303 4989 3588 5046; x_wconf 89' lang='lat' dir='ltr'><strong>Palearum</strong></span> 
     </span>
    </p>
   </div>
   <div class='ocr_carea' id='block_1_105' title="bbox 2005 5083 3586 5158">
    <p class='ocr_par' dir='ltr' id='par_1_105' title="bbox 2005 5083 3586 5158">
     <span class='ocr_line' id='line_1_105' title="bbox 2005 5083 3586 5158; baseline -0.004 -13"><span class='ocrx_word' id='word_1_867' title='bbox 2005 5097 2062 5145; x_wconf 91' lang='lat' dir='ltr'><strong>et</strong></span> <span class='ocrx_word' id='word_1_868' title='bbox 2085 5086 2189 5143; x_wconf 85' lang='lat' dir='ltr'><strong>feni</strong></span> <span class='ocrx_word' id='word_1_869' title='bbox 2222 5087 2513 5158; x_wconf 88' lang='lat' dir='ltr'><strong>plurimum</strong></span> <span class='ocrx_word' id='word_1_870' title='bbox 2539 5093 2623 5141; x_wconf 90' lang='lat' dir='ltr'><strong>est</strong></span> <span class='ocrx_word' id='word_1_871' title='bbox 2659 5085 2800 5154; x_wconf 93' lang='lat' dir='ltr'><strong>apud</strong></span> <span class='ocrx_word' id='word_1_872' title='bbox 2827 5101 2926 5141; x_wconf 94' lang='lat' dir='ltr'><strong>nos</strong></span> <span class='ocrx_word' id='word_1_873' title='bbox 2950 5085 3016 5152; x_wconf 85' lang='grc'><strong>⁸¹,</strong></span> <span class='ocrx_word' id='word_1_874' title='bbox 3055 5105 3074 5137; x_wconf 77' lang='grc' dir='ltr'><strong>ι</strong></span> <span class='ocrx_word' id='word_1_875' title='bbox 3110 5085 3252 5155; x_wconf 92' lang='lat' dir='ltr'><strong>quod</strong></span> <span class='ocrx_word' id='word_1_876' title='bbox 3281 5085 3385 5139; x_wconf 90' lang='lat' dir='ltr'><strong>viri</strong></span> <span class='ocrx_word' id='word_1_877' title='bbox 3412 5083 3586 5140; x_wconf 90' lang='lat' dir='ltr'><strong>sancti</strong></span> 
     </span>
    </p>
   </div>
   <div class='ocr_carea' id='block_1_106' title="bbox 2008 5177 3582 5252">
    <p class='ocr_par' dir='ltr' id='par_1_106' title="bbox 2008 5177 3582 5252">
     <span class='ocr_line' id='line_1_106' title="bbox 2008 5177 3582 5252; baseline -0.004 -15"><span class='ocrx_word' id='word_1_878' title='bbox 2008 5197 2039 5236; x_wconf 93' lang='lat' dir='ltr'><strong>a</strong></span> <span class='ocrx_word' id='word_1_879' title='bbox 2081 5182 2288 5252; x_wconf 88' lang='lat' dir='ltr'><strong>peccati</strong></span> <span class='ocrx_word' id='word_1_880' title='bbox 2313 5179 2553 5250; x_wconf 90' lang='lat' dir='ltr'><strong>pondere</strong></span> <span class='ocrx_word' id='word_1_881' title='bbox 2575 5178 2721 5234; x_wconf 86' lang='lat' dir='ltr'><strong>leves</strong></span> <span class='ocrx_word' id='word_1_882' title='bbox 2746 5187 2802 5233; x_wconf 90' lang='lat' dir='ltr'><strong>et</strong></span> <span class='ocrx_word' id='word_1_883' title='bbox 2831 5178 2884 5232; x_wconf 93' lang='lat' dir='ltr'><strong>in</strong></span> <span class='ocrx_word' id='word_1_884' title='bbox 2927 5179 3071 5234; x_wconf 92' lang='lat' dir='ltr'><strong>bono</strong></span> <span class='ocrx_word' id='word_1_885' title='bbox 3099 5192 3265 5248; x_wconf 88' lang='lat' dir='ltr'><strong>opere</strong></span> <span class='ocrx_word' id='word_1_886' title='bbox 3302 5177 3503 5232; x_wconf 91' lang='lat' dir='ltr'><strong>virides</strong></span> <span class='ocrx_word' id='word_1_887' title='bbox 3529 5178 3582 5231; x_wconf 92' lang='lat' dir='ltr'><strong>in</strong></span> 
     </span>
    </p>
   </div>
   <div class='ocr_carea' id='block_1_107' title="bbox 2010 5268 3587 5338">
    <p class='ocr_par' dir='ltr' id='par_1_107' title="bbox 2010 5268 3587 5338">
     <span class='ocr_line' id='line_1_107' title="bbox 2010 5268 3587 5338; baseline -0.003 -10"><span class='ocrx_word' id='word_1_888' title='bbox 2010 5281 2197 5329; x_wconf 84' lang='lat' dir='ltr'><strong>sancta</strong></span> <span class='ocrx_word' id='word_1_889' title='bbox 2245 5271 2483 5333; x_wconf 82' lang='lat' dir='ltr'><strong>Ecclesia</strong></span> <span class='ocrx_word' id='word_1_890' title='bbox 2531 5271 2826 5326; x_wconf 89' lang='lat' dir='ltr'><strong>abundant.</strong></span> <span class='ocrx_word' id='word_1_891' title='bbox 2861 5268 3063 5338; x_wconf 69' lang='lat' dir='ltr'><strong>Palem,</strong></span> <span class='ocrx_word' id='word_1_892' title='bbox 3105 5271 3387 5327; x_wconf 63' lang='lat' dir='ltr'><strong>sententiae</strong></span> <span class='ocrx_word' id='word_1_893' title='bbox 3418 5285 3587 5325; x_wconf 65' lang='lat' dir='ltr'><strong>sacrae</strong></span> 
     </span>
    </p>
   </div>
   <div class='ocr_carea' id='block_1_108' title="bbox 2011 5359 3587 5434">
    <p class='ocr_par' dir='ltr' id='par_1_108' title="bbox 2011 5359 3587 5434">
     <span class='ocr_line' id='line_1_108' title="bbox 2011 5359 3587 5434; baseline -0.003 -14"><span class='ocrx_word' id='word_1_894' title='bbox 2011 5362 2333 5434; x_wconf 82' lang='lat' dir='ltr'><strong>Scripturae,</strong></span> <span class='ocrx_word' id='word_1_895' title='bbox 2365 5371 2425 5416; x_wconf 92' lang='lat' dir='ltr'><strong>ut</strong></span> <span class='ocrx_word' id='word_1_896' title='bbox 2453 5362 2508 5416; x_wconf 90' lang='lat' dir='ltr'><strong>in</strong></span> <span class='ocrx_word' id='word_1_897' title='bbox 2541 5362 2676 5416; x_wconf 89' lang='lat' dir='ltr'><strong>libro</strong></span> <span class='ocrx_word' id='word_1_898' title='bbox 2707 5359 2954 5417; x_wconf 70' lang='lat' dir='ltr'><strong>iudicum</strong></span> <span class='ocrx_word' id='word_1_899' title='bbox 2985 5379 2997 5416; x_wconf 92' lang='lat'>:</span> <span class='ocrx_word' id='word_1_900' title='bbox 3037 5381 3055 5413; x_wconf 74' lang='grc' dir='ltr'><strong>ι</strong></span> <span class='ocrx_word' id='word_1_901' title='bbox 3093 5361 3367 5418; x_wconf 84' lang='lat' dir='ltr'><strong>Habentes</strong></span> <span class='ocrx_word' id='word_1_902' title='bbox 3405 5361 3587 5432; x_wconf 88' lang='lat' dir='ltr'><strong>paleas</strong></span> 
     </span>
    </p>
   </div>
   <div class='ocr_carea' id='block_1_109' title="bbox 2007 5452 3585 5525">
    <p class='ocr_par' dir='ltr' id='par_1_109' title="bbox 2007 5452 3585 5525">
     <span class='ocr_line' id='line_1_109' title="bbox 2007 5452 3585 5525; baseline -0.002 -15"><span class='ocrx_word' id='word_1_903' title='bbox 2007 5462 2064 5510; x_wconf 90' lang='lat' dir='ltr'><strong>et</strong></span> <span class='ocrx_word' id='word_1_904' title='bbox 2106 5454 2289 5510; x_wconf 87' lang='lat' dir='ltr'><strong>fenum</strong></span> <span class='ocrx_word' id='word_1_905' title='bbox 2325 5453 2381 5508; x_wconf 93' lang='lat' dir='ltr'><strong>in</strong></span> <span class='ocrx_word' id='word_1_906' title='bbox 2416 5453 2694 5509; x_wconf 89' lang='lat' dir='ltr'><strong>asinorum</strong></span> <span class='ocrx_word' id='word_1_907' title='bbox 2749 5453 3005 5525; x_wconf 91' lang='lat' dir='ltr'><strong>pabulum</strong></span> <span class='ocrx_word' id='word_1_908' title='bbox 3027 5453 3094 5522; x_wconf 90' lang='grc'><strong>³³,</strong></span> <span class='ocrx_word' id='word_1_909' title='bbox 3132 5474 3154 5507; x_wconf 77' lang='grc' dir='ltr'><strong>ι</strong></span> <span class='ocrx_word' id='word_1_910' title='bbox 3186 5453 3239 5508; x_wconf 94' lang='lat' dir='ltr'><strong>id</strong></span> <span class='ocrx_word' id='word_1_911' title='bbox 3268 5461 3383 5519; x_wconf 89' lang='lat' dir='ltr'><strong>est,</strong></span> <span class='ocrx_word' id='word_1_912' title='bbox 3410 5452 3585 5522; x_wconf 87' lang='lat' dir='ltr'><strong>possi-</strong></span> 
     </span>
    </p>
   </div>
   <div class='ocr_carea' id='block_1_110' title="bbox 399 5637 3582 5708">
    <p class='ocr_par' dir='ltr' id='par_1_110' title="bbox 399 5637 3582 5708">
     <span class='ocr_line' id='line_1_110' title="bbox 399 5637 3582 5708; baseline -0.001 -10"><span class='ocrx_word' id='word_1_913' title='bbox 399 5643 416 5674; x_wconf 82' lang='grc'>¹</span> <span class='ocrx_word' id='word_1_914' title='bbox 448 5642 604 5699; x_wconf 86' lang='lat' dir='ltr'><strong>Cant.</strong></span> <span class='ocrx_word' id='word_1_915' title='bbox 622 5643 847 5708; x_wconf 87' lang='lat' dir='ltr'><strong>vm,11.</strong></span> <span class='ocrx_word' id='word_1_916' title='bbox 875 5644 896 5674; x_wconf 80' lang='lat'>&#39;</span> <span class='ocrx_word' id='word_1_917' title='bbox 919 5643 1062 5699; x_wconf 91' lang='lat' dir='ltr'><strong>Psal.</strong></span> <span class='ocrx_word' id='word_1_918' title='bbox 1090 5658 1238 5708; x_wconf 87' lang='lat' dir='ltr'><strong>cxtx,</strong></span> <span class='ocrx_word' id='word_1_919' title='bbox 1264 5642 1318 5697; x_wconf 86' lang='lat'><strong>7.</strong></span> <span class='ocrx_word' id='word_1_920' title='bbox 1347 5642 1368 5673; x_wconf 87' lang='grc'>⁸</span> <span class='ocrx_word' id='word_1_921' title='bbox 1394 5641 1548 5698; x_wconf 92' lang='lat' dir='ltr'><strong>Cant.</strong></span> <span class='ocrx_word' id='word_1_922' title='bbox 1566 5659 1685 5706; x_wconf 86' lang='lat' dir='ltr'><strong>vm,</strong></span> <span class='ocrx_word' id='word_1_923' title='bbox 1705 5642 1792 5696; x_wconf 87' lang='grc'><strong>12.</strong></span> <span class='ocrx_word' id='word_1_924' title='bbox 1823 5642 1846 5674; x_wconf 69' lang='grc'>⁸</span> <span class='ocrx_word' id='word_1_925' title='bbox 1869 5641 2130 5708; x_wconf 87' lang='lat' dir='ltr'><strong>Matth.v,</strong></span> <span class='ocrx_word' id='word_1_926' title='bbox 2160 5642 2213 5697; x_wconf 89' lang='lat'><strong>9.</strong></span> <span class='ocrx_word' id='word_1_927' title='bbox 2242 5642 2263 5672; x_wconf 82' lang='grc'><strong><em>⁵</em></strong></span> <span class='ocrx_word' id='word_1_928' title='bbox 2291 5639 2391 5696; x_wconf 84' lang='lat' dir='ltr'><strong>Job</strong></span> <span class='ocrx_word' id='word_1_929' title='bbox 2419 5655 2564 5705; x_wconf 86' lang='lat' dir='ltr'><strong>xxtx,</strong></span> <span class='ocrx_word' id='word_1_930' title='bbox 2583 5639 2670 5694; x_wconf 91' lang='lat'><strong>18.</strong></span> <span class='ocrx_word' id='word_1_931' title='bbox 2707 5639 2729 5670; x_wconf 83' lang='lat'><strong>‘</strong></span> <span class='ocrx_word' id='word_1_932' title='bbox 2753 5637 2900 5695; x_wconf 90' lang='lat' dir='ltr'><strong>Psal.</strong></span> <span class='ocrx_word' id='word_1_933' title='bbox 2931 5656 3019 5705; x_wconf 87' lang='lat' dir='ltr'><strong>xc,</strong></span> <span class='ocrx_word' id='word_1_934' title='bbox 3050 5639 3138 5694; x_wconf 88' lang='grc'><strong>15.</strong></span> <span class='ocrx_word' id='word_1_935' title='bbox 3169 5640 3189 5671; x_wconf 86' lang='grc'><strong>⁷</strong></span> <span class='ocrx_word' id='word_1_936' title='bbox 3222 5637 3377 5708; x_wconf 75' lang='lat' dir='ltr'><strong>Cant.</strong></span> <span class='ocrx_word' id='word_1_937' title='bbox 3406 5652 3503 5702; x_wconf 87' lang='lat' dir='ltr'><strong>vn,</strong></span> <span class='ocrx_word' id='word_1_938' title='bbox 3529 5639 3582 5694; x_wconf 92' lang='lat'><strong>8.</strong></span> 
     </span>
    </p>
   </div>
   <div class='ocr_carea' id='block_1_111' title="bbox 322 5707 1894 5840">
    <p class='ocr_par' dir='ltr' id='par_1_111' title="bbox 322 5707 1877 5840">
     <span class='ocr_line' id='line_1_111' title="bbox 322 5707 1876 5840; baseline -0.001 -71"><span class='ocrx_word' id='word_1_939' title='bbox 322 5714 346 5747; x_wconf 75' lang='grc'><strong>⁸</strong></span> <span class='ocrx_word' id='word_1_940' title='bbox 377 5715 511 5769; x_wconf 91' lang='lat' dir='ltr'><strong>Ibid.</strong></span> <span class='ocrx_word' id='word_1_941' title='bbox 541 5732 589 5768; x_wconf 84' lang='grc' dir='ltr'><strong>υ.</strong></span> <span class='ocrx_word' id='word_1_942' title='bbox 622 5715 674 5768; x_wconf 89' lang='grc'><strong>7.</strong></span> <span class='ocrx_word' id='word_1_943' title='bbox 701 5707 765 5768; x_wconf 46' lang='grc' dir='ltr'><strong>ο⁷1</strong></span> <span class='ocrx_word' id='word_1_944' title='bbox 787 5714 921 5840; x_wconf 59' lang='lat' dir='ltr'><strong>Reg.</strong></span> <span class='ocrx_word' id='word_1_945' title='bbox 950 5731 1027 5780; x_wconf 81' lang='lat' dir='ltr'><strong>vr,</strong></span> <span class='ocrx_word' id='word_1_946' title='bbox 1049 5715 1142 5770; x_wconf 87' lang='grc'><strong>29.</strong></span> <span class='ocrx_word' id='word_1_947' title='bbox 1175 5707 1416 5783; x_wconf 70' lang='lat' dir='ltr'><strong>“Apoc.</strong></span> <span class='ocrx_word' id='word_1_948' title='bbox 1445 5730 1538 5779; x_wconf 86' lang='lat' dir='ltr'><strong>vn,</strong></span> <span class='ocrx_word' id='word_1_949' title='bbox 1572 5714 1625 5769; x_wconf 93' lang='lat'><strong>9.</strong></span> <span class='ocrx_word' id='word_1_950' title='bbox 1663 5712 1876 5768; x_wconf 78' lang='lat' dir='ltr'><strong>“Joan.</strong></span> 
     </span>
     <span class='ocr_line' id='line_1_112' title="bbox 328 5784 1877 5840; baseline 0.001 -2"><span class='ocrx_word' id='word_1_951' title='bbox 328 5786 416 5838; x_wconf 88' lang='grc'><strong>15.</strong></span> <span class='ocrx_word' id='word_1_952' title='bbox 450 5786 494 5815; x_wconf 79' lang='grc'>⁸⁸</span> <span class='ocrx_word' id='word_1_953' title='bbox 516 5784 654 5840; x_wconf 84' lang='lat' dir='ltr'><strong>Gen.</strong></span> <span class='ocrx_word' id='word_1_954' title='bbox 684 5802 831 5840; x_wconf 82' lang='lat' dir='ltr'><strong>xux.</strong></span> <span class='ocrx_word' id='word_1_955' title='bbox 908 5787 957 5840; x_wconf 91' lang='lat'><strong>1.</strong></span> <span class='ocrx_word' id='word_1_956' title='bbox 993 5786 1183 5840; x_wconf 78' lang='lat' dir='ltr'><strong>“Gen.</strong></span> <span class='ocrx_word' id='word_1_957' title='bbox 1215 5801 1402 5840; x_wconf 80' lang='lat' dir='ltr'><strong>xxxix.</strong></span> <span class='ocrx_word' id='word_1_958' title='bbox 1436 5785 1521 5838; x_wconf 89' lang='grc'><strong>12.</strong></span> <span class='ocrx_word' id='word_1_959' title='bbox 1575 5786 1613 5816; x_wconf 77' lang='grc'><strong>⁸⁷</strong></span> <span class='ocrx_word' id='word_1_960' title='bbox 1643 5784 1777 5839; x_wconf 88' lang='lat' dir='ltr'><strong>Gen.</strong></span> <span class='ocrx_word' id='word_1_961' title='bbox 1802 5801 1877 5840; x_wconf 84' lang='lat' dir='ltr'><strong>rx.</strong></span> 
     </span>
    </p>
   </div>
   <div class='ocr_carea' id='block_1_112' title="bbox 2001 5707 3585 5840">
    <p class='ocr_par' dir='ltr' id='par_1_112' title="bbox 2001 5707 3585 5840">
     <span class='ocr_line' id='line_1_113' title="bbox 2001 5707 3585 5778; baseline -0.004 -10"><span class='ocrx_word' id='word_1_962' title='bbox 2001 5756 2012 5778; x_wconf 93' lang='lat'><strong>,</strong></span> <span class='ocrx_word' id='word_1_963' title='bbox 2053 5707 2122 5768; x_wconf 83' lang='grc'><strong>2.</strong></span> <span class='ocrx_word' id='word_1_964' title='bbox 2165 5714 2207 5744; x_wconf 84' lang='grc'>¹¹</span> <span class='ocrx_word' id='word_1_965' title='bbox 2228 5713 2361 5767; x_wconf 92' lang='lat' dir='ltr'><strong>lbid.</strong></span> <span class='ocrx_word' id='word_1_966' title='bbox 2413 5728 2466 5765; x_wconf 92' lang='lat' dir='ltr'><strong>v.</strong></span> <span class='ocrx_word' id='word_1_967' title='bbox 2517 5711 2570 5766; x_wconf 83' lang='lat'><strong>5.</strong></span> <span class='ocrx_word' id='word_1_968' title='bbox 2603 5712 2648 5742; x_wconf 75' lang='grc'><strong>³³</strong></span> <span class='ocrx_word' id='word_1_969' title='bbox 2670 5710 2813 5766; x_wconf 86' lang='lat' dir='ltr'><strong>Psal.</strong></span> <span class='ocrx_word' id='word_1_970' title='bbox 2847 5727 3033 5776; x_wconf 71' lang='lat' dir='ltr'><strong>Lxxn,</strong></span> <span class='ocrx_word' id='word_1_971' title='bbox 3067 5710 3153 5762; x_wconf 87' lang='grc'><strong>12.</strong></span> <span class='ocrx_word' id='word_1_972' title='bbox 3193 5708 3237 5739; x_wconf 61' lang='grc' dir='ltr'>ιδ</span> <span class='ocrx_word' id='word_1_973' title='bbox 3266 5707 3331 5762; x_wconf 80' lang='lat' dir='ltr'><strong>IV</strong></span> <span class='ocrx_word' id='word_1_974' title='bbox 3361 5707 3493 5778; x_wconf 85' lang='lat' dir='ltr'><strong>Reg.</strong></span> <span class='ocrx_word' id='word_1_975' title='bbox 3526 5725 3585 5774; x_wconf 90' lang='grc' dir='ltr'>ιι,</span> 
     </span>
     <span class='ocr_line' id='line_1_114' title="bbox 2063 5779 3579 5840; baseline -0.003 -2"><span class='ocrx_word' id='word_1_976' title='bbox 2063 5785 2105 5815; x_wconf 83' lang='grc'><strong>¹⁸</strong></span> <span class='ocrx_word' id='word_1_977' title='bbox 2135 5785 2235 5838; x_wconf 87' lang='lat' dir='ltr'><strong>lsa.</strong></span> <span class='ocrx_word' id='word_1_978' title='bbox 2270 5800 2378 5840; x_wconf 74' lang='lat' dir='ltr'><strong>LXI.</strong></span> <span class='ocrx_word' id='word_1_979' title='bbox 2407 5784 2460 5836; x_wconf 95' lang='grc'><strong>5.</strong></span> <span class='ocrx_word' id='word_1_980' title='bbox 2511 5784 2553 5814; x_wconf 85' lang='grc'>¹⁹</span> <span class='ocrx_word' id='word_1_981' title='bbox 2584 5782 2719 5838; x_wconf 87' lang='lat' dir='ltr'><strong>Gen.</strong></span> <span class='ocrx_word' id='word_1_982' title='bbox 2750 5797 2898 5840; x_wconf 77' lang='lat' dir='ltr'><strong>xxiv,</strong></span> <span class='ocrx_word' id='word_1_983' title='bbox 2931 5782 3018 5835; x_wconf 83' lang='grc'><strong>65.</strong></span> <span class='ocrx_word' id='word_1_984' title='bbox 3071 5781 3114 5811; x_wconf 84' lang='grc'><strong>²⁰</strong></span> <span class='ocrx_word' id='word_1_985' title='bbox 3142 5779 3301 5834; x_wconf 89' lang='lat' dir='ltr'><strong>Prov.</strong></span> <span class='ocrx_word' id='word_1_986' title='bbox 3340 5796 3466 5840; x_wconf 85' lang='lat' dir='ltr'><strong>xxv,</strong></span> <span class='ocrx_word' id='word_1_987' title='bbox 3492 5780 3579 5834; x_wconf 78' lang='grc'><strong>20.</strong></span> 
     </span>
    </p>
   </div>
   <div class='ocr_carea' id='block_1_113' title="bbox 328 5784 831 5850">
    <p class='ocr_par' dir='ltr' id='par_1_113' title="bbox 328 5784 831 5850">
     <span class='ocr_line' id='line_1_115' title="bbox 328 5784 831 5850; baseline 0.004 -12"><span class='ocrx_word' id='word_1_988' title='bbox 328 5786 416 5838; x_wconf 88' lang='grc'><strong>15.</strong></span> <span class='ocrx_word' id='word_1_989' title='bbox 450 5786 494 5815; x_wconf 79' lang='grc'>⁸⁸</span> <span class='ocrx_word' id='word_1_990' title='bbox 516 5784 654 5840; x_wconf 86' lang='lat' dir='ltr'><strong>Gen.</strong></span> <span class='ocrx_word' id='word_1_991' title='bbox 684 5802 831 5850; x_wconf 82' lang='lat' dir='ltr'><strong>xux,</strong></span> 
     </span>
    </p>
   </div>
   <div class='ocr_carea' id='block_1_114' title="bbox 944 5782 3018 5850">
    <p class='ocr_par' dir='ltr' id='par_1_114' title="bbox 944 5782 3018 5850">
     <span class='ocr_line' id='line_1_116' title="bbox 944 5782 3018 5850; baseline -0.002 -10"><span class='ocrx_word' id='word_1_992' title='bbox 944 5827 957 5840; x_wconf 91' lang='lat'><strong>.</strong></span> <span class='ocrx_word' id='word_1_993' title='bbox 993 5786 1183 5841; x_wconf 78' lang='lat' dir='ltr'><strong>“Gen.</strong></span> <span class='ocrx_word' id='word_1_994' title='bbox 1215 5782 1402 5848; x_wconf 80' lang='lat' dir='ltr'><strong>xxxix,</strong></span> <span class='ocrx_word' id='word_1_995' title='bbox 1436 5785 1521 5838; x_wconf 90' lang='grc'><strong>12.</strong></span> <span class='ocrx_word' id='word_1_996' title='bbox 1575 5786 1613 5816; x_wconf 77' lang='grc'><strong>⁸⁷</strong></span> <span class='ocrx_word' id='word_1_997' title='bbox 1643 5784 1777 5839; x_wconf 88' lang='lat' dir='ltr'><strong>Gen.</strong></span> <span class='ocrx_word' id='word_1_998' title='bbox 1802 5801 1877 5850; x_wconf 82' lang='lat' dir='ltr'><strong>rx,</strong></span> <span class='ocrx_word' id='word_1_999' title='bbox 1907 5785 1998 5839; x_wconf 84' lang='grc'><strong>25.</strong></span> <span class='ocrx_word' id='word_1_1000' title='bbox 2063 5785 2105 5815; x_wconf 83' lang='grc'><strong>¹⁸</strong></span> <span class='ocrx_word' id='word_1_1001' title='bbox 2135 5785 2235 5838; x_wconf 87' lang='lat' dir='ltr'><strong>lsa.</strong></span> <span class='ocrx_word' id='word_1_1002' title='bbox 2270 5800 2378 5848; x_wconf 82' lang='lat' dir='ltr'><strong>th,</strong></span> <span class='ocrx_word' id='word_1_1003' title='bbox 2407 5784 2460 5836; x_wconf 90' lang='grc'><strong>5.</strong></span> <span class='ocrx_word' id='word_1_1004' title='bbox 2511 5784 2553 5814; x_wconf 85' lang='grc'>¹⁹</span> <span class='ocrx_word' id='word_1_1005' title='bbox 2584 5782 2719 5838; x_wconf 87' lang='lat' dir='ltr'><strong>Gen.</strong></span> <span class='ocrx_word' id='word_1_1006' title='bbox 2750 5797 2898 5844; x_wconf 76' lang='lat' dir='ltr'><strong>xxiv,</strong></span> <span class='ocrx_word' id='word_1_1007' title='bbox 2931 5782 3018 5835; x_wconf 83' lang='grc'><strong>65.</strong></span> 
     </span>
    </p>
   </div>
   <div class='ocr_carea' id='block_1_115' title="bbox 3071 5779 3579 5844">
    <p class='ocr_par' dir='ltr' id='par_1_115' title="bbox 3071 5779 3579 5844">
     <span class='ocr_line' id='line_1_117' title="bbox 3071 5779 3579 5844; baseline 0.002 -11"><span class='ocrx_word' id='word_1_1008' title='bbox 3071 5781 3114 5811; x_wconf 85' lang='grc'><strong>²⁰</strong></span> <span class='ocrx_word' id='word_1_1009' title='bbox 3142 5779 3301 5834; x_wconf 88' lang='lat' dir='ltr'><strong>Prov.</strong></span> <span class='ocrx_word' id='word_1_1010' title='bbox 3340 5796 3466 5844; x_wconf 85' lang='lat' dir='ltr'><strong>xxv,</strong></span> <span class='ocrx_word' id='word_1_1011' title='bbox 3492 5780 3579 5834; x_wconf 78' lang='grc'><strong>20.</strong></span> 
     </span>
    </p>
   </div>
   <div class='ocr_carea' id='block_1_116' title="bbox 328 5849 1894 5926">
    <p class='ocr_par' dir='ltr' id='par_1_116' title="bbox 328 5849 1894 5926">
     <span class='ocr_line' id='line_1_118' title="bbox 328 5849 1894 5926; baseline 0 -17"><span class='ocrx_word' id='word_1_1012' title='bbox 328 5858 373 5888; x_wconf 78' lang='grc' dir='ltr'><strong>’ί</strong></span> <span class='ocrx_word' id='word_1_1013' title='bbox 402 5855 442 5926; x_wconf 79' lang='lat' dir='ltr'><strong>ll</strong></span> <span class='ocrx_word' id='word_1_1014' title='bbox 475 5855 609 5926; x_wconf 89' lang='lat' dir='ltr'><strong>Reg.</strong></span> <span class='ocrx_word' id='word_1_1015' title='bbox 637 5872 751 5921; x_wconf 73' lang='lat' dir='ltr'><strong>xu,</strong></span> <span class='ocrx_word' id='word_1_1016' title='bbox 783 5849 868 5910; x_wconf 90' lang='grc'><strong>15.</strong></span> <span class='ocrx_word' id='word_1_1017' title='bbox 897 5858 941 5888; x_wconf 83' lang='grc'>¹²</span> <span class='ocrx_word' id='word_1_1018' title='bbox 968 5856 1155 5911; x_wconf 85' lang='lat' dir='ltr'><strong>Matth.</strong></span> <span class='ocrx_word' id='word_1_1019' title='bbox 1183 5873 1232 5922; x_wconf 95' lang='lat' dir='ltr'><strong>v,</strong></span> <span class='ocrx_word' id='word_1_1020' title='bbox 1257 5857 1346 5910; x_wconf 77' lang='grc'><strong>40.</strong></span> <span class='ocrx_word' id='word_1_1021' title='bbox 1377 5857 1423 5887; x_wconf 74' lang='grc'><strong>’³</strong></span> <span class='ocrx_word' id='word_1_1022' title='bbox 1448 5857 1601 5912; x_wconf 88' lang='lat' dir='ltr'><strong>Cant.</strong></span> <span class='ocrx_word' id='word_1_1023' title='bbox 1628 5873 1678 5923; x_wconf 81' lang='grc' dir='ltr'><strong>ν,</strong></span> <span class='ocrx_word' id='word_1_1024' title='bbox 1698 5857 1747 5910; x_wconf 87' lang='lat'><strong>7.</strong></span> <span class='ocrx_word' id='word_1_1025' title='bbox 1782 5858 1825 5886; x_wconf 65' lang='grc' dir='ltr'><strong>’δ</strong></span> <span class='ocrx_word' id='word_1_1026' title='bbox 1853 5849 1894 5910; x_wconf 66' lang='grc' dir='ltr'><strong>εἰς</strong></span> 
     </span>
    </p>
   </div>
   <div class='ocr_carea' id='block_1_117' title="bbox 2001 5849 3576 5926">
    <p class='ocr_par' dir='ltr' id='par_1_117' title="bbox 2013 5849 3576 5926">
     <span class='ocr_line' id='line_1_119' title="bbox 2013 5849 3576 5926; baseline -0.003 -16"><span class='ocrx_word' id='word_1_1027' title='bbox 2013 5872 2110 5920; x_wconf 86' lang='lat' dir='ltr'><strong>vn,</strong></span> <span class='ocrx_word' id='word_1_1028' title='bbox 2141 5857 2229 5910; x_wconf 86' lang='grc'><strong>21.</strong></span> <span class='ocrx_word' id='word_1_1029' title='bbox 2257 5857 2304 5886; x_wconf 77' lang='grc'>³⁸</span> <span class='ocrx_word' id='word_1_1030' title='bbox 2331 5855 2486 5910; x_wconf 82' lang='lat' dir='ltr'><strong>Num.</strong></span> <span class='ocrx_word' id='word_1_1031' title='bbox 2515 5871 2603 5919; x_wconf 91' lang='lat' dir='ltr'><strong>xv,</strong></span> <span class='ocrx_word' id='word_1_1032' title='bbox 2629 5853 2718 5926; x_wconf 55' lang='lat'><strong>.38.</strong></span> <span class='ocrx_word' id='word_1_1033' title='bbox 2743 5853 2801 5926; x_wconf 54' lang='lat' dir='ltr'><strong>ff</strong></span> <span class='ocrx_word' id='word_1_1034' title='bbox 2821 5852 2933 5926; x_wconf 89' lang='lat' dir='ltr'><strong>_lsa_.</strong></span> <span class='ocrx_word' id='word_1_1035' title='bbox 2963 5867 3044 5916; x_wconf 87' lang='grc' dir='ltr'>ιιι,</span> <span class='ocrx_word' id='word_1_1036' title='bbox 3073 5851 3162 5926; x_wconf 64' lang='grc'><strong>22.</strong></span> <span class='ocrx_word' id='word_1_1037' title='bbox 3196 5851 3239 5882; x_wconf 76' lang='grc'><strong>’⁷</strong></span> <span class='ocrx_word' id='word_1_1038' title='bbox 3272 5849 3416 5906; x_wconf 90' lang='lat' dir='ltr'><strong>Psal.</strong></span> <span class='ocrx_word' id='word_1_1039' title='bbox 3443 5867 3496 5916; x_wconf 75' lang='grc' dir='ltr'><strong>ιι,</strong></span> <span class='ocrx_word' id='word_1_1040' title='bbox 3527 5852 3576 5906; x_wconf 73' lang='grc'><strong>4.</strong></span> 
     </span>
    </p>
   </div>
   <div class='ocr_carea' id='block_1_118' title="bbox 331 5921 1894 5996">
    <p class='ocr_par' dir='ltr' id='par_1_118' title="bbox 331 5921 1894 5995">
     <span class='ocr_line' id='line_1_120' title="bbox 331 5921 1894 5995; baseline 0 -13"><span class='ocrx_word' id='word_1_1041' title='bbox 331 5929 378 5958; x_wconf 75' lang='grc'><strong>’⁸</strong></span> <span class='ocrx_word' id='word_1_1042' title='bbox 403 5924 503 5982; x_wconf 81' lang='lat' dir='ltr'><strong>Job</strong></span> <span class='ocrx_word' id='word_1_1043' title='bbox 529 5921 638 5994; x_wconf 73' lang='lat' dir='ltr'><strong>va,</strong></span> <span class='ocrx_word' id='word_1_1044' title='bbox 670 5929 752 5985; x_wconf 87' lang='lat'><strong>16.</strong></span> <span class='ocrx_word' id='word_1_1045' title='bbox 797 5927 842 5960; x_wconf 83' lang='grc'><strong>¹⁹</strong></span> <span class='ocrx_word' id='word_1_1046' title='bbox 871 5929 972 5984; x_wconf 83' lang='lat' dir='ltr'><strong>Joh</strong></span> <span class='ocrx_word' id='word_1_1047' title='bbox 1003 5945 1111 5995; x_wconf 79' lang='lat' dir='ltr'><strong>xu,</strong></span> <span class='ocrx_word' id='word_1_1048' title='bbox 1135 5928 1188 5983; x_wconf 90' lang='lat'><strong>9.</strong></span> <span class='ocrx_word' id='word_1_1049' title='bbox 1222 5921 1271 5959; x_wconf 12' lang='lat'><strong>7”</strong></span> <span class='ocrx_word' id='word_1_1050' title='bbox 1303 5928 1461 5988; x_wconf 86' lang='lat' dir='ltr'><strong>Prov.</strong></span> <span class='ocrx_word' id='word_1_1051' title='bbox 1496 5944 1568 5995; x_wconf 86' lang='lat' dir='ltr'><strong>vt,</strong></span> <span class='ocrx_word' id='word_1_1052' title='bbox 1599 5921 1673 5984; x_wconf 63' lang='lat'><strong>4.</strong></span> <span class='ocrx_word' id='word_1_1053' title='bbox 1701 5927 1744 5959; x_wconf 85' lang='grc'><strong>³¹</strong></span> <span class='ocrx_word' id='word_1_1054' title='bbox 1774 5927 1894 5986; x_wconf 76' lang='grc' dir='ltr'>Ριοι</span> 
     </span>
    </p>
   </div>
   <div class='ocr_carea' id='block_1_119' title="bbox 2001 5921 3488 5996">
    <p class='ocr_par' dir='ltr' id='par_1_119' title="bbox 2001 5921 3488 5996">
     <span class='ocr_line' id='line_1_121' title="bbox 2001 5921 3488 5996; baseline -0.005 -14"><span class='ocrx_word' id='word_1_1055' title='bbox 2001 5943 2041 5996; x_wconf 79' lang='lat' dir='ltr'><strong>v,</strong></span> <span class='ocrx_word' id='word_1_1056' title='bbox 2067 5928 2154 5982; x_wconf 77' lang='grc'><strong>25.</strong></span> <span class='ocrx_word' id='word_1_1057' title='bbox 2203 5928 2247 5960; x_wconf 84' lang='grc'><strong>³³</strong></span> <span class='ocrx_word' id='word_1_1058' title='bbox 2274 5927 2408 5984; x_wconf 86' lang='lat' dir='ltr'><strong>Cen.</strong></span> <span class='ocrx_word' id='word_1_1059' title='bbox 2443 5942 2592 5996; x_wconf 83' lang='lat' dir='ltr'><strong>xxiv,</strong></span> <span class='ocrx_word' id='word_1_1060' title='bbox 2618 5923 2708 5978; x_wconf 80' lang='grc'><strong>25.</strong></span> <span class='ocrx_word' id='word_1_1061' title='bbox 2740 5923 2786 5955; x_wconf 84' lang='grc'><strong>³³</strong></span> <span class='ocrx_word' id='word_1_1062' title='bbox 2813 5921 2936 5978; x_wconf 86' lang='lat' dir='ltr'><strong>Jud.</strong></span> <span class='ocrx_word' id='word_1_1063' title='bbox 2967 5937 3080 5992; x_wconf 78' lang='lat' dir='ltr'><strong>xix,</strong></span> <span class='ocrx_word' id='word_1_1064' title='bbox 3104 5922 3191 5978; x_wconf 87' lang='lat'><strong>19.</strong></span> <span class='ocrx_word' id='word_1_1065' title='bbox 3473 5929 3488 5939; x_wconf 79' lang='grc'><strong>“</strong></span> 
     </span>
    </p>
   </div>
  </div>
