3936 6328
302 411 440 469 Ml

1265 401 1675 461 ALLEGORLE
1714 402 1783 459 ΙΝ
1822 402 2100 463 SACRAM
2138 405 2599 465 SCRIPTURAM.

3420 404 3561 463 ms

300 532 580 592 humilitas
619 542 687 584 ex
727 523 1160 582 consideratione
1185 522 1419 595 praprize
1452 520 1783 577 infirmitatis
1807 521 1825 545 ‘
1861 539 1875 575 :
1905 524 1956 586 Α
1980 522 2253 593 gentibus,
2294 533 2355 579 ut
2378 523 2512 578 vidit
2544 522 2706 579 ﬁdem
2728 520 2935 579 Christi
2966 523 3108 593 apud
3138 493 3378 590 Iudaeos,
3412 529 3564 579 misit

300 623 496 691 Panis,
541 622 628 677 vir
669 625 912 683 sanctus,
940 623 1000 670 ut
1022 616 1077 670 in
1102 614 1336 671 Psalmis
1364 633 1377 669 :
1414 632 1432 665 ι
1454 612 1607 681 Quod
1638 613 1879 668 cinerem

298 726 559 787 tanquam
578 722 776 785 panem
800 706 1197 763 manducabam
1218 705 1261 773 ’,
1298 724 1319 759 ι
1370 704 1513 776 quod
1550 718 1658 760 non
1704 703 1879 760 solum

298 818 524 869 sanctos
563 806 665 863 sibi
697 802 958 861 Dominus
988 800 1300 871 inaorporat
1342 813 1440 869 per
1460 796 1749 867 justitiam,
1784 796 1881 851 sed

294 910 616 975 peccatores
643 912 742 969 per
767 893 1166 967 penitentiam.
1208 888 1397 955 Panis,
1423 889 1650 958 quilibet
1672 888 1727 941 in
1756 903 1880 958 pec-

298 1006 426 1055 cato
448 998 827 1065 perseverans,
849 992 911 1041 ut
934 984 993 1040 in
1010 982 1150 1040 Osca
1174 999 1190 1015 ·
1226 1000 1245 1034 ι
1276 980 1476 1037 Factus
1508 987 1591 1035 est
1613 979 1881 1049 ‘Ephraim

294 1089 458 1162 panis
501 1080 911 1144 subcinericius,
951 1077 1043 1149 qui
1082 1090 1189 1130 non
1230 1074 1247 1097 ‘
1276 1081 1585 1130 revertatur
1612 1074 1655 1139 ’,
1691 1092 1710 1125 ι
1736 1071 1884 1141 quod

295 1189 555 1256 peccator
594 1174 903 1232 immundus
937 1172 993 1226 in
1032 1168 1275 1241 peccatis
1308 1167 1423 1223 suis
1441 1165 1609 1236 jacet,
1642 1172 1696 1222 et
1718 1166 1784 1220 de
1803 1163 1883 1220 eis

296 1289 409 1329 non
433 1268 680 1342 paenitet.
712 1262 897 1328 Panis,
936 1259 1225 1316 delectatio
1264 1258 1595 1324 carnalis,ut
1618 1259 1674 1313 in
1703 1256 1833 1313 Job:
1861 1258 1879 1281 ⁶

303 1386 325 1416 ι
360 1362 427 1419 Ni
451 1377 511 1419 se
538 1357 768 1415 moverit;
797 1356 866 1412 ad
904 1351 1252 1426 quaerendum
1296 1364 1492 1422 panem
1524 1350 1569 1416 ³,
1616 1368 1635 1402 ι
1686 1350 1741 1404 id
1777 1356 1880 1415 est,

297 1450 430 1512 cum
453 1469 513 1511 se
538 1448 895 1508 intromiserit
928 1446 1213 1517 acquirere
1252 1443 1675 1500 delectationem
1699 1456 1885 1497 carna-

296 1549 429 1605 lem.
468 1545 657 1611 Pam's,
702 1539 1023 1605 consolatio,
1079 1546 1141 1592 ut
1176 1538 1233 1592 in
1274 1535 1546 1592 Ieremia:
1582 1552 1601 1585 ι
1647 1524 1885 1604 Populus

298 1656 525 1716 gemens
548 1650 611 1693 ac
636 1648 882 1707 quaerens
906 1647 1102 1705 panem
1119 1631 1192 1697 ‘,i
1220 1630 1276 1685 id
1301 1637 1405 1693 est,
1430 1627 1616 1684 dolens
1647 1640 1713 1682 ac
1744 1625 1887 1681 desi-

296 1737 499 1791 derans
520 1731 718 1787 habere
742 1725 1190 1784 consolationem.
1224 1718 1413 1787 Panis,
1434 1718 1733 1777 subsidium
1759 1718 1888 1772 vitae

1981 614 2383 671 devorationem
2408 630 2584 682 suam,
2617 625 2673 670 et
2700 614 2972 671 credendo
2995 615 3239 685 suscepit
3260 613 3559 670 Christum.

2052 708 2348 764 Paradisus
2399 718 2486 766 est
2527 715 2713 765 sancta
2759 708 3023 773 Ecclesia,
3084 717 3148 762 ut
3196 709 3251 763 in
3299 707 3498 763 Genesi
3544 722 3560 760 :

1988 820 2007 854 ι
2040 800 2391 858 Plantaverat
2408 812 2591 857 autem
2614 802 2756 858 Deus
2774 802 3086 872 paradisum
3112 801 3179 866 ιτ,
3208 821 3232 853 ο
3258 802 3402 871 quod
3421 800 3569 858 Deus

1981 892 2213 949 instituit
2266 902 2511 950 sanctam
2554 892 2874 949 Ecclesium.
2921 891 3255 958 Paradim,
3300 892 3567 948 serenitas

1983 988 2199 1055 mentis,
2228 996 2290 1043 ut
2336 989 2389 1042 in
2438 987 2711 1043 Cantica:
2758 1006 2777 1039 ι
2832 987 3165 1044 Emissianes
3212 994 3318 1043 tuae
3346 987 3566 1059 paradi-

1983 1095 2075 1135 sus
2104 1080 2169 1147 ⁸⁸,
2208 1100 2227 1133 ι
2266 1082 2408 1151 quod
2431 1082 2692 1152 quidquid
2721 1082 2787 1137 de
2815 1091 2997 1138 mente
3027 1092 3118 1137 tua
3160 1083 3441 1153 producis,
3473 1082 3567 1138 de-

1982 1172 2229 1229 lectabile
2264 1182 2320 1229 et
2358 1189 2541 1229 suave.
2582 1171 2896 1241 Paradisus,
2944 1174 3115 1245 gloria
3146 1173 3478 1249 temporalis,
3510 1180 3570 1228 ut

1984 1265 2041 1339 in
2067 1264 2266 1322 Genesi
2298 1284 2311 1320 :
2346 1285 2367 1318 ι
2419 1266 2549 1334 Quae
2574 1267 2827 1323 universa
2857 1268 2877 1295 '
2923 1267 3208 1340 irrigabat,
3240 1268 3381 1323 sicut
3406 1282 3569 1338 para-

1985 1359 2133 1414 disus
2163 1358 2228 1425 ¹⁹,
2276 1378 2297 1411 ι
2350 1360 2493 1429 quod
2534 1368 2645 1413 tota
2689 1359 2857 1431 gloria
2894 1360 3210 1431 temporalis
3249 1359 3319 1414 ad
3360 1367 3570 1429 tempus

1985 1451 2160 1506 nitere
2206 1450 2438 1505 videtur.
2476 1449 2791 1516 Paradisus,
2838 1451 3092 1523 gaudium
3132 1450 3376 1517 cteleste,
3403 1459 3464 1506 ut
3512 1450 3569 1505 in

1986 1544 2345 1615 Apocalypsi:
2387 1563 2407 1594 ι
2440 1544 2516 1599 De
2558 1542 2703 1614 ligno
2729 1543 2988 1614 paradisi,
3022 1543 3167 1612 quod
3200 1552 3281 1598 est
3316 1543 3368 1597 in
3402 1557 3567 1613 para-

1988 1640 2105 1695 diso
2126 1639 2222 1693 Dei
2248 1638 2352 1693 mei
2383 1638 2451 1703 ¹⁸,
2491 1656 2510 1689 ι
2544 1637 2687 1708 quod
2727 1637 2820 1708 qui
2860 1635 3139 1700 mundum,
3178 1644 3234 1692 et
3269 1651 3489 1692 carnem
3515 1642 3573 1690 et

1988 1728 2257 1786 diabolum
2277 1729 2478 1794 vincet,
2504 1729 2519 1749 ‘
2547 1726 2766 1784 Christo
2804 1728 2924 1785 sine
2980 1727 3088 1783 line
3127 1727 3478 1799 perfruetur‘
3514 1728 3570 1782 in

294 1824 604 1899 praesentis,
630 1830 693 1877 ut
732 1821 788 1876 in
832 1815 1064 1874 Genesi:
1104 1832 1125 1865 ‹
1170 1811 1229 1868 Si
1262 1811 1477 1868 dederis
1509 1809 1642 1865 mihi
1688 1822 1885 1880 panem
1912 1888 1955 1899 _
1990 1820 2197 1877 εωιθειί
2222 1819 2439 1892 gaudio,

292 1888 369 1973 ad
390 1914 658 1972 edendum
676 1911 719 1976 ⁸,
768 1927 789 1962 ι
816 1908 871 1963 id
895 1913 998 1971 est.
1022 1904 1067 1961 si
1098 1903 1232 1959 mihi
1253 1901 1552 1958 contuleris
1576 1898 1881 1955 subsidium
1909 1888 1960 1951 Β
2056 1888 2247 1969 Ραάεὶ
2260 1921 2346 1969 est
2368 1912 2674 1969 humanitas
2692 1911 2922 1979 Christi,
2951 1911 3086 1967 utin
3106 1911 3332 1968 Cantica
3358 1930 3373 1965 :
3404 1928 3423 1963 ι
3452 1911 3570 1981 Ipse

294 2010 370 2067 ad
418 2005 800 2064 roborandam.
852 1997 1046 2064 Panis,
1083 1995 1332 2053 doctrina
1380 1992 1659 2057 haeretica,
1710 1998 1771 2045 ut
1824 1989 1881 2045 in

294 2099 618 2159 Parabolis:
650 2115 669 2148 ι
702 2093 770 2149 Et
797 2091 957 2164 panis
1005 2088 1356 2145 absconditus
1400 2085 1638 2150 suavior,
1670 2104 1688 2136 ι
1739 2082 1883 2153 quod

293 2194 543 2251 doctrina
556 2187 813 2245 bmretica
835 2183 1034 2240 clarior
1058 2190 1145 2237 est
1168 2179 1412 2251 reprobis
1449 2192 1615 2249 quam
1634 2176 1880 2232 doctrina

295 2300 453 2344 sana.
503 2280 690 2347 Panis,
748 2277 937 2355 gratia:
993 2272 1325 2345 spirituales,
1382 2278 1447 2326 ut
1496 2271 1550 2325 in
1605 2268 1878 2325 Psalmis:

301 2397 324 2431 ι
352 2361 628 2447 Pauperes
677 2368 793 2441 ejus
819 2365 1078 2424 saturabo
1105 2365 1337 2437 panibus
1370 2363 1413 2431 °,
1447 2383 1468 2416 ι
1514 2362 1569 2417 id
1614 2373 1718 2429 est,
1741 2361 1882 2417 dona

218 2460 225 2467 ’
294 2468 598 2540 gratiarum
623 2474 870 2518 mearum
912 2454 1191 2514 conferam
1219 2452 1536 2510 humilibus.
1567 2450 1672 2507 Per
1694 2466 1883 2523 panem

294 2558 632 2620 eruditiones
663 2551 999 2628 spirituales,
1025 2558 1086 2605 ut
1111 2549 1164 2604 in
1192 2547 1333 2604 lsaia
1360 2563 1415 2600 ι(
1451 2544 1769 2616 Appenditis
1795 2559 1884 2598 ar-

292 2658 522 2726 gentum
566 2663 675 2705 non
712 2647 771 2703 in
799 2641 1102 2717 panibus",
1149 2659 1168 2692 ι
1198 2639 1257 2695 id
1279 2646 1386 2704 est,
1424 2639 1481 2693 in
1521 2636 1884 2692 locutionibus

292 2741 501 2799 vestris
520 2755 630 2797 non
672 2734 960 2794 intenditis
1001 2732 1139 2789 satis
1159 2729 1574 2786 eruditionibus.
1599 2727 1705 2783 Per
1722 2744 1882 2798 panes

294 2833 554 2906 apostoli,
588 2839 651 2887 ut
696 2830 757 2886 in
800 2826 989 2884 Exodo
1020 2843 1037 2883 :
1071 2844 1091 2878 ι
1124 2824 1301 2881 Panes
1330 2821 1616 2878 duodecim
1638 2820 1885 2892 proposi-

290 2929 467 2985 tionis
488 2929 545 2984 in
570 2939 759 2983 mensa
782 2922 829 2989 ⁸,
864 2941 885 2974 ι
913 2921 968 2976 id
1002 2928 1089 2977 est
1136 2917 1368 2989 apostoli
1415 2915 1698 2972 duodecim
1724 2915 1884 2971 electi

291 3024 353 3079 in
394 3021 660 3079 Ecclesia.
700 3017 807 3074 Per
831 3033 1019 3089 panem
1067 3013 1432 3086 intelligentia
1469 3000 1673 3069 saneta:
1703 3011 1884 3067 Trini-

295 3114 450 3181 tatis,
477 3113 617 3168 utin
639 3108 969 3180 Evangelia:
1006 3125 1025 3159 ι
1059 3106 1271 3173 Amice,
1300 3106 1586 3161 commoda
1611 3104 1748 3160 mihi
1777 3111 1885 3160 tres

290 3220 467 3277 panes
486 3203 527 3257 ⁹.
544 3224 563 3257 ι
583 3203 637 3259 id
663 3199 1067 3268 est,oChriste,
1095 3196 1285 3253 confer
1306 3197 1439 3252 mihi
1470 3195 1882 3268 intelligentiam

292 3261 501 3353 sanctae
521 3261 822 3350 Trinitatis.
846 3290 953 3347 Per
971 3261 1132 3362 panes
1154 3289 1278 3344 libri
1306 3288 1527 3360 legales,
1546 3296 1607 3342 ut
1627 3261 1682 3342 in
1707 3287 1883 3343 Evan-
1909 3261 1955 3326 ο

292 3387 469 3461 gelio;
519 3404 559 3439 I.
591 3385 689 3441 Est
732 3396 869 3455 puer
906 3397 1046 3437 unus
1064 3382 1157 3437 hic
1191 3382 1285 3451 qui
1334 3380 1496 3436 habet
1516 3381 1757 3451 quinque
1780 3396 1880 3451 pa-

294 3495 399 3538 nes
443 3478 507 3544 “,
549 3497 568 3531 ι
618 3476 678 3532 id
728 3482 833 3542 est,
868 3474 1099 3546 populus
1136 3472 1410 3537 Iudaicus,
1443 3488 1606 3529 sensu
1638 3474 1880 3544 puerilis,

293 3571 391 3644 qui
418 3570 656 3643 quinque
682 3568 852 3624 libros
882 3565 1083 3637 Moysis
1122 3565 1287 3621 habet
1331 3564 1565 3620 clausos.
1595 3564 1700 3620 Per
1723 3582 1884 3636 panes

294 3667 527 3722 internae
572 3659 988 3723 consolationes,
1041 3664 1103 3712 ut
1152 3656 1210 3712 in
1257 3656 1539 3712 Psalmis:
1586 3676 1605 3709 ι
1642 3657 1886 3713 Fuerunt

294 3754 436 3813 mihi
451 3755 701 3825 lacryrnze
717 3762 851 3807 meae
866 3764 1034 3821 panes
1048 3749 1068 3771 ¹
1081 3763 1205 3804 eum
1226 3747 1451 3804 lactucis
1465 3748 1768 3821 agrestibus
1783 3748 1847 3816 “,
1858 3768 1881 3804 ι

296 3848 356 3904 id
384 3854 492 3913 est,
530 3847 671 3902 bona
696 3856 866 3915 opera
889 3841 1010 3898 sine
1054 3839 1268 3896 malitia
1296 3838 1364 3894 oin
1394 3838 1596 3896 amaris
1628 3853 1887 3911 compun-

296 3937 591 3995 etionibus.

374 4032 551 4087 Panm'
577 4036 704 4086 sunt
740 4032 1083 4101 sacramenta
1116 4023 1440 4081 humilitatis
1476 4022 1703 4091 Christi,
1732 4031 1794 4079 ιιι
1830 4024 1888 4080 in

298 4120 636 4195 Evangelia:
675 4138 697 4172 ‹
729 4118 797 4174 Ει
830 4116 1027 4187 pannis
1073 4128 1199 4170 eum
1242 4113 1490 4179 involvit,
1538 4121 1596 4169 et
1644 4114 1883 4184 reposuit

296 4231 428 4273 eum
484 4214 539 4270 in
587 4210 849 4284 praesepio
882 4209 946 4273 ⁸⁸,
988 4227 1008 4260 ι
1049 4206 1286 4278 quod....
1319 4205 1606 4260 Dominum
1658 4205 1760 4260 sub
1798 4221 1889 4261 sa-

296 4304 598 4366 cramentis
635 4300 987 4359 humanitatis
1028 4305 1321 4371 assumpta:
1348 4297 1665 4371 occultavit,
1700 4297 1888 4369 sicque

297 4396 671 4457 manilestavit
695 4409 822 4451 eum
848 4390 1068 4447 mundo.
1099 4388 1295 4454 Puni,
1324 4387 1576 4443 mandata
1626 4387 1778 4460 legis,
1826 4395 1890 4444 ut

298 4497 359 4552 in
382 4491 487 4549 Iob
519 4509 532 4545 :
565 4509 585 4542 ι
619 4489 687 4545 Et
708 4485 906 4558 pannis
941 4482 1184 4538 infantiae
1218 4479 1564 4537 obvolverem
1595 4480 1662 4547 ¹³,
1692 4500 1714 4533 ι
1743 4482 1888 4552 quod

299 4585 449 4641 Deus
490 4581 832 4654 Synagogam
872 4574 1145 4632 mandatis
1198 4572 1332 4643 legis
1375 4571 1632 4645 alligavit.
1685 4572 1885 4642 Ραηιιὶ,

1916 4631 1966 4693 D

1980 2003 2084 2060 fuit
2105 2013 2226 2075 post
2262 2004 2524 2076 parietem
2549 2014 2796 2060 nostrum
2838 2004 2908 2070 ⁸³,
2944 2022 2964 2055 ι
2993 2004 3137 2073 quod
3178 2005 3278 2059 sub
3306 2002 3573 2058 velamine

1982 2095 2338 2151 humanitatis
2364 2107 2657 2166 assumptus
2697 2094 2955 2153 divinitas
2989 2093 3165 2150 latuit.
3196 2093 3385 2149 Parias
3416 2108 3572 2149 sacra

1984 2186 2284 2258 Scriptura,
2306 2188 2441 2243 utin
2468 2188 2485 2211 '
2506 2186 2733 2243 Cantica
2766 2205 2780 2242 :
2828 2205 2847 2241 ι
2892 2185 3239 2257 Palpavimus
3268 2186 3411 2242 sicut
3436 2183 3571 2241 caici

1980 2279 2244 2351 parietem
2263 2279 2332 2346 “,
2361 2298 2382 2333 ι
2402 2280 2547 2351 quod
2564 2279 2808 2336 haeretici
2828 2279 3014 2336 eacati
3037 2280 3092 2335 in
3113 2294 3269 2335 saera
3290 2278 3572 2348 Scriptura

1980 2385 2081 2442 per
2124 2384 2369 2431 errarem
2415 2372 2798 2427 ostenduntur.
2849 2368 3057 2437 Parios,
3100 2370 3267 2426 corda
3307 2369 3574 2440 stibjocto-

1982 2479 2124 2529 rum,
2156 2470 2219 2519 ut
2258 2463 2315 2519 in
2342 2462 2628 2519 Ezechiele
2665 2483 2680 2517 :
2735 2484 2752 2516 ι
2801 2462 2904 2519 Fili
2940 2463 3201 2529 hominis,
3227 2461 3354 2517 {ode
3397 2461 3574 2531 parie-

1982 2565 2093 2613 tem
2120 2556 2195 2624 ⁸³,
2229 2576 2248 2610 ι
2280 2557 2424 2627 quod
2442 2557 2653 2628 praelati
2676 2559 2853 2614 acutis
2874 2556 3319 2629 iuquiaitionihus
3338 2555 3574 2611 scrutari

1983 2646 2183 2704 debent
2203 2646 2371 2703 corda
2399 2647 2790 2718 subiectorum.
2824 2647 3033 2712 Parias,
3064 2646 3385 2710 obstinatio,
3430 2655 3487 2699 ut
3516 2644 3573 2700 in

1982 2739 2266 2797 Ezechiele
2294 2757 2309 2794 :
2348 2758 2371 2791 ι
2402 2738 2767 2796 ΛΕιΙὶΗοιὺθιιι
2798 2740 3081 2811 parietem,
3108 2739 3183 2797 illi
3210 2746 3394 2794 autem
3422 2737 3577 2793 linia-

1981 2830 2114 2889 bant
2158 2846 2284 2889 eum
2331 2831 2399 2896 ³⁵,
2450 2850 2469 2885 ι
2518 2831 2663 2900 quod
2710 2832 2909 2902 impius
2951 2831 3375 2889 obstinationem
3420 2829 3479 2885 in
3510 2844 3572 2886 se

1984 2923 2272 2988 consil-un,
2313 2931 2371 2979 οι
2409 2906 2718 2979 adulatores
2751 2936 2873 2977 eam
2917 2920 3133 2978 blandis
3174 2919 3576 2977 adulationibus

1985 3013 2187 3072 fovent.
2212 3013 2424 3081 Parias,
2472 3023 2698 3085 peccata
2738 3015 3037 3085 praeterita.
3086 3022 3147 3071 ut
3182 3013 3241 3069 in
3276 3012 3432 3069 libris
3470 3013 3577 3068 Be-

1983 3125 2111 3181 gum
2144 3127 2158 3166 :
2196 3128 2217 3162 ι
2267 3108 2548 3167 Convertit
2581 3125 2641 3167 se
2680 3109 2945 3165 Ezechias
2978 3107 3048 3165 ad
3087 3109 3353 3179 parietem
3391 3116 3448 3163 et
3483 3106 3578 3163 lle-

1982 3205 2063 3261 vit
2092 3205 2162 3271 ”,
2196 3224 2217 3260 ι
2260 3205 2407 3276 quod
2448 3205 2608 3261 electi
2652 3205 2720 3261 ad
2764 3208 2987 3276 peccata
3032 3218 3134 3261 sua
3168 3202 3481 3274 pteniteudo
3516 3216 3579 3259 se

1985 3304 2310 3354 convertunt
2336 3312 2458 3368 qua:
2476 3298 2624 3353 inter
2644 3312 2705 3353 se
2732 3305 2788 3353 et
2812 3297 3099 3353 Dominam
3127 3302 3572 3352 construxerunt.
3676 3314 3688 3325 ε

2057 3385 2270 3444 Pardus
2309 3396 2395 3445 est
2423 3388 2652 3458 quilibet
2688 3388 2944 3446 vitiorum
2984 3387 3249 3445 varietate
3278 3387 3487 3457 plenus,
3517 3396 3581 3445 ut

1985 3480 2043 3535 in
2070 3480 2251 3537 lsaia:
2287 3498 2307 3532 ι
2339 3479 2408 3537 Ει
2435 3479 2637 3551 pandas
2678 3494 2803 3537 cum
2832 3480 2850 3499 ‘
2879 3477 2983 3535 eda
3024 3477 3318 3549 occupabit
3357 3477 3425 3544 “,
3462 3495 3482 3530 ι
3520 3477 3577 3536 id

1985 3581 2091 3638 est,
2142 3579 2396 3643 peccator
2438 3572 2694 3626 vitiorum
2734 3570 2998 3643 varietate
3026 3570 3219 3641 plenus
3266 3585 3365 3641 per
3402 3571 3578 3642 patrii-

1986 3665 2212 3721 tentiam
2242 3678 2558 3728 conversus,
2608 3678 2733 3721 cum
2776 3678 2841 3721 ea
2880 3663 2971 3735 qui
3024 3677 3083 3719 se
3118 3662 3333 3719 assidue
3384 3662 3437 3721 in
3479 3662 3576 3718 Dei

1988 3755 2211 3812 servitio
2236 3763 2463 3820 mactat,
2491 3755 2545 3810 in
2583 3754 2828 3811 Ecclesia
2854 3754 3181 3825 requiescat.
3221 3753 3327 3807 Per
3349 3752 3575 3824 pardum

1987 3847 2303 3919 hypocrita,
2346 3854 2407 3901 ut
2447 3847 2501 3901 in
2537 3844 2764 3903 Cantica
2808 3864 2821 3900 :
2865 3862 2887 3898 ι
2925 3844 3004 3902 De
3036 3844 3303 3900 cubilibus
3338 3843 3574 3913 leonum,

1989 3940 2056 3996 de
2080 3939 2357 3996 montibus
2397 3939 2700 4011 pardonum
2734 3938 2801 4006 ³⁷,
2848 3958 2867 3990 ι
2908 3937 2962 3997 id
3000 3946 3106 4004 est,
3137 3939 3203 3993 de
3239 3937 3465 3993 occultis
3489 3952 3579 3992 suo

1985 4032 2298 4104 perborum,
2330 4031 2477 4087 etde
2504 4029 2840 4089 excellentiis
2870 4028 3276 4087 sceleratorum.

2060 4123 2257 4182 Pastas
2286 4134 2369 4181 est
2408 4123 2714 4182 sublimitas
2742 4139 2912 4180 sacrae
2948 4123 3267 4195 Scripturae,
3303 4131 3364 4181 ut
3394 4123 3446 4179 in
3474 4122 3577 4181 Ge-

1988 4218 2105 4275 nesi
2137 4235 2152 4273 :
2190 4235 2209 4269 ι
2245 4220 2355 4273 Aut
2391 4222 2407 4237 '
2436 4217 2559 4272 date
2598 4224 2787 4290 potum
2817 4216 3029 4282 ovibus,
3057 4227 3111 4271 et
3153 4216 3232 4273 sic
3258 4216 3325 4271 ad
3362 4224 3577 4287 pastum

1988 4324 2082 4367 eas
2117 4310 2134 4330 θ
2160 4309 2403 4369 reducite
2430 4308 2500 4376 ’⁸,
2538 4326 2558 4362 ›
2595 4307 2648 4365 id
2670 4315 2777 4374 est,
2812 4307 3105 4380 praedicata
3139 4307 3288 4381 prius
3310 4306 3575 4377 simplicia

1990 4404 2346 4469 auditoribus,
2391 4410 2449 4460 et
2491 4402 2572 4459 sic
2610 4417 2706 4458 eos
2750 4402 2818 4458 ad
2864 4400 3183 4459 sublimiora
3232 4401 3578 4471 intelligenda

1988 4497 2288 4570 perducite.
2316 4492 2538 4562 Pastas,
2572 4495 2883 4561 instructio,
2916 4495 3056 4550 utin
3094 4493 3291 4550 Genesi
3319 4512 3332 4547 :
3365 4511 3385 4546 ι
3430 4492 3581 4550 Filiis

1991 4593 2044 4647 in
2066 4598 2223 4662 pastu
2249 4591 2268 4610 ⁶
2313 4588 2592 4660 occupatis
2639 4602 2899 4658 pecorum
2924 4582 2996 4653 ”,
3036 4606 3056 4639 ι
3098 4585 3152 4641 id
3198 4594 3301 4651 est,
3341 4585 3580 4657 praelatis

298 4673 551 4745 exempla
575 4671 868 4740 iustorum,
892 4674 953 4723 ut
984 4667 1043 4722 in
1076 4663 1316 4720 Ieremia
1355 4682 1368 4719 :
1410 4682 1430 4716 ι
1483 4664 1633 4721 Pone
1676 4674 1884 4723 veteres

1993 4681 2439 4739 instructionibus
2468 4679 2843 4735 insistentibus
2871 4677 3211 4750 populorum.
3245 4674 3463 4746 Pastas,
3493 4679 3578 4733 in-

302 4784 516 4846 pannos
554 4769 652 4825 sub
684 4770 702 4791 '
731 4765 918 4822 cubitu
947 4777 1140 4819 manus
1171 4760 1238 4827 “,
1280 4761 1333 4816 id
1359 4768 1462 4826 est,
1490 4761 1559 4816 ad
1584 4760 1890 4817 roboranda

288 4858 473 4936 'opera
502 4876 598 4935 sua
622 4859 820 4916 adhibe
856 4856 955 4911 tibi
989 4854 1235 4926 exempla
1259 4854 1604 4923 antiquorum
1643 4852 1887 4908 Patrum.

381 4958 626 5028 Papyrus
652 4952 982 5010 estscientia
1011 4950 1306 5017 saecularis,
1340 4960 1399 5005 ut
1438 4949 1493 5004 in
1520 4949 1662 5005 Isaia
1698 4969 1712 5004 :
1751 4970 1771 5004 ι
1821 4952 1890 5007 Ει

302 5052 360 5107 in
390 5050 540 5105 vasis
559 5047 749 5120 papyri
777 5061 942 5116 super
968 5059 1141 5115 aquas
1184 5044 1254 5110 ¹⁸,
1284 5063 1305 5097 ι
1336 5045 1483 5114 quod
1522 5044 1890 5104 Antichristus

302 5144 695 5222 praedicatores
746 5154 874 5195 suos
908 5139 976 5193 ad
1022 5137 1388 5193 seducendum
1434 5136 1661 5207 populos
1707 5140 1891 5196 verbis

304 5239 550 5301 scientiae
588 5237 861 5295 saecularis
899 5234 1206 5292 exat-nebit.
1231 5235 1248 5255 ⁶
1280 5232 1545 5306 Papyrtts,
1581 5234 1885 5308 Synagoga,

1992 4788 2163 4834 terna:
2207 4776 2487 4848 sapientiae
2526 4774 2772 4839 refectio,
2832 4782 2893 4827 ut
2934 4772 2988 4827 in
3028 4769 3216 4827 Iobu
3242 4770 3361 4827 Filii
3388 4788 3575 4828 earum

1990 4875 2222 4942 pergunt
2247 4869 2313 4922 ad
2340 4872 2576 4938 pastum,
2606 4862 2977 4936 egrediuntur,
3009 4870 3063 4917 et
3100 4876 3204 4916 non
3236 4871 3579 4917 revertuntur

1997 4960 2064 5017 ad
2085 4976 2179 5017 eas
2208 4960 2277 5026 ”,
2317 4979 2336 5011 ι
2377 4959 2430 5014 id
2470 4965 2575 5023 est,
2603 4955 2829 5027 subjecti
2862 4954 3202 5027 prmlatorum
3232 4957 3298 5011 ad
3324 4955 3577 5012 refectio-

1994 5069 2119 5109 nem
2150 5051 2388 5108 caelestis
2413 5048 2645 5106 convivii
2678 5040 2896 5111 exeunt,
2929 5054 2985 5102 et
3004 5061 3113 5103 non
3140 5046 3361 5102 redeunt
3394 5047 3448 5102 in
3475 5047 3578 5102 hac

1991 5144 2102 5199 vita
2130 5143 2197 5197 ad
2223 5156 2337 5197 eos.

2066 5234 2262 5289 Passer
2286 5236 2369 5289 est
2396 5230 2667 5297 Christus,
2702 5237 2765 5284 ut
2798 5229 2853 5285 in
2878 5227 3109 5286 Psalmis
3133 5248 3148 5262 ·
3188 5249 3208 5282 ι
3246 5230 3491 5302 Vigilavi,
3521 5239 3576 5285 et

305 5346 371 5394 ut
414 5338 469 5392 in
508 5333 693 5390 Exodo
721 5349 737 5387 :
795 5350 814 5383 ι
851 5330 921 5385 Et
948 5312 1136 5385 videns
1167 5327 1425 5384 ﬁscellam
1465 5329 1519 5383 in
1550 5329 1569 5348 ⁶
1592 5329 1889 5401 papyrione
1992 5325 2168 5382 factus
2194 5340 2317 5399 sum
2344 5325 2485 5381 sicut
2509 5332 2701 5395 passer
2724 5321 2794 5390 “,
2837 5340 2857 5375 ι
2902 5323 2958 5379 id
2977 5331 3099 5391 est,
3126 5339 3156 5379 a
3186 5331 3362 5379 morte
3390 5338 3576 5377 resur-

305 5430 461 5487 misit
509 5442 673 5483 unam
712 5438 745 5483 e
779 5421 1085 5479 famulabus
1109 5419 1225 5476 suis
1248 5419 1345 5487 “,a
1375 5419 1519 5489 quod
1548 5419 1792 5477 Ecclesia
1822 5418 1889 5474 de
1972 5419 2133 5500 .rexi,
2164 5426 2221 5475 et
2249 5418 2319 5475 ad
2342 5416 2544 5475 omium
2569 5416 2766 5475 volavi.
2795 5413 3013 5486 Passer,
3040 5417 3128 5477 vir
3162 5424 3406 5479 sanctus.
3432 5425 3493 5471 ut
3518 5416 3575 5472 in

380 5618 397 5650 ¹
436 5614 581 5671 Psal.
620 5626 692 5681 ct,
730 5612 818 5669 10.
856 5613 880 5643 ί
912 5609 1039 5667 Ose.
1066 5607 1254 5681 vn,_8.
1294 5605 1318 5639 ⁸
1352 5605 1481 5681 Iob.
1510 5621 1612 5681 xv,
1639 5605 1731 5681 2}.
1763 5605 1788 5638 ⁸
1816 5605 1884 5661 Ti

1991 5627 2017 5681 ι.
2058 5605 2220 5681 i,__ll_.
2264 5605 2301 5681 '_
2323 5602 2460 5660 Gen.
2501 5619 2690 5681 ιιξνιιι,
2729 5602 2820 5660 20.
2858 5601 3253 5681 ‘_Psal:csaxr,
3278 5599 3366 5656 l5.
3402 5598 3425 5632 "
3462 5598 3567 5681 lsa.

308 5704 397 5751 ιν,
437 5670 494 5743 2.
534 5686 557 5717 ⁸
595 5670 764 5740 Exod.
823 5699 949 5745 xxv,
995 5680 1082 5735 50.
1125 5670 1299 5733 "Luc.
1338 5694 1414 5743 ιι,
1442 5676 1545 5751 Αὸζ
1574 5677 1616 5709 ¹⁰
1640 5674 1884 5751 βοθιι.)

1991 5679 2020 5751 ι.
2086 5670 2138 5707 ⁷⁸³
2181 5675 2478 5751 Psal.ux_|.t.
2522 5676 2567 5707 ¹¹
2605 5675 2743 5751 Luc;
2777 5691 2840 5751 ri,
2879 5676 2931 5751 7_.
3006 5672 3048 5707 “
3084 5673 3475 5751 Iohznxxynt,
3517 5670 3572 5726 9.

313 5743 355 5792 ἷι
387 5743 505 5813 ’,Ιθικ
549 5771 777 5821 xxxviii,
813 5754 899 5809 12.
938 5743 988 5785 ’³⁵
1025 5752 1126 5808 lsa.
1154 5765 1306 5813 xvm,
1345 5751 1413 5821 2.
1438 5746 1678 5821 “Enati.
1714 5763 1780 5821 ιι,
1811 5746 1864 5803 5.

1991 5749 2093 5821 ἱθιι.
2120 5763 2183 5821 ιι,
2218 5747 2290 5821 8η
2318 5746 2553 5821 "Cant:
2576 5762 2653 5821 iv,
2680 5746 2843 5821 l§._ff
2881 5744 3017 5821 Cen.
3043 5758 3165 5808 xm,
3188 5743 3570 5821 lO.__'°_Apoc.

311 5846 376 5896 ιι,
416 5829 470 5883 7.
511 5828 554 5859 ’³
591 5812 851 5891 Οιιιιιίιι,
890 5824 944 5880 9.
984 5826 1031 5856 ⁸³
1062 5822 1167 5878 lsa.
1208 5812 1319 5887 ιιι,
1345 5818 1556 5896 ιι).ρζ
1572 5818 1767 5873 Ezech.
1804 5833 1884 5873 vu'

1991 5818 2329 5896 ‘.A}‘_E_zecb.
2373 5812 2645 5896 ιαμ-1οέ
2676 5818 2737 5896 1'
2770 5815 2840 5896 ιν
2880 5816 3018 5896 Regz
3054 5830 3145 5881 xx,
3184 5812 3240 5870 2.
3281 5812 3329 5846 “
3367 5812 3575 5881 I881":

400 5900 444 5932 ’⁷
485 5897 643 5959 Cant.
688 5912 765 5966 tv,
801 5885 855 5954 8.
892 5897 938 5929 ⁸⁸
974 5896 1111 5953 Gen.
1149 5885 1312 5963 nix,
1344 5891 1397 5947 7.
1438 5890 1484 5924 ¹⁹
1517 5889 1654 5948 Gen.
1696 5905 1882 5961 antv,

2015 5890 2060 5923 ³ο
2099 5888 2218 5949 Iob.
2270 5905 2459 5960 χχιιι,
2496 5890 2549 5945 7.
2590 5889 2635 5924 “
2670 5887 2822 5947 Psal.
2862 5901 2936 5955 at,
2965 5885 3040 5943 '8.
