3936 6328
383 389 522 447 ιυεδ

1025 387 1086 444 Β.
1129 387 1387 444 RABANI
1423 385 1646 443 MAURI
1681 386 1997 443 ARCHIEP.
2040 384 2348 445 MOGUNT.
2380 385 2667 442 OPERUM
2706 386 2887 442 PARS
2921 387 3008 444 IlI.

3437 392 3670 449 -1024

382 503 648 560 Psalmis:
683 520 702 553 ί
738 499 934 556 Passer
967 501 1173 556 invenit
1216 500 1320 556 sibi
1357 499 1579 555 domum
1610 487 1706 564 ¹,’›
1766 498 1819 554 id
1859 508 1964 564 est,
1991 501 2046 561 Α
2070 498 2186 552 nesi
2213 516 2225 551 :
2262 516 2280 549 ι
2318 495 2491 568 Super
2515 505 2706 568 pectus
2737 506 2888 554 tuum
2912 499 3177 571 gradieris
3201 501 3263 567 ¹⁸,
3299 522 3318 554 ι
3348 503 3405 557 id
3429 512 3538 570 est,
3557 504 3670 561 ela-

382 595 468 651 vir
485 600 705 650 sanctus
723 591 889 661 elegit
905 591 1007 646 sibi
1022 591 1298 646 caelestem
1317 591 1730 646 habitationem.
1753 590 1966 656 Passer,

383 688 611 758 quilibet
630 702 660 741 a
684 694 909 758 peccato
933 700 1248 751 conversus,
1273 693 1333 739 ut
1350 687 1406 740 in
1427 684 1658 740 Psalmis
1681 703 1693 737 :
1725 704 1743 736 ι
1774 683 1970 740 Anima

385 783 402 802 ‘
429 789 614 836 nostra
646 779 788 835 sicut
825 793 1015 850 passer
1045 785 1231 849 erepta
1259 776 1366 848 (est
1403 776 1470 831 de
1518 776 1713 847 laqueo
1760 792 1968 832 venan-

385 871 542 941 tium)
580 872 623 937 ’,
657 890 678 924 ι
721 870 868 942 quod
915 879 1231 942 peccatores
1270 870 1574 926 liberantur
1601 887 1632 924 a
1656 871 1971 927 seductione

385 961 713 1017 daemonum.
734 960 1255 1028 Passer,instabilis,
1275 969 1337 1016 ut
1363 961 1418 1016 in
1442 961 1674 1018 Psalmis
1700 980 1712 1016 :
1743 980 1762 1012 ι
1793 971 1971 1018 trans.

384 1052 560 1121 migra
614 1052 671 1106 in
717 1060 958 1108 montem
1012 1053 1154 1110 sicut
1213 1069 1404 1126 passer
1461 1054 1516 1119 ³,
1573 1075 1592 1107 ι
1650 1055 1778 1124 quia
1827 1053 1972 1124 quod

385 1145 723 1216 conspiciunt
760 1145 1019 1211 haeretici,
1053 1147 1122 1202 ad
1157 1162 1312 1202 suam
1341 1147 1718 1202 excellentiam
1751 1147 1972 1202 trahere

385 1240 655 1295 nituntur.
715 1239 820 1296 Per
870 1257 1134 1312 passerem
1179 1241 1440 1306 humiles,
1493 1251 1554 1297 ut
1591 1243 1646 1297 in
1686 1241 1966 1298 Psalmis:

390 1353 408 1384 ε
457 1331 570 1388 Illic
617 1349 806 1404 passer
850 1333 1094 1388 nidiﬁcat
1125 1335 1173 1399 ι,
1226 1354 1245 1386 ι
1302 1335 1358 1390 id
1405 1342 1526 1400 est,
1583 1335 1640 1389 in
1689 1334 1970 1390 Christum

383 1425 622 1480 maxime
669 1425 902 1482 humiles
956 1426 1270 1497 sperabunt.
1329 1427 1546 1494 Passer,
1596 1429 1810 1499 gemina
1845 1429 1973 1484 sub-

384 1517 582 1572 stantia
614 1516 872 1584 hominis,
905 1533 1102 1588 corpus
1143 1518 1350 1574 scilicet
1371 1528 1426 1575 et
1456 1519 1662 1586 anima,
1702 1527 1764 1574 ut
1792 1519 1848 1574 in
1868 1518 1970 1575 Le-

387 1608 550 1664 vitico
573 1609 594 1640 ³
644 1609 702 1664 in
730 1610 1115 1667 emundatione
1143 1611 1345 1682 leprosi
1390 1611 1497 1667 duo
1531 1626 1784 1683 passeres
1819 1627 1972 1669 assu-

384 1711 624 1770 muntur,
665 1711 720 1758 et
752 1719 894 1760 unus
923 1705 1256 1772 immolatur,
1292 1705 1430 1761 alter
1472 1706 1611 1762 liber
1640 1708 1974 1777 permittitur

386 1794 604 1850 avolare
631 1811 646 1860 ;
680 1802 740 1850 ut
759 1806 1016 1866 peccator
1042 1796 1200 1866 plene
1238 1806 1519 1868 purgetur,
1548 1812 1773 1853 necesse
1801 1808 1885 1854 est
1913 1808 1974 1854 ut

2075 589 2276 643 tionem
2305 589 2664 658 reproborum
2701 589 3003 658 superabis.

2143 677 2514 734 Pectuscutum
2560 687 2644 734 est
2671 695 2769 734 cor
2807 688 3038 748 rectum,
3070 690 3130 736 ut
3156 683 3214 738 in
3242 683 3432 739 Exodo
3460 698 3477 738 :
3511 701 3532 735 ι
3567 683 3668 742 Pe-

2072 769 2373 826 ctusculum
2401 771 2508 826 erit
2532 770 2717 825 Aaron
2741 769 2806 835 ¹⁹,
2839 791 2859 824 ι
2887 771 3035 842 quod
3062 773 3134 827 ad
3157 773 3446 845 praelatum
3473 776 3668 847 princi-

2072 875 2177 931 pue
2201 863 2454 932 pertinet,
2484 871 2546 916 ut
2578 877 2675 917 cor
2709 871 2918 918 rectum
2947 864 3168 920 habeat.

2143 951 2312 1009 Pecus
2345 963 2428 1011 est
2449 955 2758 1020 haereticus,
2793 963 2854 1008 ut
2873 955 2931 1010 in
2956 957 3169 1012 cantico
3182 955 3436 1014 Habacuc
3466 977 3479 1012 :
3514 977 3533 1009 ι
3555 959 3667 1014 Ab-

2073 1045 2351 1101 scindetur
2379 1046 2446 1101 de
2487 1045 2622 1102 ovili
2666 1061 2832 1116 pecus
2869 1047 2938 1112 ²⁰,
2991 1066 3011 1100 ι
3060 1047 3116 1102 id
3155 1058 3262 1116 est,
3317 1050 3383 1105 de
3429 1050 3670 1106 Ecclesia

2071 1137 2378 1194 haereticus.
2426 1135 2620 1204 Pecus,
2663 1147 2922 1209 peccator
2971 1149 3027 1194 et
3071 1139 3271 1210 justus,
3314 1149 3376 1195 ut
3427 1141 3482 1195 in
3538 1141 3673 1196 Eze-

2072 1234 2282 1290 chiele:
2318 1255 2336 1286 ‹
2373 1233 2514 1290 Ecce
2541 1249 2642 1306 ego
2666 1233 2854 1304 judico
2879 1234 3024 1289 inter
3054 1251 3225 1306 pecus
3252 1244 3308 1291 et
3331 1251 3504 1306 pecus
3533 1237 3604 1300 ¹¹,
3648 1257 3666 1288 ι

2077 1326 2131 1380 id
2153 1333 2257 1392 est,
2275 1326 2524 1382 discerno
2538 1325 2682 1380 inter
2701 1333 3047 1397 peccatorem
3068 1334 3124 1381 et
3134 1325 3364 1395 justum.
3387 1327 3495 1382 Per
3518 1344 3673 1396 pecus

2071 1419 2272 1489 populi,
2306 1428 2367 1474 ut
2390 1419 2447 1474 in
2468 1417 2666 1475 Genesi
2698 1435 2710 1470 :
2747 1438 2766 1470 ι
2799 1417 3083 1474 Constitue
3105 1418 3229 1475 illos
3262 1421 3563 1488 magistros
3583 1436 3673 1490 pe-

2074 1529 2261 1569 corum
2305 1529 2551 1568 meorum
2595 1513 2672 1576 ²²,
2736 1531 2754 1564 ι
2812 1511 2868 1566 id
2915 1519 2999 1567 est
3052 1512 3308 1582 praelatos
3352 1511 3674 1584 populorum

2073 1620 2338 1660 meorum.
2399 1602 2586 1669 Pecus,
2643 1602 2847 1674 cupidi,
2895 1612 2959 1659 ut
3003 1605 3063 1660 in
3116 1604 3348 1661 Psalmis
3388 1621 3404 1658 :
3451 1625 3469 1656 ι
3519 1605 3672 1659 ιιιειι-

2072 1711 2170 1766 per
2195 1704 2249 1752 et
2268 1711 2466 1767 pecora
2494 1696 2671 1766 campi
2695 1696 2762 1762 ”,
2799 1715 2817 1749 ι
2847 1695 2904 1751 id
2929 1705 3030 1762 est,
3075 1696 3370 1754 subdidisti
3413 1698 3467 1753 ei
3495 1707 3553 1752 et
3581 1713 3673 1753 cu-

2072 1789 2230 1859 pidos
2250 1789 2458 1844 mundi.

382 1895 438 1941 ει
487 1903 680 1958 corpus
732 1887 850 1958 eius
893 1905 994 1960 per
1031 1889 1500 1947 nmmﬁcauonem
1557 1899 1862 1958 mactetur,
1917 1900 1975 1950 ει
2001 1870 2050 1931 Β
2149 1879 2434 1937 Peccatum
2470 1891 2555 1938 est
2603 1884 2888 1940 admittere
2927 1881 3162 1947 malum,
3205 1889 3259 1937 et
3302 1882 3560 1936 delictum
3597 1891 3677 1936 est

383 1979 564 2035 anima
590 1995 688 2051 per
717 1982 1230 2053 contemplationem
1252 1983 1309 2038 in
1337 1984 1589 2054 supernis
1601 1984 1862 2040 elevetur.

455 2088 616 2144 Pater
641 2099 726 2146 est
771 2092 915 2148 Deus
954 2103 1192 2160 creator,
1217 2104 1277 2149 ut
1321 2095 1376 2149 in
1406 2093 1728 2151 Parabolis:
1775 2115 1792 2147 ι
1831 2096 1972 2155 Ocu-

383 2179 495 2234 lum
541 2181 634 2250 qui
671 2180 970 2238 subsannat
999 2192 1209 2256 patrem
1237 2185 1281 2252 °,
1335 2206 1352 2238 ι
1388 2187 1441 2242 id
1480 2195 1586 2253 est,
1632 2188 1968 2256 haereticum,

383 2271 474 2340 qui
501 2272 710 2328 deridet
751 2274 924 2330 Deum
951 2286 1273 2334 creatorem.
1306 2276 1492 2347 Pater,
1533 2281 1787 2350 praelatus
1815 2281 1973 2352 quili-

382 2361 495 2428 bet,
515 2363 654 2418 utin
679 2365 835 2422 libris
854 2367 1094 2438 Regum:
1129 2389 1147 2421 ί
1179 2371 1341 2426 Pater
1363 2371 1456 2436 mi,
1480 2381 1636 2442 pater
1655 2373 1750 2440 mi,
1781 2387 1972 2428 currus

384 2451 599 2509 lsraelis
647 2463 703 2510 et
745 2457 933 2528 auriga
981 2459 1098 2529 ejus
1125 2461 1168 2526 ⁷,
1206 2481 1225 2512 ι
1280 2461 1333 2514 id
1375 2470 1479 2529 est,
1509 2463 1768 2533 praelate'
1796 2480 1970 2530 meus,

385 2545 477 2615 qui
502 2558 688 2616 portas
715 2556 772 2602 et
792 2549 963 2606 ducis.
1011 2551 1194 2618 Pater,
1234 2554 1621 2626 protOplastus,
1651 2567 1711 2612 ut
1739 2558 1795 2612 in
1821 2557 1974 2614 Psal-

384 2638 532 2692 mis:
591 2658 608 2690 ‹
659 2639 820 2696 Pater
867 2657 1020 2698 meus
1072 2652 1127 2700 et
1175 2654 1353 2700 mater
1399 2662 1520 2704 mea
1569 2648 1972 2720 dereliquerunt

385 2744 474 2785 me
503 2731 548 2798 ⁸,
587 2752 605 2784 ι
657 2733 714 2788 id
757 2743 864 2802 est,
891 2735 1067 2792 Adam
1103 2745 1158 2792 et
1192 2737 1305 2792 Eva
1353 2748 1578 2809 peccato
1605 2753 1974 2813 exposuerunt

384 2839 490 2880 me.
539 2822 722 2893 Pater,
772 2827 998 2897 quilibet
1038 2831 1308 2901 superior,
1343 2842 1405 2888 ut
1435 2834 1489 2888 in
1527 2833 1680 2889 libris
1717 2835 1969 2908 Regum:

392 2933 412 2967 ι
451 2915 584 2984 Quis
635 2926 792 2988 pater
838 2919 957 2990 ejus
995 2921 1052 2976 οι
1100 2941 1119 2974 ι
1172 2922 1227 2978 id
1269 2933 1373 2992 est,
1422 2926 1542 2996 quis
1587 2929 1832 2997 superior
1868 2930 1972 2984 eo?

388 3007 569 3076 Pater,
599 3012 832 3068 mundus
871 3013 992 3081 iste,
1041 3023 1102 3070 ut
1143 3016 1201 3071 in
1240 3016 1475 3074 Ieremia
1515 3038 1526 3072 :
1577 3039 1596 3072 ι
1653 3020 1971 3078 Maledictus

388 3103 480 3171 qui
530 3105 868 3162 annuntiavit
913 3108 1054 3178 patri
1105 3123 1228 3165 meo
1263 3111 1493 3167 dicens:
1537 3111 1706 3168 Natus
1753 3123 1838 3170 est
1874 3115 1970 3171 tibi

385 3212 520 3266 puer
566 3199 838 3254 masculus
883 3201 948 3266 ¹⁰,
1003 3221 1022 3253 ι
1068 3202 1124 3257 id
1171 3213 1274 3270 est,
1325 3204 1416 3272 qui
1459 3218 1559 3275 per
1607 3207 1968 3263 adulationem

382 3303 546 3359 opere
571 3307 694 3346 meo
717 3290 847 3346 fecit
885 3307 976 3348 me
1012 3308 1045 3348 a
1073 3295 1274 3350 mundo
1302 3295 1530 3350 laudari.
1561 3295 1746 3365 Pater,
1787 3299 1972 3354 diabo-

383 3383 488 3450 lus,
514 3392 574 3437 ut
600 3385 654 3438 in
672 3385 996 3457 Evangelia:
1029 3408 1046 3440 (
1081 3389 1190 3445 Vos
1207 3404 1273 3444 ex
1293 3398 1449 3460 patre
1467 3391 1680 3448 diabolo
1706 3394 1837 3448 estis
1856 3394 1919 3459 η,
1947 3413 1966 3447 ι

384 3475 531 3545 quod
568 3489 664 3530 eos
693 3476 937 3534 diabolus
967 3481 1072 3536 etsi
1128 3495 1236 3536 non
1272 3481 1502 3549 creavit,
1529 3491 1620 3538 aut
1649 3486 1856 3554 genuit,
1892 3495 1972 3542 ta-

384 3584 509 3625 men
525 3569 800 3638 persuasit
818 3579 874 3627 et
903 3573 1094 3628 tenuit.

453 3687 823 3764 Pavimentum
845 3699 931 3747 est
954 3707 1082 3747 caro
1103 3701 1312 3759 nostra,
1348 3703 1411 3750 ut
1435 3694 1492 3750 in
1512 3694 1744 3752 Psalmis
1771 3715 1782 3752 ;
1820 3717 1837 3749 ι
1870 3698 1971 3754 Ad-

383 3782 540 3837 haesit
578 3783 888 3854 pavimento
910 3786 1091 3842 anima
1116 3803 1234 3844 mea
1267 3789 1331 3855 ι’,
1385 3807 1404 3840 ›
1451 3789 1506 3844 id
1547 3799 1654 3858 est,
1695 3795 1974 3849 consensit

382 3874 534 3930 carni
582 3879 719 3932 ratio
769 3893 910 3934 mea.
960 3877 1349 3948 Pavimentum,
1391 3898 1486 3938 cor
1538 3884 1762 3951 humile,
1813 3893 1870 3940 ut
1916 3887 1970 3942 in

381 3965 534 4022 libris
565 3967 812 4040 Regum:
849 3991 866 4022 ι
905 3970 1063 4027 Texit
1082 3974 1452 4044 pavimentum
1492 3975 1690 4032 tabulis
1712 3977 1972 4049 alienige-

381 4059 469 4114 nis
495 4059 560 4127 ”,
597 4081 616 4113 ι
647 4063 792 4132 quod
813 4062 1071 4120 Dominus
1100 4079 1196 4120 cor
1230 4065 1434 4120 humile
1474 4067 1634 4122 donis
1673 4069 1971 4139 spirituali-

382 4152 484 4207 bus
526 4165 774 4209 exornat.
823 4153 1214 4224 Pavimentum,
1247 4158 1476 4228 quilibet
1522 4160 1757 4226 auditor,
1807 4169 1866 4217 ιιι
1915 4163 1970 4217 in

380 4244 662 4302 Ezechiele
686 4261 701 4300 :
727 4265 746 4298 ι
781 4245 1178 4319 Gamphylacia
1205 4250 1260 4303 in
1283 4249 1512 4305 circuitu
1540 4253 1834 4321 pavimenti
1853 4253 1916 4318 ιδ,
1943 4273 1962 4306 ι

380 4339 524 4409 quod
545 4339 612 4394 ad
643 4340 843 4396 bonum
869 4341 1110 4397 excitant
1140 4341 1443 4398 auditorem
1472 4344 1722 4416 exempla
1750 4355 1967 4415 patrum

381 4432 837 4488 antecedentium.

451 4542 696 4599 Paxillus
739 4553 826 4601 est
864 4546 1226 4616 compunctio,
1276 4556 1336 4602 ut
1388 4548 1443 4603 in
1501 4549 1962 4607 Dcuteronomio:

384 4657 402 4688 ‹
437 4635 638 4693 Fcrens
665 4638 924 4709 paxillum
967 4639 1022 4694 in
1048 4640 1229 4696 balteo
1264 4642 1330 4706 ιδ,
1367 4661 1386 4694 ι
1422 4642 1473 4697 id
1520 4652 1621 4710 cst,
1649 4644 1854 4714 habens
1876 4646 1968 4699 sti-

379 4728 583 4783 mulum
629 4730 1059 4800 compunctionis
1103 4731 1156 4785 in
1199 4731 1400 4787 animo.
1438 4732 1543 4788 Per
1575 4733 1804 4803 pastillos
1830 4750 1968 4804 prae-

379 4820 490 4882 lati,
521 4821 656 4874 utin
684 4821 869 4877 Exodo
897 4841 909 4876 :
945 4841 964 4874 ι
992 4822 1231 4879 Paxillos
1263 4825 1389 4879 atrii
1417 4839 1480 4879 ex
1513 4840 1624 4880 tere
1650 4825 1816 4880 facies
1842 4827 1907 4892 ³⁸,
1943 4846 1960 4877 ι

379 4911 432 4964 id
470 4920 568 4976 est,
599 4913 851 4982 praelatos
875 4913 1130 4972 Ecclesiae
1151 4926 1207 4972 et
1236 4915 1404 4973 fortes
1430 4917 1486 4971 in
1506 4932 1691 4988 opere,
1723 4927 1778 4972 et
1807 4932 1966 4973 sono-

379 5018 470 5057 ros
500 5003 552 5057 in
583 5003 970 5074 praedicatione
1009 5009 1325 5064 constitues.

451 5113 642 5172 Pectus
667 5127 754 5173 est
772 5135 868 5175 cor
895 5128 1124 5187 rectum,
1150 5130 1211 5176 ut
1241 5122 1296 5175 in
1329 5121 1512 5178 Exodo
1541 5140 1554 5176 :
1594 5142 1612 5174 ι
1651 5123 1962 5178 Doctrinam

377 5217 433 5264 et
456 5209 760 5277 veritatem,
790 5227 911 5281 quae
937 5213 1042 5266 erit
1069 5213 1122 5266 in
1153 5221 1373 5283 pectore
1398 5212 1578 5269 Aaron
1606 5215 1670 5280 ³⁷,
1713 5233 1731 5265 ι
1774 5214 1828 5270 id
1859 5223 1960 5280 est,

381 5303 432 5356 in
461 5303 790 5373 cogitatione
824 5303 1056 5374 praelati.
1106 5304 1317 5372 Pectus,
1358 5306 1630 5376 superbia,
1662 5314 1721 5360 ut
1767 5307 1823 5361 in
1857 5306 1963 5363 Ge-

2073 1976 2322 2030 omittere
2342 1974 2563 2030 bonum.
2593 1974 2900 2042 Peccatum,
2931 1975 3263 2031 sacrificium
3289 1989 3392 2044 pro
3414 1985 3670 2044 peccato,

2073 2075 2132 2120 ut
2170 2067 2226 2120 in
2255 2065 2464 2121 Paulo:
2518 2087 2536 2119 ι
2569 2067 2726 2134 Eum,
2759 2068 2851 2138 qui
2889 2081 2998 2122 non
3040 2067 3191 2121 novit
3233 2075 3551 2138 peccatum,
3581 2083 3676 2137 pro

2075 2159 2230 2215 nobis
2259 2168 2542 2229 peccatum
2588 2159 2718 2216 fecit
2742 2159 2813 2226 "‘,
2849 2179 2868 2212 ι
2901 2159 3046 2230 quod
3092 2158 3376 2214 Christum
3406 2159 3476 2213 ab
3529 2159 3674 2213 omni

2073 2261 2299 2322 peccato
2330 2253 2627 2308 immunem
2654 2268 2754 2323 pro
2793 2253 3037 2323 peccatis
3085 2251 3292 2306 nostris
3324 2250 3473 2306 Deus
3515 2250 3675 2305 Pater

2075 2347 2402 2402 sacrificium
2423 2347 2442 2366 “
2472 2344 2813 2402 sacerdotem
2843 2345 3144 2401 constituit.
3175 2341 3492 2408 Peccatum,
3517 2357 3674 2413 poena

2074 2439 2304 2511 peccati,
2331 2447 2393 2494 ut
2435 2440 2491 2494 in
2519 2439 2660 2496 Isaia
2706 2458 2718 2492 :
2781 2457 2800 2491 ‹
2855 2438 3012 2518 Ipse‘
3041 2445 3331 2508 peccatum
3377 2436 3674 2491 multorum

2075 2532 2198 2587 tulit
2222 2532 2290 2598 ",
2327 2551 2345 2583 ι
2379 2533 2524 2602 quod
2561 2531 2810 2587 Christus
2829 2545 2929 2601 pro
2965 2530 3122 2586 nobis
3143 2530 3542 2600 peccatoribus
3567 2543 3674 2598 pa:-

2075 2639 2203 2678 nam
2233 2624 2425 2678 mortis
2452 2622 2637 2678 subiit.
2673 2621 2980 2686 Peccatum,
3005 2619 3180 2676 fomes
3208 2620 3451 2691 peccati,
3476 2620 3536 2674 id
3571 2630 3672 2686 est,

2076 2716 2538 2786 concupiscentia,
2585 2714 2723 2770 utin
2767 2713 2934 2769 Paulo
2969 2733 2981 2768 :
3018 2732 3036 2765 ι
3081 2714 3377 2769 Peccatum
3425 2729 3542 2769 non
3579 2729 3667 2768 co-

2076 2808 2259 2879 gnovi,
2291 2807 2396 2863 nisi
2425 2821 2524 2877 per
2549 2807 2745 2878 legem,
2779 2809 2792 2827 ·
2819 2806 2912 2860 ubi
2954 2805 3040 2860 lex
3069 2806 3296 2872 diceret,
3329 2821 3442 2861 non
3475 2822 3674 2861 concu-

2074 2900 2251 2970 pisces
2272 2898 2338 2952 “.
2379 2919 2397 2950 ι
2433 2895 2743 2964 Peccatum,
2776 2897 3043 2964 diabolus,
3070 2907 3132 2953 ut
3158 2899 3214 2954 in
3245 2897 3420 2954 Paulo
3455 2918 3469 2952 :
3514 2918 3533 2949 ι
3571 2898 3675 2954 Re-

2075 2990 2283 3044 velatus
2309 2989 2474 3044 fuerit
2493 2989 2654 3044 homo
2675 2989 2943 3060 peccati,‘
2973 2988 3101 3045 ﬁliis
3119 2991 3448 3060 perditionis
3477 2992 3547 3056 ³⁷,
3579 3010 3598 3044 ι
3626 2991 3678 3047 id

2073 3093 2177 3150 est,
2205 3081 2583 3138 manifestatus
2611 3081 2774 3136 fuerit
2801 3081 3169 3137 Antichristus
3195 3083 3357 3138 homo
3381 3083 3588 3138 diaboli
3611 3083 3677 3137 ad

2075 3188 2335 3236 :eternam
2351 3178 2754 3235 da‘mnationcm
2778 3189 3135 3250 praeparatus.

1999 3243 2044 3306 C
2149 3272 2250 3328 Pes
2276 3283 2359 3329 est
2384 3272 2608 3343 quilibet
2646 3243 2990 3343 praedicat-or,
3019 3284 3080 3327 ut
3117 3273 3172 3327 in
3205 3272 3445 3330 Psalmis
3476 3293 3490 3326 :
3542 3294 3561 3326 ι
3610 3274 3676 3330 L't

2072 3366 2374 3438 intingatur
2395 3381 2494 3436 pes
2515 3373 2640 3421 tuus
2667 3365 2724 3420 in
2752 3366 3016 3436 sanguine
3047 3365 3118 3432 ’⁸,
3170 3385 3190 3417 ι
3223 3366 3368 3435 quod
3409 3366 3676 3436 pradica-

2073 3474 2159 3520 tor
2186 3478 2577 3532 nonnunquam
2626 3463 2861 3518 al‘n‘citur
2902 3461 3272 3518 tribulatione.
3307 3459 3439 3528 Pes,
3484 3462 3675 3533 pradi-

2072 3555 2235 3619 catio,
2267 3563 2328 3610 ut
2349 3555 2403 3610 in
2421 3554 2675 3610 Psalmo:
2704 3575 2721 3605 ι
2753 3555 2810 3609 in
2836 3554 3054 3610 ﬂumine
3073 3555 3492 3626 pertransibunt
3514 3558 3676 3624 pedes

2072 3646 2144 3700 ibi
2176 3647 2242 3711 ³³,
2283 3667 2300 3699 ι
2335 3647 2389 3703 id
2410 3654 2512 3712 est,
2547 3647 2603 3700 in
2626 3645 2890 3701 mundum
2915 3646 3069 3700 ibunt
3099 3646 3512 3717 praedicatione.
3550 3644 3674 3710 Pes,

2071 3738 2296 3808 quilibet
2345 3740 2574 3805 amicus,
2631 3746 2692 3793 nt
2735 3738 2793 3792 in'
2833 3737 3125 3809 Evangelio
3178 3757 3191 3791 :
3243 3759 3261 3790 ι
3316 3738 3374 3794 Si
3423 3756 3522 3810 pes
3557 3749 3678 3794 tuus

2071 3831 2521 3887 scandalizaverit
2548 3839 2601 3886 te
2633 3831 2699 3897 ³⁰.,
2741 3850 2760 3882 ι
2787 3831 2842 3886 id
2883 3840 2986 3896 est,
3018 3832 3063 3886 si
3095 3834 3442 3888 necessarius
3467 3835 3676 3890 amicus

2071 3933 2196 3979 tuus
2224 3923 2425 3978 malum
2457 3933 2711 3996 suggeret
2753 3923 2875 3990 tibi,
2903 3939 2972 3978 ne
3001 3925 3252 3994 sequaris
3283 3941 3435 3980 eum.
3479 3923 3672 3991 Pedes,

2071 4029 2235 4084 opera
2267 4015 2570 4069 caelestium
2601 4023 3020 4084 prmceptorum,
3067 4015 3262 4084 quibus
3310 4016 3476 4072 inniti
3508 4017 3672 4072 debet

2071 4111 2299 4174 uterque
2321 4104 2570 4175 populus,
2599 4114 2660 4159 ut
2687 4105 2740 4160 in
2765 4106 2905 4162 Isaia
2931 4125 2943 4160 :
2983 4124 3000 4158 ι
3033 4106 3324 4162 lnnitentis
3353 4109 3554 4179 pedem
3577 4111 3670 4162 lto-

2069 4194 2152 4249 vis
2176 4203 2232 4250 et
2262 4197 2400 4251 asini
2427 4196 2492 4261 ⁸³,
2539 4215 2556 4246 ›
2592 4197 2644 4251 id
2665 4207 2768 4262 est,
2799 4199 3142 4268 imponentes
3169 4214 3337 4269 Opera
3362 4201 3668 4255 caelestium

2069 4297 2488 4358 praeceptorum,
2516 4290 2716 4359 quibus
2751 4291 2910 4345 inniti
2945 4292 3107 4354 debet
3138 4301 3372 4362 uterque
3419 4295 3666 4364 populus,

2067 4377 2322 4435 Judaicus
2341 4380 2592 4436 videlicet
2616 4397 2680 4436 ac
2703 4381 2937 4452 gentilis.
2962 4380 3086 4450 Pes,
3112 4383 3420 4456 exemplum
3445 4387 3665 4450 Christi,

2068 4479 2129 4526 ut
2172 4473 2228 4526 in
2271 4472 2412 4526 Isaia
2452 4490 2466 4526 :
2506 4490 2525 4523 ι
2576 4473 2927 4530 Conculcabit
2957 4489 3076 4530 eam
3119 4490 3214 4547 pes
3259 4479 3521 4548 pauperis
3545 4479 3612 4543 ³⁸,
3645 4499 3660 4529 ι

2069 4563 2214 4634 quod
2237 4563 2499 4635 superbos
2539 4567 2724 4622 mundi
2763 4568 3058 4636 prostravit
3084 4569 3664 4639 exemplumJiumilis

2071 4655 2294 4711 Christi.
2321 4654 2446 4723 Pes,
2478 4660 2788 4729 exemplum
2837 4661 3059 4727 malum,
3094 4671 3152 4716 ut
3189 4662 3244 4716 in
3290 4661 3393 4718 Job
3424 4685 3436 4717 :
3479 4684 3496 4715 ι
3531 4664 3666 4719 Obli-

2069 4749 2306 4804 viscclur
2338 4751 2482 4821 quod
2509 4767 2605 4822 pes
2635 4754 2921 4810 conculcet
2947 4770 3040 4810 eas
3064 4755 3135 4822 ³³,
3169 4776 3188 4808 ι
3223 4758 3368 4827 quod
3390 4759 3662 4831 negligens

2068 4841 2326 4914 prarlatus
2373 4859 2481 4898 non
2511 4855 2685 4910 curat,
2736 4847 2883 4916 quod
2929 4847 3130 4902 malum
3186 4850 3498 4921 exemplum
3543 4867 3656 4906 cor-

2069 4935 2270 5005 rumpit
2303 4935 2591 5003 subjectos.
2623 4937 2728 4992 Per
2751 4939 2907 5008 pedes
2938 4953 3284 4997 sacramenta
3327 4944 3654 4999 incarnatio-

2066 5027 2171 5092 nis,
2196 5036 2258 5082 ut
2288 5028 2341 5083 in
2387 5029 2678 5100 Evangelio
2715 5049 2726 5084 :
2773 5049 2791 5082 ι
2841 5033 3120 5106 Lacrymis
3153 5037 3320 5108 coepit
3368 5039 3551 5108 rigare
3575 5054 3657 5110 pc-

2071 5121 2164 5176 des
2191 5121 2307 5190 ejus
2339 5122 2405 5188 3‘,
2437 5143 2456 5174 ι
2485 5124 2628 5193 quod
2650 5139 2913 5181 conversa
2930 5127 3204 5197 gentilitas
3228 5131 3478 5184 venerari
3503 5131 3656 5200 capit

2072 5212 2180 5268 ima
2206 5213 2594 5270 incarnationis
2614 5215 2838 5272 Christi.
2868 5216 3057 5284 Pedes,
3083 5220 3333 5290 apostoli,
3362 5231 3422 5276 ut
3447 5223 3502 5276 in
3527 5221 3651 5277 Job:

2079 5324 2097 5356 ι
2133 5305 2403 5362 Lavabam
2441 5307 2605 5377 pedes
2633 5323 2783 5364 meos
2806 5309 3002 5382 butyro
3039 5311 3106 5379 ⁸⁸,
3156 5332 3174 5365 ι
3215 5313 3359 5385 quod
3389 5313 3651 5376 Christus,

457 5443 646 5518 {Psal.
695 5460 919 5518 Lxxxtu,
951 5445 1081 5518 4._'
1116 5443 1258 5518 Psal.
1301 5460 1490 5518 cxxm,
1523 5444 1815 5518 7._'¥Psal.
1856 5462 1909 5512 x,
1952 5448 2004 5518 1.
2045 5444 2068 5476 ¹⁶
2093 5444 2251 5518 Psal.
2292 5462 2406 5511 mn,
2449 5446 2536 5518 17.
2576 5446 2806 5518 δγιλιξγίι.
2851 5463 2960 5513 xlv,
3000 5448 3087 5503 49.
3125 5449 3146 5480 ⁸
3183 5449 3342 5505 Prov.
3385 5469 3516 5518 xxx,
3569 5455 3646 5508 17.

377 5516 397 5548 '
436 5514 503 5572 IV
539 5515 670 5584 Reg.
714 5532 774 5580 ιι,
830 5516 916 5570 12.
955 5518 976 5548 ⁸
1014 5515 1159 5570 Psal.
1203 5532 1351 5580 χχιι,
1393 5516 1477 5570 10.
1519 5515 1540 5547 θ
1576 5515 1596 5570 Ι
1635 5516 1767 5585 Reg.
1807 5533 1862 5580 x,
1923 5518 1965 5571 1‘.

2087 5517 2128 5548 ²⁰
2156 5515 2266 5570 Jer.
2308 5533 2400 5580 xx,
2440 5517 2524 5570 15.
2607 5517 2645 5548 “
2685 5515 2841 5574 Joan.
2882 5535 3003 5585 vui,
3053 5519 3141 5574 44.

3205 5522 3247 5550 ¹²
3285 5521 3426 5578 Psal.
3467 5539 3648 5586 (ιιι-ιιι,

377 5587 469 5657 25.
531 5588 574 5618 ¹³
628 5587 694 5643 ΙΙΙ
743 5587 876 5656 Reg.
927 5604 1001 5653 vr,
1055 5586 1140 5640 15.
1217 5587 1261 5618 “
1309 5586 1507 5642 Ezech.
1567 5604 1652 5652 ιιι,
1697 5586 1782 5641 17.
1826 5588 1871 5618 ¹⁵
1923 5588 1962 5640 D

2123 5603 2279 5652 χχιιι,
2323 5587 2410 5640 15.
2490 5587 2532 5618 ¹⁶
2566 5588 2734 5642 Exod.
2791 5606 2960 5654 xxvn,
3019 5591 3102 5645 19.
3170 5591 3208 5622 ¹⁷
3252 5593 3420 5647 Exod.
3463 5612 3646 5657 ιιι-ιιι,

377 5656 466 5711 30.
510 5657 551 5688 ¹⁸
589 5659 724 5714 Gen.
768 5675 850 5722 ιιι,
891 5658 978 5712 14.
1024 5657 1064 5688 ιθ
1104 5657 1275 5712 Exod.
1313 5673 1463 5722 xxix,
1503 5658 1593 5723 ‘27,
1641 5659 1752 5722 ‘28;
1810 5659 1936 5712 Lev.

2113 5659 2203 5712 51.

378 5742 544 5792 xum,
569 5729 622 5782 6.
666 5729 710 5758 "
750 5727 892 5782 Psal.
939 5745 1054 5793 vm,
1095 5733 1148 5783 8.
1191 5729 1237 5758 “
1268 5726 1331 5781 ll.
1365 5726 1488 5780 Cor.
1531 5744 1584 5791 v,
1620 5729 1711 5781 2-1.
1743 5730 1909 5783 "lsa.
1949 5747 1964 5783 1

2100 5731 2202 5783 12(
2241 5730 2286 5760 ’⁸
2312 5731 2466 5782 Rom.
2519 5746 2622 5796 vn,
2683 5731 2733 5784 7.

379 5811 547 5861 uvu,
597 5797 688 5850 21.
731 5797 775 5827 "
831 5798 973 5853 Psa1.
1035 5815 1156 5863 va,
1210 5797 1262 5850 6.
1319 5796 1363 5826 ³⁰
1405 5796 1592 5852 Matth.
1651 5815 1804 5864 xvm,
1856 5800 1907 5854 8.

381 5865 427 5897 “
463 5867 596 5928 Luc.
637 5884 734 5933 vn,
774 5867 864 5922 58.
905 5867 952 5900 ³⁸
991 5869 1109 5934 Job.
1155 5884 1308 5936 xxix,
1349 5866 1384 5921 6

2279 5660 2322 5689 ²⁰
2353 5658 2486 5711 llab.
2531 5675 2606 5722 ιιι,
2652 5661 2736 5712 17.
2777 5662 2818 5690 ’ί
2859 5661 3056 5715 Ezech.
3090 5677 3271 5726 xxxiv,
3317 5664 3400 5717 17.
3431 5665 3476 5695 ’³
3515 5667 3648 5720 Gen.

2683 5731 2733 5784 7.
2796 5732 2839 5761 ’⁷
2883 5731 2921 5784 ll
2963 5733 3154 5786 Thess.
3217 5751 3273 5796 ιι,
3316 5735 3369 5787 5.
3422 5735 3468 5764 ’⁸
3509 5735 3645 5790 Psal.

1993 5802 2034 5831 "'
2087 5800 2189 5857 lsa.
2247 5816 2418 5864 xxxii,
2483 5801 2572 5856 20.
2653 5802 2696 5832 ³³
2733 5802 2834 5858 lsa.
2874 5819 2947 5868 v1,
2976 5804 3027 5858 6.
3087 5804 3130 5834 ³³
3168 5803 3288 5860 Job.
3333 5822 3520 5872 xxxix,
3565 5809 3646 5863 18.
