3936 6328
295 395 438 456 1025

1255 385 1670 445 ALLEGORIIE
1707 385 1774 442 ΙΝ
1817 383 2097 442 SACRAM
2139 379 2605 440 SCRIPTURAM.

3426 382 3566 441 1016

292 509 389 580 qui
414 512 636 578 peccata
660 509 847 559 nostra
870 501 1110 574 portavit
1145 503 1418 572 apostolos
1448 517 1576 558 suos
1599 499 1879 556 mundavit
1904 502 1958 561 Α
1981 497 2083 553 bus
2112 498 2178 563 ⁸⁷,
2224 517 2244 550 ι
2289 497 2342 551 id
2369 505 2474 563 est,
2501 495 2712 552 devotis
2740 494 3058 550 mulieribus
3085 509 3174 551 me
3197 495 3576 553 circumdanti-

296 600 506 672 Spiritu
529 607 740 655 sancto.
767 597 872 652 Per
898 597 1055 668 pedes
1082 596 1493 667 praedicatores,
1524 603 1586 650 ut
1612 594 1667 649 in
1705 593 1844 648 Isaia
1871 609 1883 645 :

299 711 322 746 ι
359 695 533 761 Quam
559 689 790 762 speciosi
835 691 1002 759 pedes
1043 686 1530 760 evangelizantium
1562 701 1753 757 pacem
1777 685 1826 738 ‘l
1863 702 1881 735 ι

293 786 444 858 quod
476 800 576 856 per
604 783 954 841 sanctitatem
981 783 1168 838 decori
1196 789 1322 838 sunt
1352 780 1756 851 praedicatores,
1795 777 1888 849 qui

295 878 623 934 annuntiant
665 875 865 947 populo
903 875 1302 946 paenitentiam.
1350 875 1456 929 Per
1490 875 1646 944 pedes
1692 872 1888 943 praedi~

297 980 530 1032 catores,
576 976 638 1022 ιιι
672 968 728 1022 in
767 967 1062 1038 Evangelio
1103 984 1115 1020 :
1158 983 1178 1016 ι
1212 964 1464 1020 Excutite
1501 963 1784 1033 pulverem
1824 961 1891 1017 de

296 1061 528 1132 pedibus
573 1057 771 1114 vestris
803 1060 848 1124 ’,
888 1078 906 1111 ι
948 1058 1004 1114 id
1049 1065 1154 1122 est,
1201 1065 1420 1112 terrena
1475 1069 1576 1124 pro
1624 1051 1890 1123 praedica-

301 1152 540 1208 tionibus
563 1151 764 1206 vestris
793 1149 967 1206 ab'iis
995 1149 1166 1204 nolite
1197 1148 1476 1218 suscipere
1517 1146 1610 1216 qui
1641 1161 1740 1201 nos
1767 1160 1895 1200 con-

302 1250 572 1299 temnunt.
602 1241 708 1298 Per
728 1241 882 1313 pedes
924 1240 1125 1296 inﬁrmi
1153 1240 1244 1310 qui
1276 1247 1404 1296 sunt
1441 1239 1498 1294 in
1534 1237 1797 1302 Ecclesia,
1834 1245 1893 1291 ut

303 1338 358 1392 in
383 1336 523 1392 Jo‘b:
562 1355 582 1388 ι
616 1335 789 1392 Pedes
806 1350 960 1391 meos
985 1335 1363 1391 subverterunt
1391 1333 1436 1400 ³,
1467 1352 1486 1384 ι
1521 1332 1577 1388 id
1601 1341 1704 1394 est,
1745 1330 1893 1386 inﬁr-

303 1445 422 1486 mos
461 1444 612 1485 meos
639 1429 731 1499 qui
776 1437 900 1484 sunt
946 1428 1002 1482 in
1045 1427 1286 1482 Ecclesia
1325 1425 1568 1482 haeretici
1617 1425 1894 1480 subverte-

303 1532 449 1580 runt.
477 1523 584 1579 Per
600 1524 754 1594 pedes
774 1523 1152 1595 cogitationes,
1179 1522 1314 1576 utin
1341 1519 1574 1577 Jeremia
1599 1538 1610 1574 ε
1641 1537 1662 1572 ι
1692 1518 1894 1574 Sordes

303 1619 422 1689 ejus
459 1618 513 1673 in
562 1617 792 1687 pedibus
835 1615 954 1686 ejus
981 1616 1028 1681 δ,
1067 1635 1086 1667 ι
1129 1615 1184 1670 id
1226 1623 1328 1680 est,
1376 1612 1732 1668 immunditia:
1775 1611 1892 1682 ejus

303 1709 358 1763 in
381 1707 800 1779 cogitationibus
828 1706 966 1776 ejus.
1008 1705 1115 1762 Per
1151 1706 1305 1777 pedes
1341 1705 1672 1761 intentiones
1698 1745 1712 1768 ,
1749 1711 1810 1759 ut
1837 1703 1892 1758 in

307 1801 626 1857 Parabolis:
669 1821 687 1852 ‹
721 1801 892 1856 Pedes
943 1815 1132 1855 eorum
1168 1799 1236 1854 ad
1279 1798 1480 1854 malum
1518 1806 1745 1855 currunt
1787 1799 1832 1862 ⁵,
1869 1817 1886 1849 ι

1989 592 2111 657 bus,
2139 588 2470 662 fugientibus
2495 587 2794 660 discipulis,
2825 588 2919 660 qui
2945 589 3258 660 propriores
3275 604 3399 647 esse
3431 591 3577 648 vide-

1987 682 2208 748 bantur,
2238 681 2465 737 adhtesit
2489 679 2654 737 robur
2674 679 2947 752 passionis
2968 694 3122 736 meae.
3156 679 3576 748 Pellis,1ittera-

1989 777 2056 833 lis
2080 775 2406 842 intellectus,
2437 783 2500 830 ut
2537 774 2593 830 in
2633 773 2876 831 Levitico
2912 793 2926 828 :
2978 792 2998 825 ι
3039 773 3400 844 Detractaque
3437 775 3580 846 pelle

1989 868 2182 924 hostiae
2207 876 2358 924 artus
2385 867 2442 922 in
2471 868 2488 888 ‘
2523 866 2728 923 frustra
2751 865 3040 922 concident
3070 866 3134 932 ⁸⁸,
3167 884 3186 918 ι
3219 865 3364 936 quod
3387 865 3582 938 praedi-

1991 974 2204 1022 catores
2245 963 2459 1021 sublato
2497 963 2766 1019 velamine
2792 963 2988 1018 litterae
3029 961 3289 1017 interiora
3314 961 3582 1017 subtiliter

1992 1054 2228 1112 scrutari
2278 1055 2498 1110 debent.
2553 1049 2739 1120 Pellis,
2787 1052 3092 1109 mortalitas
3129 1051 3387 1117 hominis,
3439 1059 3500 1106 ut
3527 1051 3580 1106 in

1991 1147 2257 1204 Psalmis:
2292 1152 2303 1167 '
2343 1163 2362 1197 ι
2397 1144 2671 1201 Extendes
2693 1143 2892 1200 coelum
2913 1144 3056 1200 sicut
3079 1142 3275 1215 pellem
3303 1143 3372 1210 ‘9,
3397 1162 3416 1194 ι
3441 1144 3584 1213 quod

1992 1253 2089 1310 per
2111 1253 2209 1294 ora
2237 1235 2550 1292 mortalium
2574 1235 2992 1307 praedicatorum
3032 1249 3243 1290 sacram
3288 1234 3444 1290 nobis
3472 1235 3578 1290 Do-

1995 1331 2176 1386 minus
2217 1327 2558 1400 Scripturam
2598 1327 2884 1384 reseravit.
2929 1326 3121 1390 Pelles,
3169 1341 3403 1396 corpora
3434 1342 3579 1380 mar~

1996 1433 2195 1496 tyrum,
2228 1432 2290 1478 ut
2317 1423 2373 1478 in
2395 1421 2585 1479 Exodo
2615 1436 2630 1476 :
2660 1441 2678 1473 ι
2717 1421 2795 1477 De
2819 1421 3050 1492 pellibus
3081 1421 3313 1478 arietum
3340 1420 3585 1476 rubrica-

1995 1515 2066 1571 tis
2091 1516 2160 1580 9°,
2194 1535 2211 1565 ι
2245 1514 2298 1569 id
2329 1522 2433 1580 est,
2459 1514 2527 1569 de
2553 1514 2875 1584 corporibus
2915 1520 3229 1568 sanctorum
3260 1512 3585 1584 martyriza-

1995 1605 2085 1662 tis.
2112 1605 2217 1660 Per
2243 1605 2422 1677 pelles,
2455 1606 2662 1676 antiqui
2705 1613 2910 1676 patres,
2949 1613 3011 1658 ut
3039 1605 3092 1658 in
3135 1604 3286 1660 libris
3334 1603 3540 1676 Regum
3571 1621 3583 1657 :

2001 1719 2020 1752 ‹
2058 1698 2414 1755 Ambulabam
2441 1699 2498 1753 in
2531 1699 2711 1754 medio
2749 1698 2994 1770 pellium,
3035 1716 3054 1749 ι
3089 1697 3233 1767 quod
3261 1698 3316 1752 in
3351 1697 3590 1766 antiquis

1996 1794 2244 1864 patribus
2267 1793 2529 1849 Dominus
2564 1791 2864 1848 habitabat.
2894 1790 3001 1847 Per
3029 1789 3186 1862 pelles
3209 1791 3436 1845 virtutes
3471 1805 3590 1845 cor-

306 1895 358 1950 id
394 1903 495 1960 est,
525 1895 859 1951 intentiones
887 1909 1076 1950 eorum
1107 1895 1174 1949 ad
1193 1903 1419 1964 peccata
1447 1893 1715 1964 proclives
1741 1902 1884 1949 sunt.
1917 1878 1965 1939 Β
1992 1887 2227 1958 porales,
2257 1893 2315 1940 ut
2342 1885 2398 1940 in
2417 1883 2653 1940 Jeremia
2679 1903 2690 1936 :
2728 1904 2746 1936 (
2780 1883 2975 1940 Subito
2997 1892 3222 1940 vastatae
3252 1892 3382 1938 sunt
3418 1883 3587 1953 pelles

306 1984 410 2039 Per
434 1986 586 2055 pedes
639 1984 976 2052 alliictiones,
1019 1993 1079 2040 ιιι
1126 1986 1181 2040 in
1228 1985 1513 2041 Levitico:
1553 2004 1571 2035 ι
1613 1985 1891 2040 lntestinis

305 2089 360 2133 ct
391 2079 619 2148 pedibus
657 2079 776 2150 ejus
809 2078 936 2134 lotis
961 2094 1101 2149 aqua
1127 2079 1169 2144 ⁸,
1210 2098 1228 2131 ›
1290 2077 1434 2149 quod
1462 2086 1522 2132 ut
1551 2094 1650 2134 nos
1681 2078 1892 2133 sacriﬁ-

307 2169 454 2222 cium
477 2169 574 2224 Dei
608 2184 729 2224 esse
757 2169 1048 2239 possimus,
1073 2177 1291 2240 oportet
1324 2177 1384 2225 ut
1418 2171 1770 2240 cognationes
1790 2178 1846 2224 et
1874 2173 1887 2192 ‘

305 2259 626 2314 alllictiones
648 2268 865 2315 nostras
891 2260 1323 2330 compunctionis
1345 2275 1486 2330 aqua
1509 2261 1884 2317 emundemus.

305 2348 411 2403 Per
433 2349 587 2420 pedes
617 2351 982 2419 operationes,
1023 2360 1084 2406 ut
1131 2351 1186 2406 in
1215 2349 1450 2406 Jeremia
1489 2366 1504 2404 :
1557 2370 1576 2402 ι
1613 2351 1896 2424 ιΕιρειηᾱὶι

310 2452 425 2498 rete
467 2444 698 2514 pedibus
746 2445 884 2500 meis
924 2446 969 2512 ",
1023 2465 1041 2498 ι
1099 2445 1245 2517 quod
1284 2445 1472 2500 multis
1511 2446 1688 2501 modis
1727 2461 1892 2518 opera

306 2542 494 2588 nostra
515 2533 762 2613 diabolus
802 2533 982 2590 studet
1019 2551 1388 2608 corrumpere.
1419 2536 1526 2592 Per
1557 2538 1712 2607 pedes
1739 2547 1894 2593 actus

305 2637 641 2695 sanctorum,
677 2636 740 2684 ut
777 2629 833 2684 in
867 2629 1151 2686 Ezechiele
1191 2648 1205 2684 :
1255 2649 1274 2682 ι
1313 2630 1484 2686 Pedes
1508 2645 1697 2686 eorum
1729 2632 1895 2702 pedes

307 2720 442 2774 recti
477 2719 522 2786 ⁸,
557 2741 575 2774 ι
613 2721 756 2791 quod
804 2731 1120 2777 sanctorum
1149 2732 1305 2779 actus
1325 2724 1394 2778 ad
1423 2723 1764 2793 iniquitatem
1785 2739 1894 2780 non

307 2820 435 2867 sunt
465 2813 677 2869 retorti.
712 2813 820 2869 Per
856 2815 1010 2886 pedes
1048 2815 1153 2870 viri
1187 2819 1382 2881 sancti,
1411 2825 1472 2871 ut
1518 2817 1574 2871 in
1611 2815 1844 2872 Psalmis
1876 2836 1888 2871 :

314 2921 333 2954 ι
363 2903 728 2960 Adorabimus
750 2905 802 2959 in
824 2905 1002 2962 locum
1033 2906 1122 2962 ubi
1143 2905 1433 2978 [steterunt
1452 2907 1618 2978 pedes
1641 2907 1779 2981 ejus]
1804 2909 1846 2975 θ,
1872 2929 1889 2960 ι

308 2995 363 3050 id
389 3007 492 3064 est,
523 2996 578 3051 in
623 2999 1078 3069 contemplatione
1117 3008 1320 3055 sanctae
1365 3001 1814 3067 conversationis,
1841 3003 1895 3057 in

306 3105 415 3159 qua
434 3089 661 3159 perfecti
691 3092 834 3146 servi
862 3093 939 3148 tui
969 3093 1174 3148 utiliter
1192 3093 1510 3162 persistunt,
1534 3095 1895 3166 nosmetipsos

307 3181 679 3238 humiliamus.
703 3183 808 3239 Per
836 3185 1010 3256 pedes,
1045 3186 1120 3242 illi
1153 3187 1351 3254 sancti,
1377 3188 1470 3258 qui
1500 3189 1554 3243 in
1584 3189 1760 3259 patria
1786 3203 1896 3244 coe—

1994 1996 2129 2037 meae
2159 1981 2228 2046 “,
2263 1999 2283 2032 ι
2312 1979 2367 2035 id
2396 1986 2500 2044 est,
2530 1987 2756 2050 repente
2782 1987 2908 2034 sunt
2938 1978 3260 2050 interrupta:
3289 1980 3592 2035 exteriores

1995 2074 2280 2130 cicatrices
2308 2088 2460 2129 meae.
2491 2073 2595 2128 Per
2620 2071 2779 2142 pelles
2809 2072 2958 2128 cives
2985 2070 3260 2139 caelestes,
3284 2080 3344 2127 ut
3371 2072 3426 2128 in
3449 2073 3589 2129 Can-

1995 2168 2104 2224 tico
2130 2186 2144 2221 :
2176 2187 2194 2220 ι
2229 2165 2382 2222 Sicut
2402 2166 2570 2237 pelles
2594 2164 2901 2222 Salomonis
2927 2167 2997 2232 “,
3034 2185 3053 2217 ›
3085 2166 3230 2236 quod
3257 2165 3588 2236 spiritualem

1997 2260 2270 2325 decorem,
2303 2273 2463 2329 quem
2493 2257 2642 2312 cives
2679 2256 2933 2313 caelestes
2963 2257 3264 2326 possident,
3294 2257 3476 2312 anima
3505 2258 3594 2312 de-

1996 2360 2120 2406 vota
2163 2358 2219 2406 et
2266 2351 2321 2404 in
2375 2351 2632 2420 praesenti
2677 2365 2746 2405 ex
2790 2356 2947 2419 parte
2977 2349 3182 2406 habere
3235 2350 3434 2406 studet.
3485 2349 3590 2405 Per

1995 2443 2154 2514 pelles
2187 2443 2425 2514 reprobi,
2473 2451 2533 2497 ut
2578 2443 2631 2496 in
2682 2441 2894 2497 cantico
2935 2439 3189 2496 Habacuc
3235 2458 3249 2497 :
3306 2461 3324 2493 ι
3379 2440 3591 2496 Turba-

1997 2537 2197 2592 buntur
2235 2533 2402 2606 pelles
2441 2544 2602 2590 terrae
2638 2533 2855 2590 Madian
2896 2532 2967 2599 ’³,
3005 2552 3023 2584 ι
3063 2532 3120 2588 id
3157 2540 3262 2600 est,
3291 2533 3504 2604 reprobi
3534 2532 3589 2587 in

1990 2627 2196 2699 judicio
2219 2626 2462 2696 damnati
2498 2625 2810 2698 punientur,
2848 2625 2993 2695 quod
3030 2624 3247 2680 Madian
3279 2625 3347 2680 dc
3381 2625 3588 2694 judicio

1997 2720 2411 2789 interpretatur.

2072 2810 2372 2866 Pellicanus
2419 2820 2503 2867 est
2549 2809 2776 2881 quilibet
2823 2810 3074 2876 eremita,
3125 2818 3186 2863 ut
3237 2808 3293 2862 in
3319 2805 3583 2862 Psalmis:

2006 2924 2023 2954 ‹
2057 2903 2264 2958 Similis
2291 2903 2467 2957 factus
2496 2917 2616 2956 sum
2661 2900 2906 2970 pelicano
2936 2898 3004 2966 “,
3041 2919 3060 2951 ›
3097 2898 3152 2954 id
3179 2905 3282 2962 est,
3316 2897 3370 2952 in
3399 2897 3588 2954 solitu-

2002 2995 2127 3050 dine
2157 2993 2225 3048 ad
2256 2993 2431 3048 instar
2457 2990 2603 3047 illius
2627 2990 2744 3045 avis
2773 2997 3162 3045 commoratus.

2072 3087 2269 3142 Plectw
2297 3095 2424 3142 sunt
2453 3084 2782 3149 concordize,
2812 3092 2873 3138 ut
2899 3083 2955 3138 in
2985 3082 3139 3136 libris
3166 3080 3373 3152 Regum
3400 3099 3412 3134 :
3447 3101 3464 3131 ‹
3503 3079 3591 3135 ln-

2003 3189 2086 3236 ter
2112 3177 2400 3235 coronulas
2435 3185 2490 3232 et
2517 3177 2741 3248 plectas,
2765 3174 2951 3230 leones
2980 3183 3037 3229 et
3063 3174 3230 3228 boves
3275 3173 3343 3238 '3,
3380 3191 3397 3223 ›
3452 3172 3594 3242 quod

307 3271 430 3326 lesli
467 3282 612 3340 sunt,
636 3283 697 3329 ut
721 3275 774 3328 in
798 3239 1028 3332 Psalmis
1059 3296 1070 3330 :
1102 3296 1120 3329 ι
1157 3239 1412 3333 Statuisti
1433 3278 1488 3332 in
1509 3239 1631 3335 locro
1656 3280 1897 3350 Spatioso
1925 3239 1969 3302 Ο
2007 3273 2060 3327 in
2087 3271 2221 3327 viris
2252 3269 2455 3325 sanctis
2483 3284 2608 3323 cum
2638 3265 2906 3323 charitate
2936 3271 2990 3320 et
3015 3262 3310 3320 concordia
3337 3261 3483 3318 zelus
3511 3269 3594 3315 cst

309 3364 477 3434 pedes
507 3365 701 3438 (meos)
742 3367 804 3431 ¹⁰,
859 3388 877 3419 ι
921 3368 1066 3438 quod
1103 3368 1159 3423 in
1189 3369 1476 3425 latitudine
1519 3371 1703 3442 gratia:
1753 3381 1898 3436 sunt,

309 3458 405 3528 qui
445 3458 573 3515 hinc
605 3471 864 3516 exeuntes
901 3461 959 3514 in
985 3461 1193 3517 ccelesti
1222 3463 1398 3532 patria
1433 3464 1756 3520 consistunt.
1798 3463 1902 3519 Per

309 3548 466 3618 pedes
509 3549 748 3605 ministri
790 3551 1098 3621 impiorum,
1131 3561 1190 3607 ut
1235 3553 1290 3608 in
1321 3553 1594 3611 Psalmis:
1623 3576 1640 3607 ι
1677 3556 1902 3612 Veloces

310 3644 482 3712 pedes
511 3658 702 3699 eorum
728 3645 796 3698 ad
842 3644 1270 3718 (effundendum)
1315 3649 1633 3719 sanguinem
1687 3649 1751 3715 “,
1796 3669 1814 3700 ι
1849 3650 1903 3705 id

312 3744 401 3789 est
430 3735 668 3806 prompti
696 3744 822 3790 sunt
844 3737 1079 3792 ministri
1103 3752 1292 3793 eorum
1315 3739 1381 3793 ad
1403 3741 1766 3796 exercendam
1787 3757 1903 3796 cru-

314 3828 418 3882 deli
429 3837 590 3882 tatcm
600 3866 614 3881 .

389 3917 551 3975 Pcllis
573 3927 655 3976 est
682 3929 860 3977 motus
907 3923 1118 3990 carnis,
1150 3932 1211 3978 ut
1237 3923 1292 3978 in
1315 3922 1415 3979 Job
1445 3943 1458 3978 :
1494 3943 1512 3974 ι
1539 3923 1684 3978 Pelle
1707 3933 1761 3980 et
1783 3941 1903 3982 car-

315 4011 475 4066 nibus
509 4013 722 4068 vestisti
753 4029 840 4070 me
869 4015 932 4079 ",
973 4035 990 4066 ι
1026 4015 1080 4070 id
1106 4023 1211 4082 est,
1239 4026 1389 4071 motu
1419 4023 1476 4070 et
1503 4018 1755 4074 sensibus
1784 4036 1901 4075 car-

315 4102 402 4156 nis
421 4102 824 4158 circumdedisti
853 4121 957 4160 me.
995 4103 1179 4173 Pellis,
1202 4108 1406 4164 veritas
1433 4112 1679 4180 corporis
1707 4116 1898 4182 nostri,

318 4201 378 4246 ut
428 4192 481 4246 in
507 4190 652 4247 Job:
695 4212 713 4244 (
757 4193 996 4250 Rursum
1039 4197 1420 4254 circumdabor
1455 4201 1596 4271 pelle
1624 4218 1745 4257 mea
1779 4203 1839 4269 ³³,
1879 4225 1896 4252 ι

316 4284 374 4338 id
403 4293 508 4349 est,
556 4300 772 4340 rursum
814 4289 1086 4358 apparebo
1127 4289 1183 4344 in
1229 4291 1458 4347 veritate
1501 4295 1744 4364 corporis
1771 4297 1897 4350 mei.

317 4375 507 4442 Pellis,
553 4377 763 4434 modica
811 4379 1130 4447 adversitas,
1164 4390 1222 4436 ut
1264 4382 1320 4436 in
1353 4381 1495 4439 Job:
1528 4403 1545 4435 ι
1574 4383 1777 4441 Pellem
1804 4402 1903 4457 pro

317 4467 458 4539 pelle
485 4469 548 4535 "*,
580 4489 598 4521 ι
629 4479 685 4525 ει
709 4470 830 4527 ideo
854 4472 970 4527 haec
999 4488 1170 4542 pauca
1205 4473 1432 4530 adversa
1471 4476 1697 4546 suscipit
1721 4492 1902 4548 aequae

319 4560 563 4625 nimiter,
593 4562 736 4630 quod
780 4563 987 4633 majora
1017 4565 1125 4634 pati
1166 4565 1523 4636 pertimescit.
1567 4563 1753 4632 Pellis,
1786 4569 1900 4638 ipsa

319 4654 635 4724 superﬁcies
663 4654 892 4710 actionis
921 4666 1137 4722 nostrze,
1165 4666 1226 4712 ut
1253 4657 1309 4712 in
1335 4657 1578 4714 Levitico
1606 4679 1617 4710 :
1656 4679 1672 4711 ‹
1711 4657 1906 4715 Sacer-

319 4748 418 4802 dos
454 4747 546 4818 qui
587 4749 603 4767 ‘
630 4747 1042 4817 holocaustum,
1093 4750 1287 4819 pellem
1333 4751 1556 4807 habebit
1589 4752 1650 4815 ⁸⁵,
1695 4772 1712 4802 ι
1761 4754 1905 4822 quod

319 4843 468 4898 solus
515 4845 526 4862 ‘
575 4843 813 4898 exterior
853 4843 906 4896 in
949 4843 1090 4898 bono
1135 4859 1297 4914 opere
1338 4844 1544 4900 homini
1594 4843 1901 4915 deputatur.

321 4935 507 5002 Pellis,
543 4936 757 4991 infirma
788 4936 994 5001 mundi,
1024 4943 1084 4990 ut
1107 4936 1162 4990 in
1181 4933 1284 4991 Job
1317 4955 1329 4990 :
1375 4957 1392 4988 ι
1431 4935 1687 5008 Nunquid
1711 4938 1900 5008 imple-

321 5027 408 5082 his
441 5029 456 5046 ‘
485 5042 684 5098 sagena
710 5026 848 5098 pelle
868 5025 987 5096 ejus
1020 5025 1086 5092 ¹⁸,
1117 5046 1134 5078 ›
1166 5027 1310 5097 quod
1345 5027 1558 5082 inﬁrma
1587 5028 1770 5084 mundi
1811 5029 1907 5084 hu-

315 5117 429 5188 jus,
467 5119 482 5137 ‘
517 5119 610 5188 qui
648 5119 790 5175 hosti
829 5119 1200 5185 adhaerebant,
1253 5117 1514 5174 Dominus
1542 5120 1722 5192 elegit,
1755 5129 1812 5174 et
1842 5136 1909 5176 ex

325 5212 406 5268 eis
453 5210 752 5267 Ecclesiam
798 5226 952 5266 suam
997 5211 1298 5266 constituit.
1354 5209 1550 5280 Pelles,
1593 5193 1795 5270 sanctae
1833 5213 1911 5268 fe-

329 5304 510 5370 minae,
545 5311 607 5360 ιιι
645 5303 703 5359 in
731 5301 834 5358 Job
880 5321 892 5356 :
943 5321 963 5352 ‹
1001 5302 1137 5357 Pelli
1181 5317 1315 5359 meae
1353 5306 1688 5376 consumptis
1728 5306 1909 5362 carni-

1929 4609 1982 4671 D

2004 3376 2058 3422 et
2080 3365 2461 3422 mansuetudo.

2010 3472 2014 3476 ‘
2076 3459 2261 3514 Penna
2287 3467 2370 3515 est
2410 3456 2552 3512 actio
2600 3455 2954 3519 exteriorum,
2991 3461 3052 3508 ut
3095 3451 3152 3506 in
3177 3449 3319 3506 Job:
3358 3470 3376 3501 ‹
3413 3448 3594 3504 Penna

2005 3551 2325 3607 struthionis
2356 3548 2549 3604 similis
2579 3546 2770 3616 pennis
2795 3545 3004 3601 herodii
3030 3542 3096 3609 ’⁸,
3136 3561 3155 3593 ι
3187 3541 3330 3613 quod
3359 3539 3597 3596 exterior

2005 3644 2146 3699 actio
2195 3640 2491 3713 hypocrita:
2539 3637 2732 3694 similis
2763 3652 2884 3692 esse
2915 3635 3130 3691 videtur
3158 3633 3464 3689 actionibus
3491 3631 3594 3685 viri

2006 3735 2198 3790 sancti.
2231 3733 2335 3789 Per
2358 3749 2555 3803 pennas
2586 3731 2790 3786 monita
2817 3730 3231 3801 prophetarum,
3266 3735 3328 3781 ut
3355 3727 3410 3780 in
3439 3725 3593 3781 Psal-

2004 3829 2108 3884 mis
2137 3845 2150 3880 :
2183 3849 2200 3878 ι
2236 3826 2348 3882 Sub
2375 3827 2568 3896 pennis
2599 3825 2716 3895 ejus
2743 3823 2998 3879 ﬁduciam
3033 3821 3260 3877 habebis
3282 3821 3349 3874 ’⁷.
3385 3839 3404 3870 ι
3439 3820 3471 3855 λι
3493 3819 3598 3875 Per

2005 3939 2222 3994 pennas,
2247 3927 2519 3990 praecepta
2544 3916 2850 3982 charitatis,
2883 3923 2943 3969 ut
2971 3915 3026 3968 in
3046 3913 3308 3969 Psalmis:
3333 3930 3351 3962 ι
3374 3909 3431 3966 Si
3453 3927 3598 3966 sum-

2005 4027 2166 4083 psero
2192 4024 2399 4081 pennas
2430 4009 2498 4075 ’⁸,
2533 4027 2550 4058 ι
2585 4007 2640 4062 id
2669 4013 2774 4072 est,
2807 4005 2852 4060 si
2880 4013 3154 4075 praecepta
3184 4000 3467 4058 charitatis
3493 4001 3596 4055 im-

2004 4105 2155 4174 plcre
2181 4101 2458 4158 studuero.
2487 4099 2592 4154 Per
2618 4097 2859 4170 (pennas)
2909 4095 3139 4150 virtutes
3167 4091 3424 4158 morales,
3455 4098 3517 4145 ut
3544 4091 3598 4146 in

2006 4196 2276 4254 Psalmis:
2319 4215 2336 4246 ‹
2374 4195 2571 4249 Pennae
2619 4191 2884 4247 columba:
2909 4189 2977 4256 ’³,
3013 4208 3032 4241 ι
3085 4187 3138 4243 id
3173 4195 3274 4251 est,
3309 4184 3520 4240 habebo
3546 4185 3595 4237 in

2007 4287 2298 4343 virtutibus
2345 4285 2545 4341 vestris
2597 4281 3073 4338 mansuetudinem
3130 4277 3515 4348 simplicitatis,
3546 4285 3602 4330 et

2007 4381 2312 4436 claritatem
2373 4377 2632 4434 scientiae.
2706 4374 2812 4430 Per
2861 4390 3061 4443 pennas
3117 4368 3600 4440 contemplationes

2008 4483 2346 4539 sanctorum,
2384 4479 2445 4526 ut
2482 4471 2536 4526 in
2565 4470 2849 4526 Ezechiele
2895 4487 2909 4524 :
2956 4489 2973 4520 ι
3003 4469 3072 4524 Et
3111 4467 3279 4524 facies
3317 4474 3372 4522 et
3409 4481 3599 4535 penum.

2007 4583 2194 4623 eorum
2224 4573 2456 4622 extentae
2485 4564 2716 4634 desuper
2736 4564 2800 4628 ³ο,
2835 4583 2852 4614 ›
2872 4562 3016 4633 quod
3045 4562 3145 4617 viri
3171 4560 3343 4617 sancti
3374 4559 3599 4614 intermc

2012 4657 2280 4715 mercedis
2318 4657 2516 4712 intuitu
2551 4665 2607 4712 et
2636 4657 2834 4712 actioni
2877 4663 2932 4710 et
2976 4651 3420 4724 contemplationi
3463 4651 3595 4706 insi-

2010 4760 2179 4807 stunt.
3639 4725 3644 4744 ’

2084 4841 2341 4897 Pennulm
2390 4851 2518 4895 sunt
2569 4847 2758 4894 sancta
2811 4838 3101 4904 desideria,
3132 4844 3192 4892 ut
3241 4837 3297 4892 in
3325 4835 3594 4892 Levitico:

2019 4955 2036 4988 ι
2074 4935 2265 5000 Omne,
2297 4933 2442 5004 quod
2473 4932 2637 4987 habet
2664 4929 2948 5002 pennulas,
2980 4929 3274 4986 comedetis
3301 4929 3369 4994 ³¹,
3400 4948 3418 4982 ι
3455 4926 3598 4998 quod

2011 5029 2085 5083 illi
2131 5029 2185 5082 in
2223 5041 2421 5096 corpus
2458 5024 2751 5080 electorum
2795 5031 3102 5090 transeunt,
3141 5022 3233 5093 qui
3267 5036 3367 5092 per
3407 5028 3595 5077 sancta

2013 5119 2281 5178 desideria
2308 5118 2376 5172 ad
2407 5131 2642 5188 superna
2670 5131 2728 5172 se
2755 5113 3108 5170 transferunt.

2085 5212 2320 5283 Pepones
2355 5217 2482 5265 sunt
2513 5219 2743 5288 terrenae
2769 5206 3096 5274 dulcedines,
3129 5214 3190 5262 ιιι
3235 5206 3289 5261 in
3318 5205 3456 5260 libro
3483 5203 3595 5258 Nu-

2013 5304 2152 5360 meri
2198 5321 2212 5356 :
2260 5321 2278 5354 ι
2314 5301 2373 5357 1n
2401 5309 2638 5356 mentem
2682 5299 2840 5356 nobis
2885 5307 3154 5356 venerunt
3202 5312 3520 5354 cucumeres
3545 5305 3602 5352 et

401 5489 414 5519 ¹
455 5487 557 5543 Isa.
598 5503 692 5553 ιιι,
729 5488 783 5542 7.
825 5488 845 5518 ²
887 5486 1076 5543 Matth.
1120 5504 1174 5552 x,
1217 5489 1324 5556 lli;
1369 5489 1532 5544 Marc.
1577 5506 1647 5554 v1,
1690 5490 1795 5555 11;
1836 5489 1896 5544 Lt

2023 5505 2101 5554 ix,
2143 5486 2195 5542 5.
2256 5486 2276 5516 ³
2314 5484 2434 5540 101).
2479 5499 2607 5556 xxx,
2649 5483 2735 5539 12.
2779 5482 3040 5556 {Thren.
3085 5498 3126 5556 ι,
3165 5482 3218 5536 9.
3287 5478 3505 5556 '_Prov.
3557 5496 3596 5546 ι,

325 5555 416 5614 16.
467 5560 488 5588 ⁸
518 5559 648 5616 ch.
679 5551 717 5624 ι,
745 5559 798 5614 9.
848 5560 868 5590 ⁷
898 5560 1099 5613 Thren.
1131 5551 1284 5622 ι,15.
1312 5551 1319 5556 ⁷
1343 5561 1364 5591 ⁸
1396 5561 1592 5615 Ezech.
1629 5551 1668 5625 ι,
1706 5561 1758 5615 7.
1784 5551 1792 5555 ⁷
1816 5561 1837 5592 ’
1871 5561 2013 5616 Psal.
2050 5551 2233 5622 cxxxr,
2276 5559 2325 5611 7.
2371 5593 2376 5596 -
2408 5557 2449 5586 ¹⁰
2479 5555 2614 5610 Psal.
2648 5571 2776 5620 xxx,
2808 5555 2862 5610 9.
2902 5555 2942 5584 “
2965 5553 3128 5625 _Psal.
3165 5551 3596 5625 χιιιμόηει-ιλκ,

322 5628 381 5684 7.
425 5630 469 5660 ¹¹
505 5628 627 5686 101).
670 5619 722 5696 ιι,
766 5631 852 5684 11.
901 5631 944 5661 ³³
979 5629 1098 5684 Job.
1127 5619 1242 5696 xix,
1269 5631 1359 5684 26.
1395 5631 1435 5662 "‘
1473 5631 1592 5687 Job.
1634 5619 1694 5696 ιι,
1733 5631 1790 5697 4,
1830 5633 1883 5688 5.

2006 5619 2245 5696 Lev.v1t,
2285 5629 2336 5683 8.
2381 5628 2424 5659 ¹⁶
2461 5627 2581 5682 Joh.
2619 5643 2708 5692 ιιι,
2745 5625 2834 5680 26.
2880 5626 2920 5697 '7
2957 5623 3229 5697 Job._x1x,
3252 5620 3341 5676 20.
3365 5619 3430 5697 _"‘
3461 5620 3594 5697 ἕεις.

327 5716 384 5766 ι,
425 5702 475 5755 6.
519 5702 560 5733 ¹⁹
600 5690 741 5756 Psal.
783 5717 902 5768 cm,
938 5702 994 5756 2.
1033 5702 1077 5732 ²⁰
1119 5690 1290 5756 Exod.
1314 5719 1462 5768 xxvi,
1504 5702 1588 5755 14.
1634 5690 1810 5757 ’(10ιί
1843 5720 1896 5757 tv

2006 5706 2035 5754 ι.
2090 5703 2133 5732 ’³
2170 5690 2324 5755 (lant.
2359 5716 2396 5765 ι,
2545 5697 2591 5729 ’³
2621 5690 2754 5751 1101).
2788 5713 2868 5760 ιιι,
2901 5696 2953 5749 7.
2997 5692 3061 5768 ἦ)
3089 5690 3417 5768 Ps_:}l_._Ct,_7.
3459 5692 3602 5768 "ill

326 5763 463 5839 Reg.
493 5790 591 5839 vit,
618 5773 704 5828 29.
778 5774 822 5803 ²⁶
860 5763 978 5828 Joh.
1008 5789 1198 5836 xxxrx,
1233 5774 1320 5828 16.
1392 5763 1604 5830 "Psal.
1643 5791 1727 5838 xc,
1760 5775 1811 5827 1.
1872 5777 1890 5805 ²

2006 5773 2086 5828 illi.
2116 5763 2460 5837 cxxxvttt,'9.
2543 5770 2587 5801 ²⁹
2613 5768 2758 5824 Psal.
2789 5782 2956 5830 van,
2987 5764 3072 5819 14.
3140 5763 3184 5795 ³⁰
3211 5763 3408 5819 Ezech.
3442 5780 3484 5831 ι,
3508 5763 3596 5818 11.

329 5843 374 5877 ⁸⁸
407 5843 535 5900 Lev.
559 5861 636 5908 xt,
661 5845 723 5911 9;
753 5846 907 5900 Deut.
937 5860 1045 5912 xlv,
1077 5845 1162 5900 19.
