3936 6328
563 296 696 351 1051

1195 294 1256 348 Β.
1299 293 1552 350 RABANI
1587 292 1809 351 MAURI
1846 293 2165 350 ABCIIIEP.
2207 290 2516 350 MOGUNT.
2555 289 2844 347 OPERUM
2880 288 3060 346 PARS
3095 291 3177 346 lli.

3580 305 3672 360 1032

562 404 745 460 medat
795 402 1031 458 fructum
1075 418 1362 473 pomorum
1409 420 1633 460 suorum
1681 407 1721 473 ί,
1758 425 1776 456 ι
1832 405 1888 460 id
1934 414 2036 472 est,
2085 413 2146 460 ut
2170 409 2219 470 Α
2247 415 2423 462 erant.
2465 403 2732 471 Porticus,
2767 405 3070 476 Synagoga,
3100 413 3159 458 ut
3193 405 3242 460 in
3267 404 3532 478 Evangelio:
3561 417 3673 473 «Am.

572 491 869 553 delectetur
898 496 1190 551 sanctitate
1225 496 1519 553 electorum
1547 512 1788 554 suorum.

639 588 885 660 Pontifex
921 597 1006 644 est
1027 587 1295 655 Christus,
1327 597 1388 644 ut
1416 589 1473 644 in
1495 591 1664 646 Paulo
1691 607 1704 642 :
1737 609 1757 641 ‹
1784 590 2033 646 Christus
2059 604 2144 646 as-

564 683 762 739 sistens
804 681 1051 754 pontifex
1078 681 1390 738 futurorum
1416 683 1682 739 bonorum
1715 685 1756 750 ’,
1791 703 1811 736 θ
1850 685 1995 754 quod
2030 683 2146 754 ipse

564 775 918 845 semetipsum
951 774 1006 829 in
1048 787 1145 828 ara
1172 774 1352 830 crucis
1376 774 1608 832 oﬁ'erens
1632 776 1774 831 bona
1812 784 2016 832 aeterna
2061 790 2147 832 re-

563 868 796 938 demptis
823 867 1073 923 contulit.

635 958 802 1015 Porta
831 970 916 1016 est
946 961 1216 1027 Christus,
1252 971 1312 1018 ut
1361 963 1415 1018 in
1443 963 1576 1020 Job:
1631 983 1649 1015 ι
1681 964 1865 1036 Longe
1896 964 2026 1020 ﬁent
2051 965 2146 1020 ﬁlii

563 1052 682 1121 ejus
713 1066 743 1104 a
770 1051 943 1106 salute
972 1061 1029 1108 et
1049 1054 1472 1108 ‘convertentur
1505 1054 1560 1108 in
1585 1062 1742 1125 porta
1757 1055 1792 1118 ³,
1823 1074 1840 1104 ι
1891 1055 2034 1126 quod
2063 1072 2150 1126 sy-

565 1159 777 1215 nagoga
819 1144 1001 1216 populi
1031 1160 1064 1199 a
1090 1160 1219 1200 vera
1267 1161 1326 1202 se
1362 1145 1534 1202 salute
1561 1147 1876 1219 elongantes
1902 1149 2150 1204 veniente

563 1235 778 1292 Christo
805 1253 902 1307 per
931 1237 1307 1294 inﬁdelitatem
1335 1241 1576 1311 corrupti
1603 1247 1748 1296 sunt.
1780 1240 1968 1310 Porta,
1998 1242 2151 1312 virgo

567 1329 756 1396 Maria,
784 1339 846 1384 ut
880 1329 938 1384 in
975 1329 1300 1387 Ezechiele:
1335 1352 1352 1384 ι
1380 1332 1542 1388 Porta
1594 1333 1710 1388 haec
1751 1333 1934 1390 clausa
1961 1335 1979 1356 ¹
2009 1342 2147 1400 erat,

565 1431 757 1478 etnon
787 1423 1125 1494 aperietur‘,
1159 1444 1178 1477 ι
1230 1425 1373 1495 quod
1426 1425 1596 1480 Maria
1649 1434 1704 1481 et
1756 1435 1884 1481 ante
1934 1433 2151 1496 partum

563 1511 899 1583 incorrupta,
936 1523 991 1570 et
1030 1523 1154 1586 post
1195 1526 1411 1587 partum
1466 1518 1668 1573 mansit
1727 1518 1910 1573 illaesa.
1963 1518 2149 1585 Porta,

565 1603 722 1670 ﬁdes,
771 1612 832 1659 ut
873 1606 932 1660 in
959 1605 1229 1663 Psalmis:
1269 1627 1287 1658 ι
1318 1605 1454 1663 Cum
1487 1608 1740 1679 loquetur
1778 1609 2012 1666 inimicis
2040 1610 2152 1666 suis

567 1692 622 1747 in
664 1702 820 1764 porta
839 1693 882 1760 ⁵,
914 1714 932 1746 ι
964 1695 1020 1750 id
1045 1703 1149 1761 est,
1176 1697 1391 1766 quando
1413 1696 1708 1768 disputabit
1729 1715 1852 1754 cum
1882 1699 2153 1755 liazreticis

2244 499 2464 556 bulabat
2498 497 2657 555 Jesus
2698 499 2753 553 in
2789 499 3011 569 templo,
3047 499 3320 568 importicu
3345 499 3671 576 Salomonis",.

2245 591 2389 662 quod
2414 589 2664 646 Christus
2690 597 2811 645 erat
2851 589 2905 642 in
2931 587 3130 644 mundo
3158 589 3210 643 in
3238 588 3480 663 Synagoga
3500 598 3601 664 apud
3618 595 3676 653 Ju-

2245 683 2408 738 daeos.
2447 679 2658 748 Ponte,
2705 680 2830 735 libri
2865 680 3083 751 legales,
3129 681 3266 736 utin
3292 682 3532 754 Evangelio
3553 705 3565 740 :
3590 709 3604 740 ι
3625 689 3679 746 pi.

2245 774 2393 829 scina
2416 773 2655 844 quinque
2672 771 2916 842 porticus
2937 771 3143 826 habens
3162 771 3224 837 ⁸⁸,
3256 790 3272 822 ι
3305 772 3352 826 id
3377 782 3463 840 est,
3487 775 3677 850 Synagoga

2248 865 2487 936 quinque
2513 863 2670 919 libris
2695 862 2898 934 Moysis
2935 862 3229 918 intendens.

2317 955 2477 1011 Porri
2501 963 2630 1012 sunt
2658 954 2846 1010 mundi
2881 952 3041 1023 hujus
3082 955 3442 1026 occupationes,
3466 960 3574 1014 utin
3593 960 3680 1017 libro

2247 1045 2470 1102 Numeri
2502 1064 2515 1098 :
2554 1065 2574 1098 ι
2609 1046 2670 1101 In
2714 1055 2952 1102 mentem
3001 1047 3154 1103 nobis
3189 1048 3390 1102 veniunt
3430 1056 3476 1103 et
3498 1052 3626 1120 porri,
3649 1064 3681 1110 et

2248 1152 2504 1207 pepones,
2540 1145 2598 1192 et
2622 1152 2942 1193 cucumeres
2980 1138 3048 1204 “,
3086 1158 3106 1190 ›
3141 1139 3273 1210 quod
3317 1141 3364 1194 in
3403 1156 3451 1195 se
3488 1143 3681 1198 admittunt

2251 1228 2537 1284 saeculares
2590 1229 2914 1301 voluptates,
2966 1239 3024 1284 et
3069 1230 3322 1284 vanitates
3361 1238 3409 1284 et
3447 1233 3680 1290 curiositate

2250 1323 2607 1378 mundialium
2646 1325 3085 1394 occupationum.

2321 1409 2483 1467 Porci
2536 1421 2664 1466 sunt
2711 1421 3113 1486 contemptores
3157 1412 3399 1476 veritatis,
3437 1421 3486 1468 ut
3522 1413 3561 1469 in
3577 1415 3682 1470 Eran-

2253 1504 2432 1575 gelio:
2477 1521 2496 1556 ι
2534 1503 2612 1560 Ne
2647 1504 2878 1559 mittatis
2931 1505 3247 1576 margaritas
3280 1513 3462 1560 vestras
3497 1516 3587 1561 ante
3611 1523 3682 1576 por-

2254 1611 2348 1651 cos
2375 1595 2442 1662 ’°,
2473 1615 2493 1649 ›
2535 1595 2591 1650 id
2641 1604 2752 1660 est,
2792 1611 2902 1650 non
2943 1597 3272 1666 participetis
3314 1611 3460 1652 sacraa
3494 1595 3683 1668 Scriptum

2257 1697 2469 1742 secreta
2520 1687 2986 1757 contemptoribus
3023 1689 3278 1744 veritatis.
3328 1686 3479 1753 Porci,
3518 1689 3682 1742 immundi

561 1801 660 1856 pro
708 1787 837 1842 ﬁdei
889 1787 1225 1846 defensione.
1265 1789 1451 1857 Porta,
1505 1806 1642 1861 opus
1685 1793 1932 1863 justirim,
1983 1803 2044 1849 ιη
2094 1795 2149 1849 in
2177 1777 2225 1838 B
2253 1781 2496 1851 spiritus,
2545 1789 2608 1834 ut
2643 1781 2696 1834 in
2733 1779 3030 1851 Evangelio
3066 1797 3078 1832 :
3128 1798 3148 1831 ι
3179 1779 3314 1834 Misit
3349 1779 3475 1833 illum
3515 1779 3555 1833 in
3577 1779 3682 1832 villam

561 1875 662 1932 Job
691 1895 702 1929 :
739 1897 757 1930 ι
793 1877 929 1933 Cum
953 1881 1314 1949 procedebam
1344 1882 1412 1937 ad
1459 1891 1672 1952 portam
1699 1885 1717 1906 ¹
1741 1885 2024 1942 charitatis
2046 1888 2090 1954 ⁸,
2126 1907 2143 1939 ι

562 1966 618 2022 id
652 1977 755 2034 est,
786 1971 1004 2040 quando
1047 1971 1193 2027 exivi
1241 1974 1487 2030 exterius
1525 1976 1594 2031 ad
1634 1992 1769 2047 Opus
1794 1976 2021 2047 justitia':
2061 1993 2150 2034 co-

564 2075 680 2115 ram
711 2062 852 2118 aliis.
909 2061 1104 2132 Porta,
1149 2065 1328 2121 exitus
1373 2068 1441 2122 ab
1487 2068 1589 2124 hac
1629 2069 1776 2136 vita,
1823 2079 1884 2124 ut
1929 2072 1982 2126 in
2017 2071 2151 2127 Eze-

562 2145 736 2201 chiele
755 2148 776 2178 "
807 2167 819 2201 :
849 2147 1120 2219 Propheta
1171 2151 1316 2207 intus
1367 2161 1520 2210 stans
1553 2155 1742 2212 oculos
1778 2157 2022 2212 exterius
2051 2158 2149 2212 ha-

562 2238 682 2293 buit
718 2240 784 2294 ad
809 2253 1045 2310 portam,
1077 2243 1220 2314 quod
1255 2245 1460 2302 electus
1493 2248 1722 2318 quisque
1756 2249 1811 2303 in
1839 2250 1943 2304 ﬁde
1966 2250 2152 2305 Eccle-

561 2330 658 2386 siae
681 2333 871 2388 vivens
914 2335 982 2389 ad
1008 2335 1217 2390 exitum
1257 2352 1413 2392 suum
1457 2338 1526 2393 ab
1554 2341 1658 2395 hac
1679 2341 1790 2395 vita
1821 2340 2151 2398 desiderium

562 2438 724 2477 suum
755 2425 1048 2479 extendere
1079 2425 1258 2492 debet,
1289 2436 1347 2480 ut
1379 2444 1502 2482 cum
1547 2428 1767 2486 Christo
1795 2447 1917 2488 esse
1960 2433 2149 2502 possit.

561 2510 670 2567 Per
707 2523 884 2581 portas
920 2515 1307 2583 praedicatores
1334 2557 1349 2583 ,
1399 2526 1458 2572 ut
1501 2519 1554 2573 in
1608 2519 1745 2575 lsaia
1774 2535 1788 2574 :
1823 2538 1842 2572 ι
1875 2521 1943 2576 Ει
1966 2530 2154 2592 portas

564 2607 684 2655 tuas
712 2600 766 2655 in
791 2600 998 2672 lapides
1029 2603 1270 2675 sculptas
1303 2606 1346 2672 ⁸,
1383 2627 1401 2660 ι
1435 2609 1579 2679 quod
1605 2609 1866 2666 Dominus
1892 2613 2154 2680 przedica-

565 2700 713 2747 tores
744 2703 948 2748 sanctae
973 2695 1232 2753 Ecclesiae
1255 2699 1414 2756 bonis
1443 2703 1654 2759 actibus
1675 2714 1924 2760 exornat.
1950 2704 2148 2772 Portre,

561 2793 794 2850 virtutes
847 2795 1101 2863 morales,
1155 2808 1212 2853 ut
1270 2800 1324 2855 in
1377 2800 1646 2858 Psalmis:
1685 2824 1702 2856 ‹
1756 2803 1978 2874 Aperite
2019 2805 2151 2860 mihi

561 2894 749 2955 portas
792 2885 1018 2955 justitiae
1042 2890 1086 2955 ⁸,
1117 2909 1136 2942 ι
1179 2890 1230 2946 id
1268 2900 1373 2960 est,
1404 2896 1634 2950 virtutes
1677 2896 1946 2952 bonorum
1999 2912 2150 2952 meo-

561 2993 680 3031 rum
735 2979 870 3034 mihi
921 2988 1080 3036 notas
1125 2980 1306 3040 facite.
1368 2983 1567 3052 Portaz,
1620 3003 1782 3058 opera
1813 2989 1976 3056 mala,
2009 2991 2149 3045 utin

2255 1889 2433 1939 suam,
2468 1881 2527 1927 ut
2552 1881 2802 1943 pasceret
2830 1888 3028 1944 porcos
3051 1873 3117 1939 “,
3153 1892 3172 1926 ι
3207 1872 3258 1928 id
3279 1884 3374 1937 est,
3400 1873 3538 1927 erexit
3559 1887 3638 1926 eum
3656 1874 3685 1924 iu

2254 1964 2584 2035 superbiam,
2616 1972 2676 2018 ut
2701 1963 2842 2019 male
2867 1964 3100 2020 vivendo
3121 1972 3354 2034 pasceret
3376 1963 3608 2017 immundos
3625 1963 3687 2032 spis

2256 2058 2410 2112 ritus.
2443 2055 2624 2123 Porci,
2655 2057 2903 2112 homines
2929 2057 3082 2124 mali,
3110 2067 3171 2112 ut
3194 2057 3245 2112 in
3272 2053 3684 2126 Evangelioz'tliit-

2255 2152 2353 2206 tite
2379 2167 2476 2206 vos
2511 2152 2564 2206 in
2594 2167 2812 2223 gregem
2865 2166 3159 2221 porcorum
3183 2150 3248 2216 ",
3281 2169 3298 2201 ι
3346 2148 3467 2218 quod
3507 2145 3687 2201 habitatio.

2255 2255 2381 2297 nem
2411 2233 2512 2296 sibi
2539 2240 2746 2312 eligunt
2771 2241 3048 2296 daemones
3085 2240 3140 2294 in
3175 2239 3404 2294 cordibus
3435 2237 3684 2306 reproborum.

2331 2332 2655 2388 Procurator
2685 2341 2768 2388 est
2793 2331 3067 2399 Christus,
3099 2340 3158 2387 ut
3184 2331 3236 2386 in
3263 2328 3544 2400 Evangelio:
3567 2347 3580 2377 ι
3604 2326 3688 2379 Dixit

2259 2426 2523 2481 Dominus
2547 2425 2888 2496 procuratori
2913 2424 3087 2480 vineae
3122 2438 3229 2479 sure
3250 2423 3312 2489 ³³,
3343 2441 3360 2474 ι
3388 2420 3504 2490 quod
3522 2417 3686 2479 Christus,

2259 2533 2420 2588 quem
2451 2526 2608 2588 pater
2631 2517 2892 2572 Ecclesiae
2933 2533 3048 2572 sua;
3070 2515 3372 2586 prmposuit,
3409 2511 3562 2582 inﬂue
3581 2508 3687 2564 mundi

2259 2609 2447 2664 reddet
2472 2608 2766 2679 unicuique
2785 2608 2938 2680 juxta
2968 2624 3105 2680 opus
3132 2623 3302 2663 suum.

2330 2702 2771 2775 Propitiatorium
2798 2711 2884 2759 est
2905 2703 3178 2770 Christus,
3203 2710 3261 2756 ut
3283 2701 3333 2755 in
3357 2697 3530 2754 Exodo:
3553 2693 3690 2749 «Facies

2259 2807 2313 2854 et
2371 2797 2806 2868 propitiatorium
2861 2797 2927 2852 de
2995 2812 3134 2852 auro
3179 2794 3443 2867 purissimo
3477 2790 3568 2855 “,i
3609 2783 3690 2856 quod

2251 2894 2492 2947 mundus
2516 2899 2677 2946 natus
2701 2898 2786 2945 est
2809 2889 2968 2944 nobis
2987 2887 3236 2945 Christus
3259 2887 3323 2943 ab
3347 2884 3470 2940 omni
3489 2887 3652 2953 peccato.

2333 2981 2708 3053 Propugnator
2732 2989 2814 3036 est
2849 2980 3123 3047 Christus,
3159 2989 3218 3035 ut
3267 2979 3319 3034 in
3349 2976 3495 3033 lsaia:
3521 2992 3535 3024 ι
3557 2970 3690 3039 Etpro-

561 3065 790 3124 Psalmis
816 3088 828 3123 :
861 3088 881 3121 ι
912 3069 1014 3138 Qui
1039 3073 1055 3092 ‘
1079 3073 1286 3130 exaltas
1312 3092 1400 3130 me
1435 3078 1501 3132 de
1534 3081 1705 3148 portis
1731 3081 1920 3136 mortis
1953 3081 2016 3146 ³ο,
2044 3101 2062 3133 ι
2100 3082 2154 3137 id
2191 3141 2224 3148 _
2259 3083 2529 3144 pugnator
2559 3072 2632 3128 sit
2667 3072 2737 3126 ad
2766 3071 2998 3127 salutem
3025 3072 3093 3138 ⁸⁸,
3127 3091 3147 3124 ›
3177 3069 3333 3141 quod,
3361 3079 3412 3123 ut
3439 3080 3518 3122 nos
3537 3062 3691 3118 Christus

562 3168 667 3226 est,
720 3161 813 3231 qui
861 3161 1058 3218 liberat
1103 3180 1189 3218 me
1234 3166 1300 3220 de
1339 3167 1496 3221 malis
1533 3141 1810 3239 operibus,
1837 3186 1933 3241 per
1952 3141 2073 3242 qum
2093 3172 2154 3227 ﬁt
2178 3141 2226 3204 Ο
2258 3141 2511 3232 salvaret,
2547 3165 2822 3222 diabolum
2853 3165 3204 3238 expugnavit.

564 3250 818 3307 introitus
872 3255 941 3309 ad
996 3257 1381 3325 perditionem.
1445 3259 1646 3328 Portae,
1676 3265 1914 3336 quinque
1961 3282 2154 3324 sensus

563 3344 808 3412 corporis
844 3346 1038 3412 nostri,
1061 3354 1122 3400 ut
1151 3348 1204 3402 in
1236 3348 1441 3404 Esdra:
1469 3351 1485 3371 ⁶
1514 3371 1532 3402 ι
1577 3353 1796 3409 Utinam
1832 3372 1939 3411 non
1982 3357 2152 3413 infer-

567 3441 690 3488 rent
717 3449 882 3490 onera
903 3451 1002 3507 per
1027 3447 1214 3507 portas
1248 3457 1374 3496 suas
1411 3441 1466 3496 in
1490 3443 1576 3499 die
1619 3446 1828 3500 sabbati
1854 3448 1921 3514 “,
1961 3469 1978 3500 ι
2012 3451 2157 3520 quod

569 3533 836 3596 quotquot
891 3527 946 3582 in
987 3529 1235 3587 claritate
1285 3533 1512 3590 interna:
1567 3537 1765 3605 quietis
1815 3555 2022 3607 sumus,
2054 3557 2156 3598 nec

571 3631 670 3686 per
699 3616 875 3671 visum
919 3619 1206 3677 admittere
1261 3624 1518 3681 debemus
1554 3629 1874 3698 vanitatem,
1932 3647 2031 3687 nec
2060 3649 2158 3703 per

569 3707 839 3774 auditum,
871 3711 1278 3781 curiositatem;
1323 3731 1423 3772 nec
1454 3731 1553 3788 per
1585 3718 1864 3786 olfactum,
1913 3722 2158 3794 volupta-

571 3807 710 3865 tem;
745 3815 846 3856 nec
877 3817 976 3872 per
1005 3813 1243 3876 gustum,
1277 3807 1632 3878 edacitatem;
1665 3827 1764 3868 nec
1796 3829 1893 3884 per
1928 3821 2156 3884 tactum,

569 3889 964 3960 impuritatem.
1017 3895 1124 3951 Per
1167 3907 1369 3967 portas,
1417 3903 1841 3959 consuetudines
1869 3921 2070 3976 pravae,
2100 3916 2160 3961 ut

567 3981 622 4036 in
655 3981 885 4041 Psalmis
917 4005 930 4040 :
967 4005 986 4037 ι
1023 3986 1177 4056 Quod
1217 3992 1480 4048 contrivit
1530 4003 1717 4065 portas
1752 4011 1924 4052 aereas
1953 3998 2020 4064 “,
2053 4018 2072 4048 ι
2107 3998 2160 4054 id

567 4081 668 4141 est,
717 4076 884 4132 duras
920 4078 1204 4149 pravitatis
1251 4085 1668 4142 consuetudines
1708 4087 1996 4143 destruxit.
2056 4088 2162 4144 Per

565 4177 765 4238 portas,
791 4169 1052 4227 doctrinae
1077 4173 1481 4242 haereticorum,
1511 4186 1574 4232 ut
1603 4178 1660 4232 in
1685 4177 2013 4254 Evangelio:
2038 4202 2056 4235 ι
2095 4183 2163 4238 Ει

566 4268 735 4329 porta:
765 4260 1060 4318 inferorum
1090 4281 1197 4322 non
1227 4269 1594 4337 praevalebunt
1619 4271 1671 4326 ei
1697 4271 1764 4338 ¹³,
1797 4293 1816 4326 ›
1849 4275 1993 4343 quod
2019 4292 2162 4332 verae

571 4351 695 4405 ﬁdei
755 4353 1088 4411 confessioni
1142 4359 1402 4414 doctrinae
1453 4361 1722 4418 haeretica:
1767 4365 2024 4421 resistere
2051 4382 2160 4422 non

567 4455 813 4514 possunt.
864 4446 968 4502 Per
1019 4459 1197 4520 portas
1245 4453 1494 4508 doctores
1543 4453 1738 4524 iniqui,
1794 4464 1855 4510 ut
1910 4457 1965 4511 in
2019 4455 2156 4514 Job:

577 4557 594 4589 ι
626 4539 817 4595 Portas
843 4541 1022 4596 vultus
1051 4541 1167 4612 ejus
1196 4545 1316 4614 quis
1343 4547 1553 4616 aperuit
1581 4547 1658 4602 "'2
1687 4569 1704 4599 ι
1734 4551 1878 4620 quod
1902 4551 2162 4608 Dominus

571 4631 944 4700 deceptionem
993 4634 1288 4706 impiorum
1340 4636 1624 4694 doctorum
1650 4639 1911 4696 Ecclesiae
1935 4657 2046 4697 sua:
2076 4659 2161 4698 re-

571 4722 788 4778 velavit.
841 4725 946 4780 Per
975 4735 1181 4792 portum
1217 4729 1466 4785 ultimum
1499 4730 1793 4798 Judicium,
1826 4742 1886 4788 ut
1913 4734 1965 4788 in
1994 4734 2159 4790 Para-

571 4812 713 4870 bolis
743 4829 756 4869 :
793 4835 812 4866 ‹
847 4815 1054 4874 Nobilis
1102 4820 1156 4873 in
1190 4821 1364 4890 portis
1403 4823 1486 4876 vir
1519 4822 1727 4891 ejus”,
1760 4846 1777 4876 ι
1820 4826 1964 4896 quod
1993 4825 2047 4881 in
2078 4827 2157 4881 ul-

574 4907 707 4963 timo
744 4906 952 4976 judicio
986 4912 1276 4982 apparebit
1323 4915 1571 4972 sublimis
1601 4916 1852 4974 Christus
1877 4929 1930 4974 et
1955 4920 2158 4990 glorio-

571 5014 686 5064 sus,
721 5016 813 5070 qur
847 5002 937 5056 hic
969 5001 1069 5057 fuit
1099 5004 1320 5061 humilis
1358 5006 1724 5077 etjudicatus.

651 5089 887 5147 Porticus
918 5104 1103 5164 patres
1134 5105 1262 5153 sunt
1289 5099 1520 5170 antiqui,
1553 5111 1613 5157 ut
1646 5103 1701 5158 in
1732 5103 1884 5160 libris
1915 5104 2158 5175 Regum:

581 5204 596 5231 ε
627 5181 874 5240 Porticus
916 5195 1034 5242 erat
1063 5198 1190 5244 ante
1235 5191 1493 5262 templum
1541 5195 1604 5260 “3,
1640 5215 1658 5246 ι
1695 5198 1840 5266 quod
1870 5207 2162 5270 antequam

576 5285 986 5334 construerctur
1015 5281 1068 5335 in
1101 5281 1386 5350 Gentibus,
1413 5292 1595 5354 patres
1633 5288 1841 5344 antioui
1886 5291 1941 5346 in
1977 5290 2162 5349 Judaa

650 5487 670 5577 ¹ν
686 5486 846 5577 Cant.
879 5507 960 5577 tv,
980 5493 1119 5577 ιρι]
1148 5492 1283 5577 Ideo.
1307 5512 1382 5561 ιιι,
1410 5498 1500 5577 li.
1530 5498 1670 5577 {iob
1693 5517 1744 5577 v,
1767 5502 1824 5556 4.
1879 5505 1898 5533 ⁸⁵
1917 5503 2126 5577 Ezech.

2266 5523 2314 5574 ν,
2341 5508 2396 5562 2.
2448 5509 2470 5540 ⁵
2493 5509 2636 5566 Psal.
2667 5525 2849 5577 cxxvt,
2879 5509 2932 5565 5.
2984 5510 3004 5542 ⁸
3023 5509 3122 5567 Job
3141 5523 3287 5573 χχιι,
3311 5505 3356 5559 7.

2331 3265 2744 3338 PrOpugnacula
2784 3273 2910 3321 sunt
2946 3264 3232 3330 miracula,
3255 3271 3314 3320 ut
3339 3263 3390 3318 in
3415 3257 3606 3315 Cantico:
3625 3270 3636 3301 ι
3655 3248 3693 3302 Et

2258 3360 2522 3416 mdiﬁcata
2566 3367 2650 3415 est
2700 3375 2824 3414 cum
2849 3359 3272 3432 propugnaculis
3291 3357 3354 3422 ",
3390 3375 3405 3406 ι
3439 3351 3548 3425 quod
3568 3351 3694 3404 sant“?

2259 3471 2380 3509 rum
2409 3453 2673 3510 miracula
2706 3469 2876 3509 sacra:
2903 3455 3064 3509 nobis
3095 3453 3363 3522 Scriptura
3397 3444 3590 3539 ostendit.
3619 3437 3695 3539 ξη-

2258 3546 2582 3617 pugnacula,
2615 3545 2950 3601 munimenta
2981 3545 3392 3617 Scripturarum,
3415 3549 3464 3594 ut
3482 3539 3523 3593 in
3539 3534 3692 3590 (Italico!

2267 3658 2284 3688 σ
2323 3637 2498 3708 Super
2530 3653 2654 3694 eum
2704 3638 3115 3708 propugnacula
3145 3639 3162 3657 '
3192 3643 3448 3708 argentum
3487 3631 3577 3694 ".t
3613 3618 3694 3692 (ιιιθά

2260 3731 2508 3787 Ecclesia
2539 3746 2695 3788 sacra
2725 3740 2809 3786 est
2832 3731 3132 3802 Scripturae
3159 3726 3480 3786 munimentis
3500 3720 3678 3816 robontt.

2337 3824 2522 3880 Postes
2575 3833 2700 3880 sunt
2738 3825 2978 3881 hominis
3049 3841 3249 3897 corpus
3305 3831 3356 3878 et
3389 3819 3565 3880 anima,
3597 3818 3636 3865 ut
3663 3822 3691 3860 II

2263 3918 2448 3974 Exodo
2475 3937 2487 3972 :
2523 3937 2542 3968 ι
2581 3918 2651 3973 Ει
2678 3927 2881 3987 ponent
2911 3918 2978 3972 de
3009 3919 3271 3990 sanguine
3293 3914 3405 3988 agni
3431 3923 3555 3980 super
3578 3913 3697 3959 utrum-
3802 3927 3803 3978 χ

2262 4026 2367 4081 que
2385 4009 2682 4081 postem”,
2704 4029 2724 4063 ι
2752 4018 2814 4064 ut
2839 4025 3038 4080 corpus
3071 4010 3271 4066 Christi
3299 4016 3351 4065 et
3371 4019 3454 4062 ore
3476 3997 3698 4092 sumamustt
3802 4033 3803 4094 ξ

2262 4112 2445 4158 mente
2472 4103 2769 4175 capiamus.
2823 4101 3028 4171 Postes,
3081 4103 3204 4158 libr‘i
3235 4097 3648 4170 Evangeliorum.ut
3669 4097 3697 4134 “'

2264 4197 2420 4252 libris
2449 4195 2655 4269 Regum
2681 4211 2696 4251 :
2732 4215 2754 4250 ι
2784 4195 2937 4253 Fecit
2968 4198 3021 4252 in
3054 4197 3272 4255 introitu
3299 4191 3461 4264 templi
3479 4193 3611 4282 postea
3626 4178 3695 4282 ’κζ

2263 4288 2408 4358 quod
2459 4287 2526 4341 ad
2571 4286 2734 4343 ﬁdem
2778 4285 3036 4342 Ecclesiae
3081 4303 3181 4361 per
3219 4285 3376 4342 libros
3416 4272 3697 4348 Evangelioruo

2267 4377 2550 4432 introitum
2575 4377 2861 4434 habemus.

2339 4465 2585 4523 Potentes
2617 4477 2744 4524 sunt
2768 4469 2870 4524 viri
2898 4470 3094 4536 sancti,
3111 4470 3166 4525 in
3192 4471 3328 4526 bono
3346 4465 3560 4528 fortes,ut
3577 4446 3697 4509 inJob:

2275 4578 2291 4606 ε
2327 4558 2470 4615 Deus
2504 4568 2754 4630 potentes
2778 4577 2891 4618 non
2919 4562 2939 4582 θ
2968 4561 3160 4618 habuit
3183 4562 3248 4626 ³⁰,
3285 4580 3302 4612 ι
3333 4559 3382 4614 id
3405 4564 3490 4622 est.
3513 4549 3699 4630 τίποωηῖ

2267 4657 2385 4704 ctos
2414 4649 2470 4704 in
2514 4651 2657 4706 bono
2685 4665 2851 4722 opere
2875 4651 3044 4710 fortes
3075 4670 3182 4710 non
3210 4649 3398 4707 deserit
3419 4648 3431 4667 ‘
3449 4647 3616 4716 potentes
3634 4630 3672 4686 de

2266 4758 2342 4806 se,
2371 4741 2427 4796 id
2453 4750 2560 4808 est,
2591 4744 2852 4814 superbos
2881 4760 2914 4799 a
2941 4745 3050 4801 lsua
3081 4745 3264 4815 dejicit
3295 4741 3537 4799 electione.

2344 4832 2483 4888 Puer
2511 4842 2595 4892 est
2635 4813 2906 4904 Christus,
2939 4846 3000 4892 ut
3048 4839 3101 4892 in
3142 4813 3278 4894 lsaia
3321 4851 3335 4889 :
3366 4853 3382 4886 ι
3409 4832 3524 4887 Puer
3544 4813 3700 4895 part“lus

2265 4927 2496 4984 minabit
2539 4943 2634 4984 eos
2655 4929 2725 4995 “,
2763 4949 2780 4981 ι
2817 4930 2960 5000 quod
2996 4931 3196 4988 electos
3223 4943 3363 4995 suos,
3403 4939 3463 4980 ne
3482 4913 3625 4976 mundo
3649 4917 3700 4973 [tt

2266 5023 2522 5079 affectum
2570 5024 2848 5080 adhmreat
2880 5027 2896 5045 ‘
2943 5025 3157 5083 Christo
3197 5021 3400 5080 humilis
3433 5031 3512 5088 per
3545 5008 3698 5094 “more?”

2265 5127 2424 5168 suum
2452 5113 2682 5169 interius
2719 5122 2908 5170 terret.
2940 5115 3100 5181 Puer,
3141 5113 3357 5188 populus
3380 5098 3698 5164 Judaictts,u““

2267 5202 2562 5276 Evangelio
2591 5223 2604 5261 :
2644 5224 2663 5257 ι
2699 5205 2794 5262 Est
2827 5223 2964 5277 puer
2993 5223 3130 5264 unus
3164 5207 3250 5263 hic
3271 5206 3335 5271 ”,
3370 5221 3387 5256 ι
3425 5198 3470 5254 id
3500 5201 3576 5292 et}:

2267 5293 2353 5353 lus
2389 5295 2647 5356 Iudaicus
2671 5313 2836 5356 sensu
2860 5300 3104 5373 puerilis.
3151 5299 3253 5355 Per
3273 5309 3440 5368 puero:
3463 5281 3626 5360 quilibet
3653 5281 3698 5319 ω·

3403 5501 3420 5532 1
3440 5490 3589 5554 Ειερδ,
3608 5479 3697 5554 1111-.

575 5553 600 5592 ⁸
630 5559 742 5647 ¹⁵³;.
760 5545 1033 5647 Ludi“
1055 5545 1881 5647 “aisais-1.2-:Vr'saifix.
1907 5545 2145 5632 i'i'j‘ﬁ'ir

2266 5545 2462 5645 ᾖίῗῦιι,
2488 5545 2963 5647 ῖιῖῗἹεῚῖξᾶιῖὶῖὶ,
2995 5545 3356 5636 adificiis:
3377 5545 3557 5647 ιῖιῖίξ-
3584 5545 3699 5647 fi’t"

577 5645 688 5718 ξιι,
712 5632 766 5684 5.
801 5634 843 5665 ⁸³⁵
874 5634 1212 5718 Ριιρχκξξξι,
1236 5637 1326 5718 ῼῗ).
1376 5639 1418 5669 ¹⁶
1445 5639 1776 5718 lli_lieg._\_'t,
1806 5632 1878 5700 5.,
1928 5648 1969 5679 ¹τ
1993 5647 2148 5703 Joan.

2266 5632 2270 5633 ⁷
2289 5632 2385 5704 εῖὶέ
2404 5632 2661 5706 "it—toan.
2691 5632 2850 5718 ’νζῖιῂ
2864 5632 2886 5636 ⁷
2899 5632 3120 5708 suum.
3147 5632 3292 5714 x35.

3361 5614 3406 5676 ’ἶ
3417 5614 3568 5695 idid.
3584 5641 3648 5681 VII.
3665 5614 3696 5668 ⁸·

581 5701 621 5730 ιι
655 5703 785 5790 Luto.
811 5706 1090 5790 xiv-215.."
1116 5695 1306 5790 Matpll,
1335 5712 1574 5790 Dur-5!.
1606 5695 2153 5790 ,ghiggillhxxigfa

2266 5695 2377 5776 ,οἶιῗ
2395 5695 2661 5788 χχνζΤ-ἱῗ
2679 5695 2730 5754 εἰ
2745 5695 2856 5778 ἲὲεὶῖ
2886 5695 3126 5790 ιχῖίιῗῖζ
3148 5695 3219 5752 "'3’
3233 5695 3376 5776 65m.
3401 5725 3464 5774 iv,
3487 5708 3526 5760 t.
3548 5701 3580 5733 ³⁷
3601 5695 3695 5750 Cat"-

583 5784 702 5838 vm,
728 5773 778 5827 9.
811 5776 856 5805 ³⁸
885 5775 1055 5831 Exod.
1083 5795 1182 5846 xu,
1226 5779 1311 5835 i7.
1343 5781 1386 5811 “
1415 5781 1480 5836 Ill
1507 5782 1640 5852 Reg.
1670 5801 1745 5851 vr,
1773 5788 1826 5842 5.
1862 5787 1906 5820 ³ο
1951 5773 2073 5846 Job.
2118 5807 2151 5846 ιι

2267 5773 2489 5860 ι’,ᾖεῖῖί
2510 5773 2616 5850 is;
2631 5773 2642 5776 ⁷
2660 5810 2737 5862 χι,
2752 5773 3168 5861 ’(ξΞ”³³”ῙόΞιὶ.ἰι,
3199 5792 3249 5849 9.
