3936 6328
265 403 420 460 1035

1247 398 1664 458 ΔιιΕϐΟΚΙΔΕ
1706 395 1774 453 ΙΝ
1813 397 2094 457 SACBAM
2132 399 2596 465 SCRIPTUM.

3393 407 3529 470 ιρδι

265 521 532 575 nocentes
556 555 574 582 ,
608 521 672 572 ut
719 515 774 573 in
798 515 1030 575 Psalmis
1057 533 1072 572 :
1111 535 1130 570 ι
1167 517 1426 586 Laudate,
1472 520 1643 589 pueri,
1675 518 1858 574 Dami-
1883 526 1935 582 Α
1959 538 2078 592 quae
2110 524 2248 596 agis,
2285 527 2337 580 in
2361 523 2772 582 subtilissimum
2797 523 3178 584 discretionem
3200 525 3532 584 distinxeris.

264 626 401 668 num
435 610 474 674 ⁸,
515 629 534 661 ι
570 609 716 679 quod
743 608 819 662 illi
847 610 1006 680 digne
1047 609 1334 664 Dominum
1373 609 1592 664 laudant
1631 609 1722 678 qui
1771 610 1854 664 in-

265 705 532 755 nocentes
563 697 630 750 ad
661 696 835 751 instar
859 712 1152 766 puerorum
1180 707 1235 753 et
1261 698 1536 768 simplices
1577 705 1722 754 sunt.
1750 698 1855 753 Per

263 806 472 865 pueros
525 788 764 846 cmlestis
816 791 1006 860 patriae
1051 791 1218 856 cives,
1273 799 1334 844 ut
1385 791 1438 844 in
1500 789 1787 861 Evangelia
1835 807 1849 844 :

269 901 294 937 ι
334 883 497 938 Pueri
543 881 647 936 mei
695 897 908 937 mecum
938 889 1066 937 sunt
1106 882 1160 936 in
1190 881 1354 936 cubili
1383 882 1426 946 ',
1465 901 1484 933 ι
1520 882 1664 950 quod
1709 881 1855 936 cives

265 974 525 1032 caelestes
573 973 629 1028 in
657 979 860 1027 aeterna
894 972 1076 1041 quiete
1122 970 1394 1026 exsultant
1439 985 1561 1028 cum
1604 969 1852 1024 Domina.

265 1067 380 1122 Per
407 1078 603 1134 pueros
629 1061 822 1128 Judaei,
853 1071 913 1117 ut
952 1062 1010 1117 in
1045 1061 1202 1124 libris
1239 1061 1446 1132 Regum
1475 1078 1489 1115 :
1530 1081 1549 1114 ι
1582 1061 1652 1116 Ει
1693 1062 1711 1090 ‘
1740 1049 1877 1116 lac?

266 1165 530 1212 taverunt
556 1169 623 1210 ex
667 1154 749 1209 eis
777 1153 1137 1224 quadraginta
1167 1153 1301 1210 duos
1339 1167 1536 1223 pueros
1565 1153 1610 1218 ³,
1646 1173 1664 1204 ι
1691 1153 1854 1222 quod,

265 1245 634 1316 quadraginta
663 1244 872 1300 duabus
919 1245 1076 1300 annis
1119 1253 1244 1316 post
1282 1245 1592 1315 passionem
1643 1243 1858 1300 Domini

263 1337 535 1408 peractis,
565 1336 923 1407 imperatores
947 1336 1362 1392 devastaverunt
1388 1336 1619 1392 Judazos.

345 1428 538 1484 Pullus
565 1436 650 1484 est
694 1427 993 1498 gentilitas,
1037 1437 1098 1482 ut
1136 1429 1192 1482 in
1219 1427 1511 1498 Evangelia
1539 1446 1552 1482 :
1586 1429 1604 1448 ·
1637 1446 1656 1478 ι
1701 1427 1856 1483 Inve-

265 1536 396 1578 nies
436 1521 643 1575 asinam
671 1516 944 1590 alligatam
974 1527 1030 1572 et
1057 1518 1262 1588 pullum
1297 1533 1420 1573 cum
1465 1533 1529 1573 ea
1578 1517 1632 1584 ’⁵,
1664 1538 1682 1570 ι
1713 1517 1860 1588 quod

265 1619 570 1679 utrumque
595 1607 872 1679 populum,
915 1607 1198 1664 Judaicum
1238 1617 1293 1663 et
1333 1608 1609 1679 gentilem,
1645 1607 1861 1663 funibus

267 1709 620 1773 peccatorum
653 1699 878 1770 ligatum
905 1698 1135 1769 apostoli
1173 1700 1511 1754 invenerunt.
1546 1699 1650 1754 Per
1687 1698 1860 1768 pullos

267 1792 528 1864 apostoli,
555 1799 616 1845 ut
637 1791 690 1844 in
713 1789 815 1846 Job
839 1805 854 1844 :
893 1809 911 1840 ι
941 1789 1204 1856 Quoniam
1233 1791 1364 1861 pulli
1405 1792 1638 1862 ejus.....
1667 1811 1687 1845 ι
1716 1792 1860 1862 quod

268 1884 507 1956 apostoli
561 1884 805 1954 gentium
855 1885 1086 1941 salutem
1137 1901 1335 1958 magno
1391 1886 1586 1943 affectu
1635 1896 1858 1959 exopta-
1885 1881 1934 1941 B

269 1975 430 2030 bant.
474 1973 579 2028 Per
625 1973 799 2044 pullos
827 1975 1074 2031 homines
1099 1975 1171 2032 de
1215 1977 1484 2045 gentibus,
1526 1987 1588 2033 ut
1624 1980 1680 2034 in
1709 1978 1860 2034 Psal-

267 2065 428 2120 mis:
468 2083 487 2115 ι
537 2064 606 2119 Ει
633 2063 797 2135 pullis
824 2079 1116 2121 corvorum
1157 2065 1536 2124 invocantibus
1573 2083 1698 2125 eum
1741 2069 1784 2122 ⁵.
1832 2087 1853 2122 ι

265 2157 380 2212 Per
405 2155 576 2226 pullos
613 2157 910 2222 auditores,
948 2164 1009 2212 ut
1056 2158 1110 2212 in
1139 2155 1241 2213 Job
1273 2173 1288 2212 :
1325 2177 1343 2210 ι
1379 2159 1516 2214 Pulli
1559 2159 1676 2231 ejus
1717 2160 1858 2216 lam-

265 2249 412 2304 bunt
437 2249 752 2319 sanguinem
795 2249 837 2318 ⁸,
882 2270 902 2303 ι
949 2250 1094 2320 quod
1132 2249 1319 2308 ﬁdeles
1359 2253 1634 2309 auditores
1677 2269 1861 2310 sacra-

265 2348 456 2394 menta
509 2341 776 2410 passionis
819 2340 1038 2398 Christi
1106 2341 1344 2400 ﬁdeliter
1398 2344 1666 2402 credendo
1723 2345 1857 2399 hau-

264 2431 441 2485 riunt.

345 2520 529 2577 Pulvis
565 2530 650 2578 est
686 2521 991 2580 fecunditas
1027 2526 1350 2590 sanctitatis,
1393 2533 1456 2581 ut
1492 2525 1547 2581 in
1584 2525 1807 2584 Cantica
1840 2545 1854 2582 :

271 2630 294 2663 ε
341 2611 410 2666 Ει
447 2612 687 2668 universi
712 2613 950 2684 pulveris
987 2614 1330 2686 plgmentarii
1377 2617 1421 2682 ",
1465 2633 1484 2667 ι
1521 2616 1573 2670 id
1605 2625 1707 2683 est,
1735 2615 1858 2671 uni-

261 2718 443 2759 versa:
468 2704 827 2761 fecunditates
869 2708 886 2727 ‘
924 2706 1176 2761 virtutes.
1218 2705 1322 2760 Per
1353 2705 1636 2775 pulverem,
1665 2707 1860 2764 levitas

263 2797 495 2862 mentis,
532 2805 595 2852 ut
629 2797 685 2852 in
722 2797 1014 2870 Evangelia
1051 2815 1063 2851 :
1122 2817 1139 2850 ι
1184 2795 1441 2853 Excutite
1478 2799 1751 2869 pulverem
1791 2801 1860 2855 de

264 2889 499 2960 pedibus
535 2890 732 2946 vestris
779 2891 826 2957 ⁸,
871 2911 891 2944 ι
937 2891 990 2946 id
1029 2897 1146 2956 est,
1203 2891 1420 2962 abjicite
1472 2893 1748 2949 levitatem
1787 2881 1860 2949 "de

265 2980 553 3037 affectibus
590 2983 805 3038 vestris.
831 2982 1064 3054 ,Pulvis,
1100 2982 1372 3039 instabilis
1417 2985 1668 3055 quisque,
1709 2994 1769 3040 ut
1803 2987 1858 3040 in

265 3071 502 3128 Psalmis
539 3091 551 3126 :
591 3093 609 3124 ‹
657 3073 937 3146 Tanquam
971 3074 1181 3145 pulvis,
1222 3088 1382 3144 quem
1414 3075 1630 3145 proiicit
1663 3085 1858 3134 ventus

265 3179 303 3218 a
337 3161 498 3234 [facie
537 3163 719 3236 terrae]
745 3163 790 3231 ’,
831 3184 850 3218 ι
892 3165 946 3219 id
975 3174 1079 3231 est,
1121 3163 1393 3220 instabilis
1433 3167 1663 3236 quisque
1695 3182 1857 3236 quem

1958 611 2162 680 Pulvis,
2192 614 2453 685 fragilitas
2505 617 2755 684 hominis,
2801 625 2861 672 ut
2899 617 2952 672 in
2982 617 3212 673 Psalmis
3257 633 3272 672 :
3322 637 3342 669 ι
3373 617 3442 674 Ει
3478 618 3532 673 in

1956 705 2234 777 pulverem
2260 724 2416 763 suum
2451 717 2790 764 revertentur
2815 709 2882 775 ¹¹¹,
2917 728 2936 761 ι
2969 709 3022 763 id
3051 716 3157 774 εει,
3186 708 3342 764 ιοΙΙεε
3364 712 3430 765 ιιι)
3452 710 3534 766 eis

1957 801 2208 870 Spiritum
2237 801 2524 870 superbiae,
2569 810 2625 856 et
2653 802 2722 856 ad
2751 815 2810 856 se
2839 799 3229 870 humiliandum
3269 798 3536 872 fragilita-

1959 900 2065 946 tem
2096 905 2248 945 suam
2274 891 2569 946 attendent.
2613 889 2817 957 Pulvis,
2845 891 3076 962 putredo.
3117 891 3338 946 humani
3367 905 3533 961 gene-

1955 981 2034 1036 ris
2073 995 2171 1050 per
2215 991 2466 1048 mortem,
2511 989 2572 1036 ut
2616 981 2668 1036 in
2695 980 2838 1036 Job:
2875 1001 2894 1032 ι
2941 980 3096 1036 Sicut
3144 981 3315 1036 lutum
3357 980 3539 1037 fecisti

1958 1087 2045 1128 me
2071 1073 2135 1139 η,
2169 1092 2188 1124 ι
2222 1072 2276 1126 id
2300 1082 2403 1138 est,
2431 1073 2498 1128 de
2528 1081 2667 1128 terra
2696 1072 2873 1128 fecisti
2901 1087 3099 1143 corpus
3124 1087 3324 1138 meum,
3353 1081 3404 1127 et
3440 1074 3498 1126 in
3519 1080 3537 1099 ‘
3565 1063 3572 1068 ’

1957 1163 2280 1233 putredinem
2307 1170 2431 1233 post
2456 1170 2686 1218 mortem
2716 1163 2927 1234 rediges
2951 1162 3101 1217 illud.

2032 1251 2292 1308 Pulvillus
2338 1261 2423 1308 est
2467 1253 2705 1308 adulatio
2733 1294 2748 1318 ,
2793 1262 2876 1309 ut'
2899 1253 2955 1308 in
3005 1252 3289 1310 Ezechiele
3321 1270 3338 1309 :
3375 1271 3397 1306 ι
3433 1251 3539 1322 Qui

1847 1381 1850 1384 ~
1958 1357 2228 1405 consuunt
2267 1347 2518 1418 pulvillos
2561 1347 2661 1402 sub
2687 1347 2835 1402 omni
2877 1346 3058 1402 cubita
3102 1361 3294 1402 manus
3321 1345 3389 1413 ¹’,
3423 1365 3444 1400 ι
3485 1347 3540 1403 id

1959 1448 2063 1505 εει,
2093 1439 2185 1509 qui
2231 1437 2505 1508 componit
2549 1419 2885 1493 adulationes
2930 1436 2986 1490 in
3019 1437 3167 1492 omni
3211 1434 3542 1506 operationis

1959 1528 2312 1602 perfectione.

2033 1622 2318 1676 Plumbum
2342 1629 2428 1678 est
2460 1619 2766 1694 Synagoga,
2798 1628 2860 1675 ut
2897 1621 2955 1676 in
2987 1619 3090 1676 Job
3135 1638 3149 1674 :
3189 1638 3208 1670 ι
3243 1619 3312 1674 Et
3337 1617 3542 1689 plumbi

1961 1716 2162 1771 lamina
2184 1715 2272 1770 vel
2299 1723 2448 1771 certe
2469 1715 2538 1781 '°,
2575 1735 2595 1768 ι
2621 1716 2764 1786 quod
2797 1715 2852 1769 in
2878 1713 3162 1785 Synagoga
3181 1713 3215 1748 "
3232 1721 3358 1769 octo
3375 1713 3542 1766 verba

1963 1807 2059 1862 Dei
2085 1815 2458 1878 susceperunt,
2501 1815 2560 1861 et
2583 1807 2692 1861 cita
2720 1804 3064 1874 abjecerunt;
3099 1814 3156 1859 et
3177 1812 3362 1876 gentes
3387 1803 3542 1858 tarde

1961 1907 2301 1968 receperunt,
2353 1904 2410 1952 et
2460 1897 2550 1952 diu
2593 1897 2948 1951 retinuerunt.
2998 1893 3302 1961 Plumbum,
3333 1891 3544 1964 pondus

1959 1990 2192 2060 peccati,
2235 1997 2296 2043 ut
2345 1989 2398 2042 in
2439 1987 2748 2044 Zacharia:
2805 2005 2824 2037 ι
2859 1987 3001 2042 Ecce
3042 1985 3302 2040 talentum
3339 1983 3544 2052 plumbi

1959 2080 2282 2150 portabatur
2316 2079 2386 2146 “,
2436 2098 2454 2130 ι
2488 2079 2541 2134 id
2583 2088 2685 2143 est,
2724 2077 3040 2149 magnitudo
3065 2076 3272 2146 peccati
3303 2075 3543 2145 angeba-

1961 2178 2068 2224 tur.
2099 2167 2405 2234 Plumbum,
2439 2167 2703 2233 diabolus,
2750 2176 2809 2222 ut
2836 2168 2890 2222 in
2939 2165 3164 2221 Exodo:
3201 2183 3221 2215 ι
3256 2163 3539 2219 Submersi

1960 2268 2087 2316 sunt
2131 2260 2287 2330 quasi
2328 2259 2607 2329 plumbum
2660 2259 2716 2313 in
2751 2257 2907 2328 aquis
2937 2254 3349 2312 vehementibus
3396 2254 3461 2314 ”,
3519 2272 3538 2303 ι

1960 2352 2102 2420 quod
2137 2351 2278 2406 sicut
2305 2351 2549 2406 diabolus
2579 2351 2795 2416 cecidit,
2831 2357 2886 2404 et
2914 2349 2996 2404 sic
3029 2346 3268 2418 reprobi,
3308 2345 3402 2414 qui
3430 2341 3548 2411 ejus

1960 2446 2206 2502 membra
2245 2453 2388 2509 sunt,
2430 2444 2486 2498 in
2525 2457 2715 2514 poenas
2749 2440 3039 2496 infemales
3076 2445 3260 2492 ruunt.

2032 2537 2224 2592 Pluvia
2255 2545 2337 2592 est
2379 2544 2570 2591 sancta
2605 2533 2941 2604 praedicatio,
2973 2537 3031 2584 ut
3074 2529 3132 2584 in
3157 2527 3258 2583 Job
3304 2545 3318 2581 :
3355 2544 3376 2576 ι
3413 2523 3548 2592 Quis

1961 2637 2044 2683 est
2075 2627 2269 2698 pluviae
2299 2636 2456 2696 pater
2479 2626 2559 2679 ’3?
2598 2646 2617 2678 ι
2650 2627 2792 2680 Deus
2821 2621 3092 2682 videlicet,
3122 2619 3217 2690 qui
3258 2633 3354 2689 per
3383 2617 3550 2686 inspi-

1961 2717 2231 2771 rationem
2265 2731 2420 2770 suam
2450 2714 2892 2785 praedicationem
2934 2709 3246 2766 doctoribus
3293 2705 3547 2762 infundit.

1962 2803 2174 2870 Pluvia,
2201 2805 2413 2860 interna
2443 2805 2652 2876 gratia,
2680 2810 2742 2857 ut
2789 2803 2844 2856 in
2885 2799 3160 2855 Psalmis:
3205 2817 3223 2848 (
3258 2796 3447 2850 Pluvia
3493 2796 3550 2850 in

1960 2897 2325 2953 voluntariam
2359 2896 2686 2968 segregabis,
2718 2895 2880 2958 Deus,
2922 2891 3227 2948 haereditati
3264 2899 3372 2946 tuae
3406 2889 3470 2954 “,
3518 2909 3538 2942 ι

1962 2989 2014 3043 id
2052 2995 2157 3054 est,
2193 2987 2484 3058 gratuitam
2541 2985 2770 3058 gratiam
2835 2983 3089 3038 infundes
3149 2982 3359 3038 electis.
3410 2979 3551 3038 Huic

1959 3077 2158 3150 pluvia,
2199 3078 2447 3142 tentatio,
2501 3083 2562 3131 ut
2607 3076 2663 3130 in
2701 3074 2994 3142 Evangelia
3033 3091 3048 3128 :
3086 3071 3376 3128 Descendit
3430 3069 3549 3141 plu-

1962 3170 2070 3236 via,
2107 3177 2372 3224 venerunt
2409 3177 2461 3224 et
2497 3167 2720 3222 ﬁumina
2756 3166 2822 3232 ",
2871 3185 2890 3219 ι
2934 3165 2992 3220 id
3023 3171 3124 3228 est,
3167 3161 3336 3218 aﬂluit
3372 3170 3551 3220 tenta-

263 3255 570 3327 prosternit
597 3255 910 3310 tentationis
935 3253 1114 3310 ﬂatus.
1144 3252 1349 3320 Pulvis,
1397 3257 1658 3327 cogitatio
1687 3258 1859 3314 inter-
1887 3258 1932 3320 C
1965 3260 2042 3316 tio
2081 3259 2225 3315 illius
2259 3269 2315 3314 et
2349 3259 2676 3330 persecutio.

266 3363 368 3416 na,
407 3355 468 3401 ut
504 3347 558 3402 in
616 3347 756 3403 Isaia
795 3364 810 3402 :
857 3366 876 3399 ι
919 3347 1058 3403 Sede
1095 3349 1151 3404 in
1184 3348 1427 3420 pulvere,
1483 3347 1593 3403 ﬁlia
1632 3349 1863 3420 Babylo-

266 3438 364 3494 nis
403 3438 469 3504 ”,
513 3458 533 3490 ι
573 3437 628 3493 id
665 3447 771 3504 est,
807 3437 1025 3509 quiesce
1064 3439 1120 3494 in
1155 3446 1374 3495 terrena
1422 3440 1779 3510 cogitatione,
1830 3455 1864 3496 ο

267 3529 475 3586 sterilis
525 3529 707 3584 anima
765 3529 820 3584 in
877 3529 1196 3586 confusione
1228 3531 1486 3588 vitiorum
1535 3531 1859 3587 consistens.

268 3620 482 3685 Pulvis,
519 3619 850 3675 desiderium
899 3619 1186 3685 saeculare,
1248 3628 1310 3675 ut
1356 3621 1412 3675 in
1457 3620 1559 3676 Job
1598 3639 1610 3674 :
1659 3641 1678 3672 ι
1731 3621 1800 3676 Ει
1831 3622 1864 3656 ³⁸

272 3718 392 3766 tum
429 3708 591 3764 simul
626 3708 680 3762 in
717 3709 941 3778 pulvere
979 3710 1250 3765 dormient
1302 3711 1367 3776 ι’,
1414 3730 1432 3761 ι
1485 3711 1538 3765 id
1571 3720 1674 3778 est,
1714 3712 1865 3781 pari-

268 3811 364 3858 ter
396 3803 451 3856 in
482 3801 749 3858 desideria
784 3801 1030 3856 saeculari
1066 3802 1435 3872 requiescant.
1482 3801 1693 3869 Pulvis,
1721 3803 1866 3858 actio

269 3894 571 3956 mundana,
612 3898 673 3945 ut
707 3891 760 3946 in
797 3888 899 3947 Job
940 3905 954 3944 :
998 3909 1017 3941 ι
1061 3891 1256 3946 lnduta
1304 3901 1388 3947 est
1426 3907 1554 3947 caro
1604 3908 1724 3947 mea
1761 3909 1865 3962 pu-

271 3987 489 4042 tredine
515 3997 570 4042 et
599 3987 850 4042 sordibus
875 3987 1114 4058 pulveris
1163 3988 1226 4051 ",
1271 4007 1288 4038 ι
1325 3987 1469 4057 quod
1500 3985 1722 4051 inﬁrmi,
1773 3985 1866 4056 qui

268 4086 408 4133 sunt
452 4078 504 4131 in
566 4078 809 4134 Ecclesia
868 4078 1032 4134 modo
1082 4077 1229 4133 vitiis
1279 4077 1569 4132 immundis
1623 4076 1869 4147 coinqui-

269 4177 482 4224 nantur
509 4171 526 4189 '
555 4169 845 4225 mundanis
873 4170 1086 4225 actibus
1124 4169 1489 4240 implicantur.
1531 4165 1730 4230 Pulvis,
1749 4167 1868 4238 qui-

269 4262 412 4316 libet
435 4269 704 4331 peccator,
731 4270 792 4316 ut
819 4261 874 4316 in
897 4259 1000 4317 Job
1027 4280 1039 4315 :
1079 4279 1097 4312 ι
1135 4259 1365 4327 Quando
1394 4258 1724 4316 fundebatur
1744 4259 1866 4330 pul-

269 4354 365 4409 vis
391 4353 445 4408 in
472 4364 616 4410 terra
642 4355 709 4420 ¹³,
750 4374 768 4406 ι
806 4355 948 4425 quod
979 4365 1234 4426 peccator
1261 4369 1645 4424 nonnunquam
1675 4369 1705 4409 a
1734 4355 1870 4410 mol-

271 4443 396 4498 litia
449 4459 568 4510 sua,
600 4445 896 4516 inspirante
924 4445 1056 4511 Deo,
1087 4445 1156 4501 ad
1204 4445 1552 4501 stabilitatem
1594 4443 1868 4500 converti-

2031 3347 2270 3405 Punctus
2308 3357 2392 3405 est
2422 3349 2662 3405 brevitas
2690 3345 2854 3418 hujus
2886 3347 3033 3414 vitae,
3065 3352 3126 3400 ut
3159 3345 3218 3400 in
3252 3344 3354 3402 Job
3387 3363 3400 3400 :
3431 3364 3450 3398 ι
3480 3345 3550 3401 Et

1962 3441 2217 3512 gaudium
2265 3441 2560 3513 hypocrita:
2611 3441 2679 3495 ad
2737 3439 2913 3496 instar
2972 3438 3162 3511 puncti
3200 3437 3267 3506 ⁸⁸,
3313 3457 3334 3490 ι
3404 3437 3551 3510 quod
3593 3477 3604 3482 -

1961 3533 2246 3602 praesentis
2280 3533 2404 3588 vitae
2441 3530 2696 3603 gaudium
2750 3530 2944 3587 stabile
3000 3547 3110 3588 non
3144 3535 3246 3605 est.
3285 3529 3549 3595 Punclus,

1964 3622 2297 3690 festinantia,
2338 3633 2398 3678 ut
2436 3624 2490 3678 in
2528 3622 2629 3678 Job
2668 3641 2682 3678 :
2726 3642 2745 3675 ‹
2787 3623 2855 3678 Ει
2890 3622 2946 3677 in
2977 3631 3180 3693 puncto
3217 3621 3285 3675 ad
3335 3620 3550 3677 inferna

1965 3713 2298 3769 descendunt
2343 3715 2411 3779 ’⁷,
2455 3734 2474 3767 ι
2514 3713 2660 3784 quod
2697 3712 3021 3770 festinanter
3053 3713 3170 3768 sine
3202 3712 3352 3767 omni
3398 3728 3550 3767 mora

1966 3805 2034 3859 ad
2067 3803 2280 3859 inferna
2314 3804 2530 3874 reprobi
2569 3803 2922 3860 descendunt.

2037 3891 2253 3963 Pupilla
2286 3902 2371 3950 est
2401 3893 2668 3960 Christus,
2708 3902 2770 3949 ut
2806 3894 2859 3948 in
2898 3893 3125 3949 Psalmis
3157 3911 3171 3946 :
3210 3911 3229 3944 ‹
3270 3891 3344 3949 Ut
3377 3892 3554 3964 pupil-

1966 3983 2076 4039 lam
2105 3983 2247 4039 oculi
2276 3984 2347 4050 ’⁸,
2379 4002 2398 4035 ι
2444 3983 2497 4038 id
2536 3984 2894 4051 est,‘custadi
2935 3999 3042 4050 me,
3083 4000 3118 4038 o
3168 3983 3309 4040 Deus
3351 3983 3514 4040 Pater
3537 4024 3552 4049 ,

1969 4078 2123 4148 quasi
2166 4077 2469 4133 membrum
2503 4077 2626 4132 Filii
2655 4078 2753 4132 tui.
2784 4076 3022 4145 Pupilla,
3043 4077 3222 4144 electi,
3257 4085 3316 4134 ut
3342 4078 3398 4132 in
3426 4077 3560 4134 Pro-

1968 4173 2163 4243 pheta:
2184 4188 2203 4222 ι
2230 4170 2334 4239 Qui
2349 4171 2651 4241 tangitvas,
2684 4171 2854 4241 tangit
2873 4170 3130 4242 pupillam
3153 4171 3292 4226 oculi
3310 4171 3414 4226 mei
3438 4171 3508 4236 υ,
3532 4189 3551 4223 ι

1971 4263 2026 4319 id
2055 4269 2160 4328 est,
2198 4261 2342 4317 sicut
2364 4263 2667 4318 membrum
2696 4262 2825 4319 illud
2857 4271 3104 4318 tenerum
3136 4271 3240 4328 est,
3275 4263 3348 4319 ita
3373 4272 3562 4320 tenere

1970 4355 2136 4428 diligo
2164 4371 2282 4421 vos,
2323 4355 2528 4412 electas
2565 4371 2736 4412 meos.

2042 4447 2287 4520 Pupillus
2310 4456 2397 4505 est
2423 4449 2651 4520 quilibet
2677 4448 2916 4515 humilis,
2934 4457 2997 4504 ut
3027 4448 3080 4504 in
3101 4447 3332 4505 Psalmis
3360 4467 3373 4504 :
3405 4466 3424 4501 ι
3452 4447 3560 4504 Ριι-

275 4544 391 4592 tur.
430 4533 630 4604 Pulvis,
663 4537 877 4592 inﬁrma
917 4537 1082 4602 actio,
1114 4545 1173 4591 ut
1201 4537 1256 4591 in
1284 4535 1426 4592 Job:
1469 4555 1488 4588 (
1522 4534 1604 4590 Τιι
1633 4535 1864 4591 forsitan
1969 4539 2100 4612 pillo
2147 4549 2240 4595 tuo
2287 4547 2404 4596 esto
2452 4538 2685 4609 adjutor,
2742 4560 2760 4593 ι
2805 4540 2860 4596 id
2887 4548 2991 4606 est,
3037 4540 3297 4595 humilem
3339 4538 3562 4610 adjuva-

274 4629 341 4683 in
370 4627 590 4698 pulvere
617 4628 905 4685 calefacies
933 4643 998 4684 ea
1026 4629 1108 4683 "‘2
1146 4649 1164 4681 ι
1197 4629 1342 4699 quod
1371 4629 1523 4684 salus
1548 4627 1691 4684 Deus
1737 4626 1868 4683 sub-
1891 4612 1948 4675 1)
1970 4630 2076 4686 bis.
2107 4629 2212 4686 Per
2239 4629 2464 4701 pupillos
2493 4630 2696 4686 inﬁrmi
2725 4631 2817 4700 qui
2859 4639 2985 4686 sunt
3017 4631 3071 4684 in
3109 4628 3375 4698 Ecclesia,
3407 4639 3468 4684 ut
3505 4628 3560 4684 in

269 4719 453 4790 iectas
478 4720 531 4774 in
557 4720 968 4776 conversatione
998 4719 1183 4775 inﬁma
1211 4720 1456 4792 neglecte
1481 4735 1511 4772 a
1540 4719 1682 4775 mala
1724 4733 1865 4790 pra:-

276 4810 396 4864 lata
423 4809 712 4866 derelictas
737 4809 944 4867 cmlcsti
971 4810 1113 4865 valet
1137 4826 1323 4866 amore
1349 4809 1705 4866 inﬂammare.
1738 4808 1872 4863 Pul-

275 4901 381 4968 vis,
416 4903 718 4973 spiritualis
749 4903 1062 4967 inﬁrmitas,
1091 4908 1152 4957 ut
1195 4903 1252 4957 in
1286 4901 1522 4958 Jeremia
1570 4919 1584 4954 :
1646 4920 1665 4952 ι
1696 4899 1872 4958 Ponet

276 4995 343 5051 in
373 4994 592 5064 pulvere
630 5011 694 5050 os
722 5011 879 5052 suum
923 4996 988 5060 ³⁵,
1026 5015 1046 5048 ι
1092 4995 1146 5050 id
1175 5003 1287 5060 est,
1320 4993 1675 5064 spiritualiter
1701 4991 1871 5048 conﬁ-

279 5087 490 5144 tebitur
531 5088 901 5144 inﬁrmitatem
949 5104 1123 5145 suam.
1174 5085 1382 5153 Pulvis,
1417 5088 1630 5142 interna
1665 5087 1871 5142 discre-

279 5180 397 5248 tio,
426 5189 486 5235 ut
517 5181 573 5236 in
600 5181 786 5237 Exodo
813 5199 826 5235 :
865 5199 884 5234 ι
919 5179 1163 5252 Cumque
1189 5180 1244 5234 in
1275 5179 1650 5236 tenuissimum
1680 5178 1869 5250 pulve-

281 5287 403 5329 rem
439 5272 691 5328 universa
722 5274 742 5294 ‘
771 5271 1081 5329 confuderit
1110 5271 1173 5337 ³⁸,
1209 5291 1228 5323 ι
1261 5271 1314 5328 id
1345 5280 1450 5339 est,
1480 5286 1605 5327 cum
1644 5269 1825 5326 omnia
1853 5309 1868 5335 ,

1972 4719 2073 4778 Job
2098 4735 2112 4775 :
2143 4739 2161 4772 ι
2191 4720 2417 4776 Asinum
2438 4722 2767 4793 pupillorum
2793 4723 3093 4793 abegerunt
3120 4723 3190 4789 ³⁸,
3215 4743 3243 4775 -ι
3278 4724 3422 4794 quod
3448 4723 3562 4780 hat-

1973 4813 2128 4869 retici
2159 4813 2458 4884 simplicem
2493 4815 2770 4870 doctorem
2797 4813 3141 4870 inﬁrmorum
3166 4814 3415 4886 decipere
3437 4825 3558 4873 stu-

1973 4904 2122 4960 dent.

2044 4993 2295 5066 Purpura
2323 5002 2408 5051 est
2433 4995 2614 5066 passio
2643 4993 2868 5061 Christi,
2910 5004 2971 5051 ut
3000 4996 3056 5051 in
3093 4993 3362 5055 Cantica:
3409 5016 3430 5050 ι
3455 4995 3564 5056 Co-

1973 5099 2077 5140 mm
2099 5085 2295 5154 capitis
2317 5086 2419 5152 tui,
2455 5093 2515 5139 ut
2541 5101 2780 5156 purpura
2805 5086 2948 5158 regis
2972 5086 3040 5154 “,
3076 5105 3096 5141 ›
3124 5087 3178 5142 id
3205 5095 3310 5155 est,
3353 5087 3564 5160 cogita-

1973 5177 2151 5232 tiones
2177 5178 2374 5233 mentis
2397 5186 2506 5232 tuae
2535 5177 2752 5233 assidue
2781 5187 3069 5234 versantur
3097 5179 3153 5234 in
3181 5178 3436 5251 passione
3462 5178 3566 5235 Re-

1975 5267 2292 5338 demptoris.
2322 5267 2595 5342 Purpura,
2622 5268 2800 5344 fulgor
2833 5270 3124 5339 castitatis,
3155 5278 3218 5326 ut
3252 5272 3307 5327 in
3327 5271 3514 5326 Exodo
3545 5288 3560 5322 -.

362 5451 378 5482 ¹
415 5447 558 5504 Psal.
586 5463 722 5516 cxu,
753 5449 805 5504 1.
838 5450 858 5480 ’
888 5448 1020 5504 Luc.
1053 5464 1133 5514 ιι,
1163 5448 1216 5502 7.
1246 5447 1268 5480 ³
1293 5447 1362 5504 IV
1393 5446 1525 5517 Reg.
1559 5463 1619 5514 ιι,
1796 5443 1861 5517 fl

1975 5445 2040 5500 th.
2074 5462 2189 5514 xxr,
2232 5449 2287 5505 2.
2328 5449 2350 5482 ⁸
2375 5448 2468 5505 Ρε.
2508 5465 2657 5516 var,
2704 5449 2758 5505 9.
2793 5447 2815 5480 °
2841 5447 2944 5506 Job
2979 5464 3168 5515 xxxix,
3198 5449 3288 5504 53.
3337 5449 3360 5482 "
3403 5441 3562 5506 Cant:

283 5537 374 5587 ιιι,
399 5520 452 5574 6.
493 5522 516 5550 ⁸
545 5513 730 5575 Matth.
771 5536 824 5583 ι,
860 5519 948 5585 M;
981 5513 1126 5574 Mar.
1165 5535 1240 5585 v1,
1271 5521 1358 5584 ll;
1407 5513 1666 5588 Luem,
1707 5515 1762 5572 5.
1791 5515 1813 5546 ⁹
1843 5513 1861 5570 1

1975 5556 1986 5569 .
2019 5533 2054 5580 ι,
2083 5517 2138 5572 4.
2178 5513 2228 5551 ⁷¹⁰
2270 5521 2374 5576 lsa.
2403 5537 2572 5586 XLVII,
2612 5513 2663 5576 1.
2716 5521 2759 5552 ¹¹
2787 5519 2887 5576 Job
2916 5537 3013 5586 xx,
3041 5521 3127 5576 11.
3154 5513 3339 5588 “Job
3375 5533 3471 5584 vn,
3505 5520 3560 5576 ὅ.

288 5594 335 5628 ³³
364 5591 464 5648 Job
498 5607 723 5656 xxxvm,
750 5591 839 5646 58.
880 5590 922 5621 “
953 5588 1054 5646 Job
1079 5606 1268 5656 xxxix,
1301 5591 1387 5644 17.
1437 5589 1480 5620 ³⁸
1517 5587 1720 5644 Thren.
1751 5603 1860 5659 ιιι,Δ

2010 5587 2070 5659 ¹⁶Α
2099 5589 2268 5646 Exod.
2309 5608 2440 5654 xxx,
2493 5592 2582 5647 56.
2625 5592 2666 5623 ¹⁷
2709 5591 2852 5648 Psal.
2897 5607 3014 5659 cm,
3045 5591 3133 5645 29.
3187 5589 3230 5622 ¹⁸
3267 5587 3368 5644 Job
3408 5604 3465 5655 ι,
3505 5591 3561 5646 9.

221 5668 226 5676 '
285 5663 336 5701 “
377 5663 575 5718 Ezech.
620 5679 740 5728 xm,
775 5663 859 5718 18.
901 5661 945 5692 ²⁰
980 5661 1081 5716 Job
1109 5677 1224 5728 xu,
1261 5661 1348 5716 24.
1379 5659 1423 5690 ¹¹
1469 5659 1632 5715 Zach.
1666 5675 1722 5726 v,
1749 5657 1802 5710 7.
1845 5657 1861 5689 ¹

1975 5657 2095 5713 xod.
2148 5679 2235 5729 xv,
2269 5663 2356 5716 10.
2408 5663 2456 5695 ’³
2493 5660 2593 5717 Job
2644 5679 2876 5727 xxxvm,
2908 5657 3008 5717 28.7
3048 5661 3095 5691 “
3123 5659 3210 5729 Ps.
3253 5673 3419 5723 uvn,
3471 5660 3559 5729 ll).

285 5735 338 5768 ³⁸
368 5733 557 5788 Matth.
593 5749 691 5796 vn,
719 5727 807 5797 25,
853 5731 943 5785 27.
995 5732 1040 5762 ’⁸
1079 5730 1181 5786 Job
1231 5749 1336 5800 xx,
1379 5729 1433 5785 5.
1485 5731 1528 5763 ’⁷
1585 5729 1687 5787 Job
1728 5742 1843 5796 ιιι,

1975 5769 1984 5784 .
2041 5729 2088 5760 ’⁸
2123 5727 2228 5790 Ρε.
2261 5749 2374 5800 xvi,
2421 5735 2474 5792 8.
2527 5733 2570 5764 ²⁹
2615 5733 2780 5790 Zach.
2822 5749 2896 5800 ιι,
2939 5733 2991 5788 8.

289 5804 337 5840 ³³
364 5803 523 5860 Cant.
550 5817 646 5867 vn,
677 5803 732 5858 5.

739 5899 1015 5961 ΡΑτιιοι..
1051 5897 1215 5958 CXII

3056 5730 3100 5762 '°
3144 5728 3245 5784 Job
3287 5744 3415 5786 xxrv
3503 5728 3574 5786 5.-

3088 5892 3166 5954 33
