3936 6328
547 299 689 356 1055

1199 301 1261 356 Β.
1302 301 1558 358 RABANI
1596 299 1816 359 MAURI
1849 297 2168 355 ARCHIEP.
2208 295 2519 356 MOGUNT.
2557 263 2859 378 OPERUM_
2882 301 3063 358 PARS
3098 303 3182 359 lll.
3593 321 3679 381 ,οδε

553 433 572 465 ι
605 414 674 468 Εῑ
705 429 798 480 tes,
851 423 908 470 et
949 414 1300 487 hyacinthum
1336 425 1392 472 et
1424 432 1719 487 purpuram
1753 419 1794 482 ί,
1850 435 1868 467 ι
1913 417 1970 472 id
2007 425 2130 482 est,
2158 419 2212 479 Α
2236 415 2397 471 ﬁdem
2448 416 2746 472 salvabant.
2795 417 3101 488 Quadrigte,
3148 421 3306 477 sancti
3350 423 3568 496 doctores,
3588 446 3629 488 ut
3650 439 3682 493 ίιι

547 519 798 560 sonoram
832 505 1296 576 praedicationem,
1332 517 1387 562 et
1423 509 1679 562 mundam
1720 508 1987 564 actionem
2015 550 2030 573 ,
2079 517 2135 563 et

546 599 773 653 nitidam
796 599 1125 654 castitatem.
1153 598 1424 669 Purpura,
1469 600 1747 670 superbia,
1777 609 1837 654 ut
1867 600 1920 654 in
1959 601 2135 656 Evan-

546 691 687 760 gelia
734 710 746 746 :
789 711 806 744 ι
858 691 1187 747 induebatur
1234 707 1473 763 purpura
1523 699 1577 746 et
1615 693 1776 762 bysso
1822 693 1842 723 ²
1869 733 1882 756 ,
1926 711 1944 744 ι
1991 693 2134 761 quod

545 781 705 853 hujus
753 783 941 836 mundi
969 792 1238 838 amatores
1262 791 1316 836 et
1346 782 1600 838 decorem
1630 793 1817 837 amant
1860 782 2130 849 elationis,

546 885 601 930 et
629 875 912 931 mollitiem
942 876 1202 932 libidinis.

618 965 824 1022 Pruiua
863 976 948 1021 est
985 966 1329 1038 pulchritudo
1370 966 1634 1031 caelestis,
1685 975 1744 1020 ut
1790 967 1848 1020 in
1890 966 2077 1022 Exodo
2114 984 2126 1021 :

551 1076 568 1105 ‹
615 1057 670 1110 In
706 1056 1057 1112 similitudine
1102 1072 1265 1126 super
1296 1065 1500 1111 terram
1541 1057 1585 1123 ³,
1631 1077 1648 1107 ›
1693 1058 1839 1126 quod
1877 1058 2132 1128 spiritua-

545 1148 614 1202 lis
651 1149 798 1203 verbi
835 1149 998 1206 decor
1037 1164 1285 1218 superum
1327 1150 1723 1219 pulchritudini
1763 1151 1817 1204 in
1850 1151 2032 1221 aliqua
2059 1152 2131 1205 si-

544 1239 687 1292 milis
717 1246 817 1292 est.
849 1235 1076 1303 Pruina,
1112 1240 1424 1308 temporalis
1451 1241 1775 1306 adversitas,
1803 1249 1862 1295 ut
1891 1241 1944 1295 in
1979 1239 2080 1296 Job
2114 1259 2126 1295 :

551 1349 568 1382 ι
607 1331 709 1396 Qui
760 1331 952 1386 timent
981 1331 1250 1400 pruinam,
1307 1333 1481 1388 irruet
1529 1349 1694 1403 super
1735 1348 1828 1388 eos
1875 1335 1968 1388 nix
2007 1334 2051 1398 ⁵,
2102 1354 2122 1386 ι

543 1423 684 1490 quod
710 1423 802 1491 qui
854 1425 1222 1493 temporaliter
1273 1441 1370 1494 pro
1407 1426 1636 1482 Domino
1665 1427 1827 1498 ailligi
1875 1437 2130 1484 recusant

542 1523 745 1566 aeterna
775 1512 978 1568 ultione
1004 1512 1291 1568 feriuntur.
1331 1515 1553 1580 Pruina,
1589 1518 1876 1572 maturitas
1913 1519 2127 1586 religio-

542 1603 647 1668 nis,
683 1613 741 1657 ut
771 1603 826 1657 in
853 1603 1084 1658 Psalmis
1116 1623 1128 1657 :
1158 1623 1176 1654 ‹
1201 1605 1402 1661 Factus
1430 1621 1549 1661 sum
1581 1607 1724 1662 sicut
1757 1617 1879 1664 uter
1899 1609 1953 1662 iu
1976 1610 2126 1679 prui-

540 1709 608 1748 na
642 1694 683 1760 ",
720 1713 738 1746 ι
776 1694 830 1749 id
872 1704 984 1760 est,
1029 1695 1388 1751 mortiﬁcatus
1425 1713 1546 1752 sum
1598 1698 1651 1753 in
1695 1701 2006 1756 maturitate
2042 1717 2122 1757 re-

541 1783 776 1854 ligionis.

611 1875 812 1929 Pruna:
846 1885 970 1930 sunt
1009 1877 1172 1931 corda
1213 1893 1528 1948 pravorum,
1567 1890 1626 1936 ut
1655 1882 1709 1936 in
1743 1881 1847 1939 Job
1879 1901 1891 1936 :
1945 1905 1962 1934 ι
2024 1884 2129 1940 Ha-

540 1964 666 2022 litus
708 1963 825 2034 ejus
854 1982 1056 2035 prunas
1093 1968 1287 2022 ardere
1325 1969 1454 2024 facit
1483 1971 1526 2036 ⁸,
1580 1993 1599 2024 ι
1662 1975 1806 2042 quod
1853 1975 2128 2046 suggestio

537 2057 738 2111 diaboli
763 2066 970 2112 mentes
991 2074 1281 2126 pravorum
1307 2076 1403 2129 per
1425 2063 1774 2132 cupiditatem
1807 2063 2124 2121 inflammat.

540 2147 765 2207 Prunrr.
800 2147 1200 2204 consolationes
1246 2152 1568 2218 saeculares,
1602 2164 1664 2208 ut
1701 2155 1754 2208 in
1785 2155 2074 2228 Evangelia
2109 2177 2121 2212 :

548 2257 566 2294 t
603 2236 828 2300 Stabant
860 2248 1040 2300 autem
1071 2241 1136 2301 ad
1167 2256 1388 2317 prmias,
1417 2245 1560 2318 quod
1589 2245 1756 2321 frigus
1790 2257 1929 2317 erat,
1953 2259 2007 2308 et
2035 2270 2126 2309 ca-

541 2336 870 2390 lefaciebant
916 2354 973 2392 se
1027 2340 1071 2401 ",
1131 2359 1149 2390 ι
1198 2339 1342 2406 quod
1384 2341 1570 2395 mundi
1608 2341 1766 2409 hujus
1801 2353 2080 2400 amatores
2106 2387 2120 2410 ,

544 2429 764 2498 quando
821 2429 1179 2484 adversitates
1222 2431 1544 2500 patiuntur,
1589 2434 1656 2489 ad
1723 2437 2121 2494 consolationes

543 2519 834 2575 saeculares
881 2529 1230 2576 concurrunt.

613 2609 840 2667 Puteum
867 2621 950 2668 est
974 2621 1245 2668 secretum
1274 2617 1764 2686 contemplationis,
1794 2627 1853 2672 ut
1898 2619 1955 2674 in
1983 2618 2122 2675 Can-

538 2705 645 2760 tica
696 2720 712 2758 :
774 2724 793 2757 ε
845 2705 990 2761 Fons
1031 2707 1332 2771 hortorum,
1378 2717 1573 2779 puteus
1614 2725 1881 2780 aquarum
1935 2713 2120 2766 viven-

534 2796 670 2850 tium
718 2795 764 2862 ³,
808 2815 826 2847 ι
873 2798 1018 2867 quod
1059 2807 1249 2853 sancta
1271 2797 1516 2855 Ecclesia
1546 2799 1934 2856 fecunditatem
1956 2802 2120 2857 habet

533 2887 801 2943 bonorum
824 2903 1072 2958 operum,
1101 2899 1157 2944 et
1190 2900 1462 2946 secretum
1498 2893 2011 2963 contemplationum
2042 2895 2119 2948 vi-

535 2980 746 3035 talium.
783 2981 1007 3048 Puteus,
1035 2998 1188 3037 sacra
1211 2982 1514 3053 Scriptura,
1543 2994 1603 3040 ut
1641 2986 1695 3039 in
1722 2985 1916 3042 Genesi
1944 3001 1958 3040 :
1984 3005 2002 3037 ‹
2033 2985 2120 3040 Vi-

533 3071 625 3126 det
660 3083 883 3142 puteum
911 3074 964 3127 in
991 3089 1139 3144 agro,
1171 3084 1392 3146 tresque
1417 3091 1610 3148 greges
1649 3078 1830 3132 ovium
1853 3079 2092 3134 aecuben

2237 508 2496 564 Cantica:
2528 528 2545 560 ε
2580 509 3112 580 Pr0pterquadrigas
3137 512 3407 570 Aminadab
3427 521 3438 536 '
3461 521 3683 592 “Ismah-

2235 615 2372 656 neus
2398 601 2630 672 populus
2652 602 3058 671 interpretatur.

2307 689 2542 755 Quercus
2571 698 2655 746 est
2683 690 2883 746 duritia
2908 691 3309 761 desperationis,
3342 705 3394 750 ut
3419 696 3465 752 in
3490 697 3603 757 libris
3618 705 3684 760 Re-

2233 796 2361 852 gum
2393 798 2406 833 :
2443 798 2462 829 ι
2519 780 2762 835 Adhmsit
2800 789 2963 849 caput
3011 781 3128 851 ejus
3161 785 3365 852 quercui
3407 787 3473 851 ιθ,
3514 792 3591 846 »Μ
3620 807 3682 862 est,

2231 889 2390 930 mens
2437 871 2554 942 ejus
2613 874 2989 944 perseveravit
3039 874 3097 927 in
3153 875 3338 930 duritia
3385 879 3683 950 desperationis.

2235 963 2490 1029 Quercus,
2521 963 2781 1018 sterilitas
2815 964 3037 1028 mentis,
3065 972 3124 1018 ut
3159 965 3213 1018 in
3257 966 3378 1020 Isaia
3408 985 3419 1020 :
3462 971 3686 1032 tCumlue-

2234 1055 2354 1110 ritis
2378 1055 2522 1109 velut
2572 1070 2805 1125 quercus
2849 1054 3205 1111 deﬂuentibus
3261 1055 3390 1112 foliis
3413 1061 3481 1124 ",
3522 1065 3598 1117 »ἰὰ
3624 1077 3684 1130 est,

2232 1160 2354 1200 cum
2390 1145 2600 1200 fueritis
2639 1146 2856 1201 steriles
2881 1147 2936 1199 in
2984 1157 3184 1211 mente,
3211 1146 3686 1209 deiicientibus‘etex-

2231 1237 2524 1292 terioribus
2545 1237 2720 1292 bonis.
2749 1235 3006 1302 Quercus,
3032 1236 3304 1302 luxuriosi,
3327 1247 3379 1291 ut
3402 1239 3445 1292 in
3468 1239 3569 1295 Isaia
3590 1261 3599 1294 :
3621 1263 3631 1293 ι
3650 1246 3687 1299 L‘t

2231 1345 2395 1399 super
2414 1345 2601 1385 omnes
2622 1345 2858 1400 quercus
2884 1331 3062 1384 Basan
3088 1331 3152 1396 η,
3175 1350 3194 1382 ι
3213 1333 3346 1399 quod
3369 1343 3568 1390 auctores
3580 1339 3684 1407 turpi-

2234 1420 2437 1475 tudinis
2481 1421 2622 1475 Deus
2662 1421 3070 1486 condemnabit,
3115 1420 3256 1490 quod
3293 1421 3463 1487 Basan,
3492 1433 3538 1478 ut
3553 1425 3684 1488 dicunt,

2230 1512 2503 1580 turpitudo
2531 1512 2942 1582 interpretatur.

2303 1601 2587 1666 Quadraus
2614 1612 2698 1656 est
2723 1602 3119 1672 quadripartita
3153 1617 3313 1658 sacra:
3336 1602 3684 1673 Scripturaintel-

2229 1696 2482 1768 ligentia,
2526 1707 2585 1753 ut
2631 1698 2685 1752 in
2737 1697 3071 1769 Evangelia:
3125 1716 3143 1748 ι
3201 1698 3336 1752 Misit
3395 1699 3482 1752 duo
3535 1701 3683 1762 minuta,

2157 1781 2206 1840 B
2233 1791 2250 1810 '
2278 1791 2418 1859 quad
2459 1800 2544 1844 est
2567 1790 2840 1860 quadrans
2875 1790 2950 1854 ";
2987 1809 3006 1841 ι
3049 1790 3193 1860 quod
3229 1799 3396 1845 sancta
3417 1790 3596 1846 Ecclesia
3622 1794 3685 1847 duo

2233 1881 2465 1936 honorat
2485 1882 2858 1948 Testamenta,
2880 1882 2937 1936 in
2979 1883 3175 1953 quibus
3210 1883 3546 1951 quadripartita
3572 1885 3685 1938 estia-

2235 1973 2528 2044 telligentia
2568 1991 2581 2026 :
2631 1973 2924 2039 historica,
2971 1973 3290 2042 allegorica,
3335 1973 3615 2043 tropologica,
3651 1987 3683 2028 ct

2230 2066 2548 2137 anagogica.
2589 2065 2894 2131 Quadrans,
2935 2066 3143 2119 minuta
3184 2073 3407 2135 peccata,
3437 2072 3485 2116 ut
3515 2065 3553 2117 in
3573 2064 3682 2116 Evan-

2228 2155 2408 2226 gelia:
2443 2173 2466 2208 4
2499 2154 2677 2212 Donec
2710 2154 2904 2211 reddas
2935 2153 3286 2213 novnssimum
3311 2155 3595 2224 quadrantem
3611 2153 3677 2216 ’⁸,ι

2228 2249 2282 2305 id
2304 2258 2404 2318 est,
2430 2263 2530 2322 pro
2551 2249 2776 2306 minutis
2795 2257 2849 2303 et
2881 2247 3091 2304 ultimis
3117 2248 3342 2320 peccatis
3371 2248 3576 2318 puniat'is.

2334 2475 2530 2529 Radix.
2901 2473 3060 2528 Risus
3201 2485 3208 2488 '
3429 2471 3532 2524 Riri.

2331 2541 2760 2599 Reciinatonum.
2894 2543 3152 2615 Regulus.
3428 2541 3550 2615 Rata.

2329 2615 2576 2685 Reptiit’a.
2894 2611 3193 2668 Rhamnus.
3429 2611 3571 2685 Rana.

2332 2681 2629 2760 Rationale.
2894 2685 3041 2760 Ras.
3122 2755 3131 2760 _
3431 2681 3578 2760 Rubor.
3610 2750 3616 2758 ἰ

2332 2756 2536 2829 Ruhigo
2547 2796 2560 2809 .
2897 2755 3185 2829 Resticula.
3431 2751 3649 2829 Retributio.

2336 2819 2538 2880 Rubus.
2894 2825 3136 2880 Rivulus.
3435 2819 3623 2890 Regimen.

2330 2896 2663 2952 Rhinoceros.
2895 2895 3048 2951 Rete.
3428 2889 3572 2962 Rupes.

2327 2967 2546 3037 Regula.
2889 2967 3020 3020 Rex.
3427 2961 3528 3015 Rex.

2331 3037 2554 3092 Ramus.
2892 3037 3146 3108 Rugitus.

533 3171 615 3218 tes
636 3137 790 3234 juxta
821 3180 944 3219 eum
991 3137 1048 3231 οξ
1072 3186 1088 3216 ι
1125 3137 1177 3220 id
1206 3137 1318 3234 est,”
1341 3137 1568 3223 intuitus
1595 3176 1680 3223 est
1724 3185 1936 3225 sacram
1975 3170 2122 3226 Scri-
2301 3150 2478 3206 Radix
2499 3159 2582 3207 ⁸⁵⁸
2605 3149 2876 3216 “muns,
2901 3158 2959 3204 ιη
2982 3151 3038 3204 in
3067 3150 3243 3205 Isaia:
3273 3167 3290 3198 ⁴
3325 3146 3472 3200 Radix
3493 3139 3682 3234 Iesse’q'i

530 3262 744 3324 pturam
773 3255 828 3308 in
855 3255 1117 3318 Ecclesia,
1171 3266 1389 3323 tresque
1423 3258 1642 3313 ordines
1675 3258 1911 3315 ﬁdelium
1945 3261 2121 3315 inten-

534 3355 616 3400 tos
653 3347 719 3400 ad
759 3363 904 3401 eum.
937 3346 1150 3413 Putem,
1182 3360 1452 3405 secretum
1477 3352 1678 3418 cordis,
1707 3361 1768 3408 ut
1793 3353 1848 3408 in
1880 3353 2077 3410 Genesi
2106 3376 2117 3410 :

540 3455 558 3486 ‹
593 3437 742 3492 lsaac
771 3437 905 3492 fodit
932 3450 1152 3509 puteum
1187 3441 1250 3508 ¹⁰,
1291 3463 1308 3492 ι
1358 3445 1501 3513 quod
1525 3455 1747 3500 sanctus
1786 3447 2012 3515 quilibet
2040 3465 2124 3503 se-

532 3539 742 3584 cretum
766 3533 1108 3588 conscientia:
1133 3551 1243 3589 suae
1255 3536 1482 3592 sollicite
1505 3539 1752 3594 rimatur.
1769 3538 1990 3608 Puteus,
2017 3545 2124 3598 lna-

507 3621 734 3675 reticus
772 3622 1016 3690 quilibet,
1045 3625 1180 3678 utin
1211 3627 1532 3700 Apocalypsi
1565 3648 1577 3683 :
1630 3648 1647 3680 ι
1683 3627 2017 3689 Obscuratus
2042 3644 2125 3689 est

532 3711 610 3764 sol
637 3721 692 3765 et
719 3727 813 3766 aer
840 3715 905 3768 de
947 3714 1095 3770 fumo
1123 3719 1269 3786 putei
1320 3721 1383 3786 “,
1426 3737 1444 3770 ι
1488 3721 1543 3775 id
1583 3731 1690 3787 est,
1738 3738 2000 3780 concussa
2041 3734 2124 3780 est

529 3799 665 3856 ﬁdes
690 3812 746 3857 et
771 3815 955 3859 saneta
988 3805 1229 3863 Ecclesia
1269 3825 1368 3880 per
1411 3827 1654 3867 errorem
1701 3815 1964 3871 haeretici.
2012 3815 2132 3890 Ριι-Δ

531 3903 666 3957 teus,
694 3895 998 3952 mortalitas
1047 3909 1261 3965 nostra,
1316 3908 1376 3955 ut
1421 3903 1476 3956 in
1519 3905 1851 3974 Evangelia:
1889 3927 1906 3958 ι
1939 3907 2124 3978 Neque

530 3985 586 4038 in
622 4001 730 4055 quo
770 3986 988 4044 haurias
1029 3991 1217 4057 habes,
1246 4000 1298 4047 et
1334 4003 1528 4062 puteus
1554 3995 1694 4051 altus
1720 4007 1803 4052 est
1831 3999 1896 4064 ¹¹,
1933 4019 1950 4052 ι
1979 4001 2124 4070 quod

530 4079 585 4133 in
624 4088 823 4135 natura
848 4084 1198 4140 mortalitatis
1226 4099 1516 4157 assumpta:
1542 4099 1824 4158 peccatum
1860 4105 1965 4146 non
1997 4091 2124 4146 fecit

530 4171 803 4239 Christus,
846 4183 902 4229 et
927 4175 1260 4233 sublimitate
1290 4181 1597 4235 sanctitatis
1646 4181 1910 4237 honorata
1943 4183 2123 4238 fuitin

531 4278 598 4319 eo
631 4264 931 4320 mortalitas
969 4275 1171 4324 nostra.
1213 4269 1435 4337 Puteus,
1475 4272 1822 4342 profunditas
1841 4276 2118 4344 vitiorum,

527 4363 589 4409 ut
624 4356 676 4409 in
705 4355 934 4412 Psalmis
966 4371 980 4410 :
1019 4376 1038 4408 ι
1087 4357 1273 4429 Neque
1304 4372 1495 4430 urgeat
1523 4379 1685 4434 super
1721 4379 1806 4418 me
1841 4375 2036 4437 puteus
2061 4384 2122 4424 os

529 4461 688 4502 suum
715 4448 781 4516 ι’,
820 4469 840 4502 ι
876 4450 932 4504 id
960 4458 1065 4513 est,
1092 4451 1398 4508 dominetur
1421 4454 1556 4508 mihi
1579 4454 1920 4524 profunditas
1961 4460 2122 4516 vitia-

529 4557 674 4608 rum,
704 4553 764 4598 ut
783 4544 838 4598 in
868 4543 1097 4601 Psalmis
1131 4564 1142 4599 :
1173 4565 1190 4596 ε
1227 4545 1467 4603 Deduces
1498 4562 1592 4603 eos
1616 4548 1670 4602 in
1697 4556 1915 4618 puteum
1964 4551 2124 4608 inter-

530 4631 660 4697 itus,
683 4651 701 4684 ι
733 4634 788 4688 id
811 4644 916 4700 est,
945 4635 1229 4708 demerges
1253 4651 1348 4693 eos
1379 4638 1434 4693 in
1455 4637 1879 4710 profunditatem
1909 4650 2123 4699 :eternae

529 4723 873 4794 perditionis.

1307 4840 1354 4910 Q

773 4944 1077 5020 Quadrigas.
1194 4953 1452 5020 Quercus.

1569 4952 1874 5021 Quadraus.

601 5077 887 5151 Quadrigae
917 5092 1040 5139 sunt
1085 5086 1339 5154 apostoli,
1373 5089 1513 5142 utin
1557 5090 1772 5146 cantico
1818 5089 2070 5174 Habacuc
2102 5112 2114 5148 :

536 5190 564 5222 ε-
593 5173 659 5227 Et
689 5176 966 5246 quadrigae
996 5187 1100 5233 tua:
1127 5181 1357 5235 salvatio
1387 5181 1449 5246 “,
1491 5202 1508 5232 ι
1551 5185 1694 5252 quod
1739 5185 1988 5254 apostoli,
2027 5188 2116 5257 qui

529 5265 596 5319 ad
631 5264 908 5322 Christum
936 5285 1035 5339 per
1079 5273 1336 5326 mundum
1378 5273 1688 5341 veniebant,
1727 5277 1980 5346 poculum
2021 5296 2118 5349 per

601 5441 619 5472 ¹
644 5438 815 5495 Exod.
832 5455 958 5508 xxv,
981 5455 1036 5496 4.

2227 3253 2340 3300 stas
2371 3245 2423 3298 in
2473 3245 2688 3315 signum
2713 3243 3036 3314 populorum
3063 3243 3128 3307 ἰ,
3163 3263 3181 3294 ι
3215 3243 3264 3296 id
3299 3249 3388 3302 est,
3415 3238 3612 3296 Christus,
3630 3233 3681 3300 qui

2227 3337 2294 3391 de
2317 3337 2484 3406 stirpe
2505 3335 2657 3392 Iesse
2681 3344 2863 3402 natus,
2891 3337 2981 3408 qui
3005 3336 3206 3408 populo
3227 3351 3319 3390 suo
3339 3343 3548 3388 aeternam
3567 3326 3680 3382 tribuit

2227 3428 2475 3484 salutem.
2501 3427 2694 3495 Radix,
2726 3429 3032 3485 incarnatio
3066 3429 3289 3495 Christi,
3315 3436 3368 3482 ut
3390 3428 3436 3479 in
3453 3422 3560 3478 Job:
3585 3437 3596 3469 ι
3617 3418 3678 3471 iia-

2228 3522 2318 3576 dix
2341 3537 2459 3577 mea
2493 3531 2680 3592 aperta
2705 3530 2788 3576 est
2813 3538 2971 3577 secus
2993 3538 3166 3592 aquas
3188 3523 3255 3588 “,
3289 3541 3305 3573 ι
3331 3519 3454 3590 quod
3473 3509 3679 3584 mysterium

2227 3613 2617 3668 incarnationis
2643 3613 2894 3668 fidelibus
2938 3615 3236 3670 revelatum
3261 3621 3354 3667 est.
3392 3607 3547 3668 Radit,
3566 3609 3680 3698 sancti

2225 3705 2558 3775 pnedicatio,
2584 3715 2644 3759 ut
2668 3706 2721 3758 in
2745 3704 2884 3760 Job:
2917 3725 2935 3756 ι
2968 3704 3027 3760 Si
3070 3705 3304 3761 senuerit
3339 3700 3426 3774 [in]
3451 3690 3680 3789 terra-radit

2227 3799 2342 3869 ejus
2377 3798 2443 3862 ³³,
2484 3817 2502 3848 ι
2531 3798 2580 3851 id
2604 3805 2706 3863 est,
2732 3797 2776 3852 si
2808 3797 3024 3851 viluerit
3052 3798 3192 3868 apud
3213 3795 3448 3864 reprobos
3472 3785 3678 3860 praedicatio

2226 3892 2362 3962 ejus.
2413 3891 2610 3955 Radix,
2649 3891 2830 3944 anima
2875 3891 3132 3954 hominis,
3161 3898 3218 3944 ut
3258 3889 3309 3942 in
3357 3880 3608 3939 Psalmiszt
3641 3870 3678 3971 ξι

2228 3986 2464 4040 radicem
2509 3994 2654 4038 tuam
2683 3985 2748 4038 de
2777 3992 2921 4038 terra
2956 3982 3271 4055 [viventium
3295 3978 3378 4051 "],
3407 3998 3422 4030 ι
3463 3973 3502 4029 id
3523 3978 3680 4029 estalt!-

2227 4092 2371 4131 mam
2399 4085 2544 4129 tuam
2569 4074 2636 4130 de
2669 4075 3006 4130 habitatione
3030 4074 3349 4130 caelestium.
3379 4067 3538 4126 Radix,
3560 4068 3678 4154 pros-if

2226 4168 2348 4223 nies
2385 4181 2699 4238 pravorum,
2730 4176 2790 4219 ut
2815 4167 2866 4220 in
2891 4166 3218 4238 Evangelia:
3267 4182 3284 4215 ι
3329 4159 3513 4217 Securis
3529 4153 3576 4208 ad
3593 4146 3678 4203 radi-

2225 4271 2342 4313 cem
2384 4258 2594 4312 arboris
2631 4258 2806 4327 posita
2831 4265 2915 4314 est
2937 4259 3004 4325 ",
3039 4279 3056 4309 ι
3093 4259 3145 4313 id
3168 4267 3270 4323 est,
3293 4267 3475 4310 summa
3506 4241 3674 4340 reprobi-

2227 4349 2388 4404 tionis
2411 4350 2464 4403 in
2491 4349 2614 4404 filiis
2633 4347 2940 4404 Judmorum
2966 4350 3182 4421 impleta
3213 4355 3310 4404 est.
3338 4340 3677 4432 Radix,intenltot

2228 4449 2288 4495 ut
2331 4441 2384 4494 in
2428 4440 2610 4495 Isaia:
2663 4461 2680 4492 ‹
2729 4441 2904 4496 Mittet
2941 4443 3180 4498 radicem
3222 4443 3464 4500 deorsum,
3507 4440 3545 4487 et
3579 4427 3677 4522 faciei

2231 4533 2467 4588 fructum
2496 4533 2528 4568 *
2553 4548 2711 4588 suum
2744 4533 2823 4600 ³⁸,
2858 4553 2875 4584 ι
2903 4534 2958 4589 id
2983 4545 3086 4602 est,
3109 4535 3297 4589 bonam
3320 4534 3338 4553 '
3365 4528 3573 4584 actionem
3590 4515 3679 4614 cxiii-

2231 4627 2380 4682 bcbit
2423 4626 2476 4680 in
2525 4625 2762 4692 occulto,
2808 4635 2864 4683 et
2917 4629 3113 4682 bonam
3157 4626 3387 4683 ostendet
3423 4618 3676 4710 actionemdn

2229 4709 2467 4792 publica.
2517 4719 2714 4786 Radix,
2762 4722 3039 4793 Suggestio
3107 4719 3349 4783 hominis,
3387 4722 3439 4769 ut
3477 4711 3518 4765 in
3567 4704 3672 4758 Isaia;

2236 4797 2266 4865 ς’
2285 4813 2364 4870 De
2404 4813 2588 4868 radice
2623 4813 2830 4868 colubri
2875 4814 3180 4884 egredietur
3225 4809 3423 4882 regulus
3447 4803 3500 4868 η,
3526 4820 3538 4850 ν
3565 4795 3601 4850 id
3614 4797 3676 4884 est.

2232 4907 2299 4961 de
2323 4905 2668 4977 suggestione
2697 4901 2896 4958 diaboli
2911 4879 2925 4884 Ψ
2941 4903 3183 4974 procedit
3205 4879 3678 4984 concupiscentia-id

2230 4974 2461 5050 ταάεοέιὶι
2508 4995 2712 5060 fideles,
2758 5003 2818 5049 ut
2847 4995 2900 5049 in
2937 4995 3203 5050 Psalmis:
3247 5013 3264 5044 ι
3297 4983 3517 5046 Plantasti
3543 4974 3675 5033 radices

2227 5089 2363 5160 ejus,
2395 5098 2448 5143 et
2499 5085 2742 5157 implevit
2775 5096 2977 5142 terram
3004 5088 3073 5152 ’⁸,
3105 5108 3122 5139 ι
3147 5087 3284 5158 quod
3309 5086 3432 5140 Deus
3454 5062 3674 5169 ﬁdeles

2226 5187 2404 5244 etesia:
2423 5185 2657 5251 vocavit,
2683 5191 2736 5239 et
2761 5185 2877 5255 ipsa
2901 5201 3074 5255 usque
3096 5186 3159 5240 ad
3200 5184 3326 5238 fines
3351 5189 3485 5233 terra:
3506 5153 3677 5267 amitti":

2228 5287 2346 5334 cata
2391 5285 2493 5332 est.
2538 5247 2652 5331 Peri
2683 5247 2888 5331 radices
2931 5247 3125 5333 bonm‘
3147 5276 3395 5331 notiones.
3431 5272 3478 5319 ut
3518 5260 3556 5312 in
3583 5247 3672 5304 Job:

1118 5459 1227 5499 .uc.
1246 5445 1463 5522 “1,19.
1489 5446 1704 5522 iEZmd.
1734 5466 1845 5516 xvr,
1876 5451 1962 5506 14.
1988 5452 2122 5512 ‘Job
2152 5470 2226 5522 Vl,
2257 5455 2342 5510 16.
2369 5453 2390 5485 ⁸
2410 5451 2555 5522 Psal.
2579 5453 2872 5517 cxvnt,85.
2899 5453 2918 5484 ⁸
2939 5451 3041 5510 Job
3075 5470 3180 5517 xu,
3205 5451 3285 5506 12.
3309 5421 3671 5522 7Joan_.n!‘1"l;fﬁ'

525 5508 552 5544 ³
579 5494 958 5600 (Γ.θὲιῆ
1491 5494 2373 5600 1°"ééﬁ.:§i§7x,‘is-§2V."H'
2595 5494 2817 5600 ³11ρθἠῖ
2853 5539 2928 5589 tv,
2963 5494 3119 5600 illi?
3145 5496 3426 5600 Ps._t.xvttt,
3452 5494 3671 5600 Ιξέξξῖιξξ·

526 5565 616 5660 In,
989 5565 1178 5660 Vl:
1513 5565 1971 5654 xviiiiofii'iss‘.’
1995 5565 2123 5658 1:30

2204 5565 2373 5596 ..,..,.,.
2409 5565 2482 5587 ...,
2512 5565 2561 5576 -.
2664 5565 2817 5578 ηιμ...
2855 5565 2928 5589 ..,
3151 5565 3230 5579 ....
3563 5565 3672 5620 ubi.

2186 5599 2228 5630 ’⁸
2261 5597 2359 5650 lsa.
2396 5611 2456 5658 ιι,
2487 5593 2571 5647 15.
2607 5593 2649 5624 ιθ
2678 5595 2840 5650 Marc.
2889 5611 2987 5660 xu,
3017 5596 3104 5650 Ω.
3149 5596 3190 5625 ὀ
3223 5589 3385 5646 Matth.
3409 5601 3450 5642 κ,
3568 5631 3655 5660 ..ηε

528 5651 684 5714 ι,10.
707 5651 882 5732 "Job
911 5669 1060 5721 xxix,
1088 5657 1172 5712 19.
1211 5657 1256 5689 ⁸³
1292 5657 1392 5713 Job
1430 5651 1545 5714 ἴξιν.
1575 5662 1626 5715 8.
1653 5651 1698 5692 ⁵⁸
1727 5663 1869 5718 Psal.
1902 5679 1973 5730 LI,
2017 5651 2078 5719 '7.
2102 5670 2120 5697 ³

2178 5667 2366 5722 Matth.
2399 5651 2480 5732 ni,
2517 5664 2601 5718 10.
2628 5665 2672 5696 ’⁸
2697 5664 2799 5722 lsa.
2826 5651 3011 5722 xxxvii
3065 5667 3148 5721 51.
3181 5666 3224 5696 ⁸⁷
3250 5663 3341 5717 lsa.
3369 5669 3461 5717 xlv,

529 5733 712 5786 unv,
746 5719 831 5774 10.

3484 5631 3658 5702 29,"P+
