3936 6328
318 353 468 413 1057

1250 347 1666 408 ALLEGORLE
1707 348 1776 406 ιιι
1813 346 2096 406 saeuam
2132 303 2592 408 scamnum.

3427 351 3566 412 1058

320 492 344 525 ι
376 470 641 526 Deorsum
662 466 872 523 radices
899 462 1016 534 ejus
1049 463 1319 520 siccentur
1347 463 1390 528 ί,
1439 481 1457 513 ι
1489 462 1543 516 id
1566 469 1671 528 est,
1702 463 1721 481 ¹
1761 461 1888 516 inti—
1912 466 1966 526 Α
1989 460 2221 528 dicator,
2234 469 2294 518 ut
2305 461 2363 516 in
2374 459 2678 519 Parabolis:
2699 480 2718 514 ι
2739 462 2938 534 Regem
2951 463 3154 520 locum
3169 481 3274 521 non
3287 465 3450 523 hab“
3465 467 3560 534 ιγ’,

311 563 424 620 mis
458 563 634 626 bonae,
676 574 813 631 quas
855 557 1018 613 habet
1047 555 1406 627 cogitationes
1435 555 1663 609 humore
1707 552 1894 624 gratiae

310 641 620 726 priventur.

391 744 587 799 Ramus
607 749 690 798 est
706 737 930 796 aﬂ‘ectus
953 737 1148 804 bonus,
1172 748 1230 793 ut
1252 739 1308 792 in
1331 735 1530 794 Genesi
1557 755 1570 792 :
1611 755 1632 789 ι
1664 737 1898 794 Portans

311 851 534 893 ramum
567 835 723 890 olivae
755 835 775 857 ‘
805 830 1162 888 deﬂuentibus
1196 829 1340 885 foliis
1375 831 1420 896 ³,
1461 849 1481 883 ›
1530 830 1674 898 quod
1707 837 1897 886 sancta

309 928 499 984 anima
541 925 610 979 ad
648 923 885 994 quietam
917 928 1152 976 mentem
1179 905 1433 974 aﬁ‘ectum
1476 917 1676 972 bonum
1723 917 1899 974 defert

310 1017 376 1072 in
419 1011 833 1086 cogitationibus
872 1009 1106 1065 mundis.
1153 1008 1372 1075 Ramus,
1399 1007 1646 1078 voluptas
1691 1009 1894 1075 carnis,

308 1117 382 1163 ut
417 1107 472 1160 in
501 1101 784 1160 Ezechiele
813 1120 826 1156 :
862 1120 880 1154 ι
912 1101 1052 1181 Ecce
1078 1100 1352 1171 applicant
1377 1115 1588 1156 ramum
1627 1103 1695 1156 ad
1734 1115 1897 1157 nares

313 1200 504 1265 suas',
538 1219 556 1252 ι
579 1197 718 1269 quod
741 1195 954 1267 reprobi
977 1196 1031 1250 in
1048 1195 1324 1250 voluntate
1345 1195 1524 1250 carnis
1540 1193 1894 1250 delectantur.

309 1292 424 1349 Per
466 1306 640 1345 ramos
664 1288 920 1344 doctrinm
945 1303 1136 1353 sacrae,
1177 1294 1236 1340 ut
1275 1287 1330 1342 in
1366 1287 1700 1358 Evangelio:
1753 1305 1774 1338 ι
1826 1285 1898 1343 Ut

312 1384 541 1439 veniant
565 1381 814 1435 volucres
848 1379 1000 1445 cmli,
1035 1387 1089 1434 et
1115 1379 1362 1434 habitent
1382 1380 1437 1434 in
1471 1379 1640 1435 ramis
1659 1380 1775 1451 ejus
1797 1378 1838 1443 ",
1871 1400 1890 1432 ι

313 1473 462 1546 quod
493 1480 718 1528 vocante
739 1471 850 1527 Deo
886 1471 1104 1542 superbi
1149 1470 1310 1539 hujus
1355 1471 1542 1526 mundi
1568 1471 1793 1526 veniunt
1827 1470 1896 1525 ad

314 1567 498 1627 fidem,
522 1573 578 1620 et
606 1563 950 1633 requiescunt
990 1562 1044 1616 in
1095 1562 1268 1617 sacris
1309 1562 1426 1633 ejus
1473 1561 1754 1618 doctrinis.
1793 1563 1898 1618 Per

315 1675 494 1714 ramos
534 1657 674 1712 bona
705 1670 890 1726 opera,
921 1662 980 1708 ut
1017 1653 1068 1708 in
1111 1652 1211 1708 Job
1239 1694 1252 1707 .
1285 1673 1304 1706 (
1334 1655 1399 1708 Ει
1421 1655 1558 1709 rami
1580 1654 1695 1723 ejus
1721 1654 1889 1726 pullu-

315 1750 434 1806 lant
456 1749 498 1814 ⁵,
531 1748 631 1821 rid
653 1747 756 1813 est,
781 1746 920 1802 bona
959 1760 1122 1816 opera
1145 1743 1262 1814 ejus
1288 1753 1570 1816 apparent.
1595 1745 1699 1801 Per
1719 1762 1894 1800 ramos

1996 552 2141 621 quod
2161 554 2180 572 ⁶
2215 550 2533 608 Antichristi
2567 553 2875 617 adventum,
2915 555 3320 624 praedicatorem
3350 559 3564 628 gentili-

1996 653 2080 700 tas
2105 659 2210 703 non
2229 644 2435 700 habuit.
2468 644 2602 711 Rex,
2627 645 2710 700 vir
2734 644 2957 714 quilibet
2985 655 3224 710 sanctus,
3248 657 3307 701 ut
3331 649 3382 703 in
3419 648 3568 704 Psal-

1995 735 2137 790 mis:
2177 753 2197 786 ι
2232 734 2294 790 In
2335 736 2532 792 virtute
2563 745 2654 792 tua
2695 735 2958 790 laetabitur
2981 736 3100 791 Rex
3131 736 3197 802 ¹⁸,
3239 757 3256 790 ι
3295 739 3436 808 quod
3465 739 3568 794 scit

1995 826 2081 882 vir
2107 834 2324 886 sanctus
2351 843 2460 884 non
2491 843 2557 884 ex
2597 842 2692 883 sua
2729 840 2852 882 esse
2883 827 3102 891 virtute,
3141 827 3236 881 sed
3263 841 3331 881 ex
3361 828 3564 895 divina,
3622 871 3624 874 μ
3681 817 3684 820 ’

1995 919 2140 990 quod
2167 919 2293 978 inse
2314 919 2568 976 vitiorum
2621 917 2958 990 tyrannidem
2973 917 3126 987 quasi
3151 934 3244 972 rex
3267 916 3424 973 fortis
3465 935 3564 988 po-

1997 1019 2175 1066 tenter
2215 1010 2431 1081 premit.
2479 1009 2615 1075 Rex,
2662 1009 2886 1079 quilibet
2934 1009 3167 1079 iniquus,
3214 1017 3271 1062 ut
3321 1010 3375 1064 in
3410 1008 3510 1065 .lob
3549 1025 3565 1063 :

2001 1119 2023 1154 ι
2049 1099 2210 1157 .Sicut
2233 1116 2438 1172 regem,
2463 1101 2555 1170 qui
2594 1109 2928 1172 praeparatur
2954 1101 3019 1154 ad
3059 1101 3302 1172 praelium
3333 1100 3398 1168 ‘9,
3433 1120 3452 1153 ι
3488 1101 3568 1156 sic

1995 1193 2214 1263 iniquus
2235 1192 2458 1262 quilibet
2483 1193 2574 1262 qui
2596 1207 2654 1246 se
2673 1200 2830 1262 parat
2851 1208 2947 1261 per
2985 1193 3291 1261 superbiam
3315 1193 3566 1247 resistere

1997 1283 2127 1340 Deo.
2146 1281 2282 1347 Rex,
2299 1289 2603 1350 peccatum,
2621 1281 2745 1336 utin
2766 1279 2897 1334 Job:
2920 1300 2937 1332 ι
2961 1281 3027 1335 Ει
3047 1281 3217 1336 calcet
3238 1297 3398 1352 super
3417 1297 3562 1346 eum,

1997 1375 2152 1446 quasi
2195 1389 2312 1439 rex,
2366 1373 2618 1434 interitus
2644 1373 2712 1438 ’°,
2745 1392 2762 1424 ι
2814 1373 2956 1442 quod
3001 1389 3224 1442 pravum
3275 1373 3568 1444 quemlibet

1997 1465 2115 1522 sine
2148 1463 2254 1520 ulla
2279 1462 2702 1526 contradictione
2720 1463 2916 1532 premit
2937 1472 3240 1532 peccatum,
3273 1463 3414 1532 quod
3441 1478 3560 1518 eum

1999 1558 2068 1612 ad
2095 1565 2322 1624 mortem
2357 1556 2615 1625 perducet
2659 1564 2936 1624 aeternam.
2978 1555 3112 1621 Rex,
3137 1558 3402 1624 diabolus,
3430 1566 3488 1613 ut
3514 1560 3568 1634 in

1995 1649 2096 1704 Joh
2132 1669 2144 1703 :
2194 1669 2211 1701 ‹
2239 1650 2357 1719 Ipse
2383 1657 2464 1704 est
2485 1663 2580 1702 rex
2603 1663 2764 1717 super
2783 1663 2971 1702 omnes
2993 1647 3129 1702 ﬁlios
3151 1649 3413 1716 superbiae
3442 1651 3507 1714 “,
3529 1637 3564 1700 ἰ

1999 1743 2140 1812 quod
2173 1743 2272 1800 sub
2323 1741 2562 1804 dominio
2603 1740 2802 1796 diaboli
2853 1748 2978 1794 sunt
3027 1742 3332 1814 quicunque
3381 1753 3570 1799 contra

312 1856 488 1914 sacrae
509 1837 822 1910 Scriptum,
848 1845 909 1893 ut
929 1837 984 1892 in
1009 1837 1330 1909 Evangelio:
1365 1858 1383 1889 ε
1414 1837 1700 1894 Caedebant
1721 1853 1902 1894 ramos
1929 1833 1978 1892 Β
2009 1833 2176 1889 Deum
2196 1839 2252 1888 et
2297 1832 2602 1902 proximum
2640 1831 2975 1902 superbiant.
3029 1831 3133 1888 Per
3177 1849 3318 1902 rcges
3371 1834 3567 1908 angeli,

315 1935 386 1991 de
411 1934 696 1990 arboribus
721 1933 765 1999 ⁸,
797 1953 815 1985 ι
857 1933 910 1988 id
945 1942 1051 2000 est,
1077 1933 1416 2004 accipiebant
1441 1948 1627 1988 sacras
1667 1942 1892 1988 senten-

313 2024 424 2080 tias
451 2040 482 2078 a
505 2023 756 2078 Patribus
782 2014 1004 2078 sanctis.
1029 2023 1133 2078 Per
1158 2039 1333 2078 ramos
1355 2023 1603 2079 homines
1623 2023 1795 2094 pravi,
1833 2029 1896 2076 ut

313 2114 374 2170 in
402 2112 501 2170 Job
546 2131 560 2168 :
594 2132 612 2165 ι
657 2113 861 2169 Ramos
893 2113 1012 2183 ejus
1057 2111 1314 2170 arefaciet
1344 2111 1560 2168 ﬂamma
1604 2114 1650 2180 ",
1686 2133 1705 2165 ›
1746 2114 1890 2186 quod

315 2204 565 2260 homines
587 2217 782 2274 pravos
819 2203 1056 2258 vastabit
1081 2203 1356 2258 damnatio
1378 2210 1604 2258 aeterna.

392 2293 664 2348 Rhamnus
693 2300 776 2349 est
795 2293 1180 2360 Antichristus,
1203 2302 1264 2348 ut
1302 2295 1359 2350 in
1401 2295 1542 2350 libro
1589 2293 1840 2352 Iudicum
1875 2311 1889 2349 :

322 2405 346 2437 ι
391 2385 712 2456 Egrediatur
754 2385 894 2456 ignis
937 2385 1005 2440 de
1051 2387 1297 2452 rhamno,
1335 2395 1390 2440 et
1434 2386 1657 2442 devoret
1698 2387 1894 2442 cedros

314 2475 510 2532 Libani
535 2476 578 2544 ⁸,
615 2496 632 2528 ι
677 2477 820 2546 quod
847 2477 1140 2532 crudelitas
1166 2477 1337 2532 exibit
1373 2479 1439 2533 de
1458 2479 1812 2545 Antichristo,
1841 2486 1898 2534 et

305 2565 610 2622 interﬁciet
643 2565 900 2621 sublimes
922 2567 1069 2622 viros
1105 2567 1380 2623 Ecclesize.
1429 2567 1722 2634 Rhamnus,
1755 2571 1898 2626 dele-

315 2656 488 2714 ctatio
511 2657 744 2727 peccati,
775 2664 835 2712 ut
860 2657 916 2711 in
945 2655 1176 2714 Psalmis
1204 2675 1217 2711 :
1251 2677 1269 2709 ι
1289 2657 1606 2729 Priusquam
1634 2659 1899 2730 intellige-

315 2758 444 2806 rent
485 2750 654 2820 spinae
691 2756 884 2804 vestrae
917 2750 1206 2806 rhamnum
1235 2750 1280 2817 ’,
1313 2770 1332 2804 ι
1369 2751 1423 2806 id
1444 2759 1545 2816 est,
1584 2753 1898 2822 priusquam

315 2841 640 2911 punctiones
667 2847 860 2898 vestra:
894 2840 1212 2914 perveniant
1238 2841 1307 2898 ad
1329 2842 1740 2899 delectationem
1772 2858 1897 2914 pec-

316 2936 452 2990 cati.

391 3025 559 3082 Ranw
584 3035 711 3082 sunt
748 3026 1010 3092 haeretici,
1041 3034 1102 3081 ut
1136 3027 1191 3082 in
1213 3026 1480 3084 Psalmis:
1523 3047 1542 3081 ι
1577 3029 1734 3084 Dedit
1755 3037 1898 3086 terra

313 3132 508 3174 eorum
554 3133 714 3175 ranas
755 3118 823 3185 ιο,
857 3139 876 3171 ι
908 3119 1052 3190 quod
1102 3121 1473 3176 conventicula
1525 3136 1791 3178 caecorum
1842 3130 1898 3176 et

1995 1923 2139 1980 utin
2162 1922 2268 1983 Ioh.
2294 1941 2306 1978 :
2349 1941 2369 1974 ι
2400 1921 2534 1978 Cum
2574 1921 2792 1992 regibus
2823 1928 2878 1976 et
2905 1922 3216 1994 consulibus
3245 1932 3402 1980 terra:
3428 1925 3497 1989 ",
3547 1945 3566 1978 ι

1995 2015 2157 2086 quod,
2188 2014 2233 2070 si
2255 2015 2416 2069 homo
2446 2028 2550 2067 non
2579 2021 2880 2082 peccasset,
2913 2013 3274 2084 requiesceret
3311 2030 3432 2070 cum
3476 2030 3572 2070 an-

1995 2107 2151 2178 gelis,
2184 2107 2276 2178 qui
2316 2121 2442 2162 cum
2463 2105 2574 2160 Deo
2601 2115 2830 2174 regnant
2856 2107 2910 2162 in
2932 2106 3091 2172 ctelo,
3117 2116 3171 2164 et
3196 2105 3350 2162 nobis
3378 2109 3394 2126 ‘
3441 2123 3572 2163 con-

1995 2200 2194 2257 sultum
2246 2199 2486 2271 praebent
2538 2199 2593 2252 in
2619 2207 2782 2253 terra.
2842 2198 2944 2254 Per
2977 2216 3139 2270 reges,
3169 2199 3391 2272 praelati,
3419 2208 3477 2253 ut
3518 2200 3573 2256 in

1997 2291 2229 2348 Psalmis
2260 2309 2273 2345 :
2306 2308 2325 2342 ι
2352 2290 2421 2349 Ει
2443 2305 2608 2355 nunc,
2633 2304 2804 2359 reges,
2839 2290 3198 2363 intelligite",
3222 2312 3240 2344 ι
3271 2293 3327 2346 id
3351 2302 3458 2355 est,
3479 2307 3574 2364 per

1995 2381 2326 2437 intellectum
2360 2380 2699 2438 considerate
2731 2379 2980 2448 sollicite,
3009 2397 3042 2444 ο
3081 2383 3310 2452 praelati,
3345 2388 3576 2456 qualiter

1995 2482 2207 2530 vestros
2257 2487 2442 2544 regere
2489 2471 2731 2528 debeatis
2784 2472 3071 2543 subjectos.
3140 2473 3244 2540 Per
3285 2494 3426 2548 reges
3473 2480 3574 2534 viri

1997 2564 2190 2627 sancti,
2220 2570 2281 2618 ut
2321 2563 2382 2622 in
2421 2560 2562 2624 Iob:
2609 2581 2628 2614 ι
2680 2561 2748 2617 Ει
2775 2575 2929 2634 reges
2981 2565 3038 2618 in
3067 2565 3199 2622 solio
3247 2568 3475 2625 collocat
3519 2572 3574 2626 in

1996 2664 2311 2726 perpetuum
2336 2657 2404 2721 ’³,
2455 2677 2472 2708 ι
2525 2657 2667 2726 quod
2701 2657 2791 2726 qui
2849 2657 3050 2722 illicitis
3087 2660 3140 2716 in
3194 2677 3253 2716 se
3295 2665 3530 2719 motibus
3557 2669 3573 2685 ‘

1998 2751 2296 2806 resistendo
2321 2750 2457 2805 bene
2491 2751 2812 2818 semetipsos
2837 2751 2891 2804 in
2937 2754 3187 2820 praesenti
3217 2764 3427 2826 regunt,
3453 2774 3572 2814 cum

1998 2841 2230 2899 Domino
2251 2841 2306 2896 in
2333 2851 2650 2912 perpetuum
2696 2842 3013 2911 regnabant.
3049 2844 3152 2900 Per
3197 2863 3337 2915 reges
3387 2865 3577 2906 sensus

1999 2936 2218 3001 interni,
2235 2945 2296 2992 ut
2307 2936 2361 2990 in
2377 2935 2684 2992 Parabolis:
2717 2955 2733 2986 ι
2757 2935 2874 2990 Noli
2889 2937 3105 3006 regibus
3119 2938 3248 2994 dare
3269 2941 3532 3010 vinum”,
3555 2963 3571 2995 ι

1999 3028 2054 3084 id
2081 3039 2180 3096 est,
2219 3043 2286 3085 ne
2331 3029 2618 3100 permittas
2643 3029 2934 3088 rationales
2985 3044 3176 3086 sensus
3234 3039 3350 3088 tuos
3400 3037 3580 3094 carnis

1999 3123 2274 3192 voluptate
2325 3121 2541 3176 fatuari.
2566 3121 2670 3176 Per
2691 3137 2855 3190 reges,
2880 3121 2972 3191 qui
3003 3121 3068 3174 de
3095 3123 3347 3180 castitate
3389 3143 3578 3197 super-

314 3212 684 3284 ignorantium
732 3212 984 3285 loquaces
1035 3212 1320 3285 proferunt
1375 3214 1658 3272 haereticos
1697 3224 1753 3271 et
1791 3216 1894 3270 im—
1921 3203 1968 3267 Ο
1995 3215 2170 3280 biunt,
2206 3223 2264 3269 ut
2297 3215 2351 3269 in
2406 3212 2506 3268 Joh
2535 3232 2546 3266 :
2578 3232 2598 3264 ί
2633 3212 2875 3274 Balteum
2927 3229 3111 3283 regum
3163 3215 3408 3272 dissolvit
3457 3218 3520 3282 “,
3557 3239 3575 3270 ι

313 3305 571 3360 mundos.

395 3397 605 3468 Rapina
639 3405 724 3454 est
762 3399 1128 3471 praesumptio,
1169 3409 1228 3454 ut
1257 3398 1312 3453 in
1339 3397 1533 3455 Paulo:
1567 3418 1585 3451 ι
1614 3397 1730 3454 Non
1754 3399 1898 3468 rapi-

313 3505 444 3546 nam
488 3489 784 3544 arbitratus
828 3497 910 3545 est
959 3506 1017 3545 se
1062 3505 1184 3546 esse
1231 3489 1493 3560 aqualem
1543 3490 1654 3545 Deo
1690 3490 1757 3556 “,
1794 3509 1814 3541 ι
1842 3489 1899 3544 id

315 3588 423 3644 est,
455 3593 565 3634 non
604 3587 724 3634 erat
743 3581 1092 3650 praesumptio
1132 3581 1274 3652 quod
1295 3580 1430 3635 dixit
1454 3581 1899 3651 sesequalitatem

313 3672 525 3728 habere
548 3685 671 3726 cum
705 3669 839 3737 Deo,
863 3671 1006 3742 quod
1037 3671 1357 3727 naturaliter
1376 3668 1598 3742 aequalis
1617 3681 1702 3728 est
1734 3671 1902 3758 Filius

312 3761 492 3821 Patri.

321 3875 328 3878 ·
388 3853 668 3909 Rationale
715 3861 800 3909 est
841 3853 1056 3909 interna
1107 3852 1401 3918 munditia,
1447 3861 1508 3907 ut
1560 3853 1614 3907 in
1655 3852 1844 3908 Exodo
1884 3869 1897 3904 :

325 3965 348 4000 ‹
384 3945 671 4002 Rationale
717 3955 932 4018 oportet
960 3960 1079 4001 esse
1114 3954 1302 4017 pectus
1337 3946 1658 4013 sacerdotis,
1709 3946 1752 3977 “
1796 3966 1814 3999 ι
1851 3945 1902 3999 id

317 4047 426 4103 est,
456 4053 591 4109 pura
617 4038 758 4093 ratio
781 4037 1001 4092 ornabit
1028 4046 1263 4092 mentem
1287 4036 1607 4093 sacerdotis.

391 4128 503 4183 Rea:
539 4139 624 4210 est
655 4131 798 4185 Deus
825 4128 1011 4192 Pater,
1040 4139 1099 4182 ut
1127 4129 1182 4184 in
1205 4127 1498 4200 Evangelio
1529 4145 1542 4183 :
1577 4148 1594 4179 ί
1632 4127 1786 4200 Regi,
1813 4129 1904 4198 qui

319 4221 452 4279 fecit
482 4221 697 4291 nuptias
729 4220 842 4276 ﬁlio
870 4237 968 4276 suo
1016 4220 1082 4287 ⁸³,
1119 4240 1137 4272 ι
1191 4221 1246 4275 id
1295 4229 1399 4287 est,
1453 4219 1563 4275 Deo
1604 4219 1774 4284 Patri,
1815 4230 1911 4291 qui

317 4313 620 4370 Ecclesium
671 4313 949 4384 conjunxit
982 4311 1218 4368 Christo.
1271 4311 1403 4378 Rex,
1459 4312 1733 4378 Christus,
1760 4323 1818 4367 ut
1853 4313 1909 4368 in

320 4403 450 4460 Job:
475 4423 492 4456 ι
513 4403 754 4474 Cumque
771 4403 1015 4460 sederem
1040 4404 1194 4474 quasi
1217 4420 1332 4469 rex,
1351 4405 1734 4459 circumstante
1755 4417 1910 4458 exer-

323 4497 460 4562 citu,
491 4509 642 4550 eram
675 4504 855 4550 tamen
882 4496 1224 4550 morientium
1251 4495 1562 4550 consolator
1601 4495 1668 4561 ιδ,
1701 4516 1720 4547 ›
1765 4495 1908 4564 quod

321 4585 591 4652 Christus,
615 4587 864 4658 quamvis
883 4602 1044 4658 super
1067 4587 1253 4642 beatos
1283 4593 1473 4658 regnet
1496 4587 1549 4640 in
1591 4585 1748 4652 coelo,
1781 4601 1912 4640 con-

322 4661 529 4735 solatur
554 4687 732 4734 tamen
761 4693 858 4750 per
885 4693 1035 4749 spem
1065 4679 1234 4734 veniae
1270 4679 1596 4750 poenitentes
1641 4679 1695 4732 in
1742 4687 1906 4733 terra.

322 4771 456 4838 Rex,
473 4771 707 4844 Spiritus
720 4780 958 4837 sanctus,
975 4781 1035 4827 ut
1045 4773 1099 4828 in
1111 4771 1390 4828 Parabolis
1413 4785 1426 4826 :
1451 4792 1470 4824 ‹
1494 4773 1627 4837 Rex,
1643 4773 1735 4842 qui
1760 4773 1910 4827 sedet

323 4866 380 4920 in
413 4864 546 4920 solio
570 4880 686 4929 suo,
715 4865 941 4936 dissipat
965 4879 1125 4920 omne
1168 4864 1369 4919 malum
1414 4864 1608 4919 intuitu
1653 4881 1752 4921 suo
1781 4865 1846 4930 ¹⁸,
1885 4885 1906 4918 ι

324 4958 471 5027 quod
530 4956 762 5028 Spiritus
804 4967 1025 5014 sanctus
1066 4957 1123 5012 in
1171 4957 1290 5012 viro
1347 4966 1532 5012 sancto
1577 4957 1807 5012 destruit
1855 4957 1909 5012 in

325 5059 509 5106 mente
531 5049 764 5105 hominis
777 5058 1054 5121 peccatum
1070 5049 1418 5117 inspiratione
1432 5065 1548 5104 sua.
1563 5049 1695 5115 Rex,
1721 5059 1909 5107 sancta

328 5143 589 5210 Trinitas,
615 5152 676 5198 ut
709 5144 763 5198 in
789 5143 927 5199 Isaia
968 5162 982 5198 :
1021 5164 1038 5196 ι
1074 5145 1272 5216 Regem
1297 5146 1350 5200 in
1399 5145 1592 5202 decore
1619 5162 1718 5203 suo
1753 5149 1908 5203 vide-

326 5233 468 5290 bunt
491 5234 630 5289 oculi
653 5232 769 5303 ejus
797 5234 861 5300 ιο,
902 5254 920 5285 ›
956 5236 1097 5304 quod
1143 5244 1386 5292 sanctam
1414 5235 1734 5293 Trinitatem
1764 5246 1783 5261 τ
1819 5239 1906 5293 in-

329 5335 486 5381 terna
507 5325 678 5398 gloria
725 5342 821 5382 sua
852 5326 1355 5397 contemplabuntur
1381 5327 1557 5384 electi.
1586 5327 1721 5396 Rex,
1763 5345 1904 5401 prae-

1998 3308 2142 3376 quod
2167 3307 2224 3360 in
2249 3306 2372 3372 illis,
2397 3307 2488 3375 qui
2514 3305 2581 3359 de
2602 3305 2854 3360 castitate
2881 3306 3114 3362 inaniter
3141 3306 3460 3376 gloriantur,
3489 3326 3584 3381 pu-

1998 3399 2196 3454 dicitiae
2209 3402 2223 3418 ‘
2239 3398 2360 3469 ejus
2379 3397 2650 3466 cingulum
2665 3398 2872 3468 strangi
2893 3414 3276 3471 nonnunquam
3300 3402 3578 3470 permittit.

1998 3493 2104 3548 Per
2177 3508 2319 3563 reges
2351 3492 2577 3562 quilibet
2632 3493 2934 3561 superbus,
2993 3502 3052 3547 ut
3099 3493 3158 3548 in
3203 3494 3523 3567 Apocalypsi
3567 3516 3580 3552 :

2007 3605 2024 3636 ι
2056 3587 2122 3640 Et
2142 3587 2442 3656 procedunt
2471 3586 2538 3638 ad
2562 3597 2712 3654 reges
2739 3586 2900 3640 totius
2921 3594 3097 3650 terrae,
3124 3589 3142 3607 '
3165 3603 3468 3658 pneparare
3489 3605 3583 3646 eos

2001 3678 2057 3732 in
2091 3677 2335 3746 przelium
2357 3676 2425 3740 ’⁷,
2461 3695 2479 3726 ι
2514 3676 2654 3744 quod
2685 3676 2886 3730 exemit
2922 3677 3142 3745 spiritus
3167 3679 3472 3736 immundos
3489 3697 3586 3750 per

2002 3769 2399 3840 suggestionem
2422 3768 2488 3821 ad
2515 3767 2716 3846 electos
2735 3767 2892 3836 luijus
2916 3770 3116 3834 saeculi,
3147 3777 3205 3823 ut
3231 3772 3472 3826 excitent.
3492 3789 3586 3828 eos

2005 3862 2072 3915 ad
2119 3860 2612 3914 contradictionem.
2657 3858 2960 3913 divinorum
3017 3869 3429 3931 prmceptorum.
3483 3863 3587 3918 Per

2006 3969 2170 4022 reges,
2207 3965 2398 4005 sensus
2425 3949 2752 4018 corporales,
2778 3959 2839 4004 ut
2861 3951 2913 4004 in
2944 3951 3084 4005 libro
3111 3951 3273 4006 Josue
3307 3971 3319 4006 :
3354 3973 3372 4004 ι
3398 3954 3587 4009 Ponite

2005 4043 2172 4112 pedes
2211 4050 2420 4097 vestros
2460 4056 2619 4110 super
2645 4039 2779 4094 colla
2813 4057 2996 4111 regum
3018 4042 3243 4096 istorum
3276 4043 3344 4109 ’⁸,
3381 4064 3400 4096 ›
3445 4047 3588 4113 quod

2008 4134 2257 4189 Sensibus
2291 4134 2343 4187 in
2376 4147 2434 4187 se
2463 4131 2832 4201 corporalibus
2871 4132 2970 4185 viri
3001 4133 3016 4152 ‘
3045 4149 3143 4202 per
3181 4135 3468 4203 puritatem
3510 4137 3592 4192 in-

2010 4233 2289 4278 ternorum
2337 4221 2624 4277 affectuum
2657 4237 2876 4276 suorum
2909 4221 3276 4277 dominantur.

2085 4315 2284 4386 Regina
2298 4323 2381 4370 est
2405 4322 2592 4369 sancta
2623 4313 2880 4376 Ecclesia,
2910 4325 2968 4367 ut
2995 4315 3048 4368 in
3071 4314 3330 4370 Psalmis:
3363 4335 3382 4368 ί
3407 4316 3593 4373 Astitit

2009 4409 2196 4480 regina
2215 4424 2244 4462 a
2267 4409 2468 4463 dextris
2489 4406 2676 4472 tuis”,
2703 4426 2719 4457 ι
2743 4407 2886 4476 quod
2908 4417 3094 4462 sancta
3121 4408 3378 4474 Ecclesia,
3399 4409 3452 4462 in
3467 4409 3592 4466 vitae

2013 4502 2340 4556 rectitudine
2362 4502 2683 4566 consistens,
2717 4515 2748 4554 a
2782 4499 3002 4554 Christo
3027 4507 3110 4554 est
3152 4500 3342 4554 electa.
3369 4499 3590 4571 Regina,

2001 4594 2266 4664 superbia
2301 4593 2488 4648 mundi
2535 4593 2714 4661 hujus,
2757 4599 2818 4646 ut
2864 4593 2918 4645 in
2950 4591 3266 4661 Apocalypsi
3307 4607 3322 4644 :
3364 4611 3382 4643 ι
3420 4591 3591 4648 Sedeo

2015 4688 2201 4757 regina
2231 4685 2296 4750 ³ο,
2326 4704 2344 4736 ι
2380 4685 2521 4754 quod
2562 4698 2751 4738 secure
2779 4691 2972 4736 vacant
3017 4681 3282 4751 superbire
3319 4693 3593 4742 amatores

2015 4777 2198 4832 mundi
2215 4775 2394 4846 hujus.
2411 4773 2514 4829 Per
2526 4773 2726 4842 reginas
2741 4771 2935 4827 anima:
2949 4775 3175 4838 devolte,
3191 4781 3251 4827 ut
3267 4775 3318 4829 in
3333 4773 3586 4832 Cantico:

2020 4887 2038 4921 ‹
2075 4867 2292 4938 Reginae
2313 4865 2667 4920 laudaverunt
2689 4879 2807 4918 eam
2842 4863 2909 4928 δι,
2944 4883 2961 4915 ι
2998 4865 3137 4932 quod
3163 4867 3356 4922 anima:
3384 4868 3590 4924 devotae

2013 4968 2343 5015 venerantur
2363 4957 2660 5012 Ecclesiam
2702 4964 2946 5012 sanctam
2975 4957 3028 5012 in
3059 4966 3284 5014 matrem
3306 4976 3480 5016 suam.

2086 5049 2318 5120 Regnum
2340 5055 2422 5102 est
2441 5045 2615 5116 patria
2643 5045 2902 5112 caelestis,
2919 5056 2978 5101 ut
3002 5046 3056 5101 in
3078 5046 3397 5120 Evangelio:
3421 5069 3438 5102 ι
3461 5051 3591 5106 Bea-

2013 5153 2104 5197 ius
2133 5151 2217 5197 est
2250 5141 2342 5212 qui
2376 5139 2663 5192 manducat
2681 5151 2876 5206 panem
2919 5137 2974 5192 in
3001 5153 3164 5210 regno
3189 5141 3530 5206 caelorum”,
3565 5161 3584 5194 ι

2015 5236 2068 5290 id
2098 5244 2200 5299 est,
2239 5233 2365 5288 felix
2394 5240 2480 5287 est
2499 5231 2592 5300 qui
2619 5230 2875 5300 pertingit
2901 5231 2968 5284 ad
2994 5229 3139 5286 illam
3173 5233 3454 5289 suavitatis
3476 5233 3592 5288 dul-

1969 5351 1982 5385 .'
2013 5329 2258 5385 cedinem
2279 5341 2400 5398 qua:
2425 5333 2508 5380 est
2536 5325 2590 5378 in
2611 5322 2784 5394 patria
2805 5323 3001 5378 civium
3017 5324 3316 5381 beatorum.
3333 5324 3589 5396 Regnum,

440 5436 457 5467 ¹
501 5433 602 5492 Job
647 5451 800 5500 xvm,
846 5434 980 5504 16,²
1009 5434 1145 5502 Gen.
1185 5453 1305 5502 vin,
1355 5438 1440 5493 11.
1473 5438 1494 5470 ³
1523 5438 1726 5504 Ezech.
1773 5455 1889 5502 vm,

2003 5444 2024 5493 “.
2053 5439 2074 5470 ⁸
2100 5438 2286 5496 Matth.
2334 5452 2452 5500 xm,
2486 5433 2603 5504 752.7
2627 5433 2668 5487 ⁵.
2715 5430 2816 5487 Job
2855 5447 2966 5499 xw,
3008 5434 3058 5488 7.
3085 5435 3104 5466 ⁸
3141 5435 3328 5489 Matth.
3375 5452 3488 5502 xxx,
3534 5437 3590 5493 8.

327 5503 354 5538 ν
393 5502 496 5561 Job
545 5522 649 5571 xv,
698 5505 786 5561 30.
842 5505 864 5537 ⁸
917 5503 1041 5574 Jud’.
1099 5523 1175 5573 ix,
1220 5501 1305 5562 16.
1347 5507 1368 5538 °
1415 5501 1666 5572 Ps.'Lvr,
1711 5507 1799 5566 10;
1855 5501 1897 5542 ιθ

2003 5511 2065 5565 al.
2103 5509 2228 5574 ’civ',‘
2261 5509 2351 5564 50.
2397 5507 2443 5546 ὐ
2483 5503 2626 5560 Phil.
2662 5518 2737 5574 in,
2773 5503 2826 5558 ϐ.
2869 5504 2914 5534 ¹²
2954 5505 3122 5559 Exod.
3167 5519 3360 5570 xxvm,
3409 5506 3460 5566 4.
3501 5506 3589 5574 15,

329 5574 423 5649 22,
445 5576 544 5649 25,
567 5575 774 5649 26,28,
799 5575 888 5642 29,
917 5573 1004 5649 59,
1036 5587 1142 5649 etc.
1177 5579 1220 5649 ‘7'
1242 5578 1430 5634 Matth.
1458 5595 1513 5640 ιι,
1541 5575 1610 5632 2.
1637 5581 1681 5614 ³⁸
1715 5579 1814 5642 Iob
1841 5579 2008 5649 xxix,’
2022 5583 2072 5635 1.
2123 5573 2164 5612 τ’
2187 5580 2342 5634 Prov.
2382 5594 2474 5649 xx,
2505 5573 2764 5649 8._‘°_lsa.
2793 5591 2987 5649 xxxiii.
3013 5577 3058 5649 f7
3081 5574 3241 5649 Prov.
3275 5590 3401 5641 xxx,
3430 5575 3519 5649 g7.
3546 5573 3592 5649 if

313 5643 478 5720 ‘Psal.
510 5665 601 5703 xx.
632 5646 674 5679 ¹⁹
701 5645 809 5720 Job
835 5661 922 5720 )5V,
950 5645 1039 5704 24.
1093 5647 1139 5682 ¹⁰
1177 5648 1275 5706 Job
1303 5666 1460 5720 xvm,
1612 5650 1655 5683 ¹¹
1703 5649 1803 5707 Job
1845 5671 1899 5707 χι

2003 5654 2068 5708 ιδ.
2099 5653 2144 5720 ξ’
2173 5651 2274 5720 Job
2312 5667 2390 5714 ιιι,
2421 5647 2506 5702 1i.
2539 5645 2584 5676 “
2624 5645 2828 5720 _P_s.__u,
2874 5644 2961 5699 10.
3010 5646 3056 5676 ³⁵
3085 5643 3400 5720 Job_xxxv_|,
3441 5647 3492 5700 7.
3541 5646 3589 5680 ²⁸

334 5717 496 5772 Prov.
525 5734 652 5773 xxxi
687 5718 740 5771 4.
769 5718 814 5748 ⁸⁸
842 5716 941 5773 Job
987 5737 1086 5790 xu,
1118 5722 1203 5778 18.
1235 5722 1274 5752 "'
1305 5717 1469 5792 Apoc.
1504 5717 1614 5787 xvi,
1644 5722 1726 5792 11.
1760 5722 1808 5754 ⁸⁸
1833 5723 1899 5781 Jo.

336 5789 392 5844 8.
420 5788 463 5819 ⁸³
495 5787 624 5844 Luc.
655 5805 766 5844 XIV.

2011 5719 2146 5798 {21.
2175 5719 2218 5753 "
2249 5721 2389 5802 Psal.
2439 5733 2580 5784 xmv,
2617 5715 2682 5770 ιιι
2733 5715 2780 5746 ³ο
2801 5715 2966 5786 Apoc.
2998 5730 3150 5780 xvm,
3182 5715 3234 5770 7.
3268 5715 3312 5747 ³¹
3336 5715 3491 5772 Cant.
3519 5733 3588 5782 vr,

380 5827 392 5840 .
420 5805 463 5819 ··
495 5805 624 5844 LUC.
655 5805 766 5853 XIV,
