3936 6328
433 352 460 414 1
470 353 576 411 059

1085 351 1147 405 B.
1187 346 1439 404 RABANI
1476 344 1698 402 MAURI
1734 339 1995 400 ARCHIE'

2107 338 2404 398 uocum.
2441 319 2726 397 orsum!
2755 335 2936 395 mas
2971 334 3060 394 III.

3558 337 3700 396 10ιο

429 483 669 540 praesens
706 465 967 530 Ecclesia,
999 466 1138 519 utin
1161 464 1491 535 Evangelia:
1526 483 1544 514 ι
1577 461 1643 516 Ει
1663 459 1918 530 colligent
1945 458 2012 514 de
2038 460 2090 521 Α
2115 454 2186 509 sit
2213 455 2266 508 in
2290 463 2404 508 rete
2433 455 2598 523 pedes
2627 467 2753 508 suos
2782 452 2847 517 “‘,
2887 471 2904 502 ι
2953 452 3007 506 id
3049 455 3151 516 est,
3185 449 3368 520 posuit
3394 450 3456 506 in
3500 464 3698 522 pecca-

431 577 601 633 regno
629 559 744 630 ejus
773 559 954 615 omnia
979 558 1233 614 scandala
1275 558 1318 620 ί,
1351 577 1368 607 ι
1395 555 1537 624 (ιιιοὰ
1577 567 1766 608 omnes
1795 550 2009 606 haereti-

431 667 618 708 corum
653 665 868 707 errores
924 649 1093 704 sancti
1131 649 1378 702 doctores
1408 647 1691 701 destruunt
1735 645 1790 698 in
1825 642 2010 698 Eccle-

431 744 530 801 sia.
562 743 816 815 Regnum,
838 756 991 797 sacra
1015 739 1312 810 Scriptura,
1331 747 1390 793 ut
1412 738 1464 791 in
1493 735 1814 806 Evangelio:
1847 753 1865 785 ι
1892 732 2007 786 Au-

428 832 636 889 l'eretur
660 849 690 886 a
711 832 862 888 vobis
890 845 1111 900 regnum
1135 830 1250 893 Dei,
1278 838 1328 882 et
1361 828 1578 882 dabitur
1598 827 1743 895 genti
1789 824 2008 880 facienti

429 926 662 982 fructum
691 925 806 995 ejus
834 927 875 988 ’,
909 945 927 975 ι
959 924 1101 994 quod
1146 922 1421 977 auferetur
1461 937 1490 975 a
1520 918 1721 976 Judaeis
1749 919 2007 990 spiritua-

429 1017 498 1072 lis
518 1033 685 1072 sacrae
697 1017 990 1086 Scriptura:
1005 1013 1326 1076 intellectus,
1345 1021 1399 1068 et
1419 1012 1578 1066 datur
1592 1009 1785 1081 populo
1799 1008 2004 1080 gentili,

428 1111 518 1180 qui
546 1119 602 1164 et
635 1123 754 1164 eam
783 1121 913 1162 sane
943 1104 1244 1174 intelligunt
1273 1112 1326 1157 et
1353 1102 1647 1158 secundum
1673 1115 1795 1156 eam
1823 1107 2009 1154 sancte

428 1201 637 1254 vivunt.
688 1197 941 1268 Regnum,
990 1210 1142 1250 mens
1190 1202 1399 1259 sancta,
1454 1202 1512 1247 ut
1568 1192 1623 1246 in
1671 1190 2002 1261 Evangelio:

434 1310 453 1344 ι
482 1290 725 1361 Regnum
750 1289 844 1344 Dei
873 1289 1014 1341 intra
1041 1300 1139 1340 vos
1157 1295 1241 1339 est
1261 1285 1298 1346 ³,
1329 1305 1347 1336 ι
1367 1283 1509 1353 quod
1531 1283 1586 1337 in
1608 1290 1790 1336 mente
1814 1281 2006 1335 devota

427 1378 570 1433 Deus
619 1386 824 1447 regnat.
873 1375 979 1432 Per
1016 1391 1252 1446 regnum,
1278 1373 1474 1428 diversi
1507 1373 1727 1428 ordines
1748 1371 2004 1437 ﬁdelium,

427 1469 565 1523 utin
593 1467 866 1524 Psalmis:
909 1486 926 1518 ι
969 1465 1153 1537 Regna
1197 1473 1374 1530 terrae,
1418 1471 1636 1520 cantate
1679 1463 1787 1517 Deo
1815 1464 1859 1526 ⁸,
1897 1482 1915 1514 ι
1952 1461 2006 1516 id

425 1566 532 1624 est,
553 1558 750 1614 diversi
777 1557 997 1614 ordines
1014 1555 1248 1612 ﬁdelium
1271 1563 1470 1610 sancta:
1492 1553 1765 1618 Ecclesiae,
1793 1551 2008 1608 laudate

425 1651 690 1814 Βθὲξξξιια
704 1751 787 1798 est
804 1740 1110 1812 eloquentia
1121 1739 1582 1811 philosophorum,
1595 1747 1657 1794 ιιι
1681 1737 1735 1793 in
1751 1736 1888 1793 libro
1908 1736 2003 1793 Jo-

2113 553 2224 599 tum
2249 543 2475 600 allectus
2511 560 2658 599 suos.

2181 634 2447 689 Resticula
2486 644 2610 688 sum
2631 642 2900 703 praecepta
2927 633 3040 697 Dei,
3078 642 3138 688 ut
3184 633 3236 687 in
3264 632 3408 687 libro
3439 632 3648 702 Regum
3681 652 3694 687 :

2115 743 2135 778 ι
2175 725 2446 781 Resticula
2477 725 2698 795 triginta
2729 725 3034 780 cubitorum
3079 728 3350 782 ambiebat
3372 743 3530 782 mare
3580 730 3644 795 ",
3675 749 3694 781 ι

2108 813 2250 883 quod
2278 822 2546 883 praecepta
2569 813 2751 868 divina
2781 822 2984 869 sanctze
3006 813 3289 872 Trinitatis
3320 817 3481 872 ﬁdem
3511 819 3699 887 praedi-

2109 904 2282 959 centia
2311 913 2579 958 exornant
2601 903 2953 974 baptismum.

2177 993 2584 1049 Retributio.est
2613 995 2972 1064 quadrifaria,
2997 997 3173 1067 prima
3200 1013 3324 1054 cum
3353 999 3499 1054 bona
3539 1002 3700 1055 retri-

2106 1085 2345 1142 buuntur
2365 1101 2466 1156 pro
2486 1087 2667 1153 bonis,
2697 1089 2936 1143 secunda
2960 1105 3082 1144 cum
3111 1091 3251 1146 mala
3277 1091 3584 1146 redduntur
3605 1109 3698 1162 pro

2108 1176 2282 1242 malis,
2330 1177 2488 1232 tertia
2521 1175 2652 1232 cum
2693 1179 2836 1234 mala
2860 1195 2958 1250 pro
2979 1181 3156 1246 bonis,
3187 1192 3378 1252 quarta
3407 1200 3532 1238 cum
3561 1185 3696 1239 bona

2107 1282 2206 1337 pro
2239 1267 2425 1334 malis;
2465 1269 2640 1338 prima
2669 1277 2723 1324 et
2752 1273 2987 1325 secunda
3031 1273 3278 1344 justitiaz,
3319 1276 3476 1329 tertia
3509 1278 3697 1346 nequi-

2108 1359 2217 1425 tiae,
2248 1369 2437 1430 quarta
2468 1360 2650 1432 gloria:
2678 1379 2693 1427 ;
2728 1363 2820 1431 qui
2847 1363 2988 1418 bona
3017 1365 3205 1420 tribuit
3251 1383 3351 1436 pro
3397 1367 3584 1432 bonis,
3608 1371 3698 1424 bo-

2107 1467 2208 1506 nus
2235 1459 2320 1506 est
2347 1468 2362 1518 ;
2388 1454 2481 1523 qui
2503 1469 2607 1507 non
2638 1453 2824 1508 tribuit
2853 1455 2992 1509 mala
3018 1471 3116 1526 pro
3142 1457 3318 1521 malis,
3351 1459 3580 1526 melior;
3610 1461 3695 1530 qui

2107 1558 2214 1597 non
2241 1543 2428 1598 tribuit
2461 1543 2600 1600 bona
2644 1561 2742 1614 pro
2772 1546 2947 1612 malis,
2983 1548 3176 1614 malus,
3207 1551 3297 1619 qui
3336 1551 3533 1606 tribuit
3559 1553 3693 1607 mala

2106 1651 2206 1706 pro
2234 1637 2411 1703 malis,
2459 1636 2648 1708 pejor;
2682 1637 2774 1708 qui
2818 1638 3006 1692 tribuit
3047 1639 3187 1692 bona
3215 1655 3314 1710 pro
3341 1641 3522 1706 malis,
3557 1645 3694 1712 opti-

2107 1743 2256 1792 mus;
2291 1729 2382 1798 qui
2406 1728 2598 1783 tribuit
2622 1728 2762 1782 mala
2799 1743 2898 1798 pro
2921 1729 3098 1794 bonis,
3125 1732 3414 1800 pessimus.

423 1849 519 1890 sue
547 1852 560 1888 :
592 1851 610 1885 ι
646 1833 870 1888 Pallium
895 1832 1227 1895 coccineum,
1252 1832 1408 1885 valde
1432 1833 1654 1896 bonum,
1680 1837 1735 1885 et
1766 1830 2002 1900 regulam
2031 1815 2080 1877 Β
2179 1818 2334 1874 Risus
2361 1829 2446 1875 est
2473 1819 2756 1890 spirituale
2777 1821 3058 1890 gaudium,
3088 1831 3150 1876 ut
3184 1822 3238 1876 in
3268 1822 3468 1879 Genesi
3495 1843 3510 1878 :
3551 1844 3569 1876 ‹
3603 1825 3694 1880 Ri-

421 1941 640 1981 auream
671 1926 712 1991 ',
745 1945 762 1977 ι
792 1925 936 1995 quod
956 1923 1141 1978 mundi
1161 1923 1321 1993 hujus
1342 1931 1614 1978 amatores
1638 1923 1924 1992 superbam
1944 1928 2002 1976 et

421 2017 639 2070 inanem
665 2015 963 2086 approbant
992 2013 1376 2084 eloquentiam.

489 2107 740 2178 Regulus,
787 2106 1243 2178 concupiscentia,
1281 2114 1340 2159 ut
1366 2105 1422 2160 in
1442 2104 1579 2160 Isaia
1612 2121 1625 2158 :
1667 2123 1686 2154 ι
1719 2103 1794 2158 De
1820 2103 2001 2159 radice

417 2199 625 2254 colubri
651 2200 962 2268 egredietur
995 2197 1213 2270 regulus
1252 2196 1297 2263 ⁸,
1341 2217 1358 2248 ι
1395 2196 1537 2266 quod
1564 2195 1631 2250 de
1659 2195 2000 2266 suggestione

418 2288 614 2344 diaboli
662 2289 906 2358 procedit
942 2288 1163 2343 illicitus
1190 2287 1642 2356 concupiscentia:
1669 2295 1863 2340 motus.
1891 2284 1999 2339 Re-

415 2379 597 2448 gulus,
638 2375 1022 2444 An'lichristus,
1067 2387 1129 2433 ut
1172 2378 1226 2432 in
1254 2377 1432 2432 Isaia:
1472 2395 1490 2428 ι
1521 2377 1580 2430 In
1626 2391 1860 2432 caverna
1913 2391 2000 2432 re-

419 2469 528 2541 guli
559 2469 736 2525 mittet
765 2484 985 2524 manum
1011 2483 1166 2525 suam
1188 2469 1231 2535 ",
1270 2488 1287 2518 ι
1334 2469 1477 2537 quod
1502 2483 1724 2538 pravam
1754 2467 1994 2538 aliquan-

415 2559 488 2616 do
521 2568 784 2626 mentem,
810 2575 932 2630 quae
955 2569 1039 2616 est
1058 2559 1322 2616 habitatio
1350 2557 1570 2618 diaboli.
1613 2558 1869 2614 Dominus
1898 2573 1999 2628 per

414 2653 646 2724 gratiam
679 2667 832 2708 suam
856 2652 1062 2708 visitat.

485 2741 896 2798 Reclinatorium
943 2752 1028 2798 est
1075 2741 1230 2812 quies
1281 2741 1514 2806 interna,
1555 2748 1616 2796 ut
1646 2739 1700 2794 in
1730 2739 1992 2796 Cantico:

420 2853 440 2889 ι
469 2835 757 2892 Columnas
783 2833 901 2905 ejus
939 2833 1068 2890 fecit
1111 2842 1415 2906 argenteas,
1465 2831 1869 2888 reclinatorium
1901 2848 1996 2886 au-

2103 1927 2223 1968 sum
2250 1913 2376 1968 fecit
2401 1913 2532 1968 mihi
2565 1913 2822 1968 Dominus
2848 1914 2912 1979 ‘5,
2950 1933 2966 1965 ι
3001 1915 3055 1968 id
3080 1925 3186 1979 est,
3243 1915 3533 1985 spirituale
3569 1919 3694 1973 mihi

2101 2005 2358 2076 gaudium
2384 2006 2612 2061 contulit
2661 2006 2822 2062 Deus.
2853 2006 3027 2074 Risus,
3078 2008 3265 2064 laatitia
3313 2011 3527 2077 mundi,
3561 2023 3620 2066 ut
3647 2014 3695 2068 in

2099 2083 2454 2152 Proverbiis:
2489 2117 2507 2147 ι
2563 2097 2724 2153 Risus
2776 2099 2949 2156 dolori
3003 2101 3320 2158 miscebitur
3351 2102 3418 2167 ",
3473 2123 3494 2155 ι
3561 2106 3695 2174 quod

2101 2193 2285 2247 mundi
2335 2193 2494 2264 hujus
2535 2193 2723 2248 latitia
2753 2194 2807 2248 in
2840 2210 3130 2251 maerorem
3170 2197 3582 2254 terminabitur.
3613 2199 3695 2253 Ri-

2098 2303 2208 2351 sus,
2235 2287 2486 2359 gaudium
2509 2288 2753 2354 cmleste,
2781 2297 2843 2344 ut
2885 2289 2939 2343 in
2966 2289 3067 2346 Job
3092 2305 3108 2344 :
3147 2310 3166 2342 ι
3193 2291 3382 2347 Donec
3407 2293 3696 2364 impleatur

2099 2379 2212 2434 risu
2252 2395 2314 2433 os
2361 2388 2512 2434 tuum
2544 2380 2610 2445 '°,
2647 2399 2665 2431 ι
2708 2380 2762 2434 id
2790 2389 2890 2444 est,
2953 2383 3124 2436 donec
3160 2381 3457 2452 impleatur
3484 2383 3692 2438 caelesti

2099 2467 2294 2538 gaudio
2317 2483 2412 2524 cor
2434 2477 2608 2523 tuum.

2169 2557 2287 2612 Rivi
2317 2566 2441 2613 sunt
2489 2559 2888 2629 praedicatores,
2939 2567 3003 2614 ut
3048 2559 3101 2615 in
3147 2559 3432 2617 Psalmis:
3476 2582 3494 2611 c
3533 2562 3694 2621 Rivos

2097 2646 2213 2716 ejus
2239 2650 2470 2715 inebria,
2505 2650 2799 2720 multiplica
2827 2651 3098 2722 genimina
3132 2650 3292 2724 [ejus]
3326 2653 3369 2682 ¹¹
3395 2694 3411 2715 ,
3450 2673 3470 2705 ι
3508 2655 3563 2708 id
3591 2666 3689 2720 est,

2096 2740 2482 2810 prmdicatores
2509 2741 2764 2796 Ecclesiae
2787 2742 2959 2812 gratia
3004 2751 3093 2796 tua
3119 2743 3376 2813 adimple,
3409 2754 3472 2798 ut
3497 2747 3692 2802 merito

2096 2829 2327 2899 populus
2351 2829 2406 2884 in
2441 2847 2666 2886 numero
2699 2836 2711 2852 ·
2740 2847 2785 2886 s.
2820 2846 2869 2884 a.
2917 2830 3057 2898 Rivi,
3099 2832 3278 2902 populi
3309 2833 3526 2901 ﬁdeles,
3560 2846 3619 2890 ιιι
3643 2838 3691 2891 in

414 2943 566 2986 reum
606 2928 652 2995 ⁸,
681 2929 825 2999 quod
861 2928 1117 2984 Ecclesia:
1155 2927 1541 2997 praedicatores
1580 2923 1749 2981 fortes
1779 2932 1834 2980 et
1851 2924 1995 2980 'clari
2094 2920 2233 2976 Isaia
2263 2940 2274 2975 :
2311 2941 2328 2972 ι
2357 2922 2478 2976 Rivi
2503 2923 2748 2979 latissimi
2771 2933 2826 2980 et
2854 2927 2867 2945 ‘
2887 2933 3134 2995 potentes
3153 2927 3224 2992 “,
3255 2947 3274 2979 ι
3305 2926 3357 2982 id
3381 2939 3491 2995 est,
3511 2930 3694 2985 ﬁdeles

413 3028 558 3087 sunt,
593 3029 648 3078 et
667 3022 756 3092 qui
783 3021 837 3074 in
867 3029 1054 3077 sancta
1079 3020 1258 3075 uuiete
1309 3018 1498 3073 vivunt
1528 3017 1802 3089 sapientia:
1830 3016 1993 3074 clari-
2093 3014 2276 3085 populi
2310 3029 2406 3070 cor
2433 3031 2588 3070 suum
2621 3016 2743 3072 ﬁdei
2773 3016 3096 3086 aperientes.

415 3119 526 3168 tate
556 3112 878 3184 l'ulgescunt.
2031 3177 2064 3184 _
2165 3105 2339 3161 Rivuli
2359 3115 2486 3161 sunt
2511 3108 2650 3163 dona
2684 3106 2916 3178 Spiritus
2943 3110 3137 3176 sancti,
3164 3120 3225 3166 ut
3252 3110 3310 3166 in
3339 3108 3446 3167 Job
3477 3129 3492 3166 :
3523 3132 3544 3164 ι
3581 3113 3694 3170 Non

481 3177 663 3256 Renes
684 3211 808 3257 sunt
859 3215 1025 3271 opera
1079 3198 1339 3267 libidinis,
1379 3207 1441 3255 ut
1485 3199 1542 3255 in
1563 3198 1792 3256 Psalmis
1822 3216 1837 3256 :
1871 3217 1890 3250 ι
1926 3199 1996 3254 Ει
2020 3177 2066 3242 C
2095 3197 2278 3253 videat
2313 3198 2514 3255 rivulos
2537 3177 2772 3254 ﬂuminis
2801 3200 2871 3266 ³⁸,
2917 3201 2972 3256 id
3004 3209 3106 3267 est,
3139 3217 3248 3256 non
3279 3203 3351 3258 sit
3379 3204 3582 3275 dignus
3603 3222 3692 3261 ac-

410 3305 570 3346 renes
594 3292 703 3347 mei
748 3291 1065 3346 commutati
1103 3299 1231 3347 sunt
1258 3290 1304 3356 ',
1341 3311 1360 3342 ι
1395 3291 1451 3345 id
1480 3299 1586 3357 est,
1615 3305 1781 3361 opera
1807 3291 1864 3344 in
1905 3303 1992 3344 me
2097 3291 2278 3361 cipere
2303 3291 2440 3348 dona
2473 3291 2708 3362 Spiritus
2755 3293 2946 3348 sancti.
2978 3291 3156 3348 Rivuli
3202 3297 3496 3352 sententia:
3525 3314 3696 3354 sacra:

412 3383 651 3438 libidinis
679 3383 732 3437 in
762 3382 1028 3438 actionem
1053 3381 1317 3437 castitatis
1367 3389 1575 3436 mutata
1617 3389 1762 3435 sunt.
1796 3379 1989 3448 Renes,
2096 3380 2417 3453 Scripturze,
2459 3392 2519 3438 ut
2569 3384 2625 3438 in
2661 3383 2928 3442 Cantico:
2966 3403 2984 3436 ι
3043 3385 3318 3443 Columba
3351 3404 3522 3460 super
3551 3391 3694 3447 rivus

409 3490 575 3545 opera
599 3473 870 3544 genitalia,
897 3483 958 3528 ιιι
993 3474 1050 3528 in
1080 3471 1222 3529 Job:
1258 3491 1276 3524 ι
1308 3472 1375 3527 Ει
1408 3471 1534 3527 fune
1576 3471 1869 3543 praecinget
1904 3487 1992 3528 re-
2093 3489 2362 3543 aquarum
2394 3474 2463 3541 ",
2497 3495 2514 3527 ι
2557 3475 2610 3530 id
2639 3467 2744 3541 est,
2769 3476 3144 3548 simplicitates
3166 3480 3364 3535 anima:
3397 3481 3688 3538 intenden-

409 3582 508 3622 nes
534 3582 723 3623 eorum
752 3567 819 3632 ὀ,
869 3585 887 3617 ι
920 3567 1062 3635 quod
1112 3573 1393 3637 peccatum
1442 3565 1680 3620 damnati
1729 3563 1992 3634 permittit
2092 3573 2176 3622 tes
2207 3568 2492 3623 sententiis
2523 3565 2947 3639 Scripturarum.

411 3657 670 3714 Dominus
699 3658 753 3712 in
782 3657 1036 3713 membris
1073 3656 1395 3729 genitalibus
1424 3659 1438 3675 ’
1477 3656 1850 3726 superborum.
1882 3654 1987 3709 Re-
2124 3728 2138 3730 ᾼ
2163 3656 2271 3712 Ras
2325 3667 2408 3713 est
2466 3673 2698 3728 superna
2751 3659 3156 3730 contemplatio,
3215 3670 3277 3717 ut
3329 3663 3384 3718 in
3443 3663 3686 3720 Genesi:

411 3764 521 3813 nes,
557 3746 841 3803 delectatio
892 3728 1094 3814 carnis,
1145 3755 1202 3802 ut
1227 3747 1280 3801 in
1321 3744 1590 3802 Psalmis:
1631 3763 1650 3796 ι
1692 3744 1799 3800 Ure
1830 3759 1988 3801 renes
2095 3728 2253 3803 c‘Det
2277 3748 2372 3803 tibi
2399 3750 2540 3804 Deus
2572 3749 2638 3804 de
2689 3765 2813 3805 rore
2841 3728 3062 3806 εαξη-’⁸.
3098 3772 3116 3805 ι
3161 3751 3293 3820 Ros,
3341 3755 3441 3810 Dei
3490 3757 3686 3827 gratia,

409 3853 559 3894 meos
608 3847 662 3894 et
683 3853 778 3894 cur
803 3852 981 3895 meum
1014 3838 1080 3903 υ,
1115 3857 1134 3888 ι
1169 3838 1223 3892 id
1274 3849 1378 3902 est,
1413 3836 1696 3907 exstingue
1739 3836 1793 3891 in
1822 3850 1988 3891 carne
2087 3849 2148 3893 ut
2175 3841 2229 3893 in
2261 3838 2362 3894 Job
2392 3859 2405 3894 :
2442 3861 2460 3892 ι
2495 3840 2562 3895 Ει
2592 3856 2684 3897 ros
2713 3843 3014 3898 morabitur
3039 3844 3094 3899 in
3121 3846 3396 3902 messione
3424 3864 3552 3903 mea
3576 3851 3681 3916 “,-

407 3943 529 3983 mea
562 3927 993 3986 delectationem.
1025 3936 1081 3984 et
1118 3929 1174 3984 in
1205 3928 1366 3984 corde
1419 3926 1646 3992 puriﬁca
1696 3927 1984 3999 cogitatio-
2087 3931 2142 3985 id
2173 3933 2286 3996 est,’
2325 3932 2496 4002 gratia
2528 3931 2624 3986 Dei
2653 3934 3021 4002 perseverabit
3069 3934 3123 3989 in
3172 3936 3494 4005 Operatione
3543 3954 3682 3993 mea.

410 4022 554 4073 item.
2090 4019 2211 4085 Ras,
2278 4022 2557 4092 plenitudo
2609 4023 2936 4090 sanctitatis,
2985 4032 3046 4079 ut
3091 4025 3144 4080 in
3191 4025 3330 4081 libro
3378 4027 3682 4084 Jndicum:

481 4110 708 4183 Reptilia
755 4120 881 4169 sunt
928 4111 1189 4168 immundi
1221 4109 1462 4181 spiritus,
1516 4117 1576 4163 ut
1621 4109 1675 4164 in
1711 4108 1981 4164 Psalmis:
2091 4130 2109 4162 ι
2145 4111 2256 4167 Ros
2281 4113 2351 4166 sit
2403 4113 2455 4166 in
2495 4112 2612 4167 solo
2642 4112 2838 4168 vellere
2867 4115 2933 4178 ",
2969 4133 2988 4166 ι
3018 4116 3160 4186 quod
3192 4131 3305 4185 pra:
3333 4120 3554 4174 cunctis
3575 4119 3684 4191 ple-

412 4223 432 4256 ι
463 4201 578 4259 Illic
602 4203 836 4275 reptilia,
885 4219 1115 4274 quorum
1141 4218 1248 4258 non
1294 4211 1378 4256 est
1406 4215 1660 4255 numerus
1689 4201 1756 4266 "',
1789 4219 1808 4251 ι
1840 4200 1984 4270 quod
2083 4205 2272 4260 nitudo
2298 4214 2416 4260 erat
2443 4206 2748 4261 sanctitatis
2787 4206 2840 4260 in
2876 4205 3039 4261 Maria
3068 4207 3296 4276 virgine.
3325 4207 3459 4275 Ras,
3493 4211 3683 4266 inﬁde-

405 4295 827 4352 innumerabiles
859 4305 983 4352 sunt
1027 4295 1209 4350 hostes
1261 4293 1451 4358 nostri,
1502 4292 1592 4361 qui
1624 4306 1722 4345 nos
1762 4291 1816 4345 in
1847 4306 1982 4360 [ιι-τε·
2083 4293 2228 4360 litas,
2287 4305 2346 4350 ut
2400 4297 2455 4350 in
2485 4295 2748 4351 Cantico:
2807 4317 2824 4347 ι
2872 4297 3045 4367 Caput
3091 4315 3268 4353 meum
3321 4301 3543 4370 plenum
3601 4311 3682 4358 est

407 4389 546 4444 senti
581 4396 811 4445 tentant.
857 4385 1106 4459 Reptilia,
1158 4384 1510 4455 cogitationes
1563 4391 1806 4446 terrenae,
1839 4391 1897 4436 ut
1923 4382 1979 4436 in
2081 4400 2205 4440 rore
2235 4373 2363 4451 ",‘i
2398 4385 2452 4439 id
2481 4393 2581 4450 est,
2633 4385 2864 4456 praedica
2907 4387 3154 4452 verbum,
3198 4403 3232 4442 ο
3258 4390 3437 4445 amica
3468 4391 3674 4456 ﬁdelis;

406 4479 738 4538 Ezechiele:
783 4500 803 4534 ι
833 4480 903 4538 Ει
947 4479 1125 4535 omnis
1175 4477 1470 4534 similitudo
1520 4476 1792 4547 reptilium
1822 4475 1888 4542 ι’,
1949 4494 1971 4529 ι

406 4575 548 4642 quod
572 4574 626 4629 in
663 4589 829 4646 prava
859 4580 1040 4628 mente
1077 4571 1145 4626 ad
1167 4570 1463 4641 appetitum
1489 4576 1823 4624 terrenorum
1854 4582 1978 4638 pro-

406 4663 572 4719 clives
599 4674 724 4720 sunt
749 4664 1120 4734 cogitationes.

488 4753 608 4810 Rele
653 4764 735 4810 est
763 4755 1002 4811 Ecclesia
1054 4754 1108 4808 in
1162 4751 1370 4816 exsilio,
1433 4760 1491 4807 ut
1540 4752 1596 4806 in
1641 4752 1973 4823 Evangelio:

411 4873 430 4904 ι
461 4852 828 4920 Rumpebatur
847 4855 1023 4901 autem
1045 4853 1157 4899 rete
1184 4859 1369 4898 eorum
1397 4843 1460 4908 ",
1505 4863 1523 4895 ι
1555 4844 1697 4913 quod
1729 4852 1804 4897 tot
1835 4859 1979 4898 nunc

404 4946 459 5001 in
489 4951 732 4999 sanctam
779 4939 1073 4995 Ecclesiam
1133 4938 1356 4999 intrant,
1409 4945 1468 4990 ut
1511 4951 1632 5002 eam
1681 4935 1977 4989 haeresibus

402 5036 674 5094 scindant.
713 5031 864 5098 Rete,
902 5031 1140 5086 Ecclesia
1173 5031 1227 5084 in
1259 5044 1443 5100 regno,
1478 5037 1536 5082 ut
1560 5029 1614 5082 in
1643 5027 1971 5100 Evangelio:

403 5127 596 5182 Mittite
634 5125 689 5178 in
716 5124 992 5179 dexteram
1047 5122 1246 5193 navigii
1292 5131 1408 5177 rete
1435 5121 1500 5187 ⁸⁵,
1539 5141 1555 5172 ι
1611 5121 1754 5190 quod
1793 5130 1978 5176 sancta

400 5217 661 5282 Ecclesia,
691 5215 903 5286 quando
943 5213 999 5267 in
1053 5228 1216 5284 regno
1265 5221 1404 5277 erat,
1457 5213 1522 5266 de
1568 5211 1789 5267 sinistro
1816 5228 1980 5283 opere

399 5312 534 5367 nihil
561 5311 812 5366 habebat.
847 5305 994 5372 Rete,
1045 5313 1350 5377 peccatum,
1393 5312 1451 5359 ut
1479 5305 1536 5360 in
1555 5303 1694 5360 Job:
1733 5324 1751 5356 ι
1799 5305 1978 5360 Immi-

2081 4475 2223 4547 quod
2247 4475 2386 4531 male
2427 4476 2670 4532 sentiunt
2698 4478 2917 4547 quidam
2947 4477 3014 4532 de
3035 4479 3318 4536 divinitate
3341 4497 3464 4537 sua.

2158 4567 2300 4623 Rosa
2329 4577 2414 4626 est
2455 4577 2629 4626 coetus
2657 4579 2980 4642 martyrum,
3009 4579 3068 4626 ut
3123 4573 3177 4627 in
3209 4572 3350 4629 libro
3397 4575 3669 4632 Ecclesia-

2086 4660 2206 4716 stici
2236 4677 2249 4714 :
2287 4679 2306 4711 ι
2342 4660 2506 4728 Quasi
2536 4662 2554 4683 ⁶
2582 4660 2760 4730 palma
2788 4676 2923 4716 rosae
2969 4661 3023 4716 in
3077 4660 3296 4719 Jericho
3327 4664 3398 4731 ",
3436 4685 3457 4718 ι
3489 4667 3543 4721 id
3571 4675 3668 4731 est.

2085 4754 2482 4824 perseverantia
2511 4754 2564 4808 in
2593 4754 2792 4809 mundo
2825 4771 2836 4808 :
2865 4756 3008 4825 quod
3063 4753 3454 4827 Jerosolymam
3505 4759 3672 4813 inter-

2083 4855 2344 4916 pretatur,
2396 4854 2452 4900 et
2507 4845 2915 4901 instabilitatem
2972 4845 3132 4915 hujus
3181 4849 3368 4902 mundi
3401 4850 3664 4921 designat.

2082 4938 2185 4993 Per
2229 4956 2375 4993 rosas
2430 4937 2813 4994 delectationes
2859 4939 2983 4994 vita:
3022 4939 3333 5008 pmsentis,
3361 4949 3423 4995 ut
3451 4941 3506 4996 in
3531 4942 3666 4997 libro

2085 5030 2374 5100 Sapientia:
2399 5043 2414 5084 :
2445 5047 2464 5082 ι
2509 5028 2842 5084 Corouemus
2879 5046 2976 5085 nos
3004 5031 3164 5096 rosis,
3193 5041 3488 5102 antequam
3515 5048 3658 5088 mar-

2081 5129 2300 5178 cescant
2322 5121 2400 5186 3°;
2434 5141 2452 5172 ι
2492 5121 2544 5174 id
2573 5128 2679 5184 est,
2708 5120 2966 5175 satiemus
2995 5137 3093 5176 nos
3117 5124 3348 5177 amomis
3375 5121 3530 5191 hujus
3557 5137 3658 5177 sas-

2081 5217 2188 5272 culi
2219 5214 2604 5285 voluptatibus,
2636 5222 2692 5268 et
2719 5213 3053 5284 voluptuosis
3078 5212 3194 5282 ejus
3237 5217 3658 5279 ammnitatibns,

2082 5309 2397 5379 priusquam
2425 5305 2697 5362 deﬁciant.

467 5491 485 5523 ³
509 5488 698 5546 Matth.
726 5502 846 5552 xm,
877 5485 934 5540 ι.
957 5486 979 5518 ¹
1006 5483 1195 5539 Matth.
1219 5499 1313 5549 xx,
1337 5482 1428 5537 45.
1467 5480 1644 5553 fLuc.
1674 5499 1808 5549 xvn,
1843 5483 1899 5539 2.
1923 5483 1946 5516 ⁸
1973 5483 1995 5540 I

2107 5501 2264 5553 LXVII,
2291 5486 2379 5543 35.
2424 5486 2446 5517 ⁸
2472 5485 2586 5541 Jos.
2619 5499 2716 5551 vn,
2744 5483 2835 5540 2i.
2875 5485 2896 5516 °
2924 5484 3028 5540 Isa.
3054 5502 3170 5550 xiv,
3198 5485 3286 5540 29.
3327 5485 3350 5516 '
3383 5484 3486 5538 Isa.
3519 5499 3576 5536 xi
3602 5482 3654 5538 8.

397 5561 420 5592 ⁸
444 5560 600 5618 Cant.
647 5576 729 5624 ιιι,
765 5551 849 5614 10.
891 5556 912 5587 ⁹
941 5555 1082 5611 Psal.
1122 5570 1264 5624 an,
1297 5555 1348 5609 1.
1393 5553 1436 5585 ιθ
1463 5551 1565 5608 Job
1589 5569 1628 5619 I,
1666 5554 1752 5609 18.
1796 5555 1838 5586 ¹¹
1871 5554 1994 5612 Psal

2107 5574 2171 5622 :v,
2213 5551 2267 5611 2.
2322 5559 2363 5589 ¹¹
2399 5556 2542 5613 Psal.
2577 5571 2691 5623 cm,
2722 5554 2811 5610 25.
2859 5556 2903 5587 ¹⁸
2940 5556 3137 5610 Ezecb.
3177 5572 3298 5621 vni,
3333 5556 3416 5608 I0.
3459 5555 3500 5584 “
3526 5553 3654 5607 Luc.

398 5647 450 5693 v,
497 5633 552 5685 6.
596 5631 640 5662 ι’
666 5623 823 5685 JOan.
874 5644 988 5692 xxi,
1019 5625 1070 5678 6.
1111 5625 1153 5656 ¹⁶
1181 5623 1282 5678 Job
1334 5640 1487 5686 xvm,
1516 5624 1568 5678 8.
1608 5624 1752 5695 ‘j’iIII
1782 5625 1914 5695 Reg.
1944 5643 2042 5691 vn,
2090 5628 2180 5681 25.
2219 5629 2262 5659 ¹⁸
2293 5627 2429 5683 Gen.
2462 5643 2574 5694 xxi,
2624 5627 2676 5681 6.
2731 5625 2772 5657 ¹⁹
2801 5625 2958 5681 Prov.
3013 5643 3125 5691 xw,
3180 5628 3265 5680 15.
3303 5628 3348 5657 "
3383 5625 3497 5695 iJob
3537 5639 3654 5682 vm.

397 5701 486 5753 2|.
543 5702 584 5732 ¹¹
627 5700 768 5754 Psal.
808 5713 952 5761 Lxlv,
1009 5695 1094 5748 ll.
1140 5696 1185 5724 "
1223 5696 1323 5748 Isa.
1374 5709 1574 5758 χχχιιι,
1612 5693 1700 5747 2i.
1744 5695 1789 5725 "
1829 5693 1987 5752 Jebx

2110 5698 2161 5750 7.
2193 5697 2238 5728 “
2279 5697 2436 5752 Cant.
2484 5693 2672 5762 v,'I2.
2718 5697 2764 5729 ³⁸
2807 5696 2939 5752 Gen.
2981 5713 3150 5761 xxvn,
3178 5696 3267 5754 28.
3303 5697 3348 5727 ¹⁶
3372 5694 3475 5751 Job
3507 5709 3656 5757 χιιι,

401 5771 486 5824 19.
535 5765 577 5800 ’⁷
614 5767 733 5822 Jud.
766 5782 840 5832 vr,
865 5767 952 5820 57.
987 5765 1033 5796 ’⁸
1059 5763 1214 5818 Cant.
1247 5780 1298 5828 v,
1327 5764 1380 5818 2.
1411 5763 1456 5794 η
1485 5763 1648 5817 Eccli.
1689 5779 1832 5818 xxrv.
1867 5766 1952 5822 18.
1981 5766 1995 5796 ³

2107 5783 2182 5837 ψ.
2212 5784 2272 5832 ιι,
2299 5769 2350 5822 8.
