3936 6328
338 291 476 358 ιοιι

1316 297 1733 360 ΑιιΕροιιιᾹι
1771 299 1838 358 IN
1878 298 2158 359 SACRAM
2195 274 2656 359 SCRIPTURAM.

3481 309 3620 364 10δῖ

412 418 544 472 Rota
591 425 676 474 est
705 415 875 474 Vetus
925 424 982 473 et
1027 415 1234 474 Novum
1281 418 1712 486 Testamentum,
1762 429 1822 474 ut
1865 419 1918 474 in
1945 417 1998 478 A
2022 422 2212 485 gentes
2260 416 2737 486 transmigrabant.
2783 416 2990 488 Rupes,
3035 428 3282 491 potentes
3324 422 3529 489 saeculi,
3560 431 3622 479 ut

331 511 627 568 Ezechiele
657 512 674 532 θ
705 529 719 565 :
759 529 778 562 ι
819 509 960 567 Rota
990 512 1044 567 in
1071 512 1252 568 medio
1281 521 1413 567 rotae
1459 514 1474 544 ³
1493 554 1507 578 ,
1556 532 1574 564 )
1606 514 1658 568 id
1679 520 1785 578 est,
1812 511 1923 569 No-

327 620 466 661 vum
515 605 920 662 Testamentum
971 605 1026 659 in
1074 603 1257 661 Veteri
1304 607 1708 676 przesignatum.
1764 603 1924 671 Rota,

327 695 572 751 mundus
621 696 745 762 iste,
781 703 842 751 ut
890 694 947 750 in
976 694 1234 753 Psalmo:
1273 715 1291 748 ι
1323 695 1438 753 Vox
1495 697 1717 752 tonitrui
1745 696 1822 752 tui
1867 697 1922 752 in

329 794 460 841 rota
503 787 549 853 ',
582 805 601 837 ι
647 785 791 856 quod
817 800 924 841 vox
956 785 1153 842 divinae
1183 788 1620 843 comminationis
1653 802 1750 858 per
1787 803 1925 858 prte-

327 879 610 936 dicatores
636 889 794 935 sonat
819 879 872 934 in
907 881 1126 935 mundo.
1174 879 1330 947 Rota,
1359 882 1702 938 conversatio
1729 894 1922 952 repro-

325 971 550 1040 borum,
583 981 644 1027 ut
674 973 730 1028 in
756 971 989 1028 Psalmis
1019 989 1030 1025 :
1079 990 1098 1023 ι
1150 969 1299 1028 Pone
1327 973 1448 1028 illos
1495 983 1554 1027 ut
1607 982 1778 1028 rotam
1814 972 1858 1034 ³,
1897 992 1916 1024 ›

325 1066 477 1137 quod
529 1064 743 1134 reprobi
773 1064 828 1118 in
862 1063 1256 1135 posterioribus
1307 1065 1561 1135 puniendi
1611 1074 1793 1119 ruunt.
1819 1064 1924 1120 Per

322 1166 500 1213 rotam
522 1158 922 1229 praedicatores,
947 1165 1006 1212 ut
1044 1157 1097 1211 in
1129 1156 1386 1211 Daniele:
1426 1174 1445 1208 ι
1481 1156 1618 1212 Rota
1644 1158 1760 1228 ejus
1780 1157 1921 1228 ignis

323 1265 596 1308 accensus
620 1250 664 1318 ⁸,
702 1271 720 1303 ι
748 1251 892 1322 quod
933 1250 1107 1306 sancti
1153 1250 1545 1321 praedicatores
1569 1249 1754 1306 divino
1795 1257 1924 1306 sunt

324 1360 514 1400 amore
543 1343 884 1399 inﬂammati.
969 1401 983 1408 _

401 1436 585 1492 Rubor
611 1445 696 1492 est
723 1436 908 1506 passio
935 1434 1156 1500 Christi,
1207 1445 1267 1490 ut
1316 1436 1370 1490 in
1401 1435 1626 1491 Cantico
1651 1453 1663 1490 :
1725 1453 1745 1487 ι
1773 1435 1916 1490 Dile-

321 1537 449 1584 ctus
497 1542 648 1583 meus
701 1528 963 1584 candidus
1011 1537 1065 1582 et
1115 1527 1447 1584 rubicundus
1495 1529 1538 1594 ⁵,
1591 1548 1608 1578 ι
1658 1529 1918 1600 quodqui

323 1623 522 1677 candet
557 1623 611 1676 in
641 1621 814 1694 gloria
855 1621 1100 1686 Deitatis,
1140 1621 1296 1676 rubet
1341 1621 1394 1675 in
1436 1621 1684 1692 angustia
1711 1622 1920 1690 passio-

318 1714 430 1770 nis.
483 1713 683 1780 Rubor,
743 1712 1068 1770 desiderium
1124 1712 1364 1778 coeleste,
1423 1721 1483 1767 ut
1536 1712 1591 1766 in
1634 1711 1910 1766 Jeremia:

329 1825 350 1858 ‹
384 1805 816 1861 Rubicundiores
852 1805 1016 1861 ebore
1069 1804 1292 1874 antiquo
1343 1803 1384 1867 ⁸,
1444 1824 1460 1855 ι
1499 1804 1551 1859 id
1588 1812 1691 1868 est,
1737 1803 1914 1873 majus
1943 1785 1990 1844 Β
2018 1785 2262 1874 Salmac-

319 1896 594 1953 habentes
637 1896 965 1953 desiderium
1010 1910 1170 1951 ouam
1209 1893 1426 1964 quidam
1454 1909 1519 1950 ex
1553 1894 1797 1966 patribus
1819 1911 1916 1949 an-

317 1990 509 2061 tiquis.

395 2081 579 2136 Rubus
607 2090 691 2137 est
717 2082 870 2154 virgo
914 2080 1104 2146 Maria,
1132 2089 1192 2136 ut
1221 2081 1274 2136 in
1305 2080 1494 2136 Exodo
1525 2097 1538 2134 :
1572 2100 1590 2132 ι
1631 2079 1784 2148 Quod
1814 2096 1912 2134 ru-

316 2173 424 2229 bus
449 2176 685 2239 arderet,
727 2183 782 2229 et
822 2190 930 2229 non
959 2175 978 2195 ⁶
1002 2175 1424 2230 comburebatur
1450 2175 1496 2240 ",
1536 2193 1558 2229 ι
1585 2174 1728 2244 quod
1755 2174 1913 2230 Chri-

318 2279 464 2324 stum
501 2269 665 2323 Maria
719 2269 966 2338 concepit
1022 2275 1077 2323 et
1129 2269 1359 2338 peperit,
1417 2283 1518 2322 nec
1565 2277 1817 2338 corrupta
1857 2267 1912 2322 in

318 2368 611 2430 conceptu,
643 2376 740 2415 nec
767 2359 893 2414 lzesa
926 2357 1027 2414 fuit
1059 2360 1112 2413 in
1144 2371 1321 2430 partu.

392 2453 594 2525 Rubigo
647 2465 727 2509 est
782 2453 1086 2519 iracundia,
1129 2464 1188 2510 ut
1232 2455 1285 2510 in
1334 2437 1483 2509 Joele
1511 2495 1526 2520 ,
1561 2473 1581 2506 ‹
1614 2453 1908 2509 Residuum

315 2559 495 2600 erucae
547 2546 778 2601 comedit
808 2547 1036 2616 'zerugo
1089 2545 1135 2610 ⁸,
1192 2565 1212 2598 ι
1247 2544 1388 2617 quod
1438 2555 1674 2601 mentem
1725 2560 1908 2615 repro-

317 2638 463 2704 bam,
495 2641 712 2710 quando
763 2647 939 2696 cessat
973 2639 1192 2694 inlicere
1222 2639 1367 2710 gula,
1410 2639 1606 2694 furoris
1637 2647 1798 2693 vexat
1827 2639 1907 2691 in-

317 2732 493 2786 sania.
555 2731 782 2803 Rubigo,
841 2732 1070 2796 malitia,
1120 2740 1178 2786 ut
1207 2733 1260 2786 in
1308 2733 1610 2802 propheta:
1649 2752 1666 2782 ‹
1707 2732 1772 2786 Ει
1799 2747 1904 2785 non

317 2824 488 2878 exivit
527 2824 598 2878 ab
627 2839 688 2878 ea
721 2824 884 2879 nimia
939 2824 1131 2897 rubigo
1160 2825 1203 2882 ’.
1256 2845 1274 2877 ι
1312 2825 1366 2880 id
1391 2834 1494 2890 est,
1525 2840 1631 2881 non
1673 2825 1906 2880 cessavit

315 2915 554 2971 maxima
581 2917 785 2971 malitia
818 2915 953 2985 ejus.

391 3005 616 3078 Rugitus
642 3016 725 3062 est
777 3008 1024 3078 planctus
1077 3009 1408 3079 paenitentis,
1460 3019 1518 3064 ut
1555 3011 1606 3065 in
1664 3008 1804 3066 Joh:
1838 3010 1903 3063 Et

314 3099 470 3168 quasi
497 3100 806 3156 inundantis
829 3115 1001 3170 aqua},
1041 3100 1119 3155 sic
1145 3101 1353 3173 rugitus
1384 3116 1534 3157 meus
1567 3102 1634 3165 ¹⁰,
1671 3122 1686 3152 ι
1718 3102 1768 3155 id
1796 3113 1898 3166 est,

316 3195 459 3259 sicut
482 3194 639 3250 doleo
664 3194 720 3249 in
750 3194 1077 3265 cogitatione
1106 3196 1303 3260 cordis,
1347 3197 1426 3251 sic
1451 3197 1646 3267 plango
1675 3196 1726 3249 in
1755 3195 1900 3249 loeu-

316 3286 464 3341 tione
511 3287 641 3342 oris.
698 3285 943 3357 Rugitus,
991 3287 1262 3358 suggestio
1321 3287 1538 3352 diaboli,
1583 3288 1720 3342 utin
1761 3285 1896 3341 Job:

320 3397 340 3430 ι
372 3378 600 3451 Rugitus
653 3379 839 3444 leonis,
894 3388 949 3435 et
973 3395 1076 3434 vox
1109 3379 1288 3434 leaenae
1322 3380 1387 3444 “,
1426 3400 1444 3432 ι
1477 3378 1528 3433 id
1566 3387 1670 3445 est,
1711 3394 1903 3449 sugge-

316 3470 424 3525 stio
450 3469 642 3535 hostis,
669 3479 724 3526 et
759 3479 938 3526 motus
961 3470 1435 3540 concupiscentiae.
1464 3468 1707 3541 Rugitus,
1742 3469 1901 3524 saevi-

316 3563 392 3618 tia
415 3563 634 3628 diaboli,
665 3573 725 3618 ut
750 3565 806 3618 in
835 3564 1076 3634 Epistola
1109 3563 1253 3619 Petri
1288 3581 1302 3618 :
1337 3583 1355 3614 ‹
1384 3562 1665 3633 Tanquam
1700 3561 1785 3617 leo
1813 3579 1902 3617 ru-

313 3655 470 3727 giens
498 3658 565 3720 ι’,
599 3677 617 3709 ι
657 3657 799 3728 quod
829 3657 1074 3711 diabolus
1115 3655 1408 3710 crudeliter
1452 3656 1680 3710 saaviens
1710 3656 1905 3710 circuit

313 3762 567 3816 quaerens
596 3763 754 3817 quem
809 3748 1051 3802 devoret.
1105 3746 1210 3801 Per
1241 3747 1470 3817 rugitum
1515 3746 1903 3804 sollicitudims

313 3839 684 3909 praelatorum,
728 3849 782 3894 ut
841 3839 892 3893 in
921 3837 1021 3893 Job
1051 3857 1062 3892 :
1099 3858 1116 3889 ‹
1148 3839 1504 3893 lncurvantur
1530 3853 1706 3894 cervae
1736 3838 1801 3892 ad
1827 3837 1905 3892 ιε-

315 3938 452 3995 tum,
479 3939 534 3984 ct
557 3929 794 3999 pariunt,
822 3938 878 3984 et
918 3929 1127 4000 rugitus
1157 3929 1412 3983 emittunt
1441 3929 1504 3992 '3,
1547 3949 1565 3981 ι
1599 3929 1739 3998 quod
1768 3943 1904 3998 pra:-

313 4022 588 4078 dicatores
639 4023 811 4076 sancti
856 4037 916 4077 se
943 4022 1247 4088 humiliaut,
1292 4021 1509 4076 utalios
1559 4021 1903 4092 praedicando

315 4115 617 4181 attrahant,
647 4125 704 4170 et
737 4115 996 4187 subjectis
1026 4113 1335 4184 spirituales
1381 4114 1773 4170 sollicitudines
1805 4115 1904 4169 im-

310 4203 596 4276 pendant.‘

384 4299 535 4371 Ruga
568 4307 651 4356 est
695 4299 938 4370 perﬁdia,
973 4308 1032 4354 ut
1066 4299 1122 4359 in
1155 4298 1319 4354 Paulo
1352 4316 1364 4352 :
1405 4317 1424 4350 ‹
1459 4297 1574 4353 Non
1614 4297 1902 4354 habentem

311 4393 578 4449 maculam
630 4401 724 4448 aut
773 4408 961 4464 rugam
989 4394 1056 4460 “,
1093 4413 1111 4445 )
1148 4393 1289 4463 quod
1341 4393 1578 4449 Ecclesia
1635 4391 1902 4446 catholica

2026 507 2082 562 in
2109 506 2342 564 Ieremia
2375 525 2388 563 :
2428 529 2445 560 ι
2479 509 2680 580 Onagri
2716 519 2984 566 steterunt
3007 513 3064 568 in
3090 515 3314 584 rupibus
3333 514 3399 582 ⁸⁸,
3431 535 3450 566 ι
3475 516 3621 586 quod

2024 595 2195 652 Judaei
2227 599 2245 618 '
2278 597 2646 654 innitebantur
2687 599 2870 655 saeculi
2900 602 3226 671 potentibus.
3273 601 3466 674 Rupes,
3497 604 3620 674 qui-

2023 685 2154 742 libet
2203 687 2466 755 indurati,
2498 696 2559 742 ut
2611 689 2667 743 in
2692 689 2977 748 Ezechiele
3008 709 3022 745 :
3059 712 3078 744 ι
3117 691 3243 747 Haec
3271 693 3402 748 dicit
3427 693 3614 750 Domi-

2022 793 2128 834 nus
2152 778 2377 849 rupibus
2410 786 2466 834 et
2493 779 2727 838 vallibus
2752 781 2820 849 ",
2851 801 2870 835 ι
2904 783 3051 853 quod
3078 782 3342 840 Dominus
3369 784 3616 854 aliquan-

2022 872 2092 928 do
2129 872 2270 929 sicut
2298 872 2548 936 humiles,
2605 873 2686 929 sic
2734 889 2950 946 quoque
2979 890 3078 946 per
3115 875 3345 932 internae
3386 876 3620 949 inspira-

2021 962 2184 1019 tionis
2213 977 2324 1018 suaa
2351 961 2679 1020 locutionem
2702 964 2890 1022 visitat
2923 965 3226 1022 induratos.

2022 1164 2330 1241 Sabbatum.
2575 1165 2742 1241 Suga.
3130 1167 3383 1241 Spiritus.

2021 1234 2211 1311 Spica’.
2553 1234 2772 1311 .‘_Silla.
3126 1234 3332 1311 Sentes.

2021 1303 2290 1378 Senectus.
2553 1303 2793 1378 'Specus.
3121 1308 3358 1366 Scabies.

2019 1375 2276 1440 Scapula.
2572 1375 2686 1432 sat.
3121 1385 3138 1402 ‘
3154 1379 3328 1436 Stilio.

2019 1444 2167 1522 Sitis.
2574 1447 2842 1522 Solitudo.
3123 1450 3426 1522 Speculum.

2019 1515 2284 1586 Spelunca
2571 1515 2773 1572 Stellio.
3125 1515 3351 1586 Sagena.

2019 1539 2284 1586 ορειῑιησα
2571 1539 2773 1572 meum.
3125 1539 3196 1576 δα
3233 1555 3235 1570 ι

2019 1585 2362 1658 Sagittarius.
2570 1587 2817 1658 Sanguis.
3125 1539 3235 1646 Sol].

2019 1655 2325 1732 Stillicidia.
2571 1655 2744 1732 Stola.
2862 1729 2871 1732 _
3125 1661 3369 1732 Serpens.

2020 1726 2250 1796 Species.
2572 1729 2927 1784 Sternutatio.
3126 1726 3334 1788 Silices.

2572 1797 2871 1874 Stabulum.
3125 1803 3330 1874 Spolia.

2019 1867 2270 1922 Somnus.
2572 1867 2880 1936 Splucrulte.
3128 1867 3363 1929 Stercus.

2015 1936 2206 2016 Stella.
2573 1939 2804 2016 Sagitta.
3129 1944 3433 2016 Sculptura.

2017 2007 2229 2062 Sanies.
2572 2007 2788 2064 Socrus.
3127 2014 3207 2069 Sil
3213 2007 3290 2070 va.

2016 2075 2256 2158 Scorpio.
2573 2080 2788 2158 Seruus.
3125 2084 3364 2158 Statura.

2017 2146 2234 2225 Sibilus.
2573 2148 2846 2225 Saliunca.
3123 2155 3582 2225 Snperltumerale.

2015 2215 2244 2272 Stactes.
2573 2219 2767 2276 Sanus.
3123 2215 3312 2282 Sindo.

2013 2285 2379 2350 Signaculum.
2569 2290 2799 2346 Sterilis.
3123 2295 3309 2350 Sindo.

2014 2357 2241 2438 Siliqua:
2268 2430 2278 2438 _
2569 2360 2839 2438 Squama’.
3122 2368 3306 2438 Segor.

2013 2427 2326 2484 Sunamitis.
2567 2427 2746 2492 Soror.
3121 2427 3403 2492 Sacerdos.

2011 2495 2300 2578 Superbus.
2565 2491 2901 2578 Sycomorus.
3120 2491 3308 2578 Spina.

2012 2567 2234 2643 Saccus.
2566 2567 2846 2643 Stagnum.
3119 2567 3426 2632 Senatores.
3524 2605 3526 2608 ν

2011 2637 2221 2713 Semen.
2565 2637 2822 2713 Sulphur.
3119 2647 3454 2703 Scar’abtctts.

2011 2708 2229 2788 Saccus.
2563 2708 2726 2788 sua.
3118 2718 3350 2788 Stipula.

2010 2777 2256 2858 Sartago.
2565 2782 2787 2858 Saxum.
3118 2777 3436 2858 Sappltirus.

2010 2848 2232 2923 Subula.
2565 2851 2840 2923 Superbia.
3119 2848 3341 2912 Solium.

2005 2917 2242 2974 Stamen.
2565 2917 2812 2978 Sinistra.
3116 2927 3300 2983 Serra.

2007 2988 2176 3044 Sulci.
2566 2993 2788 3048 Semita.
3117 3005 3134 3018 '
3151 2998 3462 3056 Salterium.

2009 3059 2288 3142 Similago.
2564 3062 2840 3142 Saeculus.
3118 3069 3330 3142 Sparte.

2008 3129 2237 3206 Securis.
2565 3134 2802 3206 Scirpus.
3118 3129 3537 3206 Sterquilinium.

2005 3199 2128 3280 Sus.
2427 3255 2434 3270 ,
2563 3199 2746 3280 Sedes.
3119 3199 3468 3280 Sardonicus.

2005 3269 2278 3346 Scintillw.
2428 3269 2431 3270 ⁷
2563 3274 2734 3346 Sepis.
3116 3279 3387 3338 Serenum.

2005 3342 2198 3398 Senex.
2561 3342 2880 3406 Scabellum.
3115 3352 3306 3409 Sudes.

2004 3410 2178 3468 Stata.
2563 3423 2578 3439 '
2601 3415 2850 3476 Structio.
3115 3422 3346 3480 Statera.

2003 3481 2204 3566 Sirene.
2561 3487 2765 3566 Stglus.
3115 3491 3456 3566 Symphonia.

2003 3551 2336 3624 Sepulcrum.
2558 3551 2882 3628 Sp'eculator.

2075 3653 2362 3712 Sabbatum
2392 3666 2477 3714 est
2517 3659 2674 3729 quies
2703 3663 2900 3717 mentis
2947 3673 3004 3719 et
3047 3664 3202 3734 quies
3257 3668 3601 3736 aeternitatis,

2003 3753 2063 3800 ut
2092 3747 2146 3802 in
2170 3748 2308 3804 lsaia
2339 3769 2352 3804 :
2391 3769 2410 3801 ‹
2448 3751 2567 3805 Erit
2614 3753 2898 3810 sabbatum
2946 3770 3011 3809 ex
3039 3758 3266 3813 sabbato
3295 3760 3362 3825 ",
3400 3778 3420 3812 ι
3455 3763 3600 3830 quod

2003 3839 2134 3908 qui;
2167 3877 2180 3893 .
2213 3877 2227 3892 .
2268 3879 2280 3893 .
2309 3842 2540 3909 quiescit
2571 3842 2626 3897 in
2664 3853 2842 3899 mente
2892 3847 2959 3899 ab
2988 3847 3294 3916 iniquitate,
3325 3850 3342 3869 ‘
3367 3852 3600 3920 quiescit

2005 3930 2346 4001 postmodum
2375 3933 2429 3986 in
2460 3945 2664 3988 aeterna
2709 3934 2987 3990 felicitate.
3018 3936 3122 3993 Per
3167 3937 3454 3994 Sabbatum
3487 3949 3600 3996 tor-

2003 4037 2103 4092 por
2127 4030 2181 4076 et
2228 4022 2578 4094 negligentia,
2606 4033 2665 4078 ut
2719 4026 2772 4080 in
2817 4026 3094 4084 Jeremia:
3135 4050 3152 4081 ι
3191 4030 3256 4083 Ει
3291 4031 3598 4087 deriserunt

2004 4114 2228 4168 sabbata
2269 4113 2385 4182 ejus
2415 4116 2482 4181 ἰ,
2521 4136 2540 4168 s
2600 4118 2741 4186 quod
2774 4118 2990 4190 maligni
3041 4121 3284 4192 spiritus,
3323 4137 3599 4193 quosquos

2004 4206 2340 4278 negligenter
2373 4215 2428 4262 et
2451 4207 2718 4263 desidiose
2739 4210 2921 4265 vident
2939 4222 3356 4284 contorpcscere
3383 4213 3452 4268 ab
3477 4215 3594 4270 utili

2003 4314 2188 4368 opere,
2213 4300 2489 4355 immunda
2511 4302 2755 4371 quaedam
2783 4304 3136 4360 circumferre
3156 4304 3362 4361 faciunt
3389 4321 3487 4376 per
3511 4306 3595 4362 af-

2005 4389 2204 4444 fectum
2236 4391 2288 4445 in
2336 4393 2680 4462 cogitatione.
2719 4393 2823 4449 Per
2859 4395 3152 4451 Sabbatum
3200 4412 3364 4467 Opera
3393 4397 3595 4453 sancti-

313 4503 420 4543 nec
469 4492 736 4544 maculam
783 4487 1017 4552 malitiae,
1063 4502 1164 4542 nec
1213 4502 1404 4558 rugam
1457 4487 1607 4542 novit
1636 4485 1894 4556 perﬁdiae.
1926 4518 1979 4578 Ι)
2007 4481 2152 4547 tatis,
2191 4491 2250 4537 ut
2278 4482 2333 4537 in
2366 4482 2607 4539 Levitico
2639 4502 2652 4538 :
2689 4505 2706 4536 ι
2747 4485 2983 4542 Sabbata
3023 4503 3145 4543 mea
3175 4489 3440 4544 custodite
3462 4489 3530 4555 ”,
3569 4509 3588 4541 s

310 4580 419 4636 Per
448 4597 632 4651 rugam
673 4578 911 4635 simulati
936 4579 1152 4649 quique,
1185 4587 1244 4633 ut
1271 4579 1325 4633 in
1353 4581 1371 4598 '
1397 4578 1592 4634 Genesi
1627 4595 1638 4630 :
1677 4598 1695 4628 ι
1731 4576 1897 4648 Ruga:

312 4686 449 4728 mea:
479 4671 848 4728 testimonium
873 4671 1059 4727 dicunt
1102 4678 1290 4727 contra
1319 4686 1406 4724 me
1438 4670 1500 4733 η,
1545 4689 1562 4720 ι
1607 4669 1659 4723 id
1687 4679 1790 4733 est,
1821 4667 1896 4742 illi

312 4764 409 4834 qui
428 4779 515 4819 me
545 4764 670 4821 ficte
713 4770 900 4819 amant
927 4763 984 4818 in
1025 4762 1321 4833 prosperis,
1380 4759 1640 4817 resistunt
1683 4760 1813 4815 mihi
1843 4760 1898 4815 in

312 4845 560 4912 adversis

389 4950 564 5021 Rupes
597 4960 724 5007 sunt
774 4950 944 5006 sancti
983 4950 1179 5022 angeli,
1223 4957 1282 5004 ut
1323 4949 1377 5004 in
1404 4946 1549 5004 Job:
1589 4967 1609 5000 ι
1661 4948 1730 5002 Ει
1755 4949 1902 5004 inac-

297 5042 483 5098 cessis
510 5043 733 5113 rupibus
759 5043 828 5109 ¹⁶,
855 5062 874 5096 ι
910 5042 1054 5114 quod
1092 5042 1284 5097 devota
1311 5042 1488 5096 anima
1509 5055 1606 5111 per
1633 5040 1902 5096 desideria

314 5133 570 5205 gaudium
597 5133 993 5204 contemplatur
1023 5133 1360 5204 angelorum,
1405 5132 1474 5188 ad
1501 5146 1638 5202 quos
1659 5145 1756 5202 per
1785 5131 1898 5201 spi-

313 5224 483 5278 ritum
517 5223 743 5280 necdum
772 5224 1029 5280 accedere
1052 5224 1216 5279 valet.
1267 5222 1458 5294 Rupes,
1495 5224 1895 5294 praedicatores,

2006 4575 2058 4630 id
2094 4585 2198 4642 est,
2251 4591 2416 4647 opera
2465 4579 2790 4638 sanctitatis.
2849 4580 2904 4635 in
2945 4581 3142 4650 quibus
3191 4593 3291 4651 ego
3331 4581 3591 4651 quiesco,

2003 4670 2021 4690 '
2048 4668 2307 4723 exercite.

2077 4759 2336 4816 Sacerdos
2361 4769 2445 4816 est
2469 4759 2740 4828 Christus,
2772 4771 2833 4818 ut
2861 4763 2916 4818 in
2942 4761 3174 4820 Psalmis
3200 4781 3213 4819 :
3249 4784 3267 4817 ι
3301 4764 3380 4819 Tu
3412 4780 3470 4820 es
3498 4780 3588 4821 sa-

2005 4851 2194 4906 cerdos
2223 4851 2276 4905 in
2317 4858 2580 4906 aeternum
2608 4853 2677 4919 ²³,
2715 4873 2734 4904 ι
2767 4855 2911 4924 quod
2947 4853 3199 4912 Christus
3233 4858 3590 4928 semetipsum

2005 4939 2060 4995 in
2107 4956 2235 4996 arca
2279 4940 2458 4996 crucis
2503 4942 2698 4997 obtulit
2745 4958 2845 5012 pro
2896 4945 3073 5002 nobis.
3131 4944 3415 5014 Sacerdos,
3471 4949 3590 5018 ipsa

2005 5034 2144 5089 ratio
2202 5043 2408 5100 nostra,
2469 5041 2530 5088 ut
2590 5033 2644 5088 in
2699 5035 2938 5092 Levitico
2971 5056 2984 5093 :
3021 5057 3040 5090 ι
3072 5036 3128 5092 Si
3175 5039 3452 5105 sacerdos,
3490 5039 3586 5109 qui

2000 5125 2298 5180 ‘mentitus
2352 5132 2473 5192 est,
2526 5128 2833 5196 peccaverit
2878 5128 2967 5195 “;
3005 5148 3023 5180 ι
3086 5129 3137 5186 id
3167 5138 3270 5197 est,
3315 5132 3361 5186 si
3393 5147 3588 5187 sensus

1999 5219 2314 5286 rationalis,
2355 5222 2447 5291 qui
2498 5232 2553 5278 et
2598 5238 2694 5293 per
2755 5223 3083 5294 intellectum
3138 5225 3492 5292 illuminatus,
3529 5234 3588 5281 et

313 5315 453 5368 utin
483 5313 584 5370 Job
611 5334 625 5370 :
655 5335 675 5368 ι
716 5314 1138 5371 Trarisl’eruntur
1173 5331 1331 5386 rupes
1383 5317 1447 5371 dc
1493 5315 1613 5371 loco
1638 5331 1736 5371 suo
1767 5316 1832 5382 ",
1870 5334 1890 5368 ι
1994 5327 2094 5382 per
2135 5311 2383 5368 allectum
2410 5322 2493 5370 est
2538 5315 2853 5385 puriﬁcatus
2899 5317 3212 5374 deviaverit.
3265 5317 3370 5373 Per
3407 5333 3588 5372 sacer-

316 5407 463 5478 quod
519 5408 905 5478 praedicatores
951 5408 1124 5465 sancti
1174 5406 1415 5463 Judaeam
1469 5406 1895 5464 deserentes‘ad
1995 5407 2140 5462 dotes
2164 5407 2372 5478 praelati
2399 5409 2570 5479 pravi,
2602 5416 2662 5464 ut
2685 5409 2742 5464 in
2767 5407 2868 5466 Job
2902 5428 2915 5464 :
2958 5429 2978 5464 ι
3019 5411 3178 5466 Ducit
3219 5409 3535 5466 sacerdotes
3560 5411 3581 5431 ‘

394 5562 411 5592 ²
447 5561 644 5617 Ezech.
694 5580 736 5628 ι,
781 5563 868 5616 l6.
918 5562 938 5592 ²
1001 5561 1143 5616 Psal.
1183 5576 1367 5625 LXXVI,
1426 5560 1511 5616 l9.
1563 5562 1584 5592 ³
1628 5559 1768 5615 Psal.
1827 5575 2069 5622 Lxxxm,
2121 5560 2208 5614 14.
2250 5560 2272 5591 ⁴
2319 5561 2454 5630 Dan.
2498 5575 2590 5620 vn,
2644 5563 2697 5619 9.
2743 5562 2765 5594 '
2807 5561 2962 5617 Cant.
2996 5577 3054 5628 v,
3085 5562 3171 5616 10.
3206 5561 3226 5592 ⁸
3268 5561 3466 5617 Thren.
3503 5579 3578 5630 tv,

316 5630 370 5685 7.
403 5633 424 5664 "
454 5633 624 5687 Exod.
651 5649 731 5700 ιιι,
779 5634 830 5688 2.
861 5634 882 5664 ⁸
908 5631 1044 5688 Joel.
1074 5649 1114 5697 ι,
1140 5632 1195 5686 4.
1226 5631 1247 5661 ’
1290 5632 1486 5685 Ezech.
1520 5647 1668 5694 xxiv,
1703 5631 1784 5684 l2.
1833 5631 1908 5685 ¹⁰.

2018 5647 2107 5700 ιιι,
2148 5630 2238 5685 24.
2276 5631 2315 5661 ¹¹
2345 5629 2444 5686 Job
2469 5647 2541 5700 Iv,
2568 5632 2653 5687 10.
2703 5634 2744 5664 ¹³
2783 5631 2976 5688 lPetr.
3024 5647 3073 5694 v,
3103 5632 3156 5686 8.
3189 5631 3232 5662 ¹³
3258 5630 3360 5687 Job
3386 5629 3577 5700 xxxix,

317 5701 371 5756 6.
409 5702 452 5733 “
480 5703 616 5772 Eph.
657 5699 837 5768 v.27.
873 5705 918 5735 ¹⁵
955 5701 1058 5759 Job
1109 5719 1217 5764 xvr,
1246 5703 1299 5774 β.
1353 5702 1396 5733 ³⁸
1442 5701 1544 5756 Job
1573 5719 1760 5774 ιιιιιιιιι,
1789 5701 1890 5774 51.
1916 5703 1980 5774 "7
2005 5699 2105 5755 Job
2152 5701 2388 5774 “111,4:
2427 5701 2469 5732 ⁸⁸
2493 5699 2612 5758 .Ιει·.
2642 5720 2752 5774 xw,
2805 5703 2858 5762 6.
2895 5702 2936 5736 ¹⁹
2963 5702 3163 5761 Ezech.
3212 5717 3290 5772 Vt.
3320 5704 3374 5761 5.
3399 5704 3442 5736 ⁸⁰
3473 5699 3576 5762 lsa.

318 5787 481 5843 ιινι,
528 5771 627 5832 25.
665 5777 710 5810 ³³
750 5775 951 5835 Thren.
1006 5791 1044 5844 ι,
1085 5773 1139 5830 7.
1171 5775 1216 5810 ²²
1242 5773 1372 5834 Lev.
1426 5789 1537 5843 xxx,
1589 5773 1644 5842 5,
1670 5774 1760 5831 50.
1793 5773 1839 5808 ⁸³
1864 5773 1904 5829 Ρ

2028 5786 2140 5842 crx,
2190 5772 2243 5829 4.
2281 5772 2327 5806 ⁸⁵
2357 5771 2486 5830 Lev.
2518 5787 2601 5830 ιιι.

1813 5908 1972 5938 ιιις.

3925 5207 3929 5323 i.

3923 5373 3925 5419 Ι

3919 5449 3923 5517 ¹

3915 5759 3917 5811 |
