3936 6328
275 296 430 355 1045

1250 300 1664 361 Attaconm
1702 304 1773 361 1N
1806 304 2083 365 sucum
2121 290 2592 367 summumst.

3482 175 3523 213 4-

3396 308 3541 365 1046

271 414 545 491 pientiam
565 411 904 469 condiamur.
937 410 1051 481 Sal,
1084 415 1364 485 discretio,
1391 410 1535 475 utin
1564 419 1808 477 Levitico
1840 441 1854 478 :
1882 427 1939 489 Α
1961 440 2119 482 suum
2148 426 2217 494 ",
2250 447 2271 480 ι
2301 427 2357 483 id
2385 436 2488 487 est.
2531 425 2877 483 conﬁtebitur
2905 426 3085 481 anima
3115 428 3315 482 devota
3345 441 3541 498 pecca-

282 527 308 561 s
346 508 405 585 In
425 508 575 564 omni
600 508 620 529 "
644 508 919 565 oblatione
942 506 1139 567 offeres
1166 512 1246 569 sal
1285 514 1337 580 ί,
1396 534 1415 566 ι
1449 515 1593 585 quod
1621 517 1676 570 in
1712 517 1870 575 omni

270 584 599 672 Operationc
644 609 832 657 nostra
876 616 1099 659 necesse
1129 613 1213 660 est
1242 615 1303 660 ut
1334 584 1635 662 habeamus
1661 606 1860 664 discre-

272 690 509 751 tionem.
559 692 677 763 Sal,
727 694 830 767 ipsi
881 694 1078 769 angeli,
1129 706 1189 752 ut
1232 698 1288 753 in
1315 698 1653 769 Evangelio:
1692 718 1710 751 ‹
1752 698 1862 759 Vos

271 789 416 845 estis
442 788 522 844 sal
572 798 730 845 terrae
763 790 819 857 ’,
858 810 878 843 ι
914 776 966 845 id
997 799 1099 857 est,
1132 791 1242 847 Vos
1294 792 1425 848 estis
1459 792 1858 849 condimentum

270 889 338 936 et
362 882 381 901 '
404 881 543 936 lator
586 880 860 937 Ecclesize.
919 880 1033 948 Sal,
1066 883 1385 950 admonitio,
1416 891 1476 937 ut
1520 882 1574 937 in
1616 880 1811 939 Genesi
1841 902 1856 939 :

278 992 301 1025 ι
344 974 512 1028 Versa
551 982 633 1029 est
661 973 717 1029 in
747 982 980 1028 statuam
1022 974 1150 1029 salis
1178 973 1223 1040 ³,
1284 992 1303 1025 ι
1336 973 1478 1044 quod
1505 970 1860 1044 reproborum

268 1064 511 1135 perditio
532 1079 722 1134 magna
760 1065 996 1121 cmlestis
1024 1073 1107 1120 est
1134 1064 1453 1120 admonitio.

351 1152 579 1226 Salsugo
604 1163 687 1211 est
725 1156 1053 1212 desiderium
1098 1156 1317 1221 bonum,
1368 1155 1505 1211 utin
1544 1152 1685 1213 Job:
1719 1176 1738 1208 ι
1790 1156 1862 1210 Ει

267 1246 626 1303 tabernacula
653 1246 770 1320 ejus
793 1247 847 1301 in
889 1256 1093 1303 terram
1121 1246 1408 1319 salsuginis
1451 1245 1496 1314 ⁸,
1544 1266 1563 1298 ι
1599 1246 1743 1317 quod
1765 1246 1858 1302 de-

268 1337 606 1423 lectabiliter
655 1338 885 1410 quiescit
919 1339 972 1393 in
1025 1348 1207 1395 mente
1243 1355 1365 1394 eum
1400 1339 1742 1395 desiderante
1771 1352 1860 1393 ar-

266 1430 484 1485 denter.
512 1428 760 1501 Salsugo,
795 1430 1077 1495 sanctitas,
1104 1438 1159 1484 ut
1190 1429 1242 1484 in
1269 1429 1499 1486 Psalmis
1526 1449 1539 1483 :
1579 1449 1598 1481 ‹
1630 1429 1858 1485 Terram

266 1521 609 1577 fructiferam
637 1522 691 1576 in
735 1521 1062 1593 salsuginem
1110 1521 1155 1585 ⁸,
1201 1541 1220 1574 ι
1250 1523 1393 1593 quod
1442 1521 1703 1588 animam,
1738 1536 1857 1590 qua:

266 1611 400 1668 boni
430 1612 611 1684 operis
638 1612 870 1668 fructum
902 1611 1045 1667 ferre
1068 1611 1301 1677 solebat,
1326 1611 1587 1667 Dominus
1609 1613 1676 1667 ad
1699 1611 1858 1668 steri-

265 1701 479 1759 litatem
507 1704 702 1759 cadere
739 1719 1124 1773 nonnunquam
1154 1704 1439 1774 permittit.

1960 526 2071 574 tum
2102 536 2278 576 suum.
2313 516 2572 590 Sanguis,
2600 520 2879 591 angustia,
2924 528 2987 574 ut
3012 519 3068 573 in
3096 518 3366 576 Psalmis:
3415 540 3434 573 c
3471 518 3547 576 Ut

1958 598 2256 681 inting'atur
2274 626 2372 682 pes
2397 618 2523 666 tuus
2550 610 2605 665 in
2635 611 2894 681 sanguine
2930 610 3001 678 ’⁸,
3044 629 3063 663 ι
3102 611 3248 679 quod
3282 611 3545 681 pradica-

1962 708 2132 766 tores,
2158 700 2251 771 qui
2283 698 2557 756 Christum
2583 701 2810 766 vehunt,
2836 698 3140 769 aﬂligentur
3173 700 3540 763 tribulatione.

1962 791 2216 863 Sanguis,
2244 792 2376 846 ultio
2402 792 2632 863 peccati,
2660 798 2722 847 ut
2744 792 2800 846 in
2823 790 3084 846 Psalmis:
3132 808 3157 859 ς
3204 788 3393 845 Manus
3412 806 3545 849 suas

1959 881 2161 936 lavabit
2190 883 2245 937 in
2275 880 2535 954 sanguine
2561 883 2861 952 peccatoris
2889 882 2958 947 ",
2989 900 3009 933 ι
3034 881 3178 951 quod
3210 889 3337 934 tunc
3361 881 3543 950 justus

1959 982 2112 1029 actus
2159 989 2284 1029 suos
2330 970 2592 1029 sollicitus
2630 974 2886 1046 corrigit,
2931 974 3147 1044 quando
3194 981 3543 1043 peccatorem

1958 1078 2059 1133 pro
2085 1064 2239 1135 culpa
2268 1064 2446 1135 puniri
2473 1064 2756 1135 conspicit.
2792 1063 3043 1136 Sanguis,
3064 1064 3379 1128 crudelitas,
3403 1062 3541 1117 utin

1958 1154 2097 1210 Isaia
2124 1173 2136 1209 :
2181 1172 2200 1206 ι
2239 1154 2428 1211 Manus
2452 1165 2647 1211 vestra:
2675 1157 2935 1226 sanguine
2963 1154 3136 1225 plena:
3172 1162 3301 1210 sunt
3323 1154 3368 1186 ὀ
3388 1194 3406 1219 ,
3438 1174 3456 1205 ι
3490 1154 3545 1208 id

1959 1256 2043 1302 est
2061 1248 2299 1304 actiones
2322 1252 2516 1303 vestrm
2537 1248 2853 1303 crudelitate
2876 1247 3094 1317 repleta:
3114 1254 3261 1301 sunt.
3286 1243 3543 1314 Sanguis,

1958 1351 2134 1407 pmnm
2164 1335 2383 1402 inferni,
2419 1344 2481 1391 ut
2509 1337 2561 1391 in
2589 1335 2947 1407 Apocalypsi:
2993 1353 3011 1385 ‹
3046 1334 3114 1388 Ει
3134 1333 3303 1388 exivit
3325 1331 3544 1400 sanguis

1960 1429 2027 1486 de
2054 1429 2374 1499 lacu'usque
2416 1428 2483 1484 ad
2516 1428 2698 1483 frenos
2724 1441 2986 1495 equorum
3016 1425 3059 1457 ’ί
3079 1465 3094 1491 ,
3135 1444 3153 1475 ι
3193 1423 3335 1493 quod
3365 1423 3418 1476 in
3454 1437 3542 1476 re-

1958 1521 2250 1592 proborum
2281 1518 2672 1575 conventiculis
2700 1515 2983 1572 infernalis
3012 1530 3071 1570 se
3100 1528 3261 1584 poena
3288 1510 3546 1567 extendet

1957 1628 2129 1683 usque
2164 1612 2249 1668 ad.
2266 1611 2517 1683 praelatos
2538 1608 2876 1679 populorum.
2916 1607 3021 1661 Per
3046 1602 3352 1675 sanguinem
3380 1616 3545 1673 opera

1958 1703 2219 1770 libidinis,
2235 1710 2294 1758 ut
2317 1703 2371 1757 in
2402 1701 2659 1757 Psalmis:
2692 1719 2710 1752 ι
2733 1699 2927 1755 Libera
2949 1700 3035 1754 me
3054 1698 3120 1753 de
3148 1696 3408 1766 sanguine
3427 1695 3494 1761 ”,
3519 1713 3540 1746 ι

344 1792 603 1849 Saliunca
637 1801 720 1848 est
738 1793 996 1863 cogitatio
1020 1801 1236 1849 terrena
1259 1834 1273 1858 ,
1312 1800 1373 1847 ut
1402 1793 1456 1847 in
1476 1792 1615 1849 Isaia
1640 1811 1653 1846 :
1693 1812 1711 1844 ‹
1743 1793 1852 1850 Pro
1881 1786 1931 1849 Β
1956 1792 2011 1850 id
2037 1803 2140 1860 est,
2169 1794 2234 1849 de
2271 1792 2574 1848 libidinosis
2607 1792 2885 1862 operibus.
2920 1792 3025 1846 Per
3057 1789 3364 1860 sanguinem
3393 1785 3548 1842 mali—

263 1882 512 1938 saliunca
539 1882 796 1939 ascendet
816 1882 966 1939 abies
995 1882 1042 1951 ⁶,
1076 1903 1095 1937 ι
1128 1883 1273 1955 quod
1292 1884 1552 1941 Dominus
1569 1885 1623 1940 in
1650 1894 1854 1955 mente,

264 1972 328 2027 in
355 1987 460 2042 qua
486 1980 703 2029 terrena
749 1974 1006 2045 cogitatio
1034 1984 1172 2041 erat,
1230 1975 1516 2032 sublimem
1566 1976 1856 2048 aliquando

261 2077 369 2133 per
395 2063 628 2133 gratiam
653 2078 807 2119 suam
833 2064 1344 2135 contemplationem
1376 2063 1577 2121 format

343 2149 540 2207 Salices
570 2161 697 2207 sunt
724 2150 826 2207 viri
869 2153 1063 2219 sancti,
1106 2162 1164 2208 ut
1198 2155 1253 2210 in
1292 2152 1567 2226 Propheta
1598 2174 1612 2209 :
1645 2174 1663 2208 ι
1701 2155 1857 2215 Sicut

264 2241 469 2299 salices
489 2236 873 2314 germinabunt
896 2243 1038 2300 inter
1064 2245 1264 2301 herbas
1294 2247 1494 2302 virides
1527 2247 1572 2311 ',
1619 2268 1637 2301 ι
1666 2247 1718 2305 id
1748 2257 1851 2318 est,

260 2335 325 2390 in
348 2335 490 2391 bono
513 2351 678 2408 opere
717 2346 879 2392 erunt
907 2337 1050 2393 inter
1073 2347 1299 2396 caeteros
1324 2340 1591 2397 homines.
1628 2341 1850 2411 Salices,

262 2429 484 2485 steriles
520 2429 574 2484 in
605 2431 749 2486 bono
796 2444 981 2501 opere,
1010 2431 1155 2487 utin
1191 2431 1292 2488 Job
1322 2451 1337 2488 :
1371 2452 1390 2485 ι
1426 2433 1854 2491 Circumdabunt

262 2534 395 2575 eum
435 2519 629 2577 salices
656 2522 673 2541 ‘
706 2529 974 2578 torrentes
1015 2523 1070 2590 ⁸,
1108 2543 1127 2576 ι
1160 2522 1217 2579 id
1242 2532 1345 2592 est,
1384 2523 1639 2582 favebunt
1666 2534 1725 2583 et
1756 2528 1855 2584 ho-

263 2614 448 2670 mines
470 2624 746 2672 amatores
769 2617 930 2688 hujus
954 2617 1139 2673 mundi
1165 2620 1600 2688 prazterlluentis.
1630 2618 1851 2689 Salices,

264 2708 512 2777 superbi,
550 2709 691 2764 utin
750 2707 1026 2766 Psalmis:
1082 2728 1100 2762 ι
1132 2710 1190 2766 In
1242 2711 1500 2769 salicibus
1558 2714 1612 2769 in
1673 2714 1854 2771 medio

261 2796 389 2867 ejus
417 2798 459 2863 ',
507 2818 527 2852 ι
557 2799 609 2854 id
632 2808 746 2866 est,
784 2816 970 2856 coram
996 2802 1265 2873 superbis,
1301 2803 1393 2874 qui
1442 2811 1570 2859 sunt
1598 2804 1650 2859 in
1678 2804 1855 2860 media

262 2891 591 2950 confusione
626 2895 645 2916 ¹
675 2893 942 2952 voluimus
988 2898 1279 2955 ostendere
1306 2899 1725 2970 praadicationes
1755 2916 1852 2957 no-

262 2990 435 3040 stras.
566 3056 569 3061 ν

338 3076 357 3095 ¹
390 3073 671 3132 Salterium
697 3087 782 3134 est
804 3067 961 3135 vetus
980 3078 1088 3148 lex,
1114 3088 1174 3136 ut
1200 3080 1256 3137 in
1277 3080 1506 3139 Psalmis
1537 3101 1549 3139 :
1582 3104 1603 3136 ‹
1634 3083 1692 3143 In
1711 3085 1855 3155 psal-

261 3166 412 3223 terio
454 3167 640 3226 decem
670 3170 1001 3227 chordarum
1042 3172 1111 3240 ¹⁰,
1148 3193 1168 3225 ι
1198 3173 1251 3230 id
1281 3182 1384 3242 est,
1406 3158 1465 3231 in
1509 3166 1850 3249 contempla—

263 3261 420 3318 tione
446 3263 649 3320 veteris
673 3263 831 3337 legis,
881 3280 1001 3338 qua:
1036 3267 1092 3322 in
1119 3268 1307 3326 decem
1337 3271 1624 3343 praeceptis
1665 3274 1851 3330 consi-

261 3349 387 3417 stit,
446 3351 658 3410 studete
710 3355 925 3425 placere
957 3356 1058 3413 illi.
1090 3358 1111 3379 ‘
1139 3356 1449 3429 Salterium,
1496 3360 1640 3419 bona
1686 3365 1851 3432 actio,

264 3451 334 3499 ut
386 3444 444 3499 in
490 3444 766 3504 Psalmis:
811 3466 833 3529 ι
885 3447 1210 3507 Psalterium
1252 3451 1552 3524 jucundum
1602 3471 1728 3513 cum
1777 3458 1854 3515 ci—

266 3535 430 3591 thara
459 3537 527 3603 “,
556 3556 576 3591 »
604 3537 662 3594 id
682 3547 791 3606 est,
815 3540 1085 3599 actionem
1114 3551 1466 3615 spontaneam
1512 3561 1641 3604 cum
1670 3549 1853 3606 carnis

266 3626 623 3682 abstinentia.
852 3634 867 3650 °

344 3714 577 3789 Sanguis
607 3724 693 3774 est
714 3718 897 3789 passio
918 3719 1144 3786 Christi,
1172 3730 1234 3777 ut
1256 3721 1475 3799 in_.lob:
1520 3743 1540 3777 ι
1569 3725 1758 3796 Terra,
1786 3712 1855 3787 ne

266 3806 485 3877 operias
514 3809 826 3889 sanguinem
859 3825 1037 3891 meum
1063 3814 1127 3881 ",
1150 3833 1169 3866 ι
1199 3813 1255 3871 id
1277 3823 1389 3882 est,
1423 3829 1456 3897 ρ
1482 3816 1757 3887 Ecclesia,
1787 3836 1856 3878 ne

268 3900 560 3958 erubescas
585 3902 831 3963 confiteri
854 3905 1159 3983 passionem
1178 3922 1380 3985 meam.
1405 3906 1652 3985 Sanguis,
1674 3926 1858 3968 exem-

266 3990 361 4063 pla
398 3998 733 4065 martyrum,
780 4004 842 4051 ut
880 3996 936 4053 in
978 3982 1201 4055 Exodo:
1238 4019 1258 4051 «
1290 3982 1385 4056 Ille
1407 3984 1539 4057 vero
1582 4010 1856 4073 sumptum

269 4083 592 4154 sanguinem
620 4086 882 4159 respersit
908 4088 964 4145 in
988 4089 1242 4161 populum
1269 4090 1313 4122 ’³
1331 4132 1347 4159 ,
1385 4112 1405 4145 ι
1437 4093 1581 4163 quod
1602 4092 1857 4164 subjectis

269 4166 800 4234 ostendere'debent
830 4178 1037 4251 praelati
1073 4181 1323 4237 examina
1354 4168 1668 4253 sanctorum
1705 4200 1855 4241 mar-

270 4273 477 4338 tyrum.
502 4264 754 4341 Sanguis,
775 4270 1009 4327 carnalis
1030 4272 1355 4353 intellectus,
1378 4284 1438 4331 ut
1462 4277 1516 4332 iu
1538 4275 1851 4339 Parabolis:

276 4373 295 4407 ι
329 4354 434 4424 Qui
473 4357 820 4415 vehementer
864 4363 1136 4434 emungit,
1170 4364 1337 4449 elicit_
1359 4367 1675 4443 sanguinem
1711 4367 1790 4446 “,
1826 4389 1848 4423 ι

1960 1891 2080 1947 tiosi
2108 1890 2365 1961 quilibet,
2409 1897 2471 1944 ut
2512 1889 2566 1944 in
2605 1887 2874 1944 Psalmis:
2926 1905 2945 1937 ‹
2996 1886 3110 1941 Viri
3147 1884 3466 1955 sanguinum
3491 1889 3548 1937 et

1956 1982 2131 2039 dolosi
2156 1982 2202 2015 ’³
2221 2024 2237 2050 ,
2268 2003 2288 2035 ›
2336 1980 2392 2037 id
2437 1988 2549 2045 est,
2580 1980 2831 2036 homines
2859 1978 3078 2035 malitia:
3107 1986 3159 2034 et
3187 1975 3430 2047 perﬁdia
3460 1974 3547 2029 in-

1956 2074 2113 2131 tenti.
3164 2133 3174 2142 ,

2030 2162 2217 2219 Sanies
2246 2171 2330 2219 est
2359 2162 2648 2219 delectatio
2675 2161 2876 2227 carnis,
2905 2168 2965 2215 ut
2988 2158 3041 2214 in
3069 2157 3202 2214 Job:
3233 2174 3252 2208 ‹
3281 2155 3383 2223 Qui
3410 2161 3547 2210 testa

1956 2256 2163 2313 Saniem
2196 2253 2418 2311 radebat
2437 2254 2508 2320 “,
2542 2272 2560 2305 ι
2598 2255 2739 2324 quod
2764 2268 2863 2324 per
2886 2248 3378 2307 considerationem
3404 2259 3550 2300 mor-

1956 2346 2180 2402 talitatis
2203 2353 2403 2402 nostra:
2434 2344 2848 2401 delectationem
2889 2342 2945 2397 in
2988 2338 3145 2396 nobis
3172 2337 3415 2394 illicitum
3450 2348 3543 2390 ex-

1955 2435 2229 2505 stinguere
2264 2436 2544 2490 debemus.

2028 2524 2272 2598 Squama:
2296 2534 2424 2582 sunt
2443 2526 2640 2582 robora
2669 2523 2934 2579 bonorum
2958 2535 3206 2591 operum,
3231 2516 3370 2573 utin
3389 2514 3549 2571 Levi-

1956 2619 2064 2675 tico
2092 2637 2103 2671 :
2152 2635 2169 2669 ι
2198 2615 2369 2673 Omne
2397 2617 2541 2687 quod
2567 2614 2734 2670 habet
2759 2610 3022 2683 pennulas
3047 2618 3103 2664 et
3128 2621 3384 2679 squamas
3404 2604 3453 2638 ’⁵
3472 2645 3487 2671 ,
3521 2622 3541 2657 ι

1956 2707 2101 2780 quod
2123 2706 2244 2762 illos
2272 2706 2501 2761 sollicite
2530 2704 2731 2761 imitari
2757 2702 3018 2758 debemus
3058 2700 3151 2771 qui
3190 2699 3488 2771 agilitatem
3516 2695 3550 2733 ⁸

1955 2796 2396 2868 contemplationi
2434 2803 2490 2851 et
2532 2794 2901 2850 fortitudinem
2928 2798 3185 2848 exercent
3224 2790 3277 2845 in
3310 2788 3545 2844 actione.

1957 2884 2224 2961 Squamw,
2254 2888 2633 2944 excusationes
2668 2902 2871 2959 pravae,
2902 2894 2963 2940 ut
2989 2886 3045 2941 in
3072 2881 3174 2938 Job
3202 2900 3215 2937 :
3257 2899 3276 2933 ι
3308 2880 3543 2952 Compa-

1958 2986 2105 3035 ctum
2149 2979 2389 3049 squamis
2432 2994 2491 3034 se
2530 2977 2904 3049 prementibus
2925 2974 2998 3042 “,
3026 2992 3046 3027 ι
3086 2974 3231 3046 quod
3258 2971 3421 3028 corda
3451 2984 3549 3027 sua

1957 3070 2223 3126 inclinant
2267 3070 2483 3141 reprobi
2517 3070 2573 3125 in
2601 3069 2768 3125 verba
2807 3066 3061 3133 malitia,
3106 3065 3177 3121 ad
3214 3063 3550 3121 excusandas

1880 3144 1929 3214 C
1957 3164 2341 3220 excusationes
2371 3164 2427 3219 in
2454 3164 2717 3235 peccatis.

2033 3256 2263 3327 Sartago
2292 3264 2377 3312 est
2406 3222 2555 3312 zelus
2575 3256 2899 3322 animarum,
2921 3262 2983 3310 ut
3004 3253 3058 3309 in
3086 3222 3401 3308 Ezechiele:
3433 3266 3453 3300 ι
3481 3248 3551 3304 Et

1959 3332 2039 3413 tu,
2070 3364 2221 3404 sume
2242 3348 2571 3419 sartaginem
2591 3346 2827 3404 ferream
2846 3346 2916 3414 ’⁷,
2950 3364 2971 3400 ›
3000 3345 3143 3417 quod
3168 3341 3392 3414 quilibet
3408 3355 3550 3412 pra:-

1960 3436 2103 3497 latus
2130 3440 2306 3498 zelum
2333 3440 2429 3496 Dei
2456 3436 2615 3497 debet
2640 3440 2933 3506 discutere,
2958 3446 3013 3495 et
3040 3434 3254 3493 fortiter
3271 3449 3402 3504 erga
3423 3434 3552 3491 sub-

1953 3520 2131 3602 jectos
2155 3532 2376 3588 habere.
2418 3529 2664 3605 Sartago,
2710 3531 3024 3598 tribulatio,
3071 3538 3133 3586 ut
3167 3530 3222 3585 in
3269 3527 3548 3584 Levitico:

1967 3639 1988 3673 ‹
2025 3621 2153 3689 Qua:
2199 3621 2252 3677 in
2301 3622 2575 3693 sartagine
2615 3621 2736 3678 oleo
2782 3636 3075 3692 conspersa
3113 3619 3393 3692 frangetur
3419 3616 3490 3684 ’⁸,
3524 3635 3547 3670 ι

1961 3712 2106 3785 quod
2135 3728 2290 3769 mens
2314 3721 2502 3769 sancta
2532 3727 2643 3769 non
2670 3713 2786 3768 sine
2814 3712 3141 3784 pinguedine
3172 3711 3397 3766 interna:
3416 3723 3550 3766 con-

1963 3802 2247 3859 solationis
2275 3804 2329 3858 in
2355 3802 2700 3858 tribulatione
2734 3801 3007 3874 afﬂigitur.

2037 3892 2413 3967 Sardonychas
2443 3904 2528 3951 est
2566 3896 2731 3951 homo
2754 3904 2995 3962 sanctus,
3024 3902 3088 3950 ut
3111 3892 3168 3951 in
3203 3892 3342 3949 Job:
3387 3910 3406 3945 ι
3439 3890 3553 3948 Nec

1962 3980 2131 4056 lapidi
2173 3986 2516 4058 sardonycho
2560 3985 2958 4058 pretiosissimo
2995 3983 3073 4050 ’⁸,
3122 4000 3143 4038 ι
3193 3982 3336 4055 quod
3372 3980 3553 4039 nullus

1964 4082 2151 4150 homo,
2180 4083 2529 4154 quantumvis
2557 4089 2778 4138 sanctus
2794 4079 2980 4147 fuerit,
3009 4078 3225 4136 Christo
3246 4076 3553 4148 comparari

1964 4177 2222 4248 potuerit.
2257 4173 2655 4246 Sardonychus,
2678 4171 2988 4228 humanitas
3008 4170 3234 4235 Christi,
3256 4176 3315 4225 ut
3336 4169 3391 4224 in
3410 4168 3555 4240 Apo-

1964 4264 2169 4341 calypsi
2196 4286 2210 4322 :
2248 4286 2268 4319 ‹
2296 4260 2364 4322 Et
2384 4265 2478 4337 qui
2507 4264 2751 4332 sedebat,
2773 4262 2968 4321 similis
2992 4270 3114 4320 erat
3135 4261 3299 4334 lapidi
3322 4259 3554 4333 jaspidis

1964 4370 2020 4418 et
2048 4359 2341 4427 sardina”,
2377 4379 2397 4414 ι
2430 4358 2573 4431 quod
2603 4356 2854 4416 Christus
2877 4373 2943 4415 ex
2961 4358 3075 4416 Deo
3100 4356 3265 4424 Deus,
3287 4363 3343 4412 et
3366 4370 3434 4411 ex
3454 4353 3554 4411 ho—

266 4449 415 4522 quod
449 4450 540 4521 qui
564 4451 726 4508 nimis
746 4452 1037 4511 indiscrete
1064 4471 1274 4513 sacram
1308 4454 1644 4537 Scripturam
1666 4461 1850 4519 discu-
1883 4476 1938 4537 τι
1964 4454 2113 4510 mine
2137 4454 2303 4508 homo
2328 4458 2441 4508 est:
3180 4502 3185 4509 ,

268 4538 358 4606 tit,
387 4538 439 4595 in
453 4541 722 4599 carnalem
748 4542 1079 4601 intellectum
1102 4547 1263 4604 cadit.
1292 4546 1543 4619 Sanguis,
1563 4549 1717 4606 furor
1735 4550 1855 4619 Dei,

267 4638 332 4686 ut
385 4629 439 4685 in
492 4631 705 4689 cantico
751 4633 1192 4694 Deuteronomii:
1242 4658 1263 4691 ι
1306 4639 1591 4698 Inebriabo
1631 4643 1857 4716 sagittas

265 4738 421 4781 meas
449 4724 711 4796 sanguine
744 4727 809 4795 ’⁸,
847 4747 866 4783 ι
904 4728 958 4785 id
983 4738 1085 4796 est,
1118 4731 1387 4789 vindictas
1410 4749 1562 4791 meas
1588 4738 1857 4794 exercebo

265 4832 395 4874 cum
438 4815 645 4873 furore.
692 4816 956 4901 Sanguis,
1000 4837 1148 4877 mors
1176 4820 1398 4891 Christi,
1430 4834 1490 4880 ut
1529 4825 1584 4882 in
1614 4820 1852 4884 Genesi:

268 4926 293 4964 ι
315 4906 435 4965 Vox
464 4910 743 4982 sanguinis
762 4910 948 4967 fratris
976 4912 1053 4968 tui
1075 4913 1272 4969 clamat
1292 4915 1359 4970 ad
1383 4932 1469 4974 me
1497 4919 1564 4975 de
1584 4927 1729 4975 terra
1745 4919 1811 4987 ’⁸,
1833 4939 1852 4973 ι

264 4990 327 5058 ιιι
359 5008 461 5065 est,
493 4998 763 5058 confessio
791 5003 981 5073 mortis
1016 5002 1247 5073 Christi,
1289 5007 1381 5079 qui
1423 5010 1605 5081 populi
1646 5009 1859 5071 Iudaici

267 5088 570 5160 superfuit,
615 5090 817 5148 clamat
842 5093 910 5150 ad
945 5088 1161 5150 Patrem
1190 5097 1256 5152 de
1286 5097 1552 5157 Ecclesia.
1596 5098 1859 5176 Sanguis,

264 5190 573 5253 peccatum,
599 5184 736 5240 utin
759 5184 926 5241 Isaia:
955 5203 974 5238 ι
1007 5186 1075 5243 Ει
1095 5188 1357 5248 revelabit
1384 5203 1528 5250 terra
1543 5196 1861 5268 sanguinem

2036 4543 2315 4601 Stabulum
2355 4553 2440 4601 est
2482 4541 2727 4600 Ecclesia
2754 4557 3014 4615 praesens,
3052 4548 3111 4596 ut
3145 4541 3197 4594 in
3218 4536 3551 4611 Evangelio:

1971 4656 1991 4690 ι
2022 4638 2187 4693 Duxit
2221 4652 2345 4693 eum
2376 4636 2433 4691 in
2455 4636 2748 4703 stabulum,
2780 4645 2837 4691 et
2860 4650 3043 4691 curam
3084 4633 3252 4706 ipsius
3287 4632 3400 4704 egit
3417 4631 3486 4699 “,
3522 4651 3546 4687 ο

1962 4734 2021 4792 id
2046 4743 2152 4802 est,
2185 4734 2239 4788 in
2273 4731 2596 4798 Ecclesiam,
2618 4738 2674 4787 et
2699 4729 2963 4786 sollicitus
2989 4728 3058 4785 "de
3085 4743 3151 4784 eo
3180 4726 3302 4784 fuit.

2034 4814 2054 4849 ⁴
2093 4825 2300 4883 Stactes
2346 4831 2432 4881 est
2476 4823 2673 4890 oratio,
2718 4828 2778 4877 ut
2826 4822 2881 4876 in
2929 4820 3154 4878 Exodo:
3201 4840 3219 4873 ι
3256 4819 3422 4876 Sume
3451 4816 3554 4876 tibi

1966 4928 2174 4977 stacten
2196 4919 2267 4984 ³’,
2298 4937 2317 4971 ι
2354 4916 2408 4972 id
2433 4922 2537 4983 est,
2561 4928 2756 4970 exerce
2780 4912 3151 4973 assiduitatem
3175 4910 3459 4968 orationis.

2041 5009 2303 5067 Stannum
2332 5014 2416 5063 est
2441 5002 2581 5061 falsa
2610 5004 2886 5073 doctrina,
2907 5012 2967 5059 ut
2986 5003 3040 5059 in
3065 4998 3235 5059 Isaia:
3266 5023 3286 5056 ι
3315 5003 3385 5059 Ει
3406 4999 3556 5060 aufe-

1968 5121 2087 5162 ram
2114 5120 2276 5161 omne
2308 5084 2562 5158 stannum
2590 5107 2744 5157 tuum
2771 5098 2848 5168 ³³,
2880 5118 2900 5154 ι
2942 5096 2996 5157 id
3023 5106 3134 5168 est,
3163 5097 3389 5167 falsam,
3429 5112 3551 5170 qua

1968 5208 2055 5258 est
2080 5197 2135 5253 in
2166 5205 2240 5263 te,
2268 5194 2593 5251 doctrinam.

348 5364 367 5397 ⁸
391 5362 522 5441 Lev.
554 5380 624 5441 ιι,
648 5364 747 5441 ιιι.
792 5368 815 5400 ’
850 5369 1035 5426 Matth.
1063 5384 1118 5441 v,
1148 5372 1234 5427 15.
1281 5368 1303 5404 ³
1327 5372 1463 5429 Gen.
1509 5386 1624 5441 xix,
1662 5373 1756 5430 26.
1808 5375 1834 5407 ‘

2009 5390 2196 5441 xxxix,
2237 5374 2299 5441 9.
2335 5371 2358 5404 ⁸
2386 5370 2531 5428 Psal.
2571 5387 2687 5437 cu,
2734 5372 2824 5430 34.
2870 5375 2892 5407 ⁸
2922 5376 3027 5432 Isa.
3083 5388 3170 5441 LV,
3220 5373 3309 5429 15.
3363 5373 3387 5406 '
3440 5372 3546 5431 Isa.

267 5448 422 5503 XLIV,
562 5435 595 5513 _°_
632 5435 743 5513 ξοδ
789 5455 910 5506 XN,
959 5441 1057 5513 1⁸]ἒ
1076 5434 1517 5511 ‘Psachxxvt,
1562 5434 1622 5499 2:
1656 5446 1698 5477 ¹⁹
1730 5444 1850 5502 Psal

1971 5463 2090 5513 txn,
2125 5434 2193 5502 ἓξ
2226 5438 2438 5499 “Psal.
2470 5460 2634 5499 Lxxx.
2673 5434 2725 5498 5.
2780 5446 2823 5477 ¹’
2866 5444 2968 5505 Job
3016 5434 3250 5511 “1,18.
3295 5443 3340 5476 ⁸³
3375 5442 3547 5513 Exod.

269 5521 438 5573 xxiv,
463 5506 516 5583 β,
559 5506 617 5583 ’ᾖ
632 5506 792 5583 Prov.
826 5527 966 5583 xxx,
991 5510 1079 5567 5'5.
1120 5514 1165 5546 ’⁵
1194 5516 1349 5569 Deut.
1382 5506 1566 5582 XXXII,
1601 5515 1693 5571 42.
1725 5518 1768 5549 ’⁸
1798 5516 1855 5574 Gl

1971 5533 2019 5573 Iv
2039 5558 2053 5583 ,
2076 5506 2170 5574 io.
2210 5516 2252 5549 "
2285 5514 2391 5569 lsa.
2434 5531 2592 5583 xxvr,
2621 5514 2710 5571 51.
2750 5514 2795 5547 ’⁸
2823 5516 2966 5572 Psal.
2998 5506 3168 5582 vau,
3191 5514 3283 5570 24.
3331 5513 3376 5546 ’⁸
3404 5512 3545 5569 Psal.

270 5587 408 5643 Lvu,
436 5579 545 5649 ιι.
574 5579 621 5611 ’⁸
647 5578 751 5636 Isa.
794 5599 838 5649 ι,
886 5582 972 5638 i5.
1002 5584 1047 5615 ’ί
1075 5583 1121 5641 A

1230 5627 1243 5640 .
1276 5586 1587 5656 uva-‘15.”?
1617 5587 1762 5645 Psal.
1792 5604 1846 5656 ι,

1997 5588 2046 5620 ’⁸
2072 5587 2164 5645 Ps.
2191 5602 2309 5651 Liv,
2332 5583 2425 5640 ΞΑ.
2455 5582 2504 5656 ’⁸
2543 5583 2643 5656 Job
2676 5601 2735 5653 ιι,
2777 5586 2832 5643 8.
2865 5588 2913 5621 ’⁸
2952 5588 3080 5644 Lev.
3117 5602 3220 5656 xl,
3263 5585 3316 5643 9.
3358 5584 3406 5617 ’⁸
3449 5583 3549 5656 .lob

273 5647 788 5749 n6."'9§zech.
821 5644 897 5723 iv,
1028 5654 1074 5689 ’⁸
1099 5644 1229 5743 Lev.
1252 5671 1326 5725 vr,
1353 5644 1443 5711 2t.
1483 5655 1530 5689 '°
1556 5654 1659 5745 Job
1698 5644 1855 5716 xxth

1971 5658 2012 5716 5.
2071 5644 2135 5693 ’⁸7
2354 5670 2432 5723 tv,
2458 5654 2521 5749 3..
2554 5656 2599 5690 ἰ
2622 5644 2752 5713 Luc.
2801 5675 2859 5727 x,
2890 5658 2982 5714 54.
3024 5657 3070 5690 ³⁸
3095 5644 3265 5713 Exod.
3296 5672 3430 5723 xxx,
3457 5654 3547 5711 58.

275 5717 326 5753 ³³
354 5718 458 5775 Isa.
488 5734 529 5786 ι,
554 5718 644 5776 25.

3174 5846 3209 5885 ἦ
