3936 6328
448 303 586 358 1047

1061 295 1123 348 Β.
1160 291 1414 349 RABANI
1450 288 1671 347 MAURI
1708 288 2028 344 ARCHIEP.
2067 283 2376 342 MOGUNT.
2419 280 2708 339 OPERUM
2747 279 2930 336 PARS
2967 278 3058 335 III.

3581 275 3736 334 1048

515 412 734 470 Stamen
756 419 842 465 est
865 407 1045 462 anima
1071 407 1327 471 hominis,
1359 404 1493 461 utin
1522 402 1791 457 Levitico:
1839 420 1855 452 ι
1889 399 2032 466 Qua:
2045 401 2100 462 Α
2122 407 2178 453 et
2205 397 2349 452 ascia
2377 395 2689 465 dejecerunt
2726 406 2850 446 eum
2873 391 2941 456 “,
2973 409 2992 442 ι
3025 388 3078 443 id
3107 397 3220 455 est,
3259 403 3314 444 in
3358 388 3571 456 majore
3597 403 3708 460 per

446 504 652 572 lepram
681 497 933 554 habuerit
959 497 1015 552 in
1041 495 1271 552 stamine
1298 495 1349 560 ¹,
1385 513 1404 545 ι
1440 492 1495 548 id
1522 500 1626 559 est,
1656 489 1868 562 peccati
1908 505 2020 544 ma-

448 594 626 650 culam
647 592 704 647 in
728 598 934 646 mente.

515 681 727 735 Statera
766 689 853 734 est
895 679 1170 739 Christus,
1203 683 1263 731 ut
1301 676 1356 730 in
1399 673 1538 730 Job:
1574 691 1594 725 ι
1632 673 1699 727 Ει
1743 673 2021 727 calamitas

445 789 607 843 quam
638 771 816 841 patior
852 770 907 823 in
949 779 1151 824 statera
1193 769 1236 832 ',
1273 787 1291 819 ι
1323 765 1467 835 quod
1506 765 1561 820 in
1593 763 1809 819 Christo
1831 764 2021 831 depre-

443 863 604 919 hendi
632 869 807 932 potest
844 876 1005 929 quam
1045 858 1224 928 gravis
1271 866 1354 912 est
1383 855 1599 910 miseria
1632 870 1794 924 quam
1827 854 2022 909 tolerat

441 953 624 1007 homo.
648 950 875 1016 Statera,
899 951 1172 1015 discretio,
1192 949 1316 1002 utin
1337 945 1578 1001 Levitico
1595 963 1608 998 :
1625 944 1834 1000 Statera
1855 945 2017 1011 iusta,

444 1041 498 1095 id
524 1050 628 1108 est,
659 1041 913 1094 discretio
939 1050 1106 1103 recta,
1137 1039 1233 1092 erit
1257 1036 1397 1091 vobis
1422 1035 1465 1088 ³.
1493 1033 1602 1089 Per
1643 1043 1913 1098 stateram,
1933 1033 2021 1103 ju-

442 1133 610 1200 dicia,
657 1139 717 1185 ut
759 1131 813 1185 in
858 1129 1121 1185 Psalmis:
1161 1149 1178 1179 ς
1216 1127 1497 1182 Mendaces
1534 1123 1629 1178 lilii
1663 1123 1937 1178 hominum
1964 1123 2018 1178 in

441 1223 658 1278 stateris
691 1222 736 1288 ⁸,
765 1242 784 1274 ι
821 1221 872 1275 id
901 1231 1004 1285 est,
1038 1235 1142 1274 non
1170 1219 1300 1274 recti
1328 1219 1380 1272 in
1400 1216 1636 1285 judiciis.

513 1313 752 1378 Statura,
779 1312 1117 1368 conversatio
1143 1319 1348 1376 sancta,
1378 1317 1438 1363 ut
1463 1309 1516 1362 in
1547 1309 1771 1364 Cantico
1796 1326 1808 1362 :
1841 1327 1858 1359 ι
1897 1307 2021 1362 Sta-

441 1415 560 1458 tura
590 1412 681 1457 tua
707 1402 1000 1458 assimilata
1028 1410 1112 1455 est
1135 1401 1328 1470 palma:
1356 1400 1396 1464 ⁵,
1444 1418 1463 1452 ι
1501 1400 1552 1454 id
1580 1409 1682 1464 est,
1713 1399 1764 1452 in
1794 1413 2020 1453 conver—

439 1494 649 1547 satione
681 1501 770 1546 tua
793 1491 1076 1546 victoriam
1101 1505 1326 1546 exerces
1348 1489 1622 1544 vitiorum.
1648 1489 1890 1553 Statura,
1915 1488 2019 1542 for-

441 1581 630 1646 titudo,
659 1589 720 1635 ut
747 1581 802 1635 in
836 1581 974 1636 libro
1000 1579 1219 1636 Numeri
1244 1599 1256 1633 :
1295 1599 1314 1630 ‹
1350 1578 1585 1650 Populus
1615 1594 1776 1648 quem
1807 1579 2020 1648 aspexi-

439 1689 588 1737 mus,
628 1687 868 1743 procerae
912 1681 1130 1728 statura:
1160 1682 1243 1727 est
1270 1672 1291 1702 ⁸
1327 1691 1346 1724 ι
1376 1671 1410 1705 ⁸
1465 1711 1477 1724 .
1523 1710 1538 1724 .
1577 1710 1592 1724 .
1637 1710 1651 1724 .
1697 1711 1709 1724 .
1755 1709 1769 1724 .
1814 1710 1828 1724 .
1861 1671 2016 1726 forti-

2125 487 2400 543 secutione
2455 494 2511 540 et
2565 484 2775 539 minore
2799 523 2816 550 ,
2868 481 3334 538 conturbaverunt
3381 480 3555 551 iniqui
3616 481 3734 538 Ee-

2123 576 2364 632 clesiam.

2195 664 2354 721 Sedes
2398 675 2485 721 est
2529 679 2758 737 regnum
2797 664 2996 730 Israel,
3042 673 3103 720 ut
3137 665 3192 719 in
3219 664 3552 734 Evangelio:
3599 683 3622 717 ι
3659 664 3732 722 EI

2122 757 2270 812 dabit
2295 755 2369 811 illi
2391 755 2654 812 Dominus
2687 757 2831 811 Deus
2853 755 3037 811 sedem
3067 755 3234 810 David
3256 755 3432 825 patris
3462 756 3546 810 sui
3577 755 3663 820 ι’,
3703 775 3728 809 ι

2122 846 2175 900 id
2206 853 2308 912 est,
2333 845 2390 900 in
2419 845 2604 902 multis
2635 844 2837 901 Iudaeis
2866 846 2922 900 in
2959 861 3082 903 eum
3118 846 3467 902 credentibus
3495 848 3614 902 erit
3638 862 3729 902 re-

2120 953 2282 1010 gnum
2311 938 2360 993 ei
2391 937 2692 1007 subjectum
2715 938 2900 994 Israel.
2933 937 3115 1004 Sedes,
3139 954 3293 995 mens
3329 950 3544 1006 sancta,
3575 941 3730 996 sicut

2119 1029 2316 1102 legitur
2356 1029 2644 1102 Sapientiae
2681 1049 2694 1084 :
2731 1050 2750 1082 ι
2790 1031 2983 1085 Anima
3003 1031 3135 1101 justi
3173 1032 3331 1088 sedes
3384 1041 3470 1087 est
3495 1033 3730 1102 sapien-

2121 1123 2209 1177 tia:
2251 1122 2320 1188 ⁸⁸,
2353 1141 2372 1175 ι
2407 1123 2551 1192 quod
2585 1123 2848 1193 sapientia
2882 1121 3081 1188 Patris,
3115 1121 3386 1189 Christus,
3421 1126 3481 1178 in
3521 1133 3726 1179 sancta

2119 1223 2298 1270 mente
2309 1215 2557 1284 quiescit.
2584 1212 2766 1279 Sedes,
2790 1223 2972 1270 sancta
2997 1215 3265 1282 Ecclesia,
3283 1226 3342 1271 ut
3365 1217 3418 1270 in
3441 1216 3720 1272 Psalmis:

2125 1323 2146 1356 ι
2173 1306 2241 1360 Ει
2253 1307 2434 1361 sedem
2459 1305 2638 1374 ejusin
2659 1315 2804 1362 terra
2819 1307 3147 1372 collisisti“,
3173 1328 3189 1359 ι
3212 1307 3264 1360 id
3277 1314 3380 1372 est,
3407 1306 3724 1361 Ecclesiam

2118 1396 2319 1452 Christi
2347 1399 2401 1452 in
2425 1397 2678 1468 praesenti
2707 1397 3012 1466 perturbari
3054 1396 3371 1466 permisisti.
3413 1396 3523 1451 Per
3563 1397 3724 1450 sdes

2119 1488 2368 1558 apostoli,
2398 1497 2457 1542 ut
2485 1488 2536 1542 in
2571 1486 2844 1542 Psalmis:
2893 1505 2912 1537 ι
2941 1486 3056 1541 Illic
3081 1487 3339 1542 sederunt
3361 1487 3524 1541 sedes
3545 1486 3606 1539 in
3625 1484 3722 1553 jn—

2119 1580 2260 1636 dicio
2284 1581 2352 1646 “,
2386 1600 2404 1633 ι
2440 1582 2583 1649 quod
2614 1579 2840 1650 apostoli
2871 1580 3136 1635 sedebunt
3174 1595 3336 1650 super
3365 1581 3625 1644 thronos,
3663 1581 3721 1634 id

2119 1681 2225 1738 est,
2253 1673 2286 1707 "
2313 1671 2595 1727 duodecim
2621 1673 2794 1727 tribus
2821 1671 3004 1726 Israel.
3031 1671 3135 1726 Per
3161 1671 3307 1726 sedes
3335 1672 3720 1726 conversatio-

440 1766 638 1820 tudinis
664 1773 766 1820 est.
796 1764 1045 1830 Statura,
1072 1764 1321 1833 superbia
1343 1805 1357 1830 ,
1398 1771 1458 1817 ut
1497 1762 1550 1816 in
1587 1763 1738 1817 libris
1763 1763 1968 1834 Regum
1996 1782 2009 1816 :
2039 1752 2090 1812 Β
2117 1777 2212 1817 nes
2234 1771 2568 1829 sanctorum,
2605 1772 2666 1816 ut
2691 1763 3093 1833 in-Apocalypsi
3119 1781 3132 1816 :
3168 1781 3186 1814 σ
3220 1761 3484 1818 Seniores
3509 1765 3606 1833 qui
3659 1765 3714 1818 in

441 1875 460 1906 ι
497 1855 738 1910 Fuerunt
766 1864 972 1910 statura
997 1869 1208 1924 magna,
1237 1855 1469 1908 scientes
1495 1852 1723 1918 bellum,
1759 1873 1778 1904 ι
1819 1853 1871 1907 id
1909 1863 2013 1917 est,

435 1945 605 1998 erecti
638 1943 691 1998 in
719 1944 967 2013 superbia
997 1951 1260 1998 amantes.
1294 1941 1530 2009 Statura,
1560 1942 1841 2012 profectio,
1873 1952 1932 1997 ut
1959 1944 2014 1998 in

438 2033 760 2105 Evangelio:
809 2051 826 2084 ι
869 2033 985 2088 Non
1015 2043 1227 2105 poterat
1271 2033 1456 2088 videre
1497 2048 1607 2102 prze
1644 2033 1832 2098 turba,
1871 2034 2014 2102 quod

435 2131 644 2178 statura
672 2122 898 2193 pusillus
925 2124 1114 2189 erat',
1169 2143 1188 2176 ι
1237 2124 1291 2179 id
1325 2133 1438 2188 est,
1471 2139 1579 2178 non
1626 2131 1839 2194 poterat
1881 2138 2016 2194 pure

435 2216 788 2286 contemplari
829 2231 924 2287 pro
969 2217 1190 2288 strepitu
1227 2215 1557 2272 instabilium'
1593 2217 2009 2288 cogitationum,

439 2306 581 2375 quod
609 2321 834 2377 magnus
867 2307 920 2360 in
949 2306 1280 2376 perfectione
1305 2322 1411 2360 non
1437 2314 1571 2360 erat.

509 2396 540 2428 "
568 2395 810 2450 Structus
835 2406 916 2450 est
945 2405 1121 2452 status
1148 2397 1270 2450 vita:
1301 2405 1496 2451 nostrae
1515 2437 1528 2461 ,
1571 2398 1627 2451 in
1659 2411 1765 2466 quo
1791 2397 1880 2452 diu
1913 2396 2014 2452 fui-

434 2500 577 2550 mus,
609 2488 739 2542 utin
769 2487 1022 2543 Psalmis:
1052 2509 1070 2540 α
1106 2489 1381 2560 Lacrymis
1410 2490 1545 2545 meis
1573 2498 1801 2545 stratum
1830 2505 2008 2546 meum

436 2577 606 2648 rigavi
641 2577 662 2609 ⁸
681 2618 696 2643 ,
735 2579 763 2612 ³⁸
795 2598 814 2631 ι
849 2593 946 2647 per
972 2581 1435 2650 compunctionem
1467 2590 1697 2638 veterem
1724 2582 1850 2637 vita:
1875 2598 2012 2638 meae

433 2677 662 2724 stratum
690 2687 868 2725 meum
899 2671 1103 2743 rigabo.
1142 2672 1402 2740 Stratum,
1431 2689 1584 2729 mens
1612 2681 1820 2738 nostra,
1859 2683 1919 2730 ut
1954 2676 2008 2730 in

433 2761 699 2816 Psalmis:
739 2782 756 2812 ι
796 2759 1115 2818 Universum
1139 2773 1366 2820 stratum
1395 2765 1512 2836 ejus
1547 2766 1775 2820 versasti
1801 2765 1855 2832 ’,
1898 2784 1918 2817 ι
1954 2765 2010 2820 id

433 2861 536 2915 est,
568 2859 803 2906 mentem
841 2852 958 2923 ejus
989 2854 1321 2910 conturbasti
1349 2855 1404 2909 in
1445 2854 1893 2926 contemplatione
1926 2857 2009 2911 in-

429 2941 702 2998 firmitatis
741 2943 773 2978 "‘
815 2951 938 2998 tuae.
970 2942 1228 3012 Stratum,
1269 2945 1478 3000 interna
1509 2944 1908 3015 contemplatio,
1948 2954 2007 3001 ut

428 3033 484 3086 in
511 3029 611 3088 Job
637 3051 649 3086 :
693 3052 710 3084 ι
742 3032 811 3087 Ει
837 3033 869 3068 *ι
899 3033 1177 3090 revelabor
1199 3034 1426 3106 loquens
1455 3035 1711 3108 [mecum]
1739 3037 1792 3090 in
1828 3044 2003 3092 stratu

2117 1863 2406 1921 conspectu
2438 1853 2535 1907 Dei
2563 1853 2754 1908 sedent
2782 1853 2835 1907 in
2862 1853 3080 1908 sedibus
3107 1855 3221 1908 suis
3242 1854 3311 1918 ³³,
3340 1873 3361 1906 ι
3393 1854 3447 1907 id
3476 1863 3582 1916 est,
3609 1854 3718 1908 viri

2118 1941 2312 2007 sancti,
2341 1941 2434 2012 qui
2463 1941 2518 1996 in
2549 1941 3003 2012 contemplatione
3027 1942 3256 1998 Deitatis
3281 1944 3310 1976 “
3339 1943 3718 1999 humiliantse

2116 2030 2173 2086 in
2197 2033 2703 2089 conversationibus
2733 2034 2865 2088 suis.

2187 2120 2351 2195 Segor
2373 2134 2458 2180 est
2483 2132 2655 2180 status
2679 2124 3000 2196 conjugalis,
3016 2133 3079 2179 ut
3106 2125 3162 2179 in
3187 2124 3383 2181 Genesi
3408 2144 3420 2180 :
3463 2143 3483 2176 ι
3519 2125 3586 2179 Ει
3609 2125 3716 2180 Lot

2116 2214 2393 2288 ingressus
2427 2225 2512 2272 est
2537 2216 2708 2288 Segor
2747 2215 2823 2281 ’⁵,
2863 2237 2882 2270 ι
2919 2217 3061 2287 quod
3103 2217 3157 2272 in
3198 2217 3390 2273 ordine
3431 2218 3712 2288 conjugali

2119 2305 2311 2361 salvari
2351 2314 2532 2376 potest
2569 2307 2764 2374 homo,
2810 2307 3058 2378 quamvis
3093 2313 3273 2364 tamen
3303 2308 3360 2363 in
3397 2323 3469 2363 eo
3495 2323 3606 2364 non
3638 2308 3714 2363 sit

2113 2411 2309 2467 magna
2339 2398 2620 2454 sanctitas.

2185 2488 2371 2544 Semen
2394 2501 2478 2545 est
2507 2489 2772 2558 Christus,
2805 2499 2865 2545 ut
2884 2491 2939 2546 in
2965 2489 3160 2546 Genesi
3185 2510 3197 2545 :
3233 2511 3252 2544 ι
3279 2490 3348 2546 Ει
3369 2491 3708 2547 benedicen-

2114 2588 2203 2634 tur
2228 2579 2282 2634 in
2309 2580 2514 2635 semine
2541 2589 2634 2636 tuo
2658 2595 2848 2636 omnes
2869 2581 3056 2653 gentes
3079 2582 3146 2646 ⁸³,
3179 2601 3197 2632 ι
3239 2580 3290 2635 id
3316 2591 3421 2646 est,
3454 2583 3512 2636 in
3539 2581 3708 2637 Chri-

2113 2669 2250 2725 sto“
2279 2679 2465 2725 sancta
2502 2671 2846 2741 praedicatio,
2884 2673 3023 2726 utin
3048 2671 3376 2744 Evangelia:
3423 2692 3444 2723 ι
3491 2672 3706 2727 Bonum

2111 2775 2296 2817 semen
2327 2763 2603 2818 seminasti
2636 2763 2689 2818 in
2715 2778 2846 2834 agro
2871 2772 2965 2819 tuo
2984 2764 3054 2830 “,
3087 2783 3106 2816 ι
3134 2765 3188 2820 id
3209 2773 3310 2828 est,
3339 2773 3590 2820 sanctam
3615 2780 3709 2834 po-

2109 2853 2262 2908 suisti
2285 2854 2718 2923 praedicationem
2742 2856 2795 2909 in
2819 2855 3058 2912 Ecclesia
3083 2865 3191 2910 tua.
3215 2854 3426 2921 Semen,
3451 2857 3707 2911 homines

2107 2943 2237 2998 mali
2259 2953 2315 2999 et
2339 2945 2486 3011 boni,
2513 2955 2572 3001 ut
2600 2947 2654 3000 in
2687 2944 2883 3002 Genesi
2909 2965 2922 3000 :
2971 2966 2991 2998 (
3025 2946 3171 3003 Inter
3197 2957 3251 3003 te
3281 2956 3336 3004 et
3373 2947 3661 3003 mulierem
3682 2989 3702 3014 ,

2106 3043 2162 3090 et
2183 3049 2366 3092 semen
2400 3044 2553 3092 tuum
2576 3045 2648 3100 et
2677 3051 2863 3092 semen
2887 3037 3028 3093 illius
3055 3039 3122 3104 ’⁷,
3160 3057 3180 3091 ι
3219 3039 3365 3108 quod
3395 3055 3593 3111 magna
3615 3049 3704 3096 est

429 3138 549 3178 meo
578 3125 642 3190 ³ο,
674 3144 694 3177 ι
721 3124 774 3180 id
801 3133 908 3191 est,
931 3125 1176 3180 levamen
1220 3099 1429 3182 habebo
1455 3099 1528 3182 de
1556 3143 1642 3183 me
1668 3099 1912 3198 cogitans
1945 3127 2004 3186 in

2115 3127 2248 3182 inter
2278 3128 2553 3184 diabolum
2595 3138 2651 3184 et
2695 3138 2936 3186 sanctam
2979 3099 3274 3186 Ecclesiam
3314 3099 3614 3198 discordia,
3649 3141 3704 3186 et

427 3215 640 3271 interna
663 3215 1116 3287 contemplatione
1147 3232 1285 3272 mea.

500 3304 700 3364 Saxum
725 3316 811 3364 est
833 3306 1104 3376 Christus,
1123 3319 1184 3364 ut
1208 3310 1262 3364 in
1283 3311 1494 3367 cantico
1514 3309 1997 3389 [Deuteronomii]:

433 3417 453 3449 ι
489 3398 766 3468 Deumque
791 3398 858 3454 de
887 3414 1020 3456 saxo
1049 3401 1338 3458 durissimo
1378 3403 1440 3469 “,
1475 3421 1494 3455 ›
1523 3404 1576 3459 id
1604 3413 1708 3473 est,
1739 3405 2002 3478 Spiritum

428 3496 675 3544 sanctum
711 3497 1035 3560 acceperunt
1072 3501 1196 3562 post
1229 3495 1678 3551 resurrectionem
1707 3512 1738 3551 a
1763 3496 2000 3555 Christo.

427 3580 650 3647 Saxum,
678 3597 831 3638 mens
859 3582 1102 3650 robusta,
1131 3594 1189 3639 ut
1215 3584 1268 3640 in
1295 3583 1394 3641 Job
1422 3604 1434 3640 :
1474 3606 1492 3639 ι
1525 3585 1594 3642 Et
1616 3603 1806 3644 saxum
1827 3598 2005 3648 trans-

425 3669 599 3726 fertur
624 3672 690 3727 de
715 3671 834 3728 loco
854 3687 953 3728 suo
979 3673 1042 3739 ι’,
1068 3692 1088 3726 ι
1115 3674 1256 3745 quod
1277 3674 1517 3732 irruente
1537 3677 1831 3735 tentatioae
1850 3695 2004 3737 mens

430 3776 811 3832 nonnunquam
858 3764 1077 3820 robusta
1123 3779 1152 3818 a
1187 3765 1329 3821 bono
1373 3769 1670 3824 retrahitur
1701 3771 1998 3841 praposito.

425 3853 530 3908 Per
573 3870 705 3909 saxa
749 3855 922 3911 sancti
964 3856 1168 3928 angeli,
1217 3867 1276 3913 ut
1320 3859 1375 3914 in
1404 3859 1579 3914 Isaia:
1621 3879 1640 3913 ε
1671 3861 2002 3918 Munimenta

425 3961 674 4002 saxorum
707 3946 1008 4004 sublimitas
1050 3951 1168 4021 ejus
1197 3951 1276 4018 υ,
1318 3970 1337 4003 ι
1372 3951 1514 4022 quod
1554 3951 1640 4007 vir
1676 3962 1895 4010 sanctus
1932 3954 2002 4010 ad

424 4036 797 4114 fortitudinem
819 4041 1132 4110 angelorum
1154 4058 1251 4112 per
1271 4044 1752 4115 contemplationes
1769 4046 1996 4102 accedit.

497 4124 708 4181 Securis
736 4135 819 4182 est
839 4127 1104 4195 Christus,
1133 4131 1270 4185 utin
1295 4131 1614 4204 Evangelio:
1645 4153 1663 4186 ι
1693 4135 1911 4192 Securis
1931 4137 2002 4194 ad

422 4219 658 4274 radicem
701 4222 910 4278 arboris
953 4224 1126 4292 posita
1165 4233 1250 4280 est
1293 4225 1368 4293 “,
1407 4246 1427 4280 ι
1459 4228 1603 4297 quod
1632 4227 1878 4284 Christus
1906 4229 2000 4284 Ju-

423 4311 566 4364 daeos
595 4311 898 4367 incredulos
918 4314 1255 4386 exstirpavit.
1284 4314 1509 4383 Securis,
1537 4318 1620 4372 vir
1642 4315 1837 4386 bonus,
1860 4321 1998 4376 utin

420 4397 591 4454 Isaia:
624 4419 642 4451 ι
672 4399 920 4472 Nunquid
947 4404 1263 4476 gloriabitur
1283 4409 1488 4464 securis
1514 4418 1703 4464 contra
1733 4424 1876 4478 eum,
1904 4414 1998 4483 qui

420 4499 571 4545 secat
601 4492 654 4546 in
684 4508 750 4547 ea
773 4493 818 4526 "
837 4494 887 4548 τ»
919 4498 1062 4566 quod
1090 4515 1194 4554 non
1219 4501 1495 4570 superabit
1521 4501 1606 4555 vir
1630 4511 1849 4559 sanctus
1870 4521 1997 4560 con-

423 4591 502 4635 tra
537 4581 842 4651 Dominum,
866 4587 956 4657 qui
986 4589 1348 4656 sanctitatem,
1371 4606 1534 4662 quam
1563 4593 1747 4662 habet,
1770 4595 1998 4651 contulit

421 4672 493 4726 ci.
529 4671 759 4742 Securis,
787 4681 1076 4749 correptio,
1107 4689 1167 4734 ut
1193 4682 1247 4735 in
1270 4681 1687 4739 Deuteronomio
1712 4703 1725 4739 :
1760 4704 1780 4736 ε
1809 4685 1914 4759 [Si]
1939 4688 1993 4743 in

421 4765 720 4824 succisione
755 4768 1020 4841 lignorum
1054 4773 1262 4829 securis
1296 4773 1496 4846 fugerit
1531 4791 1750 4831 manum
1779 4777 1855 4844 “,
1885 4799 1905 4832 ι
1937 4779 1992 4834 id

417 4866 534 4922 est,
584 4860 637 4914 in
679 4862 1039 4932 prohibitione
1084 4866 1338 4922 vitiorum
1386 4869 1654 4940 correptio
1697 4873 1993 4928 excesserit

416 4949 656 5004 modum.
687 4951 917 5022 Securis,
942 4957 1140 5012 donum
1164 4960 1370 5030 gratiae,
1395 4967 1457 5014 ut
1481 4960 1535 5016 in
1560 4960 1714 5018 libris
1741 4961 1947 5033 Regum
1973 4983 1986 5018 :

420 5058 441 5091 ι
477 5037 546 5095 Ut
571 5041 775 5099 ferrum
802 5048 1006 5105 securis
1031 5050 1250 5106 caderet
1275 5051 1328 5105 in
1353 5066 1545 5121 aquam
1569 5053 1634 5119 ",
1670 5073 1690 5106 ι
1716 5054 1858 5124 quod
1893 5054 1992 5110 do-

421 5136 547 5186 num
573 5133 860 5204 aliquando
885 5140 1067 5209 gratiae
1092 5142 1359 5196 amittitur
1391 5157 1490 5212 per
1527 5143 1854 5213 superbiam.
1893 5142 1990 5199 Se-

412 5228 576 5296 curis,
605 5232 784 5300 gravis
817 5236 1153 5303 persecutio,
1183 5244 1244 5290 ut
1271 5235 1324 5290 in
1363 5235 1628 5294 Psalmis:
1674 5256 1694 5289 ι
1725 5237 1784 5292 In
1813 5239 1992 5294 securi

2024 4451 2075 4514 Ι)

2105 3220 2250 3276 inter
2276 3221 2518 3275 membra
2547 3220 2750 3276 Christi
2783 3231 2839 3276 et
2864 3221 3082 3278 diaboli.
3111 3220 3298 3277 Semen
3319 3264 3334 3288 ,
3369 3223 3472 3278 viri
3500 3224 3663 3278 electi
3681 3265 3699 3288 ,

2104 3309 2242 3364 utin
2271 3308 2603 3381 Evangelio:
2649 3330 2667 3362 ι
2708 3309 2916 3366 Bonum
2958 3327 3086 3368 vere
3126 3325 3310 3368 semen
3364 3312 3402 3366 ii
3440 3313 3539 3368 lilii
3567 3322 3698 3368 sunt

2104 3400 2257 3471 regni
2287 3400 2353 3454 ⁸³.
2386 3420 2404 3453 ι
2436 3398 2646 3466 Semen,
2675 3416 2812 3471 opus
2834 3402 3054 3468 bonum,
3086 3411 3146 3457 ut
3176 3403 3231 3458 in
3261 3401 3533 3458 Psalmis:
3569 3422 3589 3454 ί
3627 3403 3698 3458 Et

2103 3506 2287 3548 semen
2309 3491 2455 3549 illius
2474 3492 2530 3547 in
2555 3493 2931 3549 benedictione
2949 3494 3054 3548 erit
3073 3493 3142 3560 ³⁸,
3164 3512 3182 3545 ι
3215 3493 3267 3548 id
3289 3502 3396 3558 est,
3419 3510 3558 3564 opus
3575 3495 3698 3562 ejus

2105 3582 2324 3654 dignum
2361 3583 2721 3640 retributione
2745 3585 2867 3640 erit.
2905 3581 3112 3669 Semenz
3145 3585 3404 3640 incitator
3431 3586 3536 3640 viri
3566 3601 3698 3641 san-

2103 3678 2211 3743 cti,
2253 3677 2401 3732 utin
2440 3676 2711 3733 Psalmis:
2758 3696 2777 3728 σ
2821 3677 3022 3733 Potens
3059 3679 3114 3732 in
3159 3685 3307 3732 terra
3353 3679 3462 3733 erit
3504 3693 3698 3734 semen

2101 3768 2219 3839 ejus
2245 3768 2315 3834 ⁸⁸,
2346 3787 2365 3821 ι
2403 3768 2458 3824 id
2483 3777 2588 3835 est,
2615 3767 2858 3824 sublimis
2886 3767 2942 3822 in
2965 3768 3104 3824 coelo
3127 3768 3252 3834 erit,
3286 3768 3378 3838 qui
3395 3767 3606 3836 justum
3637 3769 3698 3823 in

2099 3858 2246 3913 bono
2275 3857 2537 3912 imitatur.
2568 3857 2792 3924 Semen,
2819 3857 3018 3913 locutio
3049 3859 3191 3924 oris,
3223 3867 3284 3913 ut
3319 3858 3376 3913 in
3405 3857 3692 3914 Levitico:

2106 3970 2126 4004 ι
2155 3949 2253 4005 Vir
2281 3951 2374 4022 qui
2400 3950 2601 4021 patitur
2622 3949 2823 4006 ﬂuxum
2841 3953 2875 3986 ⁸
2902 3951 3182 4024 sanguinis
3201 3953 3269 4019 ³⁸,
3305 3973 3324 4004 ι
3368 3952 3425 4008 id
3460 3962 3572 4018 est,
3601 3969 3696 4008 su-

2099 4041 2459 4113 perﬂuitatem
2472 4058 2580 4098 non
2606 4042 2811 4098 devitat
2828 4043 3134 4112 locutionis,
3155 4062 3175 4095 ς
3196 4045 3508 4100 immundus
3525 4046 3652 4101 erit.
3665 4064 3688 4095 ι

2101 4131 2310 4200 Semen,
2344 4143 2647 4205 peccatum,
2674 4143 2734 4190 ut
2767 4134 2821 4190 in
2847 4134 3024 4191 Isaia:
3066 4155 3086 4188 ι
3131 4135 3199 4190 Et
3223 4151 3407 4192 semen
3441 4135 3563 4204 ejus
3589 4137 3694 4190 ab-

2099 4223 2324 4280 sorbens
2346 4224 2618 4280 volucrem
2643 4225 2707 4290 “,
2748 4246 2768 4278 ι
2800 4227 2855 4281 id
2872 4235 2980 4292 est,
3002 4235 3302 4296 peccatum,
3333 4228 3403 4282 de
3423 4243 3534 4298 quo
3555 4244 3692 4283 con-

2099 4313 2428 4382 cupiscentia
2449 4315 2692 4384 procedit
2704 4317 2737 4352 "‘
2749 4316 2891 4386 parit
2908 4325 3186 4388 peccatum
3202 4333 3218 4384 ;
3232 4327 3516 4388 peccatum
3530 4333 3686 4386 vero,

2101 4421 2226 4462 cum
2247 4407 2576 4478 conceperit,
2608 4417 2832 4480 generat
2853 4418 3102 4466 mortem.

2170 4511 2374 4568 Semita
2398 4522 2481 4569 est
2502 4513 2804 4582 humilitas,
2844 4523 2905 4570 ut
2939 4515 2993 4570 in
3019 4514 3251 4571 Psalmis
3276 4534 3289 4570 :
3325 4534 3345 4567 ε
3379 4514 3565 4570 Deduc
3589 4528 3686 4570 me

2095 4604 2148 4659 in
2175 4605 2367 4659 semita
2389 4604 2460 4670 ³³,
2493 4623 2513 4657 s
2544 4605 2596 4660 id
2632 4614 2736 4671 est,
2763 4620 2948 4662 veram
2980 4606 3065 4662 fac
3106 4622 3194 4662 me
3233 4605 3435 4662 habere
3463 4606 3681 4662 humili-

2095 4703 2281 4760 tatem,
2328 4710 2449 4765 quae
2493 4703 2578 4750 est
2617 4695 3022 4752 fundamentum
3047 4705 3363 4753 caeterarum
3393 4698 3676 4752 virtutum.

2099 4783 2320 4852 Semita,
2346 4787 2556 4842 interna
2580 4788 2856 4858 cogitatio,
2883 4798 2943 4843 ut
2972 4789 3026 4844 in
3056 4788 3373 4846 Parabolis:
3423 4811 3443 4843 ι
3478 4792 3680 4847 Consi-

2097 4878 2307 4933 deravit
2351 4880 2595 4934 semitam
2641 4879 2832 4935 domus
2877 4896 2987 4936 sua:
3009 4881 3088 4948 ⁸³,
3122 4900 3140 4934 ι
3172 4882 3225 4937 id
3260 4891 3362 4947 est,
3390 4883 3680 4955 diligenter

2096 4968 2330 5038 inspexit
2355 4969 2624 5024 internam
2650 4971 3031 5041 cogitationem
3057 4974 3254 5028 mentis
3279 4989 3408 5029 suae.
3442 4973 3676 5040 Semita,

2098 5059 2343 5118 ascensio
2381 5058 2614 5123 Christi,
2656 5068 2715 5114 ut
2757 5061 2812 5115 in
2851 5059 2991 5116 Joh:
3035 5081 3054 5114 ‹
3101 5061 3360 5118 Semitam
3403 5063 3676 5134 ignoravit

2096 5151 2212 5203 avis
2233 5148 2310 5215 ",
2342 5168 2360 5200 ι
2389 5150 2528 5219 quod
2557 5148 2839 5222 Synagoga
2863 5166 3144 5208 ascensum
3173 5169 3278 5208 non
3302 5156 3552 5224 cognovit
3576 5170 3676 5209 no-

2094 5240 2193 5295 stri
2221 5239 2614 5310 Redemptoris.
2645 5241 2875 5306 Semita,
2911 5242 3193 5313 perfectio,
3240 5253 3298 5298 ut
3335 5245 3388 5299 in
3428 5244 3618 5300 Genesi
3651 5261 3670 5298 :

488 5337 659 5420 "Lev.
711 5357 810 5396 xm
835 5343 992 5420 ,_48.
1030 5346 1073 5420 ζ
1092 5343 1192 5399 Job
1222 5361 1273 5398 vt
1298 5346 1446 5420 ,_2._
1475 5346 1516 5420 '_
1538 5345 1665 5400 Lev.
1721 5363 1813 5420 χιιι
1838 5389 1851 5409 ,
1900 5346 2006 5420 56.-

2118 5348 2208 5404 Ps.
2258 5365 2385 5415 LXI,
2438 5350 2526 5404 10.
2569 5353 2591 5384 ⁵
2629 5337 2784 5406 Cant.
2837 5369 2938 5418 vn,
2987 5356 3039 5408 7.
3101 5356 3122 5387 ⁸
3169 5355 3326 5410 Num.
3379 5373 3513 5420 xm,
3569 5358 3661 5410 ὦ.

415 5405 456 5488 Ῐ-
487 5406 622 5488 -L""'
677 5405 917 5488 mh”.-
972 5415 1008 5488 '.’_
1039 5413 1128 5488 Ρβ-
1177 5405 1372 5488 γι,’7.
1429 5415 1449 5446 υ
1487 5416 1573 5488 Ps.
1631 5433 1740 5482 XL,
1788 5405 1848 5470 ti
1897 5419 1938 5448 ιο
1989 5417 2006 5472 ι

2162 5436 2258 5483 vn,
2311 5405 2392 5474 15'.
2453 5423 2491 5452 ¹¹
2546 5405 2952 5488 Βρύιξιωιιιιιξ
2995 5405 3100 5479 d3.
3159 5405 3357 5481 {Vilis
3379 5405 3523 5488 K317.

415 5475 456 5566 ξς
487 5476 591 5566 ἔδει.
631 5475 822 5566 sum,
854 5483 1017 5566 Itin“
1053 5475 1348 5566 MiiljhgllI-l
1379 5488 1469 5552 10;
1500 5475 1983 5566 1.ιιε.ιιι,;ε1.¹ξ-1Ξ;ι.

2115 5475 2326 5566 (145.1"
2341 5494 2502 5566 ilcnt.
2526 5475 2638 5566 in,
2753 5475 3040 5566 Pili—Reg:
3053 5475 3194 5559 iis.
3392 5475 3657 5559 Snus;

415 5545 617 5632 .Luc.
631 5552 701 5632 AI,
732 5545 821 5606 52.
861 5554 906 5584 ¹⁶
931 5554 1218 5632 Yers._:25_._
1238 5557 1280 5586 “
1304 5545 1399 5632 Ps.
1429 5545 1879 5632 cxxxyyt,_§5._“
1903 5558 1992 5632 P§.

2115 5545 2237 5632 ,5.
2257 5562 2304 5632 ξ’
2326 5563 2490 5632 Apoc.
2517 5545 2701 5628 XII—Ic.
2745 5564 2788 5594 "‘
2811 5545 3200 5628 (ἓῡιιῗῖιχζ-Ῐὶίῖ.
3243 5545 3654 5630 ’ί

410 5620 705 5707 ξιν-ῑιῖν--ίξῖ
727 5638 916 5707 ιξνιιι,
947 5624 1056 5707 ίέ..
1087 5625 1131 5656 ⁸⁸
1172 5626 1354 5707 Matth.
1398 5645 1531 5707 x_l_ll_‘,
1565 5628 1651 5682 27.
1697 5630 1743 5661 "
1783 5628 1918 5707 Gen.
1948 5631 2004 5707 5,

2115 5620 2196 5684 ."3
2221 5620 2403 5686 Matth.
2443 5620 2695 5707 xnt.'§8._
2723 5634 2768 5707 τ’
2805 5633 2895 5689 Ps.
2927 5620 3114 5707 xxxvi,
3139 5637 3228 5698 26.
3267 5620 3430 5697 "—Ps.
3597 5620 3652 5694 εἰ

414 5683 454 5713 ³⁸
480 5684 607 5740 Lev.
638 5704 728 5752 xv.
758 5691 811 5749 2.
839 5683 924 5748 10'.
967 5695 1011 5727 ³²
1036 5694 1106 5752 Is.
1140 5711 1247 5756 xlv.
1279 5696 1366 5754 29.
1411 5698 1456 5731 ⁸³
1483 5683 1572 5753 Ps.
1603 5683 1806 5762 cxvm.
1833 5699 1922 5756 35.
1955 5683 2006 5735 ’ί

2115 5683 2407 5772 mimi,
2443 5683 2560 5761 Ξῖ-
2591 5683 2767 5764 ἷῖξῐοι)
2802 5683 3081 5776 ﬁnitivi
