3936 6328
612 328 750 386 1061

1248 321 1310 378 Β.
1352 318 1606 377 RABANI
1642 314 1863 375 MAUBI
1897 312 2213 372 ARCHIEP.
2244 307 2550 369 MOGUNT.
2584 306 2867 366 OPERUM
2898 305 3075 364 PARS
3108 306 3189 362 lli.

613 447 791 501 torem
808 432 1079 493 constitui
1114 437 1172 491 te
1202 431 1429 503 mulo,
1471 439 1535 487 ut
1568 438 1627 489 et
1656 437 1719 491 te,
1737 428 1771 463 ³*
1798 425 2044 487 sublimis
2070 424 2187 479 sine
2212 428 2266 489 Α
2289 422 2463 492 eriget
2486 418 2729 475 diabolus
2759 425 2943 473 contra
2968 416 3259 482 Christum,
3291 432 3376 486 per
3397 433 3524 487 quan
3547 422 3596 478 de
3620 439 3693 481 ωτ.

613 528 865 595 vivendo,
889 535 949 584 et
971 526 1094 582 aliis
1120 533 1272 582 recta
1293 523 1509 579 nunties
1528 519 1893 593 praedicando.

685 616 884 691 Specus
914 623 1042 681 sunt
1085 615 1299 679 interna
1343 610 1553 678 cordis,
1593 618 1653 666 ut
1695 609 1751 665 in
1790 606 1933 665 Job:
1978 626 1998 660 ι
2036 605 2104 660 Ει
2130 606 2186 659 in

613 710 880 781 specubus
909 707 1236 765 insidiantur
1272 705 1326 772 ι,
1368 722 1388 757 ι
1431 704 1574 773 quod
1600 700 1811 774 praelati
1842 699 2183 771 spirituales.

615 800 850 871 qualiter
874 801 1084 856 animas
1117 797 1320 857 lucrari
1343 796 1573 867 possint,
1602 795 1658 851 in
1684 794 1915 851 internis
1945 793 2187 849 cordium

617 906 837 951 suorum
858 893 1176 965 praevidens.

691 982 898 1055 Species
945 991 1033 1040 est
1074 982 1330 1039 divinitas
1356 979 1587 1046 Christi,
1625 972 1769 1035 utin
1806 977 1984 1035 Isaia:
2015 997 2036 1029 ι
2072 975 2189 1033 Νοιι

618 1073 809 1130 habuit
850 1075 1106 1145 speciem,
1135 1087 1310 1143 neque
1335 1074 1585 1129 decorem
1617 1072 1673 1138 ¹,
1704 1090 1724 1125 ι
1764 1072 1906 1142 quod
1943 1070 2191 1126 Christus

619 1167 676 1223 in
702 1160 957 1239 passione
979 1182 1084 1222 non
1115 1166 1350 1223 ostendit
1385 1166 1632 1221 decorem
1658 1164 1874 1220 deitatis
1900 1179 2030 1219 sum.
2064 1162 2194 1233 Spe-

621 1260 745 1325 cies,
781 1258 1039 1315 sanctitas
1079 1258 1137 1314 in
1181 1257 1426 1322 Christo,
1457 1264 1519 1312 ut
1545 1257 1599 1312 in
1624 1255 1886 1313 Cantico:
1919 1275 1939 1308 ι
1975 1254 2194 1324 Species

620 1347 739 1418 eius
760 1357 825 1405 ut
840 1348 1033 1406 Libani
1061 1347 1108 1414 ³,
1149 1367 1169 1400 ι
1196 1348 1340 1418 quod
1360 1347 1562 1403 candor
1580 1346 1883 1402 sanctitatis
1909 1344 2195 1400 inetfabilis

623 1439 678 1496 in
716 1437 951 1497 Christo.
992 1437 1236 1509 Species,
1277 1439 1555 1509 proximus
1598 1447 1804 1503 noster,
1854 1445 1913 1491 ut
1956 1437 2011 1491 in
2052 1435 2191 1491 Job:

629 1547 648 1581 t
677 1528 745 1583 Et
763 1527 991 1584 visitans
1015 1530 1253 1599 speciem
1272 1536 1421 1584 tuam
1450 1543 1556 1583 non
1579 1527 1830 1598 peccabis
1856 1527 1876 1557 ⁸
1899 1566 1915 1593 ,
1958 1546 1978 1579 ι
2011 1527 2063 1581 id
2090 1533 2194 1591 est,

621 1618 655 1653 "‘
678 1633 789 1679 non
835 1618 1167 1690 compatiens
1208 1627 1264 1675 et
1308 1632 1631 1675 succurrens
1673 1617 1923 1688 proximo
1958 1624 2054 1673 tuo
2088 1633 2199 1673 non

621 1709 895 1781 peccabis.

2285 511 2445 568 dibus
2469 509 2748 565 hominum
2781 507 3008 575 eiicitur.

2358 602 2544 661 Stellio
2571 610 2655 658 est
2677 616 2877 673 pravus
2900 600 3140 672 quilibet,
3164 608 3221 655 ut
3245 602 3295 656 in
3318 600 3517 659 Levitico
3532 607 3696 674 prolabe-

2285 702 2413 751 tur:
2461 693 2541 750 Ne
2586 693 2760 751 stellio
2797 691 3105 749 comedatur
3136 690 3209 755 ",
3232 705 3295 747 ne
3316 691 3523 750 videlicet
3551 710 3695 765 prima

2288 784 2565 841 hominem
2595 784 2629 819 "
2656 783 2915 838 imitetur.

2361 873 2529 932 Stella
2568 882 2651 931 est
2675 873 2943 939 Christus,
2974 881 3036 927 ut
3073 888 3127 929 in
3149 872 3437 944 Apocalypsi
3461 890 3472 928 :
3498 891 3515 926 t
3548 874 3698 935 litum

2290 964 2367 1021 illi
2409 964 2616 1020 stellam
2671 963 2991 1018 matutinam
3044 962 3109 1028 ¹⁹,
3172 982 3191 1015 ι
3244 963 3369 1033 quod
3415 962 3490 1032 qui
3525 965 3701 1023 diabolus

2293 1062 2532 1125 superat,
2568 1053 2843 1109 Christum
2871 1052 2965 1122 qui
2998 1052 3068 1108 ab
3085 1060 3276 1107 aeterno
3296 1067 3404 1107 etim
3431 1052 3554 1109 Patre
3574 1063 3615 1108 et
3630 1054 3701 1125 Spi-

2293 1148 2399 1205 ritu
2436 1154 2625 1203 sancto
2666 1153 2773 1212 est,
2816 1144 2876 1199 in
2909 1145 2928 1165 θ
2962 1151 3158 1214 puncto
3191 1143 3403 1198 habebit.
3444 1142 3586 1208 Stella,
3612 1147 3701 1215 virgo

2296 1235 2491 1301 Maria,
2546 1242 2605 1290 ut
2649 1235 2705 1289 in
2750 1235 2767 1255 ⁶
2796 1232 3039 1289 Levitico
3086 1249 3100 1285 :
3158 1249 3178 1283 ι
3212 1228 3408 1286 Orietur
3439 1232 3556 1285 stella
3579 1231 3702 1287 uls-

2297 1329 2398 1384 cob
2434 1328 2502 1393 ¹⁰,
2540 1347 2559 1381 ι
2593 1327 2736 1397 quod
2759 1342 2824 1382 ex
2862 1326 3035 1396 stirpe
3054 1323 3215 1381 Jacob
3231 1325 3370 1395 virgo
3393 1324 3526 1378 Maria
3543 1335 3628 1379 nata
3645 1336 3704 1380 est.

2300 1418 2493 1486 Stella,
2536 1418 2690 1483 ﬁdes,
2720 1425 2783 1473 ut
2820 1417 2877 1472 in
2918 1408 3203 1487 Evangelii)
3232 1416 3278 1447 “
3304 1414 3436 1470 stella
3466 1415 3706 1486 magnam

2301 1510 2369 1565 ad
2396 1509 2672 1567 Christum
2690 1550 2704 1575 ,
2735 1508 2877 1579 quod
2903 1523 3002 1577 per
3026 1507 3183 1562 ﬁdem
3208 1506 3515 1578 pertingimus
3533 1509 3582 1561 ad
3605 1522 3706 1575 spes.

2301 1601 2405 1656 Per
2428 1600 2634 1656 stellam
2663 1601 2800 1655 dona
2831 1598 3067 1669 Spiritus
3093 1597 3282 1663 sancti,
3309 1598 3430 1651 uti
3452 1594 3532 1651 loli
3555 1611 3568 1651 :
3590 1616 3605 1648 t
3626 1595 3708 1651 Iin-

2302 1692 2430 1764 quid
2448 1692 2775 1764 conjungere
2786 1691 2990 1747 valebis
3005 1690 3260 1746 micantes
3274 1689 3435 1746 stellas
3446 1688 3623 1745 Pleiades
3633 1690 3681 1743 “3
3694 1709 3706 1742 l

693 1801 885 1861 Servus
927 1810 1014 1862 est
1042 1803 1321 1870 Christus,
1367 1810 1430 1859 ut
1462 1803 1520 1858 in
1559 1803 1736 1861 Isaia:
1780 1822 1800 1855 ι
1843 1803 1984 1859 Ecce
2012 1818 2203 1860 servus

2227 1785 2276 1848 Β
2303 1784 2447 1856 quod
2492 1784 2550 1840 in
2605 1783 2719 1839 solo
2771 1782 2987 1838 Christo
3035 1782 3300 1852 plenitudo
3347 1790 3519 1852 septem
3552 1781 3708 1850 spirits:-

623 1911 798 1962 meus,
829 1896 1120 1967 suscipiam
1148 1910 1271 1952 eum
1311 1895 1369 1962 ⁸,
1398 1913 1417 1947 s
1452 1895 1507 1951 id
1534 1903 1649 1961 est,
1687 1894 1823 1951 bene
1860 1895 2041 1964 placet
2069 1895 2203 1949 mihi

624 1987 680 2042 in
706 1986 956 2053 diristo,
1002 1988 1146 2058 quod
1183 2002 1371 2043 amore
1410 1987 1557 2042 ﬁliaii
1594 1989 1763 2043 servit
1799 1988 1951 2043 mihi.
1987 1986 2200 2054 Servus,

627 2076 876 2147 angelus,
904 2085 967 2133 ut
993 2077 1050 2133 in
1077 2077 1401 2149 Apocalypsi
1426 2096 1440 2132 :
1484 2096 1503 2129 ι
1534 2078 1837 2135 Conservus
1858 2087 1982 2134 tuus
2011 2094 2130 2134 sum
2151 2084 2206 2133 et

624 2166 854 2223 fratrum
879 2174 1091 2223 tuorum
1113 2167 1159 2233 ³,
1189 2186 1211 2222 ι
1244 2167 1299 2225 id
1327 2176 1435 2235 est,
1457 2169 1628 2224 eidem
1652 2170 1879 2225 Domino
1904 2170 2083 2225 servio
2104 2183 2205 2241 ego

631 2258 721 2314 cui
750 2267 804 2314 tu
842 2274 968 2315 cum
994 2258 1318 2317 Christianis
1337 2260 1549 2316 caeteris
1575 2261 1763 2315 servis.
1800 2257 2010 2325 Servus,
2037 2274 2203 2329 popu-

630 2346 716 2403 lus
746 2346 1025 2415 Iudaicus,
1056 2356 1117 2403 ut
1145 2348 1198 2405 in
1221 2350 1323 2407 «ob
1348 2366 1362 2404 :
1407 2369 1427 2403 ι
1460 2349 1686 2407 Servum
1712 2365 1891 2405 meum
1920 2350 2127 2411 vocavi.
2153 2356 2208 2404 et

629 2452 740 2493 non
766 2437 1043 2507 respondit
1082 2438 1217 2493 mihi
1245 2438 1266 2471 ⁷
1287 2478 1305 2505 ,
1346 2458 1364 2491 s
1399 2439 1453 2495 id
1482 2448 1595 2501 est.
1640 2438 1893 2510 populum
1921 2438 2205 2494 Judaicum

634 2527 703 2585 ad
731 2527 893 2585 ﬁdem
919 2528 1262 2600 praedicando
1288 2530 1532 2597 invitavi,
1567 2531 1663 2587 sed
1705 2544 1792 2587 me
1825 2531 2208 2602 praedicantem

633 2636 742 2677 non
772 2621 1028 2692 suscepit.
1054 2620 1249 2683 Servus
1289 2622 1516 2693 quilibet
1550 2622 1607 2678 in
1644 2624 1941 2679 tentatione
1966 2624 2206 2695 positus,

633 2720 695 2769 ut
718 2713 772 2768 in
799 2711 937 2771 Job:
980 2732 1001 2767 ι
1029 2715 1183 2771 Sicut
1225 2716 1258 2751 ¥
1280 2729 1474 2773 cervus
1510 2716 1779 2771 desiderat
1808 2717 2053 2771 umbram
2087 2716 2144 2781 ⁸,
2180 2736 2201 2771 ι

635 2804 693 2861 id
716 2812 821 2871 est,
848 2805 992 2863 sicut
1016 2807 1106 2862 ille
1134 2807 1226 2877 qui
1277 2814 1516 2863 tentatur
1559 2816 1836 2879 exspectat
1868 2808 2211 2880 refrigerium

634 2894 1039 2951 consolationis.
1083 2895 1313 2962 Seruus,
1350 2912 1547 2968 corpus
1570 2907 1834 2966 nostrum,
1866 2907 1926 2954 ut
1949 2900 2003 2954 in
2030 2899 2211 2955 Evan-

635 2986 814 3056 gelia:
852 3005 871 3039 ι
907 2987 977 3043 Ει
1021 3001 1181 3045 servo
1211 3002 1363 3054 meo,
1407 2987 1495 3045 fac
1518 2989 1621 3045 hoc
1643 2989 1688 3054 ',
1722 3010 1741 3043 ι
1778 2990 1830 3045 id
1866 2998 1981 3058 est,
2016 3005 2211 3060 corpus

2305 1875 2437 1930 lium
2479 1875 2745 1929 donorum
2784 1874 3057 1930 convenit.
3098 1872 3197 1927 Per
3237 1871 3397 1927 slellas
3433 1872 3711 1944 apostoli,utia

2304 1968 2655 2041 Apocalypsi:
2679 1988 2698 2021 ι
2732 1968 2798 2022 Ει
2815 1968 2869 2022 in
2891 1966 3070 2038 capite
3088 1966 3201 2036 ejus
3219 1981 3399 2021 corona
3422 1965 3624 2020 stellarum
3640 1965 3713 2017 duo»

2306 2056 2479 2120 decim
2505 2063 2574 2129 ",
2615 2081 2633 2115 ι
2668 2062 2810 2133 quod
2834 2062 2885 2115 in
2915 2060 3022 2119 [ide
3042 2059 3287 2115 Ecclesia:
3310 2058 3434 2114 lucet
3455 2055 3714 2115 doctrinaduo-

2307 2155 2481 2210 decim
2523 2153 2908 2225 apostolorum.
2957 2151 3064 2206 Per
3090 2150 3261 2205 stellas
3290 2148 3486 2220 prmlati,
3514 2149 3611 2203 utin
3635 2147 3714 2216 Apo-

2308 2244 2512 2316 calypsi
2545 2263 2558 2298 :
2595 2263 2614 2295 ι
2659 2244 2874 2314 Septem
2913 2241 3113 2308 stellae,
3143 2241 3330 2313 angeli,
3363 2259 3380 2293 ι
3410 2240 3454 2295 id
3478 2249 3559 2303 est,
3580 2236 3714 2309 prsidi,

2314 2355 2334 2389 ι
2368 2345 2497 2391 sunt
2525 2334 2776 2409 [septem]
2793 2333 3159 2389 Ecclesiarum
3181 2332 3245 2386 ¹¹⁸.
3276 2352 3296 2386 ι
3325 2331 3416 2386 Per
3430 2331 3567 2387 stellas
3588 2331 3715 2385 titulis

2309 2434 2646 2493 sanctorum,
2677 2434 2739 2479 ut
2770 2424 2824 2479 in
2854 2422 2956 2479 Job
2981 2441 2995 2478 :
3035 2442 3055 2475 ι
3093 2423 3157 2478 Ει
3183 2421 3354 2478 stellas
3372 2420 3537 2477 claudit
3554 2416 3716 2490 qnasisu

2310 2514 2587 2588 signaculo
2625 2515 2693 2579 ’⁸,
2744 2533 2763 2566 ι
2804 2512 2946 2584 quod
2985 2511 3246 2568 Dominus
3285 2512 3419 2582 prius
3443 2507 3718 2565 inelectissu‘t

2309 2609 2540 2665 virtutes
2564 2609 2783 2664 roborat
2811 2607 2867 2661 in
2904 2605 3142 2669 occulto,
3174 2613 3233 2659 ut
3254 2604 3542 2676 postmodum
3557 2600 3604 2656 ad
3615 2613 3718 2654 eten-

2310 2701 2456 2772 plum
2480 2701 2777 2772 prodantur
2803 2700 2857 2755 in
2878 2698 3117 2769 publico.
3148 2696 3250 2753 Per
3271 2697 3433 2753 stellas
3448 2695 3528 2751 viri
3547 2693 3720 2753 sanctiml

2311 2794 2367 2849 in
2401 2793 2595 2850 Genesi
2624 2810 2639 2847 :
2675 2811 2696 2845 ι
2730 2790 3099 2864 Multiplicabo
3139 2806 3315 2847 semen
3351 2798 3478 2845 tuum
3502 2786 3603 2841 sicut
3618 2781 3719 2838 stella

2310 2887 2433 2944 caeli
2483 2885 2550 2955 ",
2616 2905 2635 2938 ι
2680 2886 2821 2955 quod
2856 2884 3063 2951 ﬁdeles,
3123 2884 3213 2955 qui
3257 2891 3372 2939 sunt
3416 2878 3638 2951 spirituales
3671 2872 3718 2927 ﬁli

2310 2973 2563 3040 Abrahae,
2602 2989 2701 3045 per
2743 2973 2902 3028 (idem
2943 2981 3000 3029 et
3034 2971 3365 3028 dilectionem
3387 2967 3553 3026 caelesti
3576 2963 3720 3020 claritate

638 3055 817 3137 meum
845 3095 954 3137 non
980 3079 1101 3137 sino
1134 3084 1386 3139 resistere
1427 3082 1580 3137 mihi.
1618 3079 1807 3137 Servus
1837 3055 2081 3137 diabolus
2096 3055 2124 3147 ,’
2152 3090 2212 3137 ut

2246 3134 2285 3147 Α
2318 3067 2643 3140 fuigescunt.
2677 3066 2782 3123 Per
2806 3065 2983 3122 stellas
3006 3065 3322 3139 hypocritae,
3350 3071 3406 3119 ut
3425 3064 3470 3118 in
3490 3055 3719 3132 Apocalypsi:

642 3134 825 3227 iii—Joh
1280 3134 2208 3240 "tu:
2240 3134 2288 3199 δ
2325 3180 2345 3214 ι
2378 3134 2562 3217 Cauda
2585 3160 2701 3231 ejus
2729 3160 2976 3216 trahebat
3004 3134 3219 3215 tertiam
3244 3165 3432 3229 partem
3450 3153 3644 3211 stellarum
3655 3147 3717 3241 ".1

640 3259 787 3328 quod
818 3260 849 3298 λι
871 3258 997 3316 licet
1035 3260 1215 3319 omnia
1259 3260 1590 3333 disponentis
1621 3261 1714 3318 Dei
1747 3261 1968 3332 iudiciis
2005 3275 2219 3333 semper

645 3348 897 3407 diabolus
923 3352 1110 3407 servit.

650 3496 657 3507 ι
719 3436 946 3508 Serpens
977 3448 1064 3494 est
1091 3438 1357 3507 Christus,
1387 3441 1529 3499 utin
1566 3440 1705 3498 libro
1747 3438 2006 3497 Numeri:
2054 3459 2074 3493 ι
2110 3440 2221 3499 Fac

646 3525 741 3582 tibi
770 3535 1075 3599 serpentem
1104 3544 1315 3587 azneum
1356 3529 1427 3595 “,
1470 3550 1491 3583 ι
1533 3528 1674 3600 quod
1715 3530 1771 3586 in
1816 3529 2221 3588 similitudinem

648 3618 829 3677 carnis
858 3621 1074 3690 peccati
1100 3620 1352 3679 Christus
1375 3621 1548 3688 venit,
1588 3622 1682 3677 sed
1716 3622 1924 3692 peccati
1953 3637 2223 3679 venenum

642 3727 757 3768 non
785 3711 993 3769 habuit.
1021 3711 1276 3786 Serpens,
1324 3714 1692 3780 incredulitas,
1721 3722 1782 3769 ut
1810 3716 1865 3769 in
1888 3714 2220 3788 Evangelio:

653 3818 674 3855 ι
714 3800 967 3874 Nunquid
992 3818 1092 3874 pro
1113 3804 1263 3876 pisce
1291 3812 1594 3875 serpentem
1624 3803 1775 3860 dabit
1796 3805 1862 3871 ",
1901 3824 1920 3857 ι
1956 3806 2007 3861 id
2037 3815 2149 3872 est,
2175 3806 2224 3863 si

648 3907 683 3951 a
707 3891 937 3950 Domino
958 3896 1227 3967 petimus,
1271 3912 1379 3953 non
1421 3896 1579 3953 nobis
1605 3895 1756 3952 dabit
1790 3896 2224 3955 incredulitatem

648 3996 749 4057 pro
781 3981 906 4038 ﬁde.
936 3980 1181 4056 Serpens,
1220 3984 1497 4053 diabolus,
1526 3993 1587 4040 ut
1614 3985 1670 4041 in
1703 3984 1881 4041 Isaia:
1921 4004 1940 4038 ι
1977 3984 2227 4057 Serpenti

648 4074 806 4145 panis
839 4074 1017 4146 pulvis
1040 4072 1135 4135 est
1155 4075 1223 4143 ¹⁸,
1253 4096 1273 4130 ι
1300 4077 1444 4147 quod
1469 4077 1562 4148 qui
1587 4085 1802 4134 terrena
1829 4086 2018 4134 contra
2043 4078 2227 4135 Domi-
2258 4064 2262 4069 ’

651 4182 780 4222 ιιιιιιι
803 4166 1060 4239 diligunt,
1101 4169 1205 4240 ipsi
1246 4169 1516 4225 diabolum
1544 4178 1789 4241 pascunt.
1815 4171 1922 4227 Per
1940 4180 2226 4241 serpentem

650 4258 1041 4326 detractiones,
1062 4261 1199 4323 utin
1219 4259 1447 4317 Psalmis
1470 4279 1485 4315 :
1520 4279 1541 4314 t
1574 4262 1851 4318 Acuerunt
1870 4262 2083 4334 linguas
2099 4277 2227 4319 suas

650 4350 791 4406 sicut
810 4359 1089 4423 serpentes
1111 4349 1176 4417 “,
1213 4370 1234 4404 ι
1259 4351 1403 4423 quod
1429 4360 1693 4408 venenata
1734 4360 1860 4409 sunt
1905 4353 2069 4409 verba
2105 4367 2225 4422 quae

2320 3255 2463 3325 quod
2490 3252 2690 3308 multos
2706 3293 2721 3318 ,
2747 3252 2839 3324 qui
2870 3252 2928 3307 in
2955 3260 3249 3322 conspectu
3274 3248 3510 3305 hominum
3534 3242 3664 3312 lingere
3678 3235 3721 3288 vi-

2226 3334 2245 3345 "
2320 3348 2534 3414 dentur,
2571 3344 2937 3402 Antichristus
2976 3342 3082 3399 sibi
3128 3343 3313 3399 sociat.
3352 3341 3447 3397 Per
3474 3334 3602 3392 stellas
3630 3326 3724 3385 sancti

2321 3439 2520 3512 angeli,
2563 3446 2622 3494 ut
2668 3437 2721 3493 in
2768 3434 3034 3493 Daniele:
3073 3453 3094 3487 ι
3134 3434 3202 3490 Et
3230 3433 3317 3507 qui
3353 3433 3413 3489 ad
3442 3425 3723 3512 scientiatum-

2321 3511 2476 3588 diunt
2517 3529 2735 3596 multos,
2790 3527 2943 3600 quasi
2988 3526 3161 3582 stella:
3198 3527 3252 3582 in
3287 3532 3531 3597 perpetuas
3563 3511 3724 3572 simil?

2321 3633 2430 3691 tes,
2457 3622 2503 3655 ³⁸
2540 3642 2558 3675 ι
2594 3620 2735 3692 quod
2757 3621 2848 3691 qui
2870 3621 2958 3676 hic
2982 3628 3205 3678 sumunt
3223 3617 3436 3674 ofﬁcium
3454 3606 3724 3683 angelorum.“

2320 3714 2395 3787 pii
2423 3712 2542 3768 aliis
2563 3725 2747 3767 veram
2769 3708 3053 3766 scientiam
3080 3709 3341 3776 nuntient,
3360 3706 3410 3762 in
3428 3701 3724 3759 futuroanaw

2322 3807 2403 3863 eis
2428 3805 2477 3862 in
2512 3805 2706 3861 decore
2733 3803 2960 3874 perenni
2982 3801 3280 3876 fulgebunt.
3600 3879 3608 3881 _
3689 3870 3697 3881 .

2395 3893 2605 3953 Sterilt's
2632 3903 2716 3950 est
2753 3908 2883 3950 caro
2918 3902 3126 3962 nostra,
3151 3893 3289 3949 utin
3321 3890 3411 3948 Job
3438 3906 3451 3942 :
3481 3879 3627 3939 «Parit
3649 3879 3725 3928 ei!

2323 3985 2586 4051 sterilem,
2626 3992 2684 4040 et
2728 4000 2845 4056 1am
2872 3999 2980 4041 non
3025 3985 3173 4054 parit
3222 3982 3290 4051 ”,
3351 4001 3369 4034 ι
3416 3976 3463 4035 id
3492 3982 3570 4039 est,
3603 3974 3725 4023 eam”

2323 4092 2478 4135 suam
2524 4076 2760 4144 fovebat,
2806 4090 2927 4149 quae
2951 4075 3082 4131 boni
3116 4074 3293 4146 operis
3329 4071 3525 4127 fructum
3552 4056 3728 4133 prum”

2323 4178 2430 4225 non
2461 4170 2627 4240 cupit.

2394 4232 2606 4318 Stercus
2655 4269 2740 4318 est
2783 4258 3115 4328 humanitas,
3146 4267 3207 4315 ut
3251 4258 3303 4314 in
3342 4250 3601 4311 Psalmiszt

2324 4361 2562 4410 stercore
2591 4353 2807 4423 erigens
2841 4368 3131 4424 pauperem
3160 4351 3230 4419 ³⁸,
3267 4370 3287 4404 ι
3316 4346 3444 4420 qIIOd
3474 4340 3547 4416 qui
3567 4350 3608 4393 ⁸⁸

650 4419 935 4515 proferunt
964 4419 1318 4511 detractores.
1364 4419 1468 4499 l’er
1504 4452 1763 4513 serpentes
1799 4452 2039 4513 peccata,
2070 4419 2139 4500 ut
2167 4444 2223 4500 in
2249 4489 2303 4515 η
2327 4443 2425 4501 liat
2444 4484 2459 4512 ,
2490 4419 3114 4509 cnnamum—Stercus,
3139 4457 3227 4499 res
3268 4419 3521 4497 mundialis
3548 4419 3729 4515 inutili}

651 4532 793 4590 libro
812 4531 1045 4591 Numeri
1068 4551 1082 4593 :
1119 4531 1389 4611 t‘lmmisit
1420 4532 1680 4590 Dominus
1702 4535 1755 4589 in
1782 4549 1872 4590 eos
1900 4535 2097 4607 ignitos
2117 4551 2226 4593 ser-

652 4635 842 4699 pentes
866 4626 933 4695 η,
959 4645 980 4681 ι
1007 4628 1149 4698 quod
1176 4626 1421 4698 superbis
1445 4637 1501 4683 et
1526 4626 1988 4685 murmurantihus
2005 4637 2227 4698 peccata

652 4718 916 4778 Dominus
935 4719 1199 4779 dominari
1220 4722 1502 4793 permittit.
1528 4721 1633 4779 Per
1655 4733 1913 4794 serpentes
1933 4723 2226 4793 dminones,

656 4820 719 4867 ut
745 4812 801 4867 in
822 4813 1038 4871 cantico
1072 4813 1514 4873 Deuteronomii:
1550 4832 1571 4868 ι
1605 4812 1739 4871 Cum
1780 4813 1967 4871 furore
2002 4816 2226 4872 trahen-

656 4905 789 4960 tium
832 4920 995 4977 super
1022 4914 1227 4965 terram
1273 4915 1439 4979 atque
1481 4908 1815 4979 serpentium
1851 4908 1927 4975 ⁸⁵,
1975 4929 1995 4962 ι
2037 4908 2093 4964 id
2120 4918 2228 4977 est,

660 4994 910 5052 homines
936 5010 1133 5066 pravos
1166 5006 1223 5056 et
1252 4998 1400 5070 ipsos
1440 4998 1712 5057 daemones
1749 4998 2061 5071 permittam
2090 4997 2229 5055 allii-

658 5103 786 5160 εει-ε
810 5102 926 5144 eos.

728 5183 890 5243 Serra
922 5195 1007 5245 est
1036 5188 1297 5256 diabolus,
1325 5198 1387 5246 ut
1413 5189 1471 5246 in
1497 5189 1677 5247 Isaia:
1709 5208 1730 5243 ι
1764 5188 1872 5245 Aut
1903 5188 2233 5246 exaltabitur

656 5294 808 5337 serra
835 5289 1029 5337 contra
1046 5295 1173 5338 eum
1194 5297 1226 5337 a
1251 5296 1359 5354 quo
1386 5281 1619 5339 trahitur
1638 5283 1722 5337 "‘l
1759 5300 1780 5336 ι
1806 5282 1862 5340 id
1886 5290 1999 5348 est,
2039 5289 2134 5338 aut
2172 5296 2233 5339 se

1594 5417 1695 5426 .—

2249 4489 2304 4553 D

2328 4503 2522 4594 contra
2550 4537 2719 4593 Deum
2748 4536 2961 4602 dilecta,
2984 4543 3046 4591 ut
3152 4534 3286 4591 libro
3306 4517 3615 4589 Eecletiasliw
3631 4530 3643 4566 ε
3662 4503 3731 4602 inf

2327 4640 2571 4689 stercore
2614 4632 2777 4688 boum
2812 4596 3136 4702 lapidabitur
3176 4628 3325 4699 piger
3361 4625 3422 4691 “,
3460 4638 3480 4673 ι
3504 4596 3731 4702 «βαΐηῆ

2326 4722 2489 4794 hujus
2506 4730 2775 4779 amatores
2803 4697 2883 4777 in_
2896 4721 3039 4778 bono
3063 4697 3229 4791 ovet—'8
3243 4697 3384 4789 βίετί
3402 4727 3459 4769 αι

2327 4790 2682 4874 mundialium
2704 4813 3059 4885 ﬂagellantur,
3081 4790 3236 4884 quasi
3258 4809 3355 4867 viri
3372 4800 3521 4862 sancti

2326 4908 2613 4979 nuc-quasi
2640 4880 2805 4965 boves
2832 4880 3051 4963 Domini
3075 4880 3326 4975 operibus
3353 4891 3624 4979 insuam“:
3648 4880 3733 4979 Mf

2324 5008 2446 5058 tant
2471 4972 2531 5057 ut
2565 5009 2829 5069 stercora,
2852 5008 2914 5056 ut
2949 4972 3227 5058 Christum
3262 4987 3573 5051 lucrifaciat“-

2324 5093 2469 5151 fetor
2503 5092 2729 5149 luxuriae
2751 5131 2769 5159 ,
2815 5062 2880 5149 ut
2916 5092 2974 5149 in
3022 5088 3214 5147 Joele:
3250 5106 3271 5140 ι
3313 5062 3720 5173 ,Ξ

2327 5199 2510 5248 menta
2539 5188 2597 5244 in
2621 5194 2861 5245 stercore
2897 5196 2996 5243 suo
3024 5184 3092 5250 ³⁸,
3128 5203 3150 5239 s
3180 5178 3319 5253 quod
3354 5169 3558 5233 eam
3578 5161 3617 5215 ί¹¹
3640 5151 3733 5253 Ὗ

2327 5280 2554 5336 luxuria:
2586 5274 3019 5335 terminaverunt‘
3044 5285 3265 5331 terram.
3294 5269 3391 5327 Per
3427 5270 3583 5320 stam
3604 5234 3735 5304 οων

729 5461 749 5539 ξ
775 5458 879 5539 {ob
901 5476 1091 5539 sunt,
1119 5460 1176 5539 2:
1220 5460 1367 5539 fisa.
1395 5474 1515 5525 ιιιι,
1544 5417 1830 5539 ait—Cant.
1851 5476 1933 5539 ιν,
1963 5461 2050 5517 l5.
2090 5459 2113 5493 ⁸
2141 5452 2212 5539 ἕρ

2226 5454 2466 5539 υκβιο
2497 5455 2520 5487 ⁸
2557 5454 2662 5511 ιεαο
2689 5428 2956 5539 una}?!
2981 5451 3148 5539 Αροςς
3187 5462 3318 5539 xvi.
3355 5411 3733 5539 εξ..ίὲνὲ

723 5509 1095 5597 ιςῖιῖ”νῦ’,“’ἒῖ
1123 5509 1176 5563 ’ί
1220 5509 1600 5597 nimia":
1640 5509 1946 5588 {Vadis
1968 5509 2096 5596 ἶί,
2139 5509 2212 5584 es

686 5600 715 5633 Α
743 5602 807 5633 [ιο
864 5618 1061 5633 ,πον-ηρ
1118 5601 1145 5633 1
1210 5600 1255 5633 η
1288 5600 1419 5633 Num
1472 5619 1563 5633 -.η
1617 5602 1650 5633 Ω
1712 5602 1756 5633 ιο
1789 5604 1921 5633 nune
1976 5616 2106 5633 συν-η
2158 5599 2212 5633 5H

2226 5509 2496 5582 λίἽΝἶιιιι.
2550 5509 2667 5592 xiii,
2724 5509 2777 5580 3.
2812 5509 2867 5555 ἠ
2915 5509 3047 5579 ιιιθῖ
3088 5537 3182 5588 xi,
3240 5509 3320 5572 ll.
3378 5512 3418 5545 “
3449 5509 3531 5564 isa.
3566 5510 3652 5598 ιε.
3686 5509 3733 5539 ν

2226 5629 2231 5633 .
2291 5597 2443 5633 tum
2496 5612 2527 5633 ν
2590 5595 2656 5633 ex
2721 5596 2763 5629 is
2792 5594 2899 5633 [ου
2951 5611 3000 5633 π.
3054 5592 3137 5633 an,
3186 5589 3227 5622 ts
3258 5573 3573 5633 Annam”.
3645 5557 3733 5633 Nam

743 5602 829 5657 Ps.
863 5588 1084 5665 cxxittx,
1114 5601 1167 5657 4.
1210 5600 1255 5633 ⁸⁸
1284 5600 1443 5657 Num.
1472 5588 1587 5667 ut,
1617 5602 1671 5658 6.
1712 5602 1756 5635 ¹⁶
1789 5604 1944 5658 Deut.
1975 5588 2130 5666 mu,
2158 5599 2212 5653 24

2226 5629 2251 5652 ε.
2291 5597 2335 5631 ¹⁷
2366 5599 2467 5653 lsa.
2496 5612 2555 5663 ι,
2590 5588 2677 5651 l5.
2721 5596 2763 5629 “'
2792 5594 2920 5667 Lev.
2949 5611 3027 5659 ιι,
3054 5592 3158 5667 50.Δ
3174 5589 3227 5667 ξ’
3432 5595 3483 5667 Il_._

662 5688 814 5737 xstv,
844 5673 935 5729 17.
963 5674 1004 5703 ²¹
1048 5672 1236 5729 Matth.
1264 5687 1335 5739 ll,
1368 5672 1432 5739 2,
1463 5673 1529 5739 9,
1568 5671 1655 5728 10.
1690 5673 1860 5739 ‘iob
1910 5687 2134 5735 sxvvm,
2177 5669 2211 5722 5

2226 5669 2268 5723 ι·
2304 5668 2361 5739 ²³ν
2390 5668 2506 5739 AP?

1703 5675 1711 5705 '
1790 5674 1860 5728 ob
1910 5687 2134 5735 sxvvm,
2177 5673 2268 5723 51.
2304 5673 2351 5700 ³³
2393 5673 2559 5739 Apoc.
2590 5682 2663 5735 ιι,
2697 5673 2751 5722 1.
2782 5673 2855 5717 ³⁸η

1703 5673 1838 5813 ,1,
1867 5741 1923 5798 3.
1967 5741 2013 5774 "
2040 5740 2141 5798 Job
2165 5753 2319 5808 xnv,
2342 5738 2433 5794 21.
2477 5736 2524 5771 ³⁰
2550 5736 2694 5796 Psal.
2725 5751 2855 5803 cm,

664 5757 803 5806 nu,
848 5741 936 5796 17.
960 5743 1004 5775 π
1027 5743 1196 5814 Apoc.
1233 5758 1333 5812 ιιι,
1361 5741 1417 5801 4.
1457 5744 1505 5778 ³⁸
1530 5742 1669 5801 Dan.

3005 5628 3219 5725 Ῐῖζνὲο.
3254 5628 3733 5725 ῖῖνῐᾶιῖὶὲνέτῖἷθῗῗ

2509 5664 3023 5794 ibihﬂaiifif’ii
3241 5664 3440 5794 ἐξάξῗέ
3454 5664 3625 5769 Hei
3644 5664 3732 5765 ιῗῖῖ
