3936 6328
135 363 258 420 1053

130 477 327 536 malitiae
365 474 576 540 cordis,
608 480 668 526 ut
705 471 760 525 in
802 465 940 526 libra
968 467 1217 527 Judicum
1253 490 1266 527 :
1306 489 1325 523 ι
1379 471 1683 539 Statimque

127 586 220 643 per
249 573 439 624 secreta
481 573 687 620 naturai
727 563 833 619 alvi
875 571 1116 620 stercora
1155 571 1517 634 proruperunt
1569 561 1610 625 ¹,
1658 579 1676 611 )

126 661 181 716 id
203 665 293 725 est,
323 659 374 712 in
399 656 615 713 occulta
641 655 822 713 fetidae
850 659 1030 714 cordis
1069 657 1289 712 malitiae
1309 657 1682 710 innatuerunt.

122 750 224 808 Per
240 760 422 805 stercus
443 748 748 804 recordatio
774 757 1145 820 peccatorum,
1173 757 1232 802 ut
1262 748 1316 801 in
1341 743 1631 815 Evangelia
1665 753 1680 796 :

126 859 151 896 ε
172 833 464 912 1150001100)
483 839 680 894 fodiam
696 841 1020 904 circaillam,
1046 848 1101 895 et
1115 841 1321 893 mittam
1346 848 1586 892 stercora
1605 836 1677 898 ³,)

119 933 293 1000 idest,
353 947 523 1001 usque
563 932 690 987 dum
753 947 851 1002 per
911 931 1374 1002 interpositionem
1426 926 1684 981 humilem

117 1041 234 1081 eam
277 1032 327 1079 et
367 1023 560 1078 faciam
599 1039 719 1078 eam
754 1026 1028 1080 recordari
1065 1025 1346 1079 felicitates
1390 1035 1533 1076 suas.
1579 1018 1684 1072 Per

115 1127 305 1170 stercus
337 1124 558 1185 peccata
591 1117 809 1181 carnis,
838 1125 897 1170 ut
926 1117 978 1170 in
1007 1115 1246 1169 Jeremia
1280 1133 1291 1167 :
1329 1133 1347 1165 ι
1376 1112 1444 1166 Et
1465 1111 1558 1181 qui
1585 1125 1686 1164 nu-

115 1207 404 1262 triebantur
445 1209 499 1262 in
523 1209 540 1228 ‘
567 1207 782 1272 circeis,
823 1208 1271 1278 amplexabantur
1311 1215 1552 1260 stercora
1583 1203 1626 1268 ³,
1657 1220 1678 1255 ι

115 1297 173 1351 id
195 1306 287 1364 est,
317 1298 479 1367 quiin
513 1297 884 1366 spiritualibus
906 1298 1315 1353 delectabantur
1334 1294 1490 1351 bonis
1507 1334 1520 1359 ,
1553 1307 1682 1364 pec-

113 1399 232 1443 cata
259 1397 508 1444 exercent
533 1389 792 1443 carnalia.

189 1478 574 1550 Sterquilinium
625 1487 709 1535 est
745 1478 1035 1534 inﬁrmitas
1073 1478 1327 1542 hominis,
1359 1485 1420 1538 ut
1446 1475 1499 1530 in
1531 1475 1631 1530 Job
1665 1493 1679 1527 ε

116 1587 136 1620 ι
185 1569 378 1625 Sedens
427 1571 481 1624 in
526 1571 866 1641 sterquilinio
907 1570 950 1636 ‘,
991 1591 1010 1624 ι
1053 1570 1108 1625 id
1148 1577 1265 1635 est,
1297 1568 1589 1623 humilians
1624 1581 1683 1621 se

109 1662 168 1716 in
192 1662 486 1732 cognitione
531 1662 864 1718 infirmitatis
902 1677 1031 1717 suae.
1075 1659 1508 1730 Sterquilinium,
1543 1657 1682 1712 fetor

105 1751 456 1815 internarum,
483 1761 541 1807 ut
571 1753 624 1807 i-u
654 1752 754 1809 Job
782 1771 795 1807 :
826 1771 844 1804 ι
878 1752 1042 1819 Quasi
1065 1750 1463 1820 Sterquilinium
1489 1749 1544 1802 in
1575 1749 1682 1802 ﬁne

1064 355 1481 416 ALLEGORIJE
1523 356 1591 410 IN
1631 353 1907 411 SACRAM
1949 351 2410 410 SCRIPTURAM.

3229 354 3370 414 1054

1711 473 1759 533 Α
1785 466 1980 521 clausit
2004 466 2188 521 stellas
2216 467 2368 534 quasi
2397 463 2496 520 sub
2535 464 2810 536 signacula
2835 467 2900 534 ¹⁷,
2952 487 2971 522 )
3023 469 3165 538 quod
3207 469 3370 526 modo

1786 567 2003 614 sanctas
2030 557 2415 627 prmdicatores
2443 557 2676 613 destinet
2697 558 2751 613 in
2773 559 2970 629 populo
2995 547 3202 630 gentili,
3227 576 3360 631 quo-

1785 662 1956 716 usque
1988 648 2056 701 ad
2081 647 2469 702 convertendas
2501 647 2756 716 reliquias
2787 648 2952 704 Israel
2991 658 3234 718 tempore
3270 666 3364 720 op.

1784 745 2014 806 portuno
2046 737 2359 807 procedant.
2404 735 2778 807 Signaculum,
2816 739 3045 809 populus
3092 742 3361 808 quondam

1785 828 2011 894 electus,
2048 838 2108 883 ut
2133 829 2188 884 in
2221 828 2321 884 Job
2355 847 2367 882 :
2407 848 2425 879 ι
2465 828 2800 884 Restituetur
2827 839 2887 884 ut
2915 830 3084 885 lutum
3113 833 3364 902 signacuz
3401 901 3404 904 .

1786 922 1897 976 lum
1947 921 2011 989 ³⁸,
2067 942 2086 975 ι
2123 923 2268 991 (ιιιοᾱ
2313 921 2543 992 populus
2601 922 2689 978 ille
2741 924 3014 993 quondam
3062 939 3160 996 per
3204 911 3364 980 ﬁdem

1785 1013 1989 1068 electus
2027 1029 2172 1068 nunc
2206 1023 2430 1083 propter
2472 1014 2907 1070 incredulitatem
2950 1018 3272 1087 reprobatur
3311 1025 3367 1074 et.

1785 1105 2168 1161 contemnitur.

1859 1196 2006 1252 Silva
2031 1205 2116 1252 est
2140 1197 2374 1253 mundus
2403 1199 2525 1264 iste,
2553 1206 2614 1253 ut
2645 1199 2700 1254 in
2722 1198 2952 1256 Psalmis
2985 1219 2997 1256 :
3038 1220 3057 1254 ι
3094 1183 3366 1258 Extermi-

1785 1291 1934 1346 navit
1965 1306 2082 1344 eam
2107 1305 2237 1361 aper
2257 1291 2324 1345 de
2349 1291 2482 1346 silva
2520 1291 2584 1357 ιθ,
2623 1312 2641 1344 ι
2677 1295 2816 1362 quod
2847 1294 3055 1368 plebem
3083 1293 3366 1351 Judaicam

1785 1381 2101 1450 exstirpavit
2145 1383 2422 1436 Romanus
2471 1381 2802 1452 imperator,
2861 1385 2952 1456 qui
3003 1386 3363 1456 principatum
3460 1381 3464 1430 ἔ

1784 1473 1976 1542 agebat
2007 1472 2058 1526 in
2097 1480 2211 1526 tota
2240 1473 2460 1527 mundo.
2515 1472 2658 1527 Silva
2705 1489 2858 1529 mens
2910 1476 3166 1544 humana,
3212 1486 3272 1532 ut
3309 1478 3364 1534 in

1785 1563 2232 1617 Deuteronomio:
2255 1583 2273 1614 ‹
2293 1563 2428 1618 Cum
2443 1564 2619 1618 amica
2635 1565 2952 1634 simpliciter
2965 1565 3030 1621 ad
3046 1567 3234 1622 silvam
3258 1567 3324 1633 ¹⁰,
3339 1587 3357 1620 )

1784 1653 1836 1708 id
1864 1663 1979 1720 est,
2017 1655 2064 1708 si
2096 1670 2153 1709 se
2193 1655 2553 1709 intramiserit
2615 1656 2682 1710 de
2731 1657 3086 1713 aediﬁcatione
3136 1655 3360 1726 subjecti

1782 1745 1885 1800 sui.
1940 1745 2104 1810 Silva,
2162 1762 2314 1800 sacra
2370 1744 2674 1816 Scriptura,
2733 1756 2794 1802 ut
2845 1749 2899 1802 in
2944 1749 3084 1804 libro
3110 1750 3362 1821 Regum:

104 1846 354 1915 perdetur
382 1845 422 1912 ⁵,
461 1863 479 1895 ι
519 1845 660 1916 quod
685 1845 945 1914 reprobus
971 1844 1197 1914 quilibet
1224 1842 1477 1896 vitiorum
1503 1831 1748 1895 t'etoreB
1783 1853 1802 1887 ι
1859 1837 2070 1892 Tollant
2127 1838 2322 1909 singuli
2375 1839 2443 1894 de
2497 1840 2528 1873 "
2577 1840 2803 1910 singulis
2861 1843 3120 1897 materias
3174 1843 3362 1912 singu-

102 1935 311 2005 plenus,
340 1935 407 1990 ad
434 1947 736 1990 extremum
761 1936 1090 1990 destruetur.

205 2025 520 2081 Sternutatio
563 2035 645 2082 est
673 2028 992 2087 commotio,
1026 2034 1085 2080 ut
1114 2027 1168 2080 in
1204 2022 1305 2080 Job
1335 2039 1350 2077 :
1389 2043 1407 2075 ι
1445 2021 1676 2078 Sternu—

99 2119 239 2173 tatia
267 2117 379 2187 ejus
406 2120 660 2189 splendor
694 2121 830 2188 ignis
858 2119 912 2186 ⁸,
951 2140 969 2171 ι
1005 2119 1149 2188 quod
1190 2116 1586 2180 Antichristus,
1621 2115 1677 2168 in

97 2229 211 2283 qua
239 2213 474 2268 diabolus
517 2213 673 2282 plene
715 2220 1015 2268 commotus
1041 2211 1146 2266 erit
1171 2251 1184 2276 ,
1212 2219 1268 2265 et
1291 2225 1390 2278 per
1417 2205 1678 2262 miracula

97 2307 348 2379 decipiet,
381 2317 433 2362 et
461 2323 559 2378 per
587 2307 966 2362 crudelitatem
994 2305 1262 2359 deveniet.

178 2397 367 2454 Sibilus
393 2408 475 2454 cst
499 2399 806 2465 admiratio,
843 2408 904 2452 ut
931 2399 984 2452 in
1009 2397 1146 2453 Job:
1181 2415 1199 2447 ‹
1234 2394 1488 2461 Sibilabit
1515 2406 1678 2462 super

93 2506 250 2554 eum,
274 2491 484 2546 intuens
525 2491 698 2545 locum
733 2491 849 2560 ejus
875 2490 920 2556 ",
965 2509 984 2542 ι
1019 2490 1071 2544 id
1097 2498 1214 2554 est,
1247 2487 1482 2557 stupebit
1512 2499 1678 2554 super

91 2597 224 2636 eum
252 2582 432 2638 videns
458 2582 842 2637 habitationem
867 2580 1002 2651 ejus.
1030 2581 1245 2644 Sibilus,
1280 2579 1563 2649 inspiratia
1594 2578 1676 2632 di-

90 2675 250 2740 vina,
287 2681 344 2728 ut
387 2676 440 2728 in
483 2675 618 2730 Isaia
651 2692 665 2727 :
703 2692 724 2724 ι
778 2672 1028 2728 Sibilabit
1070 2671 1261 2726 domus
1302 2685 1501 2725 muscae
1552 2669 1605 2732 ⁸,
1650 2687 1669 2720 ι

86 2765 240 2836 quod
265 2765 536 2820 immundo
563 2765 790 2835 inspirat
819 2764 1112 2835 peccatari,
1144 2771 1202 2816 ut
1226 2763 1406 2815 veniat
1431 2762 1498 2814 ad
1528 2774 1671 2814 eum.

81 2855 205 2910 Per
246 2855 452 2911 sibilum
497 2857 912 2921 admonitiones,
961 2863 1020 2909 ut
1062 2855 1114 2908 in
1161 2854 1300 2909 libra
1343 2852 1592 2908 Judicum
1629 2852 1674 2916 θ,

79 2953 158 3000 ut
182 2947 199 2966 '
229 2946 407 3001 audiat
432 2949 447 2966 ‘
473 2947 610 3002 ﬁlias
631 2963 852 3018 gregum
875 2987 889 3012 ,
919 2946 971 3001 id
995 2954 1100 3010 est,
1131 2953 1191 2999 ut
1215 2946 1267 2999 in
1294 2952 1472 2998 mente
1494 2943 1673 2998 susci-

79 3039 214 3109 pias
242 3038 634 3094 admonitiones
661 3040 970 3094 stultorum.

166 3128 480 3199 Sycomorus
528 3137 610 3184 est
659 3145 789 3184 crux
837 3129 1069 3194 Christi,
1124 3137 1182 3183 ut
1232 3129 1286 3183 in
1329 3126 1668 3198 Evangelia:

79 3243 102 3274 α
153 3221 408 3277 Ascendit
451 3223 506 3277 in
553 3223 802 3277 arborem
845 3237 1184 3293 sycomorum
1222 3221 1300 3287 ¹⁰,
1349 3225 1372 3272 )’
1400 3220 1543 3290 quod
1583 3218 1675 3289 qui

55 3315 262 3371 Deum
299 3317 430 3383 pure
471 3314 822 3383 contemplari
864 3313 1156 3378 desiderat,
1203 3314 1270 3367 ad
1321 3312 1674 3366 imitationem

70 3405 191 3460 Sibi
232 3403 507 3460 Christum
534 3408 850 3462 cruciﬁxum
881 3413 1166 3477 proponat.
1213 3405 1316 3460 Per
1343 3421 1676 3475 sycomorum

64 3495 257 3551 Judaei
291 3496 585 3562 increduli,
627 3501 685 3551 ut
713 3498 764 3551 in
795 3497 931 3551 Isaia
960 3516 972 3550 :
1007 3516 1023 3547 ι
1057 3497 1124 3551 Et
1147 3511 1462 3569 sycomoras
1489 3496 1672 3551 succi-

66 3589 302 3656 derunt,
334 3583 428 3644 sed
463 3590 655 3644 cedras
680 3590 1086 3644 immutabimus
1111 3589 1186 3653 υ,
1229 3609 1247 3640 ι
1280 3589 1332 3644 id
1363 3597 1465 3654 est,
1496 3589 1675 3643 incre-

66 3675 331 3731 dulitatis
359 3685 581 3746 peccata
609 3675 822 3732 Iudaeas
856 3679 1258 3743 destruxerunt,
1291 3679 1389 3732 sed
1416 3677 1675 3732 sublimes

65 3769 148 3823 de
175 3767 487 3835 gentilitate
511 3767 658 3822 viros
689 3767 1027 3823 habebimus.

150 3857 330 3913 Sidus
363 3857 445 3913 est
469 3873 621 3914 sacra
663 3859 943 3930 Scriptura
963 3903 978 3926 ,
1007 3875 1068 3918 ut
1096 3863 1150 3916 in
1172 3863 1357 3917 Exodo
1387 3880 1399 3916 :
1438 3881 1457 3912 ι
1496 3859 1676 3915 Siclus

57 3949 276 4020 viginti
315 3949 504 4006 obolos
543 3951 707 4006 habet
736 3953 804 4018 η,
854 3971 873 4004 ι
911 3954 1053 4024 quod
1101 3969 1252 4009 sacra
1292 3951 1575 4022 Scriptura
1618 3952 1673 4004 in

57 4039 417 4113 perfectione
439 4043 665 4098 duarum
688 4042 1182 4110 Testamentorum,
1202 4046 1353 4116 quasi
1377 4047 1430 4100 in
1461 4047 1674 4114 gemino

59 4133 314 4189 denaria
364 4134 629 4190 consistit.
686 4133 792 4191 Per
837 4137 1023 4191 siclum
1076 4152 1274 4207 corpus
1322 4147 1567 4193 nostrum
1619 4145 1674 4192 et

53 4227 287 4288 anima,
319 4235 381 4280 ut
406 4227 458 4280 in
483 4225 757 4285 Levitico:
788 4249 806 4280 ι
831 4227 1035 4286 Oﬁ‘erat
1055 4231 1300 4294 arietem,
1325 4231 1414 4301 qui
1443 4231 1550 4284 emi
1577 4245 1674 4299 pa-

52 4327 182 4373 test
206 4317 426 4372 duobus
458 4318 603 4372 siclis
634 4317 698 4384 η,
744 4340 761 4369 )
797 4320 938 4390 quod
966 4335 1165 4390 corpus
1199 4329 1252 4374 et
1275 4321 1509 4374 animam
1545 4321 1672 4376 dare

49 4411 380 4474 debemus,
410 4417 469 4463 ut
497 4408 772 4464 Christum
802 4411 1083 4480 acquirere
1117 4411 1404 4480 possimus.

141 4499 506 4571 Siguaculum
537 4511 620 4558 est
647 4503 855 4572 primus
877 4503 1119 4573 angelus,
1153 4511 1213 4557 ut
1248 4504 1302 4558 in
1339 4501 1622 4557 Ezechiele
1650 4519 1664 4554 :

1781 1926 1860 1982 las
1891 1929 1960 1992 ἰ,
1993 1949 2010 1980 )
2043 1930 2186 1998 quod
2215 1945 2314 1984 nos
2340 1930 2536 2000 singuli
2559 1931 2714 2002 juxta
2748 1933 3079 1988 intellectum
3119 1942 3363 1990 nostrum

1780 2021 2018 2091 singulas
2062 2022 2129 2078 de
2186 2039 2341 2079 sacra
2380 2022 2662 2093 Scriptura
2713 2039 3004 2096 excerpere
3067 2026 3367 2083 sententias

1780 2115 2062 2170 debemus.

1852 2207 2074 2277 Siliqute
2103 2215 2229 2262 sunt
2252 2207 2512 2264 doctrinae
2541 2210 2852 2276 saeculares,
2870 2212 3005 2266 utin
3031 2209 3362 2282 Evangelia:

1784 2313 1805 2348 ι
1847 2299 1923 2352 De
1955 2299 2162 2368 siliquis
2207 2316 2342 2369 quas
2370 2301 2521 2370 parci
2557 2302 2960 2358 manducabant
2996 2303 3064 2367 ²¹,
3119 2323 3136 2353 ι
3170 2302 3225 2357 id
3258 2308 3362 2368 est,

1777 2390 1967 2444 volunt
1989 2391 2272 2446 addiscere
2297 2391 2572 2446 doctrinas
2591 2392 2900 2459 saeculares,
2927 2409 3061 2464 quas
3099 2390 3366 2450 immundi

1779 2479 2097 2551 diligebant.

1855 2575 1999 2630 Silex
2023 2584 2107 2632 est
2134 2577 2406 2643 Christus,
2435 2585 2496 2632 ut
2515 2577 2570 2632 in
2594 2577 2734 2632 libra
2756 2575 3116 2634 Numerorum
3144 2598 3156 2633 :
3196 2598 3215 2631 ι
3238 2579 3365 2636 Per-

1778 2668 1989 2722 cutiens
2023 2667 2107 2722 bis
2141 2667 2347 2722 silicem
2381 2666 2452 2733 ³³,
2489 2687 2508 2722 ι
2551 2668 2694 2737 quod
2723 2669 3026 2737 opprobriis
3051 2668 3277 2726 aﬁ‘ectus
3307 2670 3364 2726 in

1778 2760 2030 2830 passione
2066 2769 2191 2813 erat
2225 2759 2492 2814 Christus.
2530 2758 2700 2824 Silere,
2732 2760 2934 2836 duritia
2970 2761 3273 2829 gentilium,
3303 2769 3366 2817 ut

1779 2854 1834 2908 in
1857 2853 1957 2907 Job
1985 2871 1998 2907 :
2031 2872 2048 2903 ι
2085 2851 2413 2920 Sculpantur
2439 2853 2492 2908 in
2528 2854 2682 2908 silice
2707 2855 2772 2918 ”,
2819 2875 2838 2907 )
2880 2853 3022 2924 quod
3049 2855 3214 2909 verba
3240 2853 3364 2911 ﬁdei

1779 2945 2102 3001 Christiana:
2129 2943 2243 3014 jam
2270 2955 2518 3016 suscepta
2547 2955 2673 3000 sunt
2701 2946 2752 3000 in
2783 2947 3034 3002 cordibus
3062 2945 3360 3016 gentilium.

1782 3036 1950 3102 Silere,
1985 3038 2129 3092 actia
2165 3039 2306 3092 bona
2327 3079 2342 3103 ,
2369 3046 2429 3092 ut
2461 3038 2515 3092 in
2538 3036 2639 3093 Job
2666 3053 2682 3091 :
2713 3058 2731 3090 ι
2769 3039 2926 3093 Dabit
2950 3053 3049 3109 pro
3075 3047 3222 3093 terra
3251 3036 3364 3092 sili-

1781 3143 1898 3182 cem
1935 3129 2006 3193 ²δ,
2056 3148 2072 3179 ι
2109 3129 2252 3198 quod
2295 3129 2559 3184 Dominus
2600 3145 2698 3200 pro
2752 3130 2900 3184 malli
2949 3130 3364 3186 conversatione

1781 3219 1964 3274 electis
2001 3220 2112 3274 suis
2146 3220 2425 3274 robustam
2455 3220 2668 3276 confert
2709 3222 2998 3291 actionem.
3047 3220 3152 3276 Per
3187 3219 3362 3276 silices

1780 3311 1952 3364 sancti
1981 3309 2186 3380 angeli,
2218 3319 2277 3364 ut
2312 3311 2368 3364 in
2408 3309 2510 3366 Job
2544 3327 2556 3364 :
2598 3328 2617 3362 ι
2653 3310 2721 3365 Et
2747 3313 2763 3332 ‘
2797 3310 3086 3382 praeruptis
3119 3309 3390 3370 silicibus.
3423 3309 3431 3318 ’

1777 3412 2143 3456 commoratur
2174 3401 2239 3467 ³⁸,
2267 3422 2285 3454 ι
2312 3403 2453 3472 quod
2482 3402 2566 3456 vir
2586 3412 2806 3458 sanctus
2833 3404 2887 3458 in
2912 3402 3363 3472 contemplatione

1778 3492 2108 3548 fortitudinis
2133 3493 2444 3564 angelorum
2469 3504 2798 3564 perseverat,
2815 3495 2954 3566 *ιιιιί
2971 3494 3024 3550 in
3043 3493 3362 3550 cadentibus

1776 3585 2038 3643 confracti
2055 3593 2201 3642 sunt.

1850 3679 2107 3750 Similago
2144 3689 2228 3736 est
2265 3680 2474 3750 paritas
2516 3680 2734 3747 cordis,
2779 3687 2840 3734 ut
2875 3679 2930 3734 in
2959 3679 3100 3735 libra
3142 3677 3358 3736 Macha-

1775 3776 2016 3831 baeorum
2061 3792 2073 3826 :
2129 3793 2147 3825 ι
2179 3775 2248 3829 Et
2287 3774 2580 3830 obtulimus
2623 3773 2948 3830 sacriﬁcium
2995 3782 3053 3830 et
3094 3769 3358 3844 similagi-

1777 3881 1897 3921 nem
1915 3868 1984 3932 ³⁷,
2013 3886 2031 3919 )
2053 3867 2293 3921 exterius
2320 3866 2501 3920 carnis
2529 3865 3022 3932 mortiﬁcationem,
3049 3873 3105 3920 et
3127 3863 3357 3946 interius

1775 3960 2068 4028 puritatem
2113 3959 2327 4012 mentis.

1849 4049 2174 4119 Symp/mnia
2215 4059 2298 4104 est
2322 4050 2598 4120 Evangelii
2631 4050 2972 4122 praedicatio,
3001 4059 3063 4106 ut
3093 4051 3146 4105 in
3177 4049 3358 4105 Evan-

1775 4139 1957 4211 gelia:
2003 4159 2021 4190 ι
2069 4139 2135 4194 Et
2184 4141 2388 4195 audivit
2451 4142 2828 4212 symphoniam
2904 4148 2961 4197 et
3031 4140 3293 4207 chorum,
3332 4159 3352 4193 )

1775 4233 1918 4304 quod
1957 4233 2188 4303 populus
2225 4232 2484 4290 Iudaicus
2515 4236 2674 4289 modo
2714 4235 2768 4289 in
2797 4234 3037 4290 Ecclesia
3077 4231 3360 4305 praedicari

1775 4324 2126 4393 Evangelium
2154 4325 2328 4391 audit,
2356 4325 2450 4380 sed
2480 4327 2701 4382 credere
2725 4327 3044 4382 contemnit.

1845 4417 1862 4435 '
1893 4414 2060 4470 Simia
2090 4425 2174 4470 est
2217 4417 2429 4472 subtilis
2472 4419 2807 4488 praedicatio,
2849 4426 2910 4472 ut
2935 4419 2989 4472 in
3032 4414 3354 4472 Parabolis:

1780 4527 1798 4558 ι
1830 4506 2121 4562 Sindonem
2146 4507 2274 4563 fecit
2294 4516 2348 4563 et
2365 4510 2680 4576 vendidit“,
2705 4530 2722 4562 ι
2750 4511 2895 4579 quod
2915 4517 3102 4564 sancta
3117 4506 3358 4563 Ecclesia

1701 3181 1751 3246 C

53 4613 74 4644 ι
121 4591 222 4646 Tu
245 4591 583 4663 signaculum
618 4594 986 4650 similitudinis
1023 4595 1115 4650 Dei
1145 4595 1211 4660 ιδ,
1248 4614 1266 4645 )
1300 4594 1439 4663 quod
1471 4595 1525 4647 in
1553 4595 1668 4663 ipso

1789 4602 2019 4657 subtilem
2035 4601 2470 4671 praedicationem
2493 4601 2714 4665 emittit,
2731 4566 2785 4656 ei
2809 4601 2921 4656 Dea
2946 4600 3158 4670 aliquas
3178 4596 3360 4668 acqui-

41 4690 260 4753 imago
289 4685 388 4741 Dei
431 4687 798 4743 similitudinis
835 4688 938 4742 fuit
974 4689 1253 4758 impressa.
1298 4687 1665 4758 Signaculum,

39 4777 428 4835 conﬁrmatio
455 4778 767 4844 electorum,
800 4785 860 4832 ut
887 4779 938 4833 in
967 4779 1202 4850 Aggteo:
1241 4798 1260 4830 ι
1302 4780 1369 4832 Ει
1394 4793 1586 4850 ponam
1613 4786 1666 4832 te

35 4869 228 4938 quas’i
267 4868 610 4940 signaculum
632 4910 645 4933 ,
675 4869 820 4939 quod
849 4877 900 4924 te
929 4869 1068 4940 elegi
1095 4869 1172 4935 ³⁸,
1213 4889 1231 4920 ι
1271 4868 1325 4923 id
1347 4876 1452 4932 est,
1482 4868 1536 4922 in
1577 4881 1666 4921 me

34 4961 438 5027 conﬁrmabo,
463 4962 607 5032 quod
629 4962 693 5016 ad
710 4975 930 5031 regnum
958 4961 1336 5031 praedestinavi
1367 4969 1438 5014 te.
1472 4956 1664 5028 Signa-

31 5054 278 5120 culum,
303 5055 482 5110 virtus
507 5057 773 5112 castitatis
796 5099 810 5124 ,
841 5065 900 5111 ut
929 5057 983 5112 in
1013 5057 1236 5114 Cantica
1271 5075 1283 5110 :
1321 5077 1338 5107 ι
1385 5054 1530 5110 Pone
1574 5069 1663 5108 me

29 5153 110 5204 ut
143 5147 512 5218 signaculum
533 5163 696 5219 super
721 5160 980 5206 cortuum
1009 5149 1075 5216 ’⁸,
1107 5169 1123 5201 ι
1148 5150 1329 5212 idest,
1356 5163 1452 5218 per
1478 5147 1661 5203 chari-

31 5247 239 5294 tatem
267 5237 537 5295 conﬁrma
560 5257 647 5296 me
668 5256 830 5313 super
847 5249 1084 5297 mentem
1105 5249 1268 5296 tuam.
1296 5240 1660 5310 Signaculum,

25 5332 308 5402 populus
353 5332 570 5403 gentilis
607 5334 675 5389 ad
713 5334 874 5390 ﬁdem
911 5341 1154 5400 vocatur,
1185 5341 1245 5387 ut
1280 5333 1336 5388 in
1366 5331 1504 5388 Job:
1543 5353 1561 5384 ί
1594 5336 1664 5390 Et

1771 4692 1864 4746 rit.
1896 4690 2082 4756 Sindo,
2113 4707 2266 4746 mens
2288 4707 2454 4762 pura,
2485 4700 2546 4746 ut
2575 4693 2628 4746 in
2656 4691 2951 4762 Evangelia
2979 4709 2992 4745 :
3029 4709 3048 4742 ι
3087 4689 3157 4744 Et
3182 4686 3357 4742 inval-

1770 4782 1846 4836 vit
1881 4797 2002 4836 eum
2043 4782 2097 4836 in
2135 4783 2362 4837 sindone
2392 4783 2586 4837 munda
2617 4783 2686 4847 '9,
2727 4803 2746 4834 ι
2790 4782 2935 4852 quod
2967 4780 3218 4837 Christus
3254 4779 3353 4835 ha-

1767 4875 1905 4929 bitat
1936 4874 1990 4928 in
2024 4882 2202 4929 mente
2235 4889 2389 4943 pura.
2424 4872 2610 4939 Sindo,
2646 4873 2931 4944 occupatio
2966 4871 3171 4937 saeculi,
3211 4871 3357 4927 utin

1765 4965 2086 5037 Evangelia:
2112 4987 2129 5017 ι
2153 4965 2370 5033 Rejecta
2387 4967 2609 5020 sindone
2623 4968 2798 5022 nudus
2811 4965 3130 5037 profugitab
3141 4964 3220 5021 eis
3238 4963 3304 5030 '°,
3327 4982 3348 5018 ι

1768 5059 1910 5128 quod
1939 5057 2145 5124 abjecta
2171 5060 2315 5112 omni
2334 5059 2577 5114 saeculari
2608 5061 2962 5130 occupatione
2982 5077 3012 5115 a
3036 5065 3354 5130 persecuto-

1769 5149 1918 5204 ribus
1961 5148 2332 5217 spiritualibus
2374 5150 2609 5218 expediti
2644 5147 2827 5220 fugere
2866 5151 3144 5207 debemus.

1843 5239 2006 5294 Sinus
2040 5247 2124 5295 est
2167 5242 2466 5296 substantia
2511 5241 2757 5310 Deitatis,
2804 5253 2863 5300 ut
2911 5245 2964 5299 in
3006 5243 3300 5315 Evangelia
3343 5256 3355 5290 τ

1777 5354 1796 5387 ι
1835 5333 2173 5405 Unigenitus,
2207 5335 2300 5405 qui
2337 5343 2419 5390 est
2444 5335 2500 5390 in
2525 5337 2645 5392 sinu
2675 5336 2852 5392 Patris
2875 5337 2941 5404 ",
2987 5355 3007 5391 )
3043 5338 3096 5392 id
3124 5345 3229 5404 est,
3261 5335 3355 5406 qui

119 5529 138 5559 ¹
187 5525 340 5582 Jud.
371 5541 452 5591 ιιι,
496 5521 586 5582 22.
616 5527 638 5557 '
679 5525 810 5581 Luc.
864 5539 994 5590 xm,
1040 5523 1094 5580 8.
1122 5525 1371 5580 'Thren.
1420 5541 1502 5591 tv,
1542 5524 1596 5579 5.
1639 5525 1662 5556 δ

21 5597 134 5653 25.
177 5599 208 5630 ⁸
239 5598 362 5652 Isa.
398 5613 492 5660 vn,
520 5597 604 5652 18.
637 5597 657 5629 ⁹
688 5596 808 5650 Jud.
842 5611 893 5660 v,
928 5595 1010 5650 16.
1049 5596 1090 5626 ¹⁰
1123 5595 1252 5650 Luc.
1288 5613 1402 5660 χιχ,
1430 5596 1482 5649 4.
1525 5598 1565 5628 ¹¹
1597 5596 1699 5650 lsa.

1706 5524 1806 5581 Job
1854 5543 1915 5590 ιι,
1948 5527 2000 5582 8.
2051 5526 2072 5558 ⁸
2108 5525 2210 5580 101)
2253 5541 2345 5590 xx,
2389 5525 2440 5579 7.
2482 5526 2516 5595 ,⁸
2553 5525 2653 5581 Job
2692 5541 2814 5592 xu,
2860 5527 2912 5582 9.
2963 5528 2985 5560 '
3039 5527 3140 5583 Job
3176 5543 3350 5583 XXVII.

1728 5614 1806 5663 ix,
1848 5599 1933 5651 10.
1971 5600 2012 5628 ¹²
2053 5597 2220 5651 Exod.
2255 5614 2394 5659 xxx,
2436 5597 2488 5650 1.
2539 5597 2582 5628 ¹³
2609 5597 2738 5651 Lev.
2781 5613 2852 5663 v,
2905 5599 2988 5653 l5.
3044 5599 3120 5663 ιδ,
3155 5598 3350 5654 Ezech.

22 5683 268 5739 xxvm,
301 5669 396 5724 12.
432 5670 475 5699 ¹⁵
494 5670 627 5739 Agg.
656 5684 713 5732 ιι,
736 5666 826 5739 21.
861 5667 906 5699 ¹⁰
932 5667 1330 5739 Cant.vt|t,_ﬁ._
1373 5668 1412 5699 ¹⁷
1440 5665 1539 5720 101)
1570 5684 1621 5722 tx
1644 5709 1657 5732 ,

1792 5669 1832 5699 ⁸⁸
1856 5668 1954 5723 Job
1985 5684 2188 5722 xxxvm
2211 5709 2225 5731 ,
2257 5668 2350 5739 11.
2373 5667 2571 5722 ¹⁹Ρ501.
2603 5668 3146 5739 Lxx1x,14_.?°Dcut.
3185 5684 3259 5734 nt,
3294 5668 3349 5723 5.

23 5741 78 5770 ιι
137 5738 222 5810 ιν
279 5739 424 5810 Reg.
476 5753 561 5805 vi,

22 5812 78 5844 ³⁷
132 5803 352 5867 Much.
375 5803 440 5878 ἰ,
491 5803 555 5868 ’8.
595 5810 642 5842 ³⁸
670 5809 831 5866 Prov.
862 5823 1018 5878 xxxi,
1051 5808 1143 5864 24.
1185 5808 1231 5842 ³³
1262 5809 1451 5864 Matth.
1486 5827 1656 5882 xxvn,

605 5739 658 5794 2.
708 5739 750 5769 “
796 5738 921 5793 Luc.
960 5753 1050 5802 xv,
1095 5737 1180 5792 16.
1212 5737 1256 5768 ’³
1289 5737 1445 5791 Num.
1499 5755 1592 5803 xx,
1639 5741 1657 5792 1

1789 5742 1802 5768 ⁸
1830 5739 1930 5794 Job
1965 5756 2078 5803 χιιι,
2121 5739 2211 5792 21.
2246 5735 2307 5770 ³⁸
2332 5738 2430 5792 101)
2467 5755 2597 5803 xxn,
2644 5739 2738 5792 24.
2789 5739 2836 5770 ¹⁶
2860 5736 2962 5794 101)
3007 5753 3176 5794 χχιιι
3259 5739 3348 5800 51.

1699 5811 1786 5868 59.
1826 5813 1869 5844 ³⁰
1903 5810 2070 5867 Marc.
2105 5825 2218 5877 xw,
2264 5809 2352 5865 52.
2387 5810 2428 5893 'f
2467 5807 2624 5865 Joan.
2661 5825 2704 5882 ι,
2750 5809 2837 5867 18.
