  <div class='ocr_page' id='page_1' title='image "/cluster/home/n/w/nwhite01/storage/ocr_20150623/112/hvd.32044015685407/534.png"; bbox 0 0 3936 6328; ppageno 0'>
   <div class='ocr_carea' id='block_1_1' title="bbox 155 374 303 432">
    <p class='ocr_par' dir='ltr' id='par_1_1' title="bbox 155 374 303 432">
     <span class='ocr_line' id='line_1_1' title="bbox 155 374 303 432; baseline 0.02 -2"><span class='ocrx_word' id='word_1_1' title='bbox 155 374 184 430; x_wconf 72' lang='grc'><strong>1</strong></span> <span class='ocrx_word' id='word_1_2' title='bbox 193 374 303 432; x_wconf 74' lang='grc'><strong>057</strong></span> 
     </span>
    </p>
   </div>
   <div class='ocr_carea' id='block_1_2' title="bbox 1124 385 2460 460">
    <p class='ocr_par' dir='ltr' id='par_1_2' title="bbox 1124 385 2460 460">
     <span class='ocr_line' id='line_1_2' title="bbox 1124 385 2460 460; baseline 0.013 -17"><span class='ocrx_word' id='word_1_3' title='bbox 1124 385 1540 446; x_wconf 68' lang='lat' dir='ltr'><strong>ALLEGORLE</strong></span> <span class='ocrx_word' id='word_1_4' title='bbox 1578 388 1646 446; x_wconf 86' lang='lat' dir='ltr'>IN</span> <span class='ocrx_word' id='word_1_5' title='bbox 1687 389 1966 452; x_wconf 82' lang='lat' dir='ltr'><strong>SACRAM</strong></span> <span class='ocrx_word' id='word_1_6' title='bbox 2001 395 2460 460; x_wconf 79' lang='lat' dir='ltr'><strong>SCRIPTURAM.</strong></span> 
     </span>
    </p>
   </div>
   <div class='ocr_carea' id='block_1_3' title="bbox 3267 419 3407 479">
    <p class='ocr_par' dir='ltr' id='par_1_3' title="bbox 3267 419 3407 479">
     <span class='ocr_line' id='line_1_3' title="bbox 3267 419 3407 479; baseline 0.036 -5"><span class='ocrx_word' id='word_1_7' title='bbox 3267 419 3407 479; x_wconf 68' lang='lat'><strong>1058</strong></span> 
     </span>
    </p>
   </div>
   <div class='ocr_carea' id='block_1_4' title="bbox 159 489 3406 598">
    <p class='ocr_par' dir='ltr' id='par_1_4' title="bbox 159 489 3406 598">
     <span class='ocr_line' id='line_1_4' title="bbox 159 489 3406 598; baseline 0.014 -56"><span class='ocrx_word' id='word_1_8' title='bbox 159 508 180 540; x_wconf 72' lang='grc' dir='ltr'><strong>ι</strong></span> <span class='ocrx_word' id='word_1_9' title='bbox 223 489 328 556; x_wconf 83' lang='lat' dir='ltr'><strong>Qui</strong></span> <span class='ocrx_word' id='word_1_10' title='bbox 363 489 494 547; x_wconf 78' lang='lat' dir='ltr'><strong>fecit</strong></span> <span class='ocrx_word' id='word_1_11' title='bbox 519 493 735 564; x_wconf 80' lang='lat' dir='ltr'><strong>angelos</strong></span> <span class='ocrx_word' id='word_1_12' title='bbox 777 510 904 554; x_wconf 90' lang='lat' dir='ltr'><strong>suos</strong></span> <span class='ocrx_word' id='word_1_13' title='bbox 929 499 1152 570; x_wconf 78' lang='lat' dir='ltr'><strong>spiritus</strong></span> <span class='ocrx_word' id='word_1_14' title='bbox 1183 502 1223 569; x_wconf 81' lang='grc' dir='ltr'>ί,</span> <span class='ocrx_word' id='word_1_15' title='bbox 1265 521 1284 554; x_wconf 84' lang='grc'><strong>›</strong></span> <span class='ocrx_word' id='word_1_16' title='bbox 1321 503 1374 557; x_wconf 90' lang='lat' dir='ltr'><strong>id</strong></span> <span class='ocrx_word' id='word_1_17' title='bbox 1402 514 1506 569; x_wconf 89' lang='lat' dir='ltr'><strong>est,</strong></span> <span class='ocrx_word' id='word_1_18' title='bbox 1550 505 1741 574; x_wconf 82' lang='lat' dir='ltr'><strong>praedi—</strong></span> <span class='ocrx_word' id='word_1_19' title='bbox 1765 513 1820 568; x_wconf 86' lang='grc' dir='ltr'><strong>Α</strong></span> <span class='ocrx_word' id='word_1_20' title='bbox 1845 512 2094 568; x_wconf 84' lang='lat' dir='ltr'><strong>naculum</strong></span> <span class='ocrx_word' id='word_1_21' title='bbox 2122 530 2278 571; x_wconf 86' lang='lat' dir='ltr'><strong>suum</strong></span> <span class='ocrx_word' id='word_1_22' title='bbox 2313 517 2438 583; x_wconf 64' lang='lat'><strong>‘8,»</strong></span> <span class='ocrx_word' id='word_1_23' title='bbox 2471 519 2613 589; x_wconf 90' lang='lat' dir='ltr'><strong>quod</strong></span> <span class='ocrx_word' id='word_1_24' title='bbox 2636 489 2833 594; x_wconf 87' lang='lat' dir='ltr'><strong>corpus</strong></span> <span class='ocrx_word' id='word_1_25' title='bbox 2853 522 2989 594; x_wconf 85' lang='lat' dir='ltr'><strong>ejus,</strong></span> <span class='ocrx_word' id='word_1_26' title='bbox 3017 524 3072 581; x_wconf 91' lang='lat' dir='ltr'><strong>in</strong></span> <span class='ocrx_word' id='word_1_27' title='bbox 3097 529 3241 598; x_wconf 90' lang='lat' dir='ltr'><strong>quod</strong></span> <span class='ocrx_word' id='word_1_28' title='bbox 3267 532 3406 588; x_wconf 64' lang='lat' dir='ltr'><strong>divi.</strong></span> 
     </span>
    </p>
   </div>
   <div class='ocr_carea' id='block_1_5' title="bbox 149 585 1082 658">
    <p class='ocr_par' dir='ltr' id='par_1_5' title="bbox 149 585 1082 658">
     <span class='ocr_line' id='line_1_5' title="bbox 149 585 1082 658; baseline 0.013 -24"><span class='ocrx_word' id='word_1_29' title='bbox 149 591 376 636; x_wconf 88' lang='lat' dir='ltr'><strong>catores</strong></span> <span class='ocrx_word' id='word_1_30' title='bbox 411 599 538 638; x_wconf 89' lang='lat' dir='ltr'><strong>suos</strong></span> <span class='ocrx_word' id='word_1_31' title='bbox 565 585 727 642; x_wconf 83' lang='lat' dir='ltr'><strong>eﬂicit</strong></span> <span class='ocrx_word' id='word_1_32' title='bbox 755 591 1082 658; x_wconf 87' lang='lat' dir='ltr'><strong>spirituales.</strong></span> 
     </span>
    </p>
   </div>
   <div class='ocr_carea' id='block_1_6' title="bbox 225 671 1735 750">
    <p class='ocr_par' dir='ltr' id='par_1_6' title="bbox 225 671 1735 750">
     <span class='ocr_line' id='line_1_6' title="bbox 225 671 1735 750; baseline 0.01 -23"><span class='ocrx_word' id='word_1_33' title='bbox 225 673 244 693; x_wconf 80' lang='grc'>¹</span> <span class='ocrx_word' id='word_1_34' title='bbox 275 671 464 743; x_wconf 72' lang='lat' dir='ltr'><strong>Sirpus</strong></span> <span class='ocrx_word' id='word_1_35' title='bbox 487 684 570 729; x_wconf 86' lang='lat' dir='ltr'><strong>est</strong></span> <span class='ocrx_word' id='word_1_36' title='bbox 599 677 705 731; x_wconf 90' lang='lat' dir='ltr'><strong>vita</strong></span> <span class='ocrx_word' id='word_1_37' title='bbox 735 680 1159 750; x_wconf 88' lang='lat' dir='ltr'><strong>hypocritarum,</strong></span> <span class='ocrx_word' id='word_1_38' title='bbox 1188 691 1245 737; x_wconf 90' lang='lat' dir='ltr'><strong>ut</strong></span> <span class='ocrx_word' id='word_1_39' title='bbox 1269 682 1321 737; x_wconf 90' lang='lat' dir='ltr'><strong>in</strong></span> <span class='ocrx_word' id='word_1_40' title='bbox 1351 682 1452 740; x_wconf 91' lang='lat' dir='ltr'><strong>Job</strong></span> <span class='ocrx_word' id='word_1_41' title='bbox 1479 700 1494 738; x_wconf 93' lang='lat'><strong>:</strong></span> <span class='ocrx_word' id='word_1_42' title='bbox 1532 703 1552 736; x_wconf 79' lang='grc' dir='ltr'><strong>ι</strong></span> <span class='ocrx_word' id='word_1_43' title='bbox 1590 685 1735 741; x_wconf 84' lang='grc' dir='ltr'>Νιιιι-</span> 
     </span>
    </p>
   </div>
   <div class='ocr_carea' id='block_1_7' title="bbox 144 763 1726 846">
    <p class='ocr_par' dir='ltr' id='par_1_7' title="bbox 144 763 1726 846">
     <span class='ocr_line' id='line_1_7' title="bbox 144 763 1726 846; baseline 0.011 -30"><span class='ocrx_word' id='word_1_44' title='bbox 144 763 286 831; x_wconf 87' lang='lat' dir='ltr'><strong>quid</strong></span> <span class='ocrx_word' id='word_1_45' title='bbox 317 765 585 822; x_wconf 84' lang='lat' dir='ltr'><strong>virescere</strong></span> <span class='ocrx_word' id='word_1_46' title='bbox 625 779 804 838; x_wconf 78' lang='lat' dir='ltr'><strong>potest</strong></span> <span class='ocrx_word' id='word_1_47' title='bbox 837 775 855 792; x_wconf 79' lang='grc'><strong><em>⁶</em></strong></span> <span class='ocrx_word' id='word_1_48' title='bbox 897 774 1076 844; x_wconf 88' lang='lat' dir='ltr'><strong>sirpus</strong></span> <span class='ocrx_word' id='word_1_49' title='bbox 1112 772 1316 846; x_wconf 83' lang='lat' dir='ltr'><strong>absque</strong></span> <span class='ocrx_word' id='word_1_50' title='bbox 1358 778 1583 834; x_wconf 92' lang='lat' dir='ltr'><strong>humore</strong></span> <span class='ocrx_word' id='word_1_51' title='bbox 1621 781 1662 844; x_wconf 87' lang='grc'>¹,</span> <span class='ocrx_word' id='word_1_52' title='bbox 1708 801 1726 833; x_wconf 80' lang='grc' dir='ltr'><strong>ι</strong></span> 
     </span>
    </p>
   </div>
   <div class='ocr_carea' id='block_1_8' title="bbox 143 855 1730 940">
    <p class='ocr_par' dir='ltr' id='par_1_8' title="bbox 143 855 1730 940">
     <span class='ocr_line' id='line_1_8' title="bbox 143 855 1730 940; baseline 0.011 -33"><span class='ocrx_word' id='word_1_53' title='bbox 143 855 300 923; x_wconf 87' lang='lat' dir='ltr'><strong>quod</strong></span> <span class='ocrx_word' id='word_1_54' title='bbox 323 871 424 911; x_wconf 92' lang='lat' dir='ltr'><strong>nec</strong></span> <span class='ocrx_word' id='word_1_55' title='bbox 450 857 731 928; x_wconf 71' lang='lat' dir='ltr'><strong>hypocrita</strong></span> <span class='ocrx_word' id='word_1_56' title='bbox 763 864 964 919; x_wconf 88' lang='lat' dir='ltr'><strong>bonum</strong></span> <span class='ocrx_word' id='word_1_57' title='bbox 989 880 1123 938; x_wconf 85' lang='lat' dir='ltr'><strong>Opus</strong></span> <span class='ocrx_word' id='word_1_58' title='bbox 1153 867 1270 922; x_wconf 88' lang='lat' dir='ltr'><strong>sine</strong></span> <span class='ocrx_word' id='word_1_59' title='bbox 1293 867 1466 938; x_wconf 87' lang='lat' dir='ltr'><strong>gratia</strong></span> <span class='ocrx_word' id='word_1_60' title='bbox 1497 868 1594 924; x_wconf 93' lang='lat' dir='ltr'><strong>Dei</strong></span> <span class='ocrx_word' id='word_1_61' title='bbox 1632 885 1730 940; x_wconf 82' lang='lat' dir='ltr'><strong>po-</strong></span> 
     </span>
    </p>
   </div>
   <div class='ocr_carea' id='block_1_9' title="bbox 142 946 506 1002">
    <p class='ocr_par' dir='ltr' id='par_1_9' title="bbox 142 946 506 1002">
     <span class='ocr_line' id='line_1_9' title="bbox 142 946 506 1002; baseline 0 -2"><span class='ocrx_word' id='word_1_62' title='bbox 142 952 263 1000; x_wconf 82' lang='lat' dir='ltr'><strong>test</strong></span> <span class='ocrx_word' id='word_1_63' title='bbox 286 946 506 1002; x_wconf 88' lang='lat' dir='ltr'><strong>habere.</strong></span> 
     </span>
    </p>
   </div>
   <div class='ocr_carea' id='block_1_10' title="bbox 219 1035 1732 1115">
    <p class='ocr_par' dir='ltr' id='par_1_10' title="bbox 219 1035 1732 1115">
     <span class='ocr_line' id='line_1_10' title="bbox 219 1035 1732 1115; baseline 0.015 -23"><span class='ocrx_word' id='word_1_64' title='bbox 219 1035 429 1092; x_wconf 68' lang='lat' dir='ltr'><strong>Simus</strong></span> <span class='ocrx_word' id='word_1_65' title='bbox 456 1048 583 1096; x_wconf 92' lang='lat' dir='ltr'><strong>sunt</strong></span> <span class='ocrx_word' id='word_1_66' title='bbox 611 1041 872 1112; x_wconf 74' lang='lat' dir='ltr'><strong>haeretici,</strong></span> <span class='ocrx_word' id='word_1_67' title='bbox 917 1056 977 1103; x_wconf 91' lang='lat' dir='ltr'><strong>ut</strong></span> <span class='ocrx_word' id='word_1_68' title='bbox 1011 1049 1066 1104; x_wconf 92' lang='lat' dir='ltr'><strong>in</strong></span> <span class='ocrx_word' id='word_1_69' title='bbox 1095 1049 1234 1106; x_wconf 87' lang='lat' dir='ltr'><strong>Isaia</strong></span> <span class='ocrx_word' id='word_1_70' title='bbox 1266 1071 1281 1108; x_wconf 87' lang='lat'><strong>:</strong></span> <span class='ocrx_word' id='word_1_71' title='bbox 1331 1073 1350 1107; x_wconf 83' lang='grc'><em>‹</em></span> <span class='ocrx_word' id='word_1_72' title='bbox 1394 1055 1462 1111; x_wconf 89' lang='grc' dir='ltr'>Ει</span> <span class='ocrx_word' id='word_1_73' title='bbox 1492 1058 1512 1078; x_wconf 83' lang='lat'>&#39;</span> <span class='ocrx_word' id='word_1_74' title='bbox 1539 1058 1732 1115; x_wconf 66' lang='lat' dir='ltr'><strong>sirenae</strong></span> 
     </span>
    </p>
   </div>
   <div class='ocr_carea' id='block_1_11' title="bbox 141 1122 1732 1210">
    <p class='ocr_par' dir='ltr' id='par_1_11' title="bbox 141 1122 1732 1210">
     <span class='ocr_line' id='line_1_11' title="bbox 141 1122 1732 1210; baseline 0.016 -30"><span class='ocrx_word' id='word_1_75' title='bbox 141 1122 204 1180; x_wconf 84' lang='lat' dir='ltr'><strong>in</strong></span> <span class='ocrx_word' id='word_1_76' title='bbox 252 1127 492 1185; x_wconf 85' lang='lat' dir='ltr'><strong>delubris</strong></span> <span class='ocrx_word' id='word_1_77' title='bbox 535 1131 566 1166; x_wconf 68' lang='lat'><strong><em>&quot;</em></strong></span> <span class='ocrx_word' id='word_1_78' title='bbox 591 1133 885 1205; x_wconf 69' lang='lat' dir='ltr'><strong>voluptatis</strong></span> <span class='ocrx_word' id='word_1_79' title='bbox 918 1137 973 1204; x_wconf 91' lang='grc'><strong>³,</strong></span> <span class='ocrx_word' id='word_1_80' title='bbox 1007 1158 1026 1192; x_wconf 75' lang='grc' dir='ltr'><strong>ι</strong></span> <span class='ocrx_word' id='word_1_81' title='bbox 1063 1141 1205 1210; x_wconf 93' lang='lat' dir='ltr'><strong>quod</strong></span> <span class='ocrx_word' id='word_1_82' title='bbox 1233 1142 1474 1201; x_wconf 69' lang='lat' dir='ltr'><strong>haeretici</strong></span> <span class='ocrx_word' id='word_1_83' title='bbox 1511 1147 1565 1202; x_wconf 91' lang='lat' dir='ltr'><strong>in</strong></span> <span class='ocrx_word' id='word_1_84' title='bbox 1603 1163 1732 1203; x_wconf 87' lang='lat' dir='ltr'><strong>con-</strong></span> 
     </span>
    </p>
   </div>
   <div class='ocr_carea' id='block_1_12' title="bbox 136 1220 770 1282">
    <p class='ocr_par' dir='ltr' id='par_1_12' title="bbox 136 1220 770 1282">
     <span class='ocr_line' id='line_1_12' title="bbox 136 1220 770 1282; baseline 0.019 -12"><span class='ocrx_word' id='word_1_85' title='bbox 136 1231 251 1273; x_wconf 86' lang='lat' dir='ltr'><strong>ven</strong></span> <span class='ocrx_word' id='word_1_86' title='bbox 261 1220 439 1276; x_wconf 83' lang='lat' dir='ltr'><strong>ticulis</strong></span> <span class='ocrx_word' id='word_1_87' title='bbox 457 1225 702 1282; x_wconf 85' lang='lat' dir='ltr'><strong>veritatis</strong></span> <span class='ocrx_word' id='word_1_88' title='bbox 732 1227 770 1282; x_wconf 76' lang='lat'><strong>‘.</strong></span> 
     </span>
    </p>
   </div>
   <div class='ocr_carea' id='block_1_13' title="bbox 219 1312 1728 1396">
    <p class='ocr_par' dir='ltr' id='par_1_13' title="bbox 219 1312 1728 1396">
     <span class='ocr_line' id='line_1_13' title="bbox 219 1312 1728 1396; baseline 0.017 -28"><span class='ocrx_word' id='word_1_89' title='bbox 219 1312 350 1370; x_wconf 75' lang='lat' dir='ltr'><strong>Sitis</strong></span> <span class='ocrx_word' id='word_1_90' title='bbox 391 1326 474 1372; x_wconf 91' lang='lat' dir='ltr'><strong>est</strong></span> <span class='ocrx_word' id='word_1_91' title='bbox 511 1319 839 1379; x_wconf 89' lang='lat' dir='ltr'><strong>desiderium</strong></span> <span class='ocrx_word' id='word_1_92' title='bbox 864 1325 1101 1396; x_wconf 90' lang='lat' dir='ltr'><strong>bonum,</strong></span> <span class='ocrx_word' id='word_1_93' title='bbox 1138 1337 1201 1385; x_wconf 93' lang='lat' dir='ltr'><strong>ut</strong></span> <span class='ocrx_word' id='word_1_94' title='bbox 1230 1331 1282 1386; x_wconf 95' lang='lat' dir='ltr'><strong>in</strong></span> <span class='ocrx_word' id='word_1_95' title='bbox 1304 1331 1534 1390; x_wconf 89' lang='lat' dir='ltr'><strong>Psalmis</strong></span> <span class='ocrx_word' id='word_1_96' title='bbox 1573 1355 1586 1391; x_wconf 89' lang='lat'><strong>:</strong></span> <span class='ocrx_word' id='word_1_97' title='bbox 1618 1356 1636 1388; x_wconf 75' lang='grc' dir='ltr'><strong>ι</strong></span> <span class='ocrx_word' id='word_1_98' title='bbox 1669 1338 1728 1393; x_wconf 91' lang='lat' dir='ltr'><strong>In</strong></span> 
     </span>
    </p>
   </div>
   <div class='ocr_carea' id='block_1_14' title="bbox 133 1405 1728 1493">
    <p class='ocr_par' dir='ltr' id='par_1_14' title="bbox 133 1405 1728 1493">
     <span class='ocr_line' id='line_1_14' title="bbox 133 1405 1728 1493; baseline 0.017 -35"><span class='ocrx_word' id='word_1_99' title='bbox 133 1405 241 1459; x_wconf 88' lang='lat' dir='ltr'><strong>siti</strong></span> <span class='ocrx_word' id='word_1_100' title='bbox 291 1423 408 1462; x_wconf 90' lang='lat' dir='ltr'><strong>mea</strong></span> <span class='ocrx_word' id='word_1_101' title='bbox 438 1407 898 1487; x_wconf 55' lang='lat' dir='ltr'><strong>potaverunt&#39;[me</strong></span> <span class='ocrx_word' id='word_1_102' title='bbox 926 1419 1104 1493; x_wconf 87' lang='lat' dir='ltr'><strong>aceto]</strong></span> <span class='ocrx_word' id='word_1_103' title='bbox 1134 1421 1178 1487; x_wconf 71' lang='grc' dir='ltr'>δ,</span> <span class='ocrx_word' id='word_1_104' title='bbox 1227 1442 1246 1475; x_wconf 88' lang='grc'><strong>›</strong></span> <span class='ocrx_word' id='word_1_105' title='bbox 1287 1425 1340 1478; x_wconf 92' lang='lat' dir='ltr'><strong>id</strong></span> <span class='ocrx_word' id='word_1_106' title='bbox 1374 1434 1488 1492; x_wconf 88' lang='grc' dir='ltr'>εει,</span> <span class='ocrx_word' id='word_1_107' title='bbox 1520 1428 1728 1486; x_wconf 86' lang='lat' dir='ltr'><strong>deside-</strong></span> 
     </span>
    </p>
   </div>
   <div class='ocr_carea' id='block_1_15' title="bbox 132 1503 1727 1586">
    <p class='ocr_par' dir='ltr' id='par_1_15' title="bbox 132 1503 1727 1586">
     <span class='ocr_line' id='line_1_15' title="bbox 132 1503 1727 1586; baseline 0.018 -38"><span class='ocrx_word' id='word_1_108' title='bbox 132 1505 362 1552; x_wconf 85' lang='lat' dir='ltr'><strong>rantem</strong></span> <span class='ocrx_word' id='word_1_109' title='bbox 391 1514 477 1554; x_wconf 90' lang='lat' dir='ltr'><strong>me</strong></span> <span class='ocrx_word' id='word_1_110' title='bbox 513 1503 740 1559; x_wconf 85' lang='lat' dir='ltr'><strong>salutem</strong></span> <span class='ocrx_word' id='word_1_111' title='bbox 777 1522 966 1563; x_wconf 89' lang='lat' dir='ltr'><strong>eorum</strong></span> <span class='ocrx_word' id='word_1_112' title='bbox 1001 1513 1366 1569; x_wconf 85' lang='lat' dir='ltr'><strong>amaritudine</strong></span> <span class='ocrx_word' id='word_1_113' title='bbox 1403 1526 1727 1586; x_wconf 86' lang='lat' dir='ltr'><strong>potaverunt</strong></span> 
     </span>
    </p>
   </div>
   <div class='ocr_carea' id='block_1_16' title="bbox 129 1589 1728 1670">
    <p class='ocr_par' dir='ltr' id='par_1_16' title="bbox 129 1589 1728 1670">
     <span class='ocr_line' id='line_1_16' title="bbox 129 1589 1728 1670; baseline 0.018 -30"><span class='ocrx_word' id='word_1_114' title='bbox 129 1603 232 1642; x_wconf 84' lang='lat' dir='ltr'><strong>me</strong></span> <span class='ocrx_word' id='word_1_115' title='bbox 272 1591 556 1660; x_wconf 83' lang='lat' dir='ltr'><strong>passionis.</strong></span> <span class='ocrx_word' id='word_1_116' title='bbox 610 1589 758 1664; x_wconf 80' lang='lat' dir='ltr'><strong>Sitis,</strong></span> <span class='ocrx_word' id='word_1_117' title='bbox 808 1601 1107 1670; x_wconf 87' lang='lat' dir='ltr'><strong>cupiditas,</strong></span> <span class='ocrx_word' id='word_1_118' title='bbox 1159 1613 1216 1658; x_wconf 88' lang='lat' dir='ltr'><strong>ut</strong></span> <span class='ocrx_word' id='word_1_119' title='bbox 1261 1607 1314 1660; x_wconf 93' lang='lat' dir='ltr'><strong>in</strong></span> <span class='ocrx_word' id='word_1_120' title='bbox 1375 1606 1476 1663; x_wconf 89' lang='lat' dir='ltr'><strong>Job</strong></span> <span class='ocrx_word' id='word_1_121' title='bbox 1522 1628 1536 1664; x_wconf 94' lang='lat'><strong>:</strong></span> <span class='ocrx_word' id='word_1_122' title='bbox 1591 1631 1610 1662; x_wconf 85' lang='grc'><strong><em>‹</em></strong></span> <span class='ocrx_word' id='word_1_123' title='bbox 1660 1613 1728 1667; x_wconf 89' lang='lat' dir='ltr'><strong>Et</strong></span> 
     </span>
    </p>
   </div>
   <div class='ocr_carea' id='block_1_17' title="bbox 131 1681 1722 1772">
    <p class='ocr_par' dir='ltr' id='par_1_17' title="bbox 131 1681 1722 1772">
     <span class='ocr_line' id='line_1_17' title="bbox 131 1681 1722 1772; baseline 0.017 -41"><span class='ocrx_word' id='word_1_124' title='bbox 131 1681 160 1700; x_wconf 84' lang='lat'><strong>&#39;</strong></span> <span class='ocrx_word' id='word_1_125' title='bbox 186 1682 414 1736; x_wconf 82' lang='lat' dir='ltr'><strong>exardet</strong></span> <span class='ocrx_word' id='word_1_126' title='bbox 437 1692 622 1739; x_wconf 91' lang='lat' dir='ltr'><strong>contra</strong></span> <span class='ocrx_word' id='word_1_127' title='bbox 649 1702 772 1742; x_wconf 91' lang='lat' dir='ltr'><strong>eum</strong></span> <span class='ocrx_word' id='word_1_128' title='bbox 799 1691 918 1745; x_wconf 90' lang='lat' dir='ltr'><strong>sitis</strong></span> <span class='ocrx_word' id='word_1_129' title='bbox 947 1693 987 1758; x_wconf 79' lang='grc'>⁸,</span> <span class='ocrx_word' id='word_1_130' title='bbox 1026 1713 1045 1745; x_wconf 75' lang='grc' dir='ltr'><strong>ι</strong></span> <span class='ocrx_word' id='word_1_131' title='bbox 1074 1696 1217 1764; x_wconf 89' lang='lat' dir='ltr'><strong>quod</strong></span> <span class='ocrx_word' id='word_1_132' title='bbox 1244 1697 1468 1767; x_wconf 90' lang='lat' dir='ltr'><strong>impium</strong></span> <span class='ocrx_word' id='word_1_133' title='bbox 1508 1702 1722 1772; x_wconf 89' lang='lat' dir='ltr'><strong>cupidi-</strong></span> 
     </span>
    </p>
   </div>
   <div class='ocr_carea' id='block_1_18' title="bbox 127 1774 1060 1849">
    <p class='ocr_par' dir='ltr' id='par_1_18' title="bbox 127 1774 1060 1849">
     <span class='ocr_line' id='line_1_18' title="bbox 127 1774 1060 1849; baseline 0.017 -26"><span class='ocrx_word' id='word_1_134' title='bbox 127 1777 226 1826; x_wconf 76' lang='lat' dir='ltr'><strong>tas</strong></span> <span class='ocrx_word' id='word_1_135' title='bbox 263 1774 434 1845; x_wconf 90' lang='lat' dir='ltr'><strong>magis</strong></span> <span class='ocrx_word' id='word_1_136' title='bbox 460 1790 524 1830; x_wconf 93' lang='lat' dir='ltr'><strong>ac</strong></span> <span class='ocrx_word' id='word_1_137' title='bbox 551 1779 719 1849; x_wconf 89' lang='lat' dir='ltr'><strong>magis</strong></span> <span class='ocrx_word' id='word_1_138' title='bbox 744 1779 1060 1840; x_wconf 81' lang='lat' dir='ltr'><strong>inﬂammat.</strong></span> 
     </span>
    </p>
   </div>
   <div class='ocr_carea' id='block_1_19' title="bbox 1839 605 3398 692">
    <p class='ocr_par' dir='ltr' id='par_1_19' title="bbox 1839 605 3398 692">
     <span class='ocr_line' id='line_1_19' title="bbox 1839 605 3398 692; baseline 0.013 -35"><span class='ocrx_word' id='word_1_139' title='bbox 1839 605 1981 659; x_wconf 88' lang='lat' dir='ltr'><strong>nitas</strong></span> <span class='ocrx_word' id='word_1_140' title='bbox 2009 607 2292 673; x_wconf 80' lang='lat' dir='ltr'><strong>habitavit,</strong></span> <span class='ocrx_word' id='word_1_141' title='bbox 2320 610 2372 662; x_wconf 90' lang='lat' dir='ltr'><strong>in</strong></span> <span class='ocrx_word' id='word_1_142' title='bbox 2398 611 2606 682; x_wconf 79' lang='lat' dir='ltr'><strong>virgine</strong></span> <span class='ocrx_word' id='word_1_143' title='bbox 2637 624 2954 684; x_wconf 89' lang='lat' dir='ltr'><strong>conceptum</strong></span> <span class='ocrx_word' id='word_1_144' title='bbox 2978 615 3100 672; x_wconf 83' lang='lat' dir='ltr'><strong>fuit.</strong></span> <span class='ocrx_word' id='word_1_145' title='bbox 3135 618 3244 686; x_wconf 81' lang='lat' dir='ltr'><strong>Sol,</strong></span> <span class='ocrx_word' id='word_1_146' title='bbox 3271 639 3398 692; x_wconf 73' lang='lat' dir='ltr'><strong>pra:-</strong></span> 
     </span>
    </p>
   </div>
   <div class='ocr_carea' id='block_1_20' title="bbox 1835 695 3404 781">
    <p class='ocr_par' dir='ltr' id='par_1_20' title="bbox 1835 695 3404 781">
     <span class='ocr_line' id='line_1_20' title="bbox 1835 695 3404 781; baseline 0.015 -33"><span class='ocrx_word' id='word_1_147' title='bbox 1835 695 2054 762; x_wconf 86' lang='lat' dir='ltr'><strong>dicatio,</strong></span> <span class='ocrx_word' id='word_1_148' title='bbox 2084 707 2142 752; x_wconf 91' lang='lat' dir='ltr'><strong>ut</strong></span> <span class='ocrx_word' id='word_1_149' title='bbox 2167 700 2220 753; x_wconf 92' lang='lat' dir='ltr'><strong>in</strong></span> <span class='ocrx_word' id='word_1_150' title='bbox 2241 699 2560 772; x_wconf 83' lang='lat' dir='ltr'><strong>Apocalypsi</strong></span> <span class='ocrx_word' id='word_1_151' title='bbox 2593 721 2605 756; x_wconf 89' lang='lat'><strong>:</strong></span> <span class='ocrx_word' id='word_1_152' title='bbox 2640 703 2762 759; x_wconf 75' lang='lat' dir='ltr'><strong>«Sol</strong></span> <span class='ocrx_word' id='word_1_153' title='bbox 2793 705 2966 761; x_wconf 79' lang='lat' dir='ltr'><strong>factus</strong></span> <span class='ocrx_word' id='word_1_154' title='bbox 2987 715 3070 764; x_wconf 88' lang='lat' dir='ltr'><strong>est</strong></span> <span class='ocrx_word' id='word_1_155' title='bbox 3094 709 3265 781; x_wconf 89' lang='lat' dir='ltr'><strong>niger,</strong></span> <span class='ocrx_word' id='word_1_156' title='bbox 3297 713 3404 770; x_wconf 91' lang='lat' dir='ltr'><strong>sic-</strong></span> 
     </span>
    </p>
   </div>
   <div class='ocr_carea' id='block_1_21' title="bbox 1833 791 3404 869">
    <p class='ocr_par' dir='ltr' id='par_1_21' title="bbox 1833 791 3404 869">
     <span class='ocr_line' id='line_1_21' title="bbox 1833 791 3404 869; baseline 0.013 -29"><span class='ocrx_word' id='word_1_157' title='bbox 1833 795 1896 840; x_wconf 89' lang='lat' dir='ltr'><strong>ut</strong></span> <span class='ocrx_word' id='word_1_158' title='bbox 1941 803 2129 844; x_wconf 90' lang='lat' dir='ltr'><strong>saccus</strong></span> <span class='ocrx_word' id='word_1_159' title='bbox 2160 791 2405 847; x_wconf 86' lang='lat' dir='ltr'><strong>cilicinus</strong></span> <span class='ocrx_word' id='word_1_160' title='bbox 2438 793 2500 858; x_wconf 80' lang='grc'>²⁰,</span> <span class='ocrx_word' id='word_1_161' title='bbox 2541 814 2558 846; x_wconf 80' lang='grc' dir='ltr'><strong>ι</strong></span> <span class='ocrx_word' id='word_1_162' title='bbox 2593 795 2735 864; x_wconf 89' lang='lat' dir='ltr'><strong>quod</strong></span> <span class='ocrx_word' id='word_1_163' title='bbox 2771 805 2956 852; x_wconf 89' lang='lat' dir='ltr'><strong>sancta</strong></span> <span class='ocrx_word' id='word_1_164' title='bbox 2979 799 3290 869; x_wconf 71' lang='lat' dir='ltr'><strong>praedicatio</strong></span> <span class='ocrx_word' id='word_1_165' title='bbox 3317 802 3404 860; x_wconf 85' lang='lat' dir='ltr'><strong>vel</strong></span> 
     </span>
    </p>
   </div>
   <div class='ocr_carea' id='block_1_22' title="bbox 1835 880 3406 960">
    <p class='ocr_par' dir='ltr' id='par_1_22' title="bbox 1835 880 3406 960">
     <span class='ocr_line' id='line_1_22' title="bbox 1835 880 3406 960; baseline 0.013 -29"><span class='ocrx_word' id='word_1_166' title='bbox 1835 880 1972 947; x_wconf 89' lang='lat' dir='ltr'><strong>apud</strong></span> <span class='ocrx_word' id='word_1_167' title='bbox 2003 881 2263 949; x_wconf 89' lang='lat' dir='ltr'><strong>quosdam</strong></span> <span class='ocrx_word' id='word_1_168' title='bbox 2299 891 2354 938; x_wconf 89' lang='lat' dir='ltr'><strong>et</strong></span> <span class='ocrx_word' id='word_1_169' title='bbox 2382 883 2723 954; x_wconf 87' lang='lat' dir='ltr'><strong>despicabilis</strong></span> <span class='ocrx_word' id='word_1_170' title='bbox 2747 887 2996 942; x_wconf 87' lang='lat' dir='ltr'><strong>habetur.</strong></span> <span class='ocrx_word' id='word_1_171' title='bbox 3033 888 3148 956; x_wconf 87' lang='grc'>801,</span> <span class='ocrx_word' id='word_1_172' title='bbox 3177 892 3406 960; x_wconf 88' lang='lat' dir='ltr'><strong>quilibet</strong></span> 
     </span>
    </p>
   </div>
   <div class='ocr_carea' id='block_1_23' title="bbox 1831 969 3404 1049">
    <p class='ocr_par' dir='ltr' id='par_1_23' title="bbox 1831 969 3404 1049">
     <span class='ocr_line' id='line_1_23' title="bbox 1831 969 3404 1049; baseline 0.013 -28"><span class='ocrx_word' id='word_1_173' title='bbox 1831 969 2177 1037; x_wconf 75' lang='lat' dir='ltr'><strong>praedicator,</strong></span> <span class='ocrx_word' id='word_1_174' title='bbox 2219 980 2285 1025; x_wconf 88' lang='lat' dir='ltr'><strong>ut</strong></span> <span class='ocrx_word' id='word_1_175' title='bbox 2312 971 2366 1026; x_wconf 92' lang='lat' dir='ltr'><strong>in</strong></span> <span class='ocrx_word' id='word_1_176' title='bbox 2392 971 2494 1030; x_wconf 91' lang='lat' dir='ltr'><strong>Job</strong></span> <span class='ocrx_word' id='word_1_177' title='bbox 2526 992 2538 1027; x_wconf 95' lang='lat'><strong>:</strong></span> <span class='ocrx_word' id='word_1_178' title='bbox 2580 993 2600 1026; x_wconf 76' lang='grc' dir='ltr'><strong>ι</strong></span> <span class='ocrx_word' id='word_1_179' title='bbox 2635 975 2738 1044; x_wconf 88' lang='lat' dir='ltr'><strong>Qui</strong></span> <span class='ocrx_word' id='word_1_180' title='bbox 2773 979 3015 1049; x_wconf 71' lang='lat' dir='ltr'><strong>prmcipit</strong></span> <span class='ocrx_word' id='word_1_181' title='bbox 3049 981 3168 1048; x_wconf 85' lang='lat' dir='ltr'><strong>soli,</strong></span> <span class='ocrx_word' id='word_1_182' title='bbox 3195 991 3250 1038; x_wconf 88' lang='lat' dir='ltr'><strong>et</strong></span> <span class='ocrx_word' id='word_1_183' title='bbox 3298 999 3404 1040; x_wconf 91' lang='lat' dir='ltr'><strong>non</strong></span> 
     </span>
    </p>
   </div>
   <div class='ocr_carea' id='block_1_24' title="bbox 1830 1061 3518 1139">
    <p class='ocr_par' dir='ltr' id='par_1_24' title="bbox 1830 1061 3518 1139">
     <span class='ocr_line' id='line_1_24' title="bbox 1830 1061 3518 1139; baseline 0.011 -26"><span class='ocrx_word' id='word_1_184' title='bbox 1830 1061 2006 1114; x_wconf 86' lang='lat' dir='ltr'><strong>oritur</strong></span> <span class='ocrx_word' id='word_1_185' title='bbox 2031 1061 2098 1127; x_wconf 86' lang='grc'>²⁰,</span> <span class='ocrx_word' id='word_1_186' title='bbox 2142 1081 2162 1114; x_wconf 75' lang='grc' dir='ltr'><strong>ι</strong></span> <span class='ocrx_word' id='word_1_187' title='bbox 2189 1063 2330 1131; x_wconf 90' lang='lat' dir='ltr'><strong>quod</strong></span> <span class='ocrx_word' id='word_1_188' title='bbox 2353 1064 2502 1134; x_wconf 87' lang='lat' dir='ltr'><strong>justo</strong></span> <span class='ocrx_word' id='word_1_189' title='bbox 2522 1065 2728 1134; x_wconf 91' lang='lat' dir='ltr'><strong>judicio</strong></span> <span class='ocrx_word' id='word_1_190' title='bbox 2761 1068 2853 1124; x_wconf 90' lang='lat' dir='ltr'><strong>Dei</strong></span> <span class='ocrx_word' id='word_1_191' title='bbox 2883 1071 3206 1139; x_wconf 69' lang='lat' dir='ltr'><strong>praedicator</strong></span> <span class='ocrx_word' id='word_1_192' title='bbox 3229 1074 3406 1132; x_wconf 86' lang='lat' dir='ltr'><strong>omnis</strong></span> <span class='ocrx_word' id='word_1_193' title='bbox 3503 1099 3518 1114; x_wconf 94' lang='lat'>-</span> 
     </span>
    </p>
   </div>
   <div class='ocr_carea' id='block_1_25' title="bbox 1831 1152 3401 1237">
    <p class='ocr_par' dir='ltr' id='par_1_25' title="bbox 1831 1152 3401 1237">
     <span class='ocr_line' id='line_1_25' title="bbox 1831 1152 3401 1237; baseline 0.01 -31"><span class='ocrx_word' id='word_1_194' title='bbox 1831 1167 1862 1206; x_wconf 89' lang='lat' dir='ltr'><strong>a</strong></span> <span class='ocrx_word' id='word_1_195' title='bbox 1895 1152 2077 1208; x_wconf 86' lang='lat' dir='ltr'><strong>Judaea</strong></span> <span class='ocrx_word' id='word_1_196' title='bbox 2107 1154 2374 1210; x_wconf 89' lang='lat' dir='ltr'><strong>discessit.</strong></span> <span class='ocrx_word' id='word_1_197' title='bbox 2415 1156 2532 1224; x_wconf 88' lang='grc'>801,</span> <span class='ocrx_word' id='word_1_198' title='bbox 2555 1159 2844 1230; x_wconf 90' lang='lat' dir='ltr'><strong>baptisma,</strong></span> <span class='ocrx_word' id='word_1_199' title='bbox 2874 1171 2934 1216; x_wconf 91' lang='lat' dir='ltr'><strong>ut</strong></span> <span class='ocrx_word' id='word_1_200' title='bbox 2963 1162 3016 1218; x_wconf 92' lang='lat' dir='ltr'><strong>in</strong></span> <span class='ocrx_word' id='word_1_201' title='bbox 3042 1164 3401 1237; x_wconf 84' lang='lat' dir='ltr'><strong>Apocalypsi:</strong></span> 
     </span>
    </p>
   </div>
   <div class='ocr_carea' id='block_1_26' title="bbox 1836 1243 3458 1313">
    <p class='ocr_par' dir='ltr' id='par_1_26' title="bbox 1836 1243 3458 1313">
     <span class='ocr_line' id='line_1_26' title="bbox 1836 1243 3458 1313; baseline 0.011 -19"><span class='ocrx_word' id='word_1_202' title='bbox 1836 1261 1855 1294; x_wconf 78' lang='grc' dir='ltr'><strong>ι</strong></span> <span class='ocrx_word' id='word_1_203' title='bbox 1895 1243 2084 1298; x_wconf 86' lang='lat' dir='ltr'><strong>Mulier</strong></span> <span class='ocrx_word' id='word_1_204' title='bbox 2111 1246 2307 1300; x_wconf 86' lang='lat' dir='ltr'><strong>amicta</strong></span> <span class='ocrx_word' id='word_1_205' title='bbox 2335 1246 2448 1300; x_wconf 92' lang='lat' dir='ltr'><strong>sole</strong></span> <span class='ocrx_word' id='word_1_206' title='bbox 2477 1248 2542 1313; x_wconf 84' lang='grc'><strong>²¹,</strong></span> <span class='ocrx_word' id='word_1_207' title='bbox 2587 1266 2607 1300; x_wconf 77' lang='grc' dir='ltr'><strong>ι</strong></span> <span class='ocrx_word' id='word_1_208' title='bbox 2647 1259 2832 1305; x_wconf 91' lang='lat' dir='ltr'><strong>sancta</strong></span> <span class='ocrx_word' id='word_1_209' title='bbox 2870 1251 3121 1308; x_wconf 90' lang='lat' dir='ltr'><strong>videlicet</strong></span> <span class='ocrx_word' id='word_1_210' title='bbox 3157 1255 3401 1312; x_wconf 85' lang='lat' dir='ltr'><strong>Ecclesia</strong></span> <span class='ocrx_word' id='word_1_211' title='bbox 3453 1243 3458 1248; x_wconf 56' lang='grc'><em>’</em></span> 
     </span>
    </p>
   </div>
   <div class='ocr_carea' id='block_1_27' title="bbox 1827 1334 3400 1415">
    <p class='ocr_par' dir='ltr' id='par_1_27' title="bbox 1827 1334 3400 1415">
     <span class='ocr_line' id='line_1_27' title="bbox 1827 1334 3400 1415; baseline 0.009 -25"><span class='ocrx_word' id='word_1_212' title='bbox 1827 1334 2082 1404; x_wconf 87' lang='lat' dir='ltr'><strong>baptismi</strong></span> <span class='ocrx_word' id='word_1_213' title='bbox 2102 1348 2330 1408; x_wconf 87' lang='lat' dir='ltr'><strong>purgata</strong></span> <span class='ocrx_word' id='word_1_214' title='bbox 2344 1339 2712 1397; x_wconf 84' lang='lat' dir='ltr'><strong>inundatione.</strong></span> <span class='ocrx_word' id='word_1_215' title='bbox 2733 1342 2849 1409; x_wconf 92' lang='grc'>801,</span> <span class='ocrx_word' id='word_1_216' title='bbox 2877 1344 3010 1400; x_wconf 89' lang='lat' dir='ltr'><strong>ordo</strong></span> <span class='ocrx_word' id='word_1_217' title='bbox 3031 1347 3400 1415; x_wconf 85' lang='lat' dir='ltr'><strong>sacerdotalis,</strong></span> 
     </span>
    </p>
   </div>
   <div class='ocr_carea' id='block_1_28' title="bbox 1827 1427 3404 1512">
    <p class='ocr_par' dir='ltr' id='par_1_28' title="bbox 1827 1427 3404 1512">
     <span class='ocr_line' id='line_1_28' title="bbox 1827 1427 3404 1512; baseline 0.011 -32"><span class='ocrx_word' id='word_1_218' title='bbox 1827 1427 1963 1480; x_wconf 91' lang='lat' dir='ltr'><strong>utin</strong></span> <span class='ocrx_word' id='word_1_219' title='bbox 1990 1429 2220 1484; x_wconf 87' lang='lat' dir='ltr'><strong>Psalmis</strong></span> <span class='ocrx_word' id='word_1_220' title='bbox 2247 1448 2259 1484; x_wconf 95' lang='lat'><strong>:</strong></span> <span class='ocrx_word' id='word_1_221' title='bbox 2294 1450 2312 1482; x_wconf 81' lang='grc' dir='ltr'><strong>ι</strong></span> <span class='ocrx_word' id='word_1_222' title='bbox 2346 1430 2526 1488; x_wconf 91' lang='lat' dir='ltr'><strong>Solem</strong></span> <span class='ocrx_word' id='word_1_223' title='bbox 2549 1433 2602 1488; x_wconf 91' lang='lat' dir='ltr'><strong>in</strong></span> <span class='ocrx_word' id='word_1_224' title='bbox 2628 1443 2953 1505; x_wconf 86' lang='lat' dir='ltr'><strong>potestatem</strong></span> <span class='ocrx_word' id='word_1_225' title='bbox 2981 1439 3086 1494; x_wconf 91' lang='lat' dir='ltr'><strong>diei</strong></span> <span class='ocrx_word' id='word_1_226' title='bbox 3112 1441 3178 1506; x_wconf 85' lang='grc'><strong>²²,</strong></span> <span class='ocrx_word' id='word_1_227' title='bbox 3209 1461 3228 1492; x_wconf 78' lang='grc' dir='ltr'><strong>ι</strong></span> <span class='ocrx_word' id='word_1_228' title='bbox 3259 1441 3404 1512; x_wconf 90' lang='lat' dir='ltr'><strong>quod</strong></span> 
     </span>
    </p>
   </div>
   <div class='ocr_carea' id='block_1_29' title="bbox 1826 1519 3400 1598">
    <p class='ocr_par' dir='ltr' id='par_1_29' title="bbox 1826 1519 3400 1598">
     <span class='ocr_line' id='line_1_29' title="bbox 1826 1519 3400 1598; baseline 0.007 -26"><span class='ocrx_word' id='word_1_229' title='bbox 1826 1519 2088 1576; x_wconf 86' lang='lat' dir='ltr'><strong>Dominus</strong></span> <span class='ocrx_word' id='word_1_230' title='bbox 2110 1537 2294 1592; x_wconf 90' lang='lat' dir='ltr'><strong>peram</strong></span> <span class='ocrx_word' id='word_1_231' title='bbox 2317 1524 2709 1580; x_wconf 87' lang='lat' dir='ltr'><strong>sacerdotalem</strong></span> <span class='ocrx_word' id='word_1_232' title='bbox 2738 1526 2952 1584; x_wconf 87' lang='lat' dir='ltr'><strong>clericis</strong></span> <span class='ocrx_word' id='word_1_233' title='bbox 2980 1530 3254 1598; x_wconf 90' lang='lat' dir='ltr'><strong>imposuit.</strong></span> <span class='ocrx_word' id='word_1_234' title='bbox 3285 1530 3400 1597; x_wconf 91' lang='grc'>801,</span> 
     </span>
    </p>
   </div>
   <div class='ocr_carea' id='block_1_30' title="bbox 1824 1609 3403 1690">
    <p class='ocr_par' dir='ltr' id='par_1_30' title="bbox 1824 1609 3403 1690">
     <span class='ocr_line' id='line_1_30' title="bbox 1824 1609 3403 1690; baseline 0.009 -27"><span class='ocrx_word' id='word_1_235' title='bbox 1824 1609 2050 1679; x_wconf 90' lang='lat' dir='ltr'><strong>quilibet</strong></span> <span class='ocrx_word' id='word_1_236' title='bbox 2091 1613 2340 1682; x_wconf 88' lang='lat' dir='ltr'><strong>sapiens,</strong></span> <span class='ocrx_word' id='word_1_237' title='bbox 2393 1621 2456 1669; x_wconf 91' lang='lat' dir='ltr'><strong>ut</strong></span> <span class='ocrx_word' id='word_1_238' title='bbox 2499 1615 2554 1670; x_wconf 91' lang='lat' dir='ltr'><strong>in</strong></span> <span class='ocrx_word' id='word_1_239' title='bbox 2587 1617 2965 1690; x_wconf 87' lang='lat' dir='ltr'><strong>Ecclesiastico</strong></span> <span class='ocrx_word' id='word_1_240' title='bbox 2996 1636 3010 1673; x_wconf 96' lang='lat'><strong>:</strong></span> <span class='ocrx_word' id='word_1_241' title='bbox 3046 1621 3062 1639; x_wconf 80' lang='lat'>&#39;</span> <span class='ocrx_word' id='word_1_242' title='bbox 3112 1638 3130 1671; x_wconf 79' lang='grc' dir='ltr'><strong>ι</strong></span> <span class='ocrx_word' id='word_1_243' title='bbox 3179 1619 3403 1690; x_wconf 85' lang='lat' dir='ltr'><strong>Sapiens</strong></span> 
     </span>
    </p>
   </div>
   <div class='ocr_carea' id='block_1_31' title="bbox 1823 1706 3402 1781">
    <p class='ocr_par' dir='ltr' id='par_1_31' title="bbox 1823 1706 3402 1781">
     <span class='ocr_line' id='line_1_31' title="bbox 1823 1706 3402 1781; baseline 0.005 -23"><span class='ocrx_word' id='word_1_244' title='bbox 1823 1713 2110 1772; x_wconf 90' lang='lat' dir='ltr'><strong>permanet</strong></span> <span class='ocrx_word' id='word_1_245' title='bbox 2139 1713 2200 1758; x_wconf 92' lang='lat' dir='ltr'><strong>ut</strong></span> <span class='ocrx_word' id='word_1_246' title='bbox 2227 1706 2308 1760; x_wconf 91' lang='lat' dir='ltr'><strong>sol</strong></span> <span class='ocrx_word' id='word_1_247' title='bbox 2349 1706 2417 1773; x_wconf 80' lang='grc'>’³,</span> <span class='ocrx_word' id='word_1_248' title='bbox 2457 1727 2475 1760; x_wconf 76' lang='grc' dir='ltr'><strong>ι</strong></span> <span class='ocrx_word' id='word_1_249' title='bbox 2509 1708 2562 1764; x_wconf 91' lang='lat' dir='ltr'><strong>id</strong></span> <span class='ocrx_word' id='word_1_250' title='bbox 2596 1717 2699 1772; x_wconf 88' lang='lat' dir='ltr'><strong>est,</strong></span> <span class='ocrx_word' id='word_1_251' title='bbox 2741 1710 2797 1762; x_wconf 91' lang='lat' dir='ltr'><strong>in</strong></span> <span class='ocrx_word' id='word_1_252' title='bbox 2841 1709 3088 1764; x_wconf 88' lang='lat' dir='ltr'><strong>claritate</strong></span> <span class='ocrx_word' id='word_1_253' title='bbox 3123 1710 3402 1781; x_wconf 77' lang='lat' dir='ltr'><strong>sapientia:</strong></span> 
     </span>
    </p>
   </div>
   <div class='ocr_carea' id='block_1_32' title="bbox 1829 1796 3400 1869">
    <p class='ocr_par' dir='ltr' id='par_1_32' title="bbox 1829 1796 3400 1869">
     <span class='ocr_line' id='line_1_32' title="bbox 1829 1796 3400 1869; baseline 0.006 -19"><span class='ocrx_word' id='word_1_254' title='bbox 1829 1810 1942 1850; x_wconf 73' lang='lat' dir='ltr'><strong>sua:</strong></span> <span class='ocrx_word' id='word_1_255' title='bbox 1961 1804 2289 1866; x_wconf 85' lang='lat' dir='ltr'><strong>perseverat.</strong></span> <span class='ocrx_word' id='word_1_256' title='bbox 2316 1796 2432 1864; x_wconf 87' lang='lat' dir='ltr'><strong>Sol,</strong></span> <span class='ocrx_word' id='word_1_257' title='bbox 2458 1799 2718 1866; x_wconf 75' lang='lat' dir='ltr'><strong>Charitas,</strong></span> <span class='ocrx_word' id='word_1_258' title='bbox 2745 1807 2804 1854; x_wconf 91' lang='lat' dir='ltr'><strong>ut</strong></span> <span class='ocrx_word' id='word_1_259' title='bbox 2823 1800 2878 1855; x_wconf 92' lang='lat' dir='ltr'><strong>in</strong></span> <span class='ocrx_word' id='word_1_260' title='bbox 2901 1799 3125 1856; x_wconf 87' lang='lat' dir='ltr'><strong>Cantico</strong></span> <span class='ocrx_word' id='word_1_261' title='bbox 3155 1821 3166 1854; x_wconf 89' lang='lat'><strong>:</strong></span> <span class='ocrx_word' id='word_1_262' title='bbox 3199 1819 3217 1852; x_wconf 78' lang='grc' dir='ltr'><strong>ι</strong></span> <span class='ocrx_word' id='word_1_263' title='bbox 3245 1800 3400 1869; x_wconf 84' lang='lat' dir='ltr'><strong>Quod</strong></span> 
     </span>
    </p>
   </div>
   <div class='ocr_carea' id='block_1_33' title="bbox 213 1863 3398 1960">
    <p class='ocr_par' dir='ltr' id='par_1_33' title="bbox 213 1863 3398 1960">
     <span class='ocr_line' id='line_1_33' title="bbox 213 1863 3398 1960; baseline 0.008 -40"><span class='ocrx_word' id='word_1_264' title='bbox 213 1865 426 1937; x_wconf 83' lang='lat' dir='ltr'><strong>Stipula</strong></span> <span class='ocrx_word' id='word_1_265' title='bbox 474 1879 557 1925; x_wconf 91' lang='lat' dir='ltr'><strong>est</strong></span> <span class='ocrx_word' id='word_1_266' title='bbox 603 1872 888 1931; x_wconf 80' lang='lat' dir='ltr'><strong>inﬁrmitas</strong></span> <span class='ocrx_word' id='word_1_267' title='bbox 924 1878 1182 1945; x_wconf 89' lang='lat' dir='ltr'><strong>hominis,</strong></span> <span class='ocrx_word' id='word_1_268' title='bbox 1215 1887 1275 1934; x_wconf 88' lang='lat' dir='ltr'><strong>ut</strong></span> <span class='ocrx_word' id='word_1_269' title='bbox 1317 1881 1372 1936; x_wconf 88' lang='lat' dir='ltr'><strong>in</strong></span> <span class='ocrx_word' id='word_1_270' title='bbox 1405 1880 1507 1939; x_wconf 84' lang='lat' dir='ltr'><strong>Job</strong></span> <span class='ocrx_word' id='word_1_271' title='bbox 1538 1901 1552 1937; x_wconf 91' lang='lat'><strong>:</strong></span> <span class='ocrx_word' id='word_1_272' title='bbox 1586 1904 1604 1936; x_wconf 87' lang='grc'><em>‹</em></span> <span class='ocrx_word' id='word_1_273' title='bbox 1655 1885 1724 1941; x_wconf 87' lang='grc' dir='ltr'>Ει</span> <span class='ocrx_word' id='word_1_274' title='bbox 1747 1863 1796 1923; x_wconf 80' lang='grc' dir='ltr'><strong>Β</strong></span> <span class='ocrx_word' id='word_1_275' title='bbox 1825 1884 1844 1904; x_wconf 77' lang='grc'><strong>’⁸</strong></span> <span class='ocrx_word' id='word_1_276' title='bbox 1869 1863 2148 1939; x_wconf 77' lang='lat' dir='ltr'><strong>decoravit</strong></span> <span class='ocrx_word' id='word_1_277' title='bbox 2195 1887 2278 1941; x_wconf 91' lang='lat' dir='ltr'><strong>sol</strong></span> <span class='ocrx_word' id='word_1_278' title='bbox 2321 1863 2510 1954; x_wconf 76' lang='lat' dir='ltr'><strong>me“,</strong></span> <span class='ocrx_word' id='word_1_279' title='bbox 2564 1908 2582 1940; x_wconf 73' lang='grc' dir='ltr'><strong>ι</strong></span> <span class='ocrx_word' id='word_1_280' title='bbox 2616 1863 2807 1956; x_wconf 86' lang='lat' dir='ltr'><strong>idest,</strong></span> <span class='ocrx_word' id='word_1_281' title='bbox 2839 1891 2980 1960; x_wconf 92' lang='lat' dir='ltr'><strong>quod</strong></span> <span class='ocrx_word' id='word_1_282' title='bbox 3030 1889 3226 1945; x_wconf 84' lang='lat' dir='ltr'><strong>alllicta</strong></span> <span class='ocrx_word' id='word_1_283' title='bbox 3254 1863 3398 1958; x_wconf 71' lang='lat' dir='ltr'><strong>sum,</strong></span> 
     </span>
    </p>
   </div>
   <div class='ocr_carea' id='block_1_34' title="bbox 127 1955 1723 2046">
    <p class='ocr_par' dir='ltr' id='par_1_34' title="bbox 127 1955 1723 2046">
     <span class='ocr_line' id='line_1_34' title="bbox 127 1955 1723 2046; baseline 0.014 -38"><span class='ocrx_word' id='word_1_284' title='bbox 127 1955 396 2027; x_wconf 86' lang='lat' dir='ltr'><strong>stipulam</strong></span> <span class='ocrx_word' id='word_1_285' title='bbox 427 1959 625 2016; x_wconf 88' lang='lat' dir='ltr'><strong>siccam</strong></span> <span class='ocrx_word' id='word_1_286' title='bbox 659 1969 1002 2036; x_wconf 89' lang='lat' dir='ltr'><strong>persequeris</strong></span> <span class='ocrx_word' id='word_1_287' title='bbox 1041 1969 1082 2034; x_wconf 72' lang='grc'><strong>⁸,</strong></span> <span class='ocrx_word' id='word_1_288' title='bbox 1129 1990 1148 2020; x_wconf 78' lang='grc' dir='ltr'><strong>ι</strong></span> <span class='ocrx_word' id='word_1_289' title='bbox 1181 1970 1234 2026; x_wconf 89' lang='lat' dir='ltr'><strong>id</strong></span> <span class='ocrx_word' id='word_1_290' title='bbox 1260 1980 1346 2027; x_wconf 85' lang='lat' dir='ltr'><strong>est</strong></span> <span class='ocrx_word' id='word_1_291' title='bbox 1369 1971 1614 2046; x_wconf 76' lang='lat' dir='ltr'><strong>fragilem</strong></span> <span class='ocrx_word' id='word_1_292' title='bbox 1640 1975 1723 2030; x_wconf 88' lang='lat' dir='ltr'><strong>in-</strong></span> 
     </span>
    </p>
   </div>
   <div class='ocr_carea' id='block_1_35' title="bbox 123 2048 1717 2136">
    <p class='ocr_par' dir='ltr' id='par_1_35' title="bbox 123 2048 1717 2136">
     <span class='ocr_line' id='line_1_35' title="bbox 123 2048 1717 2136; baseline 0.013 -35"><span class='ocrx_word' id='word_1_293' title='bbox 123 2048 454 2106; x_wconf 78' lang='lat' dir='ltr'><strong>ﬁrmitatem</strong></span> <span class='ocrx_word' id='word_1_294' title='bbox 490 2069 662 2108; x_wconf 89' lang='lat' dir='ltr'><strong>meam</strong></span> <span class='ocrx_word' id='word_1_295' title='bbox 702 2059 1088 2115; x_wconf 90' lang='lat' dir='ltr'><strong>tentationibus</strong></span> <span class='ocrx_word' id='word_1_296' title='bbox 1126 2065 1452 2132; x_wconf 87' lang='lat' dir='ltr'><strong>aggrederis.</strong></span> <span class='ocrx_word' id='word_1_297' title='bbox 1488 2064 1717 2136; x_wconf 79' lang='lat' dir='ltr'><strong>Stipula,</strong></span> 
     </span>
    </p>
   </div>
   <div class='ocr_carea' id='block_1_36' title="bbox 121 2139 1718 2224">
    <p class='ocr_par' dir='ltr' id='par_1_36' title="bbox 121 2139 1718 2224">
     <span class='ocr_line' id='line_1_36' title="bbox 121 2139 1718 2224; baseline 0.011 -32"><span class='ocrx_word' id='word_1_298' title='bbox 121 2153 296 2194; x_wconf 88' lang='lat' dir='ltr'><strong>mens</strong></span> <span class='ocrx_word' id='word_1_299' title='bbox 317 2139 586 2198; x_wconf 89' lang='lat' dir='ltr'><strong>instabilis</strong></span> <span class='ocrx_word' id='word_1_300' title='bbox 607 2184 621 2209; x_wconf 91' lang='lat'><strong>,</strong></span> <span class='ocrx_word' id='word_1_301' title='bbox 665 2153 727 2199; x_wconf 94' lang='lat' dir='ltr'><strong>ut</strong></span> <span class='ocrx_word' id='word_1_302' title='bbox 753 2145 809 2200; x_wconf 90' lang='lat' dir='ltr'><strong>in</strong></span> <span class='ocrx_word' id='word_1_303' title='bbox 845 2147 1112 2204; x_wconf 90' lang='lat' dir='ltr'><strong>Psalmis:</strong></span> <span class='ocrx_word' id='word_1_304' title='bbox 1151 2169 1169 2201; x_wconf 78' lang='grc' dir='ltr'><strong>ι</strong></span> <span class='ocrx_word' id='word_1_305' title='bbox 1199 2151 1265 2206; x_wconf 85' lang='grc' dir='ltr'>Ει</span> <span class='ocrx_word' id='word_1_306' title='bbox 1300 2152 1442 2208; x_wconf 88' lang='lat' dir='ltr'><strong>sicut</strong></span> <span class='ocrx_word' id='word_1_307' title='bbox 1467 2155 1718 2224; x_wconf 88' lang='lat' dir='ltr'><strong>stipulam</strong></span> 
     </span>
    </p>
   </div>
   <div class='ocr_carea' id='block_1_37' title="bbox 123 2231 1719 2310">
    <p class='ocr_par' dir='ltr' id='par_1_37' title="bbox 123 2231 1719 2310">
     <span class='ocr_line' id='line_1_37' title="bbox 123 2231 1719 2310; baseline 0.013 -25"><span class='ocrx_word' id='word_1_308' title='bbox 123 2240 272 2286; x_wconf 81' lang='lat' dir='ltr'><strong>ante</strong></span> <span class='ocrx_word' id='word_1_309' title='bbox 318 2231 511 2289; x_wconf 79' lang='lat' dir='ltr'><strong>faciem</strong></span> <span class='ocrx_word' id='word_1_310' title='bbox 559 2237 710 2291; x_wconf 88' lang='lat' dir='ltr'><strong>venit</strong></span> <span class='ocrx_word' id='word_1_311' title='bbox 753 2239 810 2304; x_wconf 87' lang='lat'><strong>&quot;,</strong></span> <span class='ocrx_word' id='word_1_312' title='bbox 867 2259 885 2293; x_wconf 80' lang='grc' dir='ltr'><strong>ι</strong></span> <span class='ocrx_word' id='word_1_313' title='bbox 941 2243 1083 2310; x_wconf 92' lang='lat' dir='ltr'><strong>quod</strong></span> <span class='ocrx_word' id='word_1_314' title='bbox 1122 2253 1360 2300; x_wconf 88' lang='lat' dir='ltr'><strong>mentem</strong></span> <span class='ocrx_word' id='word_1_315' title='bbox 1414 2247 1719 2305; x_wconf 88' lang='lat' dir='ltr'><strong>instabilem</strong></span> 
     </span>
    </p>
   </div>
   <div class='ocr_carea' id='block_1_38' title="bbox 123 2323 1719 2406">
    <p class='ocr_par' dir='ltr' id='par_1_38' title="bbox 123 2323 1719 2406">
     <span class='ocr_line' id='line_1_38' title="bbox 123 2323 1719 2406; baseline 0.013 -30"><span class='ocrx_word' id='word_1_316' title='bbox 123 2323 302 2380; x_wconf 81' lang='lat' dir='ltr'><strong>ﬂatus</strong></span> <span class='ocrx_word' id='word_1_317' title='bbox 331 2326 434 2382; x_wconf 88' lang='lat' dir='ltr'><strong>huc</strong></span> <span class='ocrx_word' id='word_1_318' title='bbox 463 2328 695 2398; x_wconf 89' lang='lat' dir='ltr'><strong>illucque</strong></span> <span class='ocrx_word' id='word_1_319' title='bbox 730 2333 1043 2389; x_wconf 89' lang='lat' dir='ltr'><strong>tentationis</strong></span> <span class='ocrx_word' id='word_1_320' title='bbox 1070 2336 1316 2405; x_wconf 90' lang='lat' dir='ltr'><strong>impellit.</strong></span> <span class='ocrx_word' id='word_1_321' title='bbox 1355 2337 1598 2406; x_wconf 74' lang='lat' dir='ltr'><strong>Stipttla,</strong></span> <span class='ocrx_word' id='word_1_322' title='bbox 1634 2357 1719 2398; x_wconf 90' lang='lat' dir='ltr'><strong>re-</strong></span> 
     </span>
    </p>
   </div>
   <div class='ocr_carea' id='block_1_39' title="bbox 129 2415 1719 2492">
    <p class='ocr_par' dir='ltr' id='par_1_39' title="bbox 129 2415 1719 2492">
     <span class='ocr_line' id='line_1_39' title="bbox 129 2415 1719 2492; baseline 0.014 -26"><span class='ocrx_word' id='word_1_323' title='bbox 129 2415 320 2483; x_wconf 87' lang='lat' dir='ltr'><strong>probi,</strong></span> <span class='ocrx_word' id='word_1_324' title='bbox 357 2425 414 2470; x_wconf 90' lang='lat' dir='ltr'><strong>ut</strong></span> <span class='ocrx_word' id='word_1_325' title='bbox 443 2419 713 2474; x_wconf 89' lang='lat' dir='ltr'><strong>canticum</strong></span> <span class='ocrx_word' id='word_1_326' title='bbox 753 2421 922 2478; x_wconf 82' lang='lat' dir='ltr'><strong>Exodi</strong></span> <span class='ocrx_word' id='word_1_327' title='bbox 951 2442 963 2477; x_wconf 94' lang='lat'><strong>:</strong></span> <span class='ocrx_word' id='word_1_328' title='bbox 999 2442 1018 2475; x_wconf 76' lang='grc' dir='ltr'><strong>ι</strong></span> <span class='ocrx_word' id='word_1_329' title='bbox 1045 2425 1176 2492; x_wconf 68' lang='lat' dir='ltr'><strong>Quae</strong></span> <span class='ocrx_word' id='word_1_330' title='bbox 1209 2429 1484 2483; x_wconf 87' lang='lat' dir='ltr'><strong>devoravit</strong></span> <span class='ocrx_word' id='word_1_331' title='bbox 1501 2445 1594 2486; x_wconf 90' lang='lat' dir='ltr'><strong>eos</strong></span> <span class='ocrx_word' id='word_1_332' title='bbox 1611 2433 1719 2488; x_wconf 93' lang='lat' dir='ltr'><strong>sic-</strong></span> 
     </span>
    </p>
   </div>
   <div class='ocr_carea' id='block_1_40' title="bbox 121 2512 1719 2590">
    <p class='ocr_par' dir='ltr' id='par_1_40' title="bbox 121 2512 1719 2590">
     <span class='ocr_line' id='line_1_40' title="bbox 121 2512 1719 2590; baseline 0.014 -28"><span class='ocrx_word' id='word_1_333' title='bbox 121 2519 198 2563; x_wconf 87' lang='lat' dir='ltr'><strong>ut</strong></span> <span class='ocrx_word' id='word_1_334' title='bbox 242 2512 495 2581; x_wconf 89' lang='lat' dir='ltr'><strong>stipulam</strong></span> <span class='ocrx_word' id='word_1_335' title='bbox 541 2514 594 2580; x_wconf 66' lang='lat'><strong>3,</strong></span> <span class='ocrx_word' id='word_1_336' title='bbox 632 2533 650 2565; x_wconf 86' lang='grc'><strong>›</strong></span> <span class='ocrx_word' id='word_1_337' title='bbox 684 2517 829 2586; x_wconf 90' lang='lat' dir='ltr'><strong>quod</strong></span> <span class='ocrx_word' id='word_1_338' title='bbox 865 2519 881 2537; x_wconf 83' lang='grc'>⁶</span> <span class='ocrx_word' id='word_1_339' title='bbox 911 2518 1004 2573; x_wconf 88' lang='lat' dir='ltr'><strong>Dei</strong></span> <span class='ocrx_word' id='word_1_340' title='bbox 1035 2520 1294 2590; x_wconf 91' lang='lat' dir='ltr'><strong>reprobos</strong></span> <span class='ocrx_word' id='word_1_341' title='bbox 1325 2530 1381 2576; x_wconf 88' lang='lat' dir='ltr'><strong>et</strong></span> <span class='ocrx_word' id='word_1_342' title='bbox 1421 2524 1603 2580; x_wconf 90' lang='lat' dir='ltr'><strong>aridos</strong></span> <span class='ocrx_word' id='word_1_343' title='bbox 1642 2526 1719 2583; x_wconf 83' lang='lat' dir='ltr'><strong>le-</strong></span> 
     </span>
    </p>
   </div>
   <div class='ocr_carea' id='block_1_41' title="bbox 121 2608 712 2674">
    <p class='ocr_par' dir='ltr' id='par_1_41' title="bbox 121 2608 712 2674">
     <span class='ocr_line' id='line_1_41' title="bbox 121 2608 712 2674; baseline 0.014 -19"><span class='ocrx_word' id='word_1_344' title='bbox 121 2619 340 2674; x_wconf 75' lang='lat' dir='ltr'><strong>vesque</strong></span> <span class='ocrx_word' id='word_1_345' title='bbox 365 2608 712 2663; x_wconf 88' lang='lat' dir='ltr'><strong>condemnat.</strong></span> 
     </span>
    </p>
   </div>
   <div class='ocr_carea' id='block_1_42' title="bbox 109 2699 1710 2777">
    <p class='ocr_par' dir='ltr' id='par_1_42' title="bbox 109 2699 1710 2777">
     <span class='ocr_line' id='line_1_42' title="bbox 109 2699 1710 2777; baseline 0.008 -24"><span class='ocrx_word' id='word_1_346' title='bbox 109 2719 114 2722; x_wconf 94' lang='grc'>·</span> <span class='ocrx_word' id='word_1_347' title='bbox 209 2699 386 2754; x_wconf 83' lang='lat' dir='ltr'><strong>Stillio</strong></span> <span class='ocrx_word' id='word_1_348' title='bbox 435 2709 518 2757; x_wconf 90' lang='lat' dir='ltr'><strong>est</strong></span> <span class='ocrx_word' id='word_1_349' title='bbox 566 2704 793 2772; x_wconf 89' lang='lat' dir='ltr'><strong>quilibet</strong></span> <span class='ocrx_word' id='word_1_350' title='bbox 844 2705 1107 2777; x_wconf 82' lang='lat' dir='ltr'><strong>simplex,</strong></span> <span class='ocrx_word' id='word_1_351' title='bbox 1157 2716 1219 2763; x_wconf 94' lang='grc' dir='ltr'><strong>ιιι</strong></span> <span class='ocrx_word' id='word_1_352' title='bbox 1277 2709 1710 2768; x_wconf 79' lang='lat' dir='ltr'><strong>in&#39;Parabolis:</strong></span> 
     </span>
    </p>
   </div>
   <div class='ocr_carea' id='block_1_43' title="bbox 129 2790 1718 2878">
    <p class='ocr_par' dir='ltr' id='par_1_43' title="bbox 129 2790 1718 2878">
     <span class='ocr_line' id='line_1_43' title="bbox 129 2790 1718 2878; baseline 0.013 -35"><span class='ocrx_word' id='word_1_353' title='bbox 129 2810 160 2842; x_wconf 74' lang='grc' dir='ltr'><strong>ι’</strong></span> <span class='ocrx_word' id='word_1_354' title='bbox 199 2790 377 2858; x_wconf 86' lang='lat' dir='ltr'><strong>Stillio</strong></span> <span class='ocrx_word' id='word_1_355' title='bbox 405 2797 654 2852; x_wconf 88' lang='lat' dir='ltr'><strong>manibus</strong></span> <span class='ocrx_word' id='word_1_356' title='bbox 698 2798 892 2854; x_wconf 90' lang='lat' dir='ltr'><strong>nititur</strong></span> <span class='ocrx_word' id='word_1_357' title='bbox 937 2799 981 2866; x_wconf 76' lang='grc'><strong>³,</strong></span> <span class='ocrx_word' id='word_1_358' title='bbox 1017 2818 1037 2851; x_wconf 77' lang='grc' dir='ltr'><strong>ι</strong></span> <span class='ocrx_word' id='word_1_359' title='bbox 1067 2801 1212 2872; x_wconf 90' lang='lat' dir='ltr'><strong>quod</strong></span> <span class='ocrx_word' id='word_1_360' title='bbox 1238 2803 1466 2875; x_wconf 80' lang='lat' dir='ltr'><strong>simplex</strong></span> <span class='ocrx_word' id='word_1_361' title='bbox 1493 2807 1718 2878; x_wconf 87' lang='lat' dir='ltr'><strong>quilibet</strong></span> 
     </span>
    </p>
   </div>
   <div class='ocr_carea' id='block_1_44' title="bbox 119 2886 932 2958">
    <p class='ocr_par' dir='ltr' id='par_1_44' title="bbox 119 2886 932 2958">
     <span class='ocr_line' id='line_1_44' title="bbox 119 2886 932 2958; baseline 0.009 -17"><span class='ocrx_word' id='word_1_362' title='bbox 119 2886 294 2941; x_wconf 79' lang='lat' dir='ltr'><strong>bonis</strong></span> <span class='ocrx_word' id='word_1_363' title='bbox 322 2889 576 2958; x_wconf 84' lang='lat' dir='ltr'><strong>cperihus</strong></span> <span class='ocrx_word' id='word_1_364' title='bbox 610 2891 626 2912; x_wconf 78' lang='lat'><strong>‘</strong></span> <span class='ocrx_word' id='word_1_365' title='bbox 666 2893 932 2947; x_wconf 86' lang='lat' dir='ltr'><strong>vincetur.</strong></span> 
     </span>
    </p>
   </div>
   <div class='ocr_carea' id='block_1_45' title="bbox 208 2977 1715 3054">
    <p class='ocr_par' dir='ltr' id='par_1_45' title="bbox 208 2977 1715 3054">
     <span class='ocr_line' id='line_1_45' title="bbox 208 2977 1715 3054; baseline 0.011 -21"><span class='ocrx_word' id='word_1_366' title='bbox 208 2977 376 3034; x_wconf 79' lang='lat' dir='ltr'><strong>Stilus</strong></span> <span class='ocrx_word' id='word_1_367' title='bbox 409 2991 490 3036; x_wconf 90' lang='lat' dir='ltr'><strong>est</strong></span> <span class='ocrx_word' id='word_1_368' title='bbox 527 2981 682 3039; x_wconf 78' lang='lat' dir='ltr'><strong>fortis</strong></span> <span class='ocrx_word' id='word_1_369' title='bbox 708 2984 803 3039; x_wconf 93' lang='lat' dir='ltr'><strong>Dei</strong></span> <span class='ocrx_word' id='word_1_370' title='bbox 843 2988 1143 3054; x_wconf 89' lang='lat' dir='ltr'><strong>sententia,</strong></span> <span class='ocrx_word' id='word_1_371' title='bbox 1191 2998 1252 3044; x_wconf 88' lang='lat' dir='ltr'><strong>ut</strong></span> <span class='ocrx_word' id='word_1_372' title='bbox 1288 2990 1341 3044; x_wconf 92' lang='lat' dir='ltr'><strong>in</strong></span> <span class='ocrx_word' id='word_1_373' title='bbox 1371 2988 1472 3047; x_wconf 90' lang='lat' dir='ltr'><strong>Job</strong></span> <span class='ocrx_word' id='word_1_374' title='bbox 1509 3007 1524 3046; x_wconf 95' lang='lat'><strong>:</strong></span> <span class='ocrx_word' id='word_1_375' title='bbox 1574 3013 1592 3043; x_wconf 75' lang='grc' dir='ltr'><strong>ι</strong></span> <span class='ocrx_word' id='word_1_376' title='bbox 1644 2991 1715 3050; x_wconf 90' lang='lat' dir='ltr'><strong>Ut</strong></span> 
     </span>
    </p>
   </div>
   <div class='ocr_carea' id='block_1_46' title="bbox 119 3074 1713 3152">
    <p class='ocr_par' dir='ltr' id='par_1_46' title="bbox 119 3074 1713 3152">
     <span class='ocr_line' id='line_1_46' title="bbox 119 3074 1713 3152; baseline 0.009 -27"><span class='ocrx_word' id='word_1_377' title='bbox 119 3081 430 3127; x_wconf 77' lang='lat' dir='ltr'><strong>exarentur</strong></span> <span class='ocrx_word' id='word_1_378' title='bbox 478 3074 530 3127; x_wconf 91' lang='lat' dir='ltr'><strong>in</strong></span> <span class='ocrx_word' id='word_1_379' title='bbox 578 3074 714 3130; x_wconf 91' lang='lat' dir='ltr'><strong>hbro</strong></span> <span class='ocrx_word' id='word_1_380' title='bbox 761 3079 778 3096; x_wconf 85' lang='lat'><strong>&#39;</strong></span> <span class='ocrx_word' id='word_1_381' title='bbox 821 3077 958 3148; x_wconf 90' lang='lat' dir='ltr'><strong>stylo</strong></span> <span class='ocrx_word' id='word_1_382' title='bbox 989 3077 1168 3136; x_wconf 85' lang='lat' dir='ltr'><strong>ferreo</strong></span> <span class='ocrx_word' id='word_1_383' title='bbox 1204 3081 1268 3146; x_wconf 73' lang='grc' dir='ltr'>ιθ,</span> <span class='ocrx_word' id='word_1_384' title='bbox 1319 3100 1338 3133; x_wconf 75' lang='grc' dir='ltr'><strong>ι</strong></span> <span class='ocrx_word' id='word_1_385' title='bbox 1377 3083 1518 3152; x_wconf 92' lang='lat' dir='ltr'><strong>quod</strong></span> <span class='ocrx_word' id='word_1_386' title='bbox 1549 3083 1713 3140; x_wconf 89' lang='lat' dir='ltr'><strong>verba</strong></span> 
     </span>
    </p>
   </div>
   <div class='ocr_carea' id='block_1_47' title="bbox 121 3161 1714 3244">
    <p class='ocr_par' dir='ltr' id='par_1_47' title="bbox 121 3161 1714 3244">
     <span class='ocr_line' id='line_1_47' title="bbox 121 3161 1714 3244; baseline 0.009 -30"><span class='ocrx_word' id='word_1_387' title='bbox 121 3162 231 3216; x_wconf 84' lang='lat' dir='ltr'><strong>Dei</strong></span> <span class='ocrx_word' id='word_1_388' title='bbox 287 3161 412 3218; x_wconf 79' lang='lat' dir='ltr'><strong>forti</strong></span> <span class='ocrx_word' id='word_1_389' title='bbox 458 3163 575 3233; x_wconf 89' lang='lat' dir='ltr'><strong>ejus</strong></span> <span class='ocrx_word' id='word_1_390' title='bbox 622 3169 945 3223; x_wconf 87' lang='lat' dir='ltr'><strong>sententiam</strong></span> <span class='ocrx_word' id='word_1_391' title='bbox 1001 3170 1055 3224; x_wconf 91' lang='lat' dir='ltr'><strong>in</strong></span> <span class='ocrx_word' id='word_1_392' title='bbox 1102 3173 1358 3228; x_wconf 87' lang='lat' dir='ltr'><strong>cordibus</strong></span> <span class='ocrx_word' id='word_1_393' title='bbox 1422 3173 1714 3244; x_wconf 86' lang='lat' dir='ltr'><strong>alligantur</strong></span> 
     </span>
    </p>
   </div>
   <div class='ocr_carea' id='block_1_48' title="bbox 118 3252 452 3308">
    <p class='ocr_par' dir='ltr' id='par_1_48' title="bbox 118 3252 452 3308">
     <span class='ocr_line' id='line_1_48' title="bbox 118 3252 452 3308; baseline 0.012 -4"><span class='ocrx_word' id='word_1_394' title='bbox 118 3252 452 3308; x_wconf 82' lang='lat' dir='ltr'><strong>electorum.</strong></span> 
     </span>
    </p>
   </div>
   <div class='ocr_carea' id='block_1_49' title="bbox 206 3344 1706 3420">
    <p class='ocr_par' dir='ltr' id='par_1_49' title="bbox 206 3344 1706 3420">
     <span class='ocr_line' id='line_1_49' title="bbox 206 3344 1706 3420; baseline 0.009 -20"><span class='ocrx_word' id='word_1_395' title='bbox 206 3344 363 3400; x_wconf 81' lang='lat' dir='ltr'><strong>Stilla</strong></span> <span class='ocrx_word' id='word_1_396' title='bbox 403 3354 502 3403; x_wconf 91' lang='grc' dir='ltr'>εει.</span> <span class='ocrx_word' id='word_1_397' title='bbox 524 3347 812 3406; x_wconf 82' lang='lat' dir='ltr'><strong>inﬁrmitas</strong></span> <span class='ocrx_word' id='word_1_398' title='bbox 839 3351 1092 3420; x_wconf 85' lang='lat' dir='ltr'><strong>hominis,</strong></span> <span class='ocrx_word' id='word_1_399' title='bbox 1123 3353 1261 3408; x_wconf 90' lang='lat' dir='ltr'><strong>utin</strong></span> <span class='ocrx_word' id='word_1_400' title='bbox 1297 3353 1477 3410; x_wconf 86' lang='lat' dir='ltr'><strong>Isaia:</strong></span> <span class='ocrx_word' id='word_1_401' title='bbox 1512 3375 1530 3407; x_wconf 77' lang='grc' dir='ltr'><strong>ι</strong></span> <span class='ocrx_word' id='word_1_402' title='bbox 1567 3356 1706 3412; x_wconf 88' lang='lat' dir='ltr'><strong>Ecce</strong></span> 
     </span>
    </p>
   </div>
   <div class='ocr_carea' id='block_1_50' title="bbox 117 3439 1706 3516">
    <p class='ocr_par' dir='ltr' id='par_1_50' title="bbox 117 3439 1706 3516">
     <span class='ocr_line' id='line_1_50' title="bbox 117 3439 1706 3516; baseline 0.009 -27"><span class='ocrx_word' id='word_1_403' title='bbox 117 3439 458 3507; x_wconf 82' lang='lat' dir='ltr'><strong>gens&#39;quasi</strong></span> <span class='ocrx_word' id='word_1_404' title='bbox 490 3441 645 3495; x_wconf 69' lang='lat' dir='ltr'><strong>stilla:</strong></span> <span class='ocrx_word' id='word_1_405' title='bbox 673 3442 846 3497; x_wconf 70' lang='lat' dir='ltr'><strong>situla:</strong></span> <span class='ocrx_word' id='word_1_406' title='bbox 878 3444 919 3473; x_wconf 83' lang='lat'>“</span> <span class='ocrx_word' id='word_1_407' title='bbox 940 3484 954 3507; x_wconf 93' lang='lat'><strong>,</strong></span> <span class='ocrx_word' id='word_1_408' title='bbox 993 3464 1010 3495; x_wconf 75' lang='grc' dir='ltr'><strong>ι</strong></span> <span class='ocrx_word' id='word_1_409' title='bbox 1046 3445 1188 3515; x_wconf 87' lang='lat' dir='ltr'><strong>quod</strong></span> <span class='ocrx_word' id='word_1_410' title='bbox 1219 3447 1273 3500; x_wconf 90' lang='lat' dir='ltr'><strong>in</strong></span> <span class='ocrx_word' id='word_1_411' title='bbox 1299 3447 1492 3516; x_wconf 81' lang='lat' dir='ltr'><strong>pellem</strong></span> <span class='ocrx_word' id='word_1_412' title='bbox 1530 3449 1597 3505; x_wconf 90' lang='lat' dir='ltr'><strong>de</strong></span> <span class='ocrx_word' id='word_1_413' title='bbox 1624 3450 1706 3504; x_wconf 88' lang='lat' dir='ltr'><strong>in-</strong></span> 
     </span>
    </p>
   </div>
   <div class='ocr_carea' id='block_1_51' title="bbox 117 3529 1706 3604">
    <p class='ocr_par' dir='ltr' id='par_1_51' title="bbox 117 3529 1706 3604">
     <span class='ocr_line' id='line_1_51' title="bbox 117 3529 1706 3604; baseline 0.009 -21"><span class='ocrx_word' id='word_1_414' title='bbox 117 3529 386 3586; x_wconf 80' lang='lat' dir='ltr'><strong>ﬁrmitate</strong></span> <span class='ocrx_word' id='word_1_415' title='bbox 441 3548 537 3586; x_wconf 90' lang='lat' dir='ltr'><strong>sua</strong></span> <span class='ocrx_word' id='word_1_416' title='bbox 590 3534 750 3588; x_wconf 91' lang='lat' dir='ltr'><strong>homo</strong></span> <span class='ocrx_word' id='word_1_417' title='bbox 806 3549 1018 3604; x_wconf 91' lang='lat' dir='ltr'><strong>semper</strong></span> <span class='ocrx_word' id='word_1_418' title='bbox 1069 3537 1136 3590; x_wconf 90' lang='lat' dir='ltr'><strong>ad</strong></span> <span class='ocrx_word' id='word_1_419' title='bbox 1188 3538 1294 3591; x_wconf 89' lang='lat' dir='ltr'><strong>ima</strong></span> <span class='ocrx_word' id='word_1_420' title='bbox 1350 3539 1555 3594; x_wconf 80' lang='lat' dir='ltr'><strong>deﬂuit.</strong></span> <span class='ocrx_word' id='word_1_421' title='bbox 1602 3540 1706 3596; x_wconf 90' lang='lat' dir='ltr'><strong>Per</strong></span> 
     </span>
    </p>
   </div>
   <div class='ocr_carea' id='block_1_52' title="bbox 115 3621 1718 3700">
    <p class='ocr_par' dir='ltr' id='par_1_52' title="bbox 115 3621 1718 3700">
     <span class='ocr_line' id='line_1_52' title="bbox 115 3621 1718 3700; baseline 0.009 -26"><span class='ocrx_word' id='word_1_422' title='bbox 115 3621 328 3676; x_wconf 77' lang='lat' dir='ltr'><strong>stillam</strong></span> <span class='ocrx_word' id='word_1_423' title='bbox 354 3625 736 3693; x_wconf 76' lang='lat' dir='ltr'><strong>praedicatores</strong></span> <span class='ocrx_word' id='word_1_424' title='bbox 753 3666 768 3690; x_wconf 91' lang='lat'><strong>,</strong></span> <span class='ocrx_word' id='word_1_425' title='bbox 791 3634 850 3679; x_wconf 91' lang='lat' dir='ltr'><strong>ut</strong></span> <span class='ocrx_word' id='word_1_426' title='bbox 873 3627 926 3679; x_wconf 91' lang='lat' dir='ltr'><strong>in</strong></span> <span class='ocrx_word' id='word_1_427' title='bbox 951 3624 1052 3681; x_wconf 90' lang='lat' dir='ltr'><strong>Job</strong></span> <span class='ocrx_word' id='word_1_428' title='bbox 1076 3646 1088 3680; x_wconf 94' lang='lat'><strong>:</strong></span> <span class='ocrx_word' id='word_1_429' title='bbox 1119 3648 1136 3678; x_wconf 77' lang='grc' dir='ltr'><strong>ι</strong></span> <span class='ocrx_word' id='word_1_430' title='bbox 1165 3628 1297 3695; x_wconf 84' lang='lat' dir='ltr'><strong>Quis</strong></span> <span class='ocrx_word' id='word_1_431' title='bbox 1319 3631 1500 3700; x_wconf 84' lang='lat' dir='ltr'><strong>genuit</strong></span> <span class='ocrx_word' id='word_1_432' title='bbox 1535 3631 1718 3688; x_wconf 82' lang='lat' dir='ltr'><strong>stillas‘</strong></span> 
     </span>
    </p>
   </div>
   <div class='ocr_carea' id='block_1_53' title="bbox 117 3712 1706 3788">
    <p class='ocr_par' dir='ltr' id='par_1_53' title="bbox 117 3712 1706 3788">
     <span class='ocr_line' id='line_1_53' title="bbox 117 3712 1706 3788; baseline 0.006 -22"><span class='ocrx_word' id='word_1_433' title='bbox 117 3712 274 3767; x_wconf 84' lang='lat' dir='ltr'><strong>roris</strong></span> <span class='ocrx_word' id='word_1_434' title='bbox 310 3713 376 3777; x_wconf 70' lang='grc' dir='ltr'><strong>η,</strong></span> <span class='ocrx_word' id='word_1_435' title='bbox 421 3732 440 3765; x_wconf 77' lang='grc' dir='ltr'><strong>ι</strong></span> <span class='ocrx_word' id='word_1_436' title='bbox 475 3714 619 3783; x_wconf 91' lang='lat' dir='ltr'><strong>quod</strong></span> <span class='ocrx_word' id='word_1_437' title='bbox 655 3714 916 3769; x_wconf 91' lang='lat' dir='ltr'><strong>Dominus</strong></span> <span class='ocrx_word' id='word_1_438' title='bbox 939 3730 1036 3786; x_wconf 91' lang='lat' dir='ltr'><strong>per</strong></span> <span class='ocrx_word' id='word_1_439' title='bbox 1067 3719 1294 3788; x_wconf 85' lang='lat' dir='ltr'><strong>gratiam</strong></span> <span class='ocrx_word' id='word_1_440' title='bbox 1327 3733 1480 3774; x_wconf 89' lang='lat' dir='ltr'><strong>suam</strong></span> <span class='ocrx_word' id='word_1_441' title='bbox 1509 3721 1706 3788; x_wconf 82' lang='lat' dir='ltr'><strong>produ-</strong></span> 
     </span>
    </p>
   </div>
   <div class='ocr_carea' id='block_1_54' title="bbox 117 3803 981 3874">
    <p class='ocr_par' dir='ltr' id='par_1_54' title="bbox 117 3803 981 3874">
     <span class='ocr_line' id='line_1_54' title="bbox 117 3803 981 3874; baseline 0.003 -17"><span class='ocrx_word' id='word_1_442' title='bbox 117 3803 207 3857; x_wconf 88' lang='lat' dir='ltr'><strong>cit</strong></span> <span class='ocrx_word' id='word_1_443' title='bbox 231 3804 477 3859; x_wconf 87' lang='lat' dir='ltr'><strong>veritatis</strong></span> <span class='ocrx_word' id='word_1_444' title='bbox 504 3805 522 3825; x_wconf 78' lang='lat'><strong><em>‘</em></strong></span> <span class='ocrx_word' id='word_1_445' title='bbox 553 3805 981 3874; x_wconf 72' lang='lat' dir='ltr'><strong>prmdicationes.</strong></span> 
     </span>
    </p>
   </div>
   <div class='ocr_carea' id='block_1_55' title="bbox 199 3894 1708 3964">
    <p class='ocr_par' dir='ltr' id='par_1_55' title="bbox 199 3894 1708 3964">
     <span class='ocr_line' id='line_1_55' title="bbox 199 3894 1708 3964; baseline 0.006 -14"><span class='ocrx_word' id='word_1_446' title='bbox 199 3894 491 3950; x_wconf 78' lang='lat' dir='ltr'><strong>Stitlicidia</strong></span> <span class='ocrx_word' id='word_1_447' title='bbox 517 3905 642 3951; x_wconf 90' lang='lat' dir='ltr'><strong>sunt</strong></span> <span class='ocrx_word' id='word_1_448' title='bbox 672 3895 878 3964; x_wconf 85' lang='lat' dir='ltr'><strong>ﬁdeles,</strong></span> <span class='ocrx_word' id='word_1_449' title='bbox 911 3899 1042 3954; x_wconf 89' lang='lat' dir='ltr'><strong>utin</strong></span> <span class='ocrx_word' id='word_1_450' title='bbox 1067 3899 1297 3956; x_wconf 86' lang='lat' dir='ltr'><strong>Psalmis</strong></span> <span class='ocrx_word' id='word_1_451' title='bbox 1325 3918 1338 3954; x_wconf 91' lang='lat'><strong>:</strong></span> <span class='ocrx_word' id='word_1_452' title='bbox 1373 3919 1392 3953; x_wconf 79' lang='grc' dir='ltr'><strong>ι</strong></span> <span class='ocrx_word' id='word_1_453' title='bbox 1416 3901 1474 3956; x_wconf 92' lang='lat' dir='ltr'><strong>ln</strong></span> <span class='ocrx_word' id='word_1_454' title='bbox 1501 3901 1708 3958; x_wconf 88' lang='lat' dir='ltr'><strong>stillici-</strong></span> 
     </span>
    </p>
   </div>
   <div class='ocr_carea' id='block_1_56' title="bbox 117 3984 1707 4062">
    <p class='ocr_par' dir='ltr' id='par_1_56' title="bbox 117 3984 1707 4062">
     <span class='ocr_line' id='line_1_56' title="bbox 117 3984 1707 4062; baseline 0.004 -20"><span class='ocrx_word' id='word_1_455' title='bbox 117 3986 234 4042; x_wconf 88' lang='lat' dir='ltr'><strong>diis</strong></span> <span class='ocrx_word' id='word_1_456' title='bbox 253 3984 370 4054; x_wconf 90' lang='lat' dir='ltr'><strong>ejus</strong></span> <span class='ocrx_word' id='word_1_457' title='bbox 392 3985 660 4041; x_wconf 67' lang='lat' dir='ltr'><strong>lmtabitur</strong></span> <span class='ocrx_word' id='word_1_458' title='bbox 685 3989 998 4058; x_wconf 85' lang='lat' dir='ltr'><strong>germinans</strong></span> <span class='ocrx_word' id='word_1_459' title='bbox 1022 3989 1090 4055; x_wconf 83' lang='grc'><strong>¹³,</strong></span> <span class='ocrx_word' id='word_1_460' title='bbox 1122 4009 1140 4041; x_wconf 78' lang='grc' dir='ltr'><strong>ι</strong></span> <span class='ocrx_word' id='word_1_461' title='bbox 1167 3990 1311 4060; x_wconf 92' lang='lat' dir='ltr'><strong>quod</strong></span> <span class='ocrx_word' id='word_1_462' title='bbox 1340 3991 1396 4046; x_wconf 91' lang='lat' dir='ltr'><strong>in</strong></span> <span class='ocrx_word' id='word_1_463' title='bbox 1415 4003 1707 4062; x_wconf 86' lang='lat' dir='ltr'><strong>augmento</strong></span> 
     </span>
    </p>
   </div>
   <div class='ocr_carea' id='block_1_57' title="bbox 119 4075 1350 4152">
    <p class='ocr_par' dir='ltr' id='par_1_57' title="bbox 119 4075 1350 4152">
     <span class='ocr_line' id='line_1_57' title="bbox 119 4075 1350 4152; baseline 0.006 -24"><span class='ocrx_word' id='word_1_464' title='bbox 119 4075 372 4131; x_wconf 83' lang='lat' dir='ltr'><strong>ﬁdelium</strong></span> <span class='ocrx_word' id='word_1_465' title='bbox 402 4091 622 4132; x_wconf 89' lang='lat' dir='ltr'><strong>suorum</strong></span> <span class='ocrx_word' id='word_1_466' title='bbox 652 4088 840 4133; x_wconf 88' lang='lat' dir='ltr'><strong>sancta</strong></span> <span class='ocrx_word' id='word_1_467' title='bbox 868 4079 1109 4135; x_wconf 89' lang='lat' dir='ltr'><strong>Ecclesia</strong></span> <span class='ocrx_word' id='word_1_468' title='bbox 1133 4082 1350 4152; x_wconf 85' lang='lat' dir='ltr'><strong>gaudet.</strong></span> 
     </span>
    </p>
   </div>
   <div class='ocr_carea' id='block_1_58' title="bbox 200 4166 1704 4244">
    <p class='ocr_par' dir='ltr' id='par_1_58' title="bbox 200 4166 1704 4244">
     <span class='ocr_line' id='line_1_58' title="bbox 200 4166 1704 4244; baseline 0.009 -23"><span class='ocrx_word' id='word_1_469' title='bbox 200 4166 399 4221; x_wconf 77' lang='lat' dir='ltr'><strong>Socrus</strong></span> <span class='ocrx_word' id='word_1_470' title='bbox 429 4176 511 4222; x_wconf 91' lang='lat' dir='ltr'><strong>est</strong></span> <span class='ocrx_word' id='word_1_471' title='bbox 542 4168 853 4242; x_wconf 86' lang='lat' dir='ltr'><strong>Synagoga,</strong></span> <span class='ocrx_word' id='word_1_472' title='bbox 891 4180 951 4225; x_wconf 91' lang='lat' dir='ltr'><strong>ut</strong></span> <span class='ocrx_word' id='word_1_473' title='bbox 988 4172 1041 4226; x_wconf 91' lang='lat' dir='ltr'><strong>in</strong></span> <span class='ocrx_word' id='word_1_474' title='bbox 1074 4171 1363 4244; x_wconf 86' lang='lat' dir='ltr'><strong>Evangelio</strong></span> <span class='ocrx_word' id='word_1_475' title='bbox 1394 4192 1407 4229; x_wconf 92' lang='lat'><strong>:</strong></span> <span class='ocrx_word' id='word_1_476' title='bbox 1449 4193 1467 4226; x_wconf 77' lang='grc' dir='ltr'><strong>ι</strong></span> <span class='ocrx_word' id='word_1_477' title='bbox 1504 4174 1704 4234; x_wconf 88' lang='lat' dir='ltr'><strong>Socrus</strong></span> 
     </span>
    </p>
   </div>
   <div class='ocr_carea' id='block_1_59' title="bbox 116 4247 1704 4334">
    <p class='ocr_par' dir='ltr' id='par_1_59' title="bbox 116 4247 1704 4334">
     <span class='ocr_line' id='line_1_59' title="bbox 116 4247 1704 4334; baseline 0.007 -22"><span class='ocrx_word' id='word_1_478' title='bbox 116 4261 180 4312; x_wconf 88' lang='lat' dir='ltr'><strong>in</strong></span> <span class='ocrx_word' id='word_1_479' title='bbox 212 4274 410 4313; x_wconf 89' lang='lat' dir='ltr'><strong>nurum</strong></span> <span class='ocrx_word' id='word_1_480' title='bbox 435 4275 584 4315; x_wconf 87' lang='lat' dir='ltr'><strong>suam</strong></span> <span class='ocrx_word' id='word_1_481' title='bbox 615 4262 676 4325; x_wconf 73' lang='lat'><strong>“,</strong></span> <span class='ocrx_word' id='word_1_482' title='bbox 696 4247 727 4313; x_wconf 60' lang='grc' dir='ltr'><strong>ἰ</strong></span> <span class='ocrx_word' id='word_1_483' title='bbox 765 4263 904 4330; x_wconf 91' lang='lat' dir='ltr'><strong>quod</strong></span> <span class='ocrx_word' id='word_1_484' title='bbox 935 4262 1215 4334; x_wconf 88' lang='lat' dir='ltr'><strong>Synagoga</strong></span> <span class='ocrx_word' id='word_1_485' title='bbox 1247 4265 1314 4319; x_wconf 90' lang='lat' dir='ltr'><strong>ab</strong></span> <span class='ocrx_word' id='word_1_486' title='bbox 1344 4265 1584 4321; x_wconf 85' lang='lat' dir='ltr'><strong>Ecclesia</strong></span> <span class='ocrx_word' id='word_1_487' title='bbox 1604 4309 1618 4333; x_wconf 92' lang='lat'><strong>,</strong></span> <span class='ocrx_word' id='word_1_488' title='bbox 1650 4277 1704 4323; x_wconf 91' lang='lat' dir='ltr'><strong>et</strong></span> 
     </span>
    </p>
   </div>
   <div class='ocr_carea' id='block_1_60' title="bbox 112 4347 1092 4426">
    <p class='ocr_par' dir='ltr' id='par_1_60' title="bbox 112 4347 1092 4426">
     <span class='ocr_line' id='line_1_60' title="bbox 112 4347 1092 4426; baseline 0.008 -24"><span class='ocrx_word' id='word_1_489' title='bbox 112 4347 372 4403; x_wconf 82' lang='lat' dir='ltr'><strong>Ecclesia</strong></span> <span class='ocrx_word' id='word_1_490' title='bbox 392 4352 646 4408; x_wconf 85' lang='lat' dir='ltr'><strong>dissentit</strong></span> <span class='ocrx_word' id='word_1_491' title='bbox 668 4368 701 4407; x_wconf 91' lang='lat' dir='ltr'><strong>a</strong></span> <span class='ocrx_word' id='word_1_492' title='bbox 723 4352 1027 4426; x_wconf 83' lang='lat' dir='ltr'><strong>Synagoga.</strong></span> <span class='ocrx_word' id='word_1_493' title='bbox 1084 4355 1092 4362; x_wconf 74' lang='grc'><strong>“</strong></span> 
     </span>
    </p>
   </div>
   <div class='ocr_carea' id='block_1_61' title="bbox 195 4441 1702 4524">
    <p class='ocr_par' dir='ltr' id='par_1_61' title="bbox 195 4441 1702 4524">
     <span class='ocr_line' id='line_1_61' title="bbox 195 4441 1702 4524; baseline 0.008 -26"><span class='ocrx_word' id='word_1_494' title='bbox 195 4441 300 4498; x_wconf 87' lang='grc'><strong>801</strong></span> <span class='ocrx_word' id='word_1_495' title='bbox 322 4452 404 4498; x_wconf 88' lang='grc' dir='ltr'><strong>εει</strong></span> <span class='ocrx_word' id='word_1_496' title='bbox 429 4444 590 4512; x_wconf 88' lang='lat' dir='ltr'><strong>Deus,</strong></span> <span class='ocrx_word' id='word_1_497' title='bbox 629 4454 690 4500; x_wconf 92' lang='grc' dir='ltr'><strong>ιιι</strong></span> <span class='ocrx_word' id='word_1_498' title='bbox 709 4447 764 4501; x_wconf 94' lang='lat' dir='ltr'><strong>in</strong></span> <span class='ocrx_word' id='word_1_499' title='bbox 785 4447 923 4503; x_wconf 87' lang='lat' dir='ltr'><strong>libro</strong></span> <span class='ocrx_word' id='word_1_500' title='bbox 937 4448 1263 4520; x_wconf 66' lang='lat' dir='ltr'><strong>Sapientiae:</strong></span> <span class='ocrx_word' id='word_1_501' title='bbox 1291 4468 1312 4503; x_wconf 79' lang='grc' dir='ltr'><strong>ι</strong></span> <span class='ocrx_word' id='word_1_502' title='bbox 1345 4451 1439 4508; x_wconf 90' lang='lat' dir='ltr'><strong>Sol</strong></span> <span class='ocrx_word' id='word_1_503' title='bbox 1477 4451 1702 4524; x_wconf 77' lang='lat' dir='ltr'><strong>justitia:</strong></span> 
     </span>
    </p>
   </div>
   <div class='ocr_carea' id='block_1_62' title="bbox 1821 1974 3401 2045">
    <p class='ocr_par' dir='ltr' id='par_1_62' title="bbox 1821 1974 3401 2045">
     <span class='ocr_line' id='line_1_62' title="bbox 1821 1974 3401 2045; baseline 0.006 -17"><span class='ocrx_word' id='word_1_504' title='bbox 1821 1974 2064 2029; x_wconf 88' lang='lat' dir='ltr'><strong>charitas</strong></span> <span class='ocrx_word' id='word_1_505' title='bbox 2079 1990 2196 2030; x_wconf 88' lang='lat' dir='ltr'><strong>mea</strong></span> <span class='ocrx_word' id='word_1_506' title='bbox 2209 1984 2309 2031; x_wconf 88' lang='lat' dir='ltr'><strong>est.</strong></span> <span class='ocrx_word' id='word_1_507' title='bbox 2329 1976 2446 2044; x_wconf 91' lang='grc'>801,</span> <span class='ocrx_word' id='word_1_508' title='bbox 2462 1978 2667 2045; x_wconf 71' lang='lat' dir='ltr'><strong>laetitia,</strong></span> <span class='ocrx_word' id='word_1_509' title='bbox 2683 1989 2743 2034; x_wconf 95' lang='lat' dir='ltr'><strong>ut</strong></span> <span class='ocrx_word' id='word_1_510' title='bbox 2754 1980 2806 2034; x_wconf 91' lang='lat' dir='ltr'><strong>in</strong></span> <span class='ocrx_word' id='word_1_511' title='bbox 2823 1979 3078 2035; x_wconf 88' lang='lat' dir='ltr'><strong>Psalmis:</strong></span> <span class='ocrx_word' id='word_1_512' title='bbox 3103 2001 3120 2032; x_wconf 80' lang='grc' dir='ltr'><strong>ι</strong></span> <span class='ocrx_word' id='word_1_513' title='bbox 3139 1981 3244 2036; x_wconf 83' lang='grc' dir='ltr'>Ρει·</span> <span class='ocrx_word' id='word_1_514' title='bbox 3258 1983 3401 2037; x_wconf 90' lang='lat' dir='ltr'><strong>diem</strong></span> 
     </span>
    </p>
   </div>
   <div class='ocr_carea' id='block_1_63' title="bbox 1823 2063 3401 2138">
    <p class='ocr_par' dir='ltr' id='par_1_63' title="bbox 1823 2063 3401 2138">
     <span class='ocr_line' id='line_1_63' title="bbox 1823 2063 3401 2138; baseline 0.005 -22"><span class='ocrx_word' id='word_1_515' title='bbox 1823 2063 1904 2118; x_wconf 89' lang='lat' dir='ltr'><strong>sol</strong></span> <span class='ocrx_word' id='word_1_516' title='bbox 1919 2079 2021 2117; x_wconf 94' lang='lat' dir='ltr'><strong>non</strong></span> <span class='ocrx_word' id='word_1_517' title='bbox 2044 2073 2167 2118; x_wconf 91' lang='lat' dir='ltr'><strong>uret</strong></span> <span class='ocrx_word' id='word_1_518' title='bbox 2182 2074 2233 2119; x_wconf 91' lang='lat' dir='ltr'><strong>te</strong></span> <span class='ocrx_word' id='word_1_519' title='bbox 2260 2066 2328 2130; x_wconf 75' lang='grc'><strong>’⁸,</strong></span> <span class='ocrx_word' id='word_1_520' title='bbox 2356 2085 2373 2117; x_wconf 77' lang='grc' dir='ltr'><strong>ι</strong></span> <span class='ocrx_word' id='word_1_521' title='bbox 2394 2067 2446 2120; x_wconf 89' lang='lat' dir='ltr'><strong>id</strong></span> <span class='ocrx_word' id='word_1_522' title='bbox 2460 2075 2542 2122; x_wconf 91' lang='lat' dir='ltr'><strong>est</strong></span> <span class='ocrx_word' id='word_1_523' title='bbox 2563 2076 2802 2138; x_wconf 87' lang='lat' dir='ltr'><strong>tempore</strong></span> <span class='ocrx_word' id='word_1_524' title='bbox 2821 2069 3193 2138; x_wconf 87' lang='lat' dir='ltr'><strong>prosperitatis</strong></span> <span class='ocrx_word' id='word_1_525' title='bbox 3215 2069 3401 2124; x_wconf 59' lang='lat' dir='ltr'><strong>laetitia</strong></span> 
     </span>
    </p>
   </div>
   <div class='ocr_carea' id='block_1_64' title="bbox 1820 2153 3403 2231">
    <p class='ocr_par' dir='ltr' id='par_1_64' title="bbox 1820 2153 3403 2231">
     <span class='ocr_line' id='line_1_64' title="bbox 1820 2153 3403 2231; baseline 0.004 -23"><span class='ocrx_word' id='word_1_526' title='bbox 1820 2169 1927 2208; x_wconf 75' lang='lat' dir='ltr'><strong>non</strong></span> <span class='ocrx_word' id='word_1_527' title='bbox 1940 2153 2162 2209; x_wconf 79' lang='lat' dir='ltr'><strong>extollet</strong></span> <span class='ocrx_word' id='word_1_528' title='bbox 2177 2161 2248 2210; x_wconf 91' lang='lat' dir='ltr'><strong>te.</strong></span> <span class='ocrx_word' id='word_1_529' title='bbox 2267 2154 2385 2222; x_wconf 87' lang='grc'>801,</span> <span class='ocrx_word' id='word_1_530' title='bbox 2414 2157 2662 2214; x_wconf 83' lang='lat' dir='ltr'><strong>sublimis</strong></span> <span class='ocrx_word' id='word_1_531' title='bbox 2679 2159 2731 2212; x_wconf 90' lang='lat' dir='ltr'><strong>in</strong></span> <span class='ocrx_word' id='word_1_532' title='bbox 2748 2158 3006 2224; x_wconf 86' lang='lat' dir='ltr'><strong>Ecclesia,</strong></span> <span class='ocrx_word' id='word_1_533' title='bbox 3034 2166 3093 2213; x_wconf 91' lang='grc' dir='ltr'><strong>ιιι</strong></span> <span class='ocrx_word' id='word_1_534' title='bbox 3117 2160 3170 2214; x_wconf 93' lang='lat' dir='ltr'><strong>in</strong></span> <span class='ocrx_word' id='word_1_535' title='bbox 3193 2158 3403 2231; x_wconf 88' lang='lat' dir='ltr'><strong>Apoca-</strong></span> 
     </span>
    </p>
   </div>
   <div class='ocr_carea' id='block_1_65' title="bbox 1820 2246 3394 2320">
    <p class='ocr_par' dir='ltr' id='par_1_65' title="bbox 1820 2246 3394 2320">
     <span class='ocr_line' id='line_1_65' title="bbox 1820 2246 3394 2320; baseline 0.003 -22"><span class='ocrx_word' id='word_1_536' title='bbox 1820 2246 1958 2318; x_wconf 85' lang='lat' dir='ltr'><strong>lypsi</strong></span> <span class='ocrx_word' id='word_1_537' title='bbox 1991 2265 2002 2300; x_wconf 94' lang='lat'><strong>:</strong></span> <span class='ocrx_word' id='word_1_538' title='bbox 2037 2265 2055 2298; x_wconf 76' lang='grc' dir='ltr'><strong>ι</strong></span> <span class='ocrx_word' id='word_1_539' title='bbox 2099 2247 2334 2318; x_wconf 88' lang='lat' dir='ltr'><strong>Angelus</strong></span> <span class='ocrx_word' id='word_1_540' title='bbox 2355 2247 2542 2304; x_wconf 77' lang='lat' dir='ltr'><strong>ell‘udit</strong></span> <span class='ocrx_word' id='word_1_541' title='bbox 2583 2251 2820 2320; x_wconf 89' lang='lat' dir='ltr'><strong>phialam</strong></span> <span class='ocrx_word' id='word_1_542' title='bbox 2859 2266 3010 2307; x_wconf 88' lang='lat' dir='ltr'><strong>suam</strong></span> <span class='ocrx_word' id='word_1_543' title='bbox 3041 2252 3095 2306; x_wconf 92' lang='lat' dir='ltr'><strong>in</strong></span> <span class='ocrx_word' id='word_1_544' title='bbox 3143 2251 3256 2306; x_wconf 91' lang='lat' dir='ltr'><strong>sole</strong></span> <span class='ocrx_word' id='word_1_545' title='bbox 3277 2251 3342 2318; x_wconf 77' lang='lat'><strong>“,</strong></span> <span class='ocrx_word' id='word_1_546' title='bbox 3376 2269 3394 2302; x_wconf 76' lang='grc' dir='ltr'><strong>ι</strong></span> 
     </span>
    </p>
   </div>
   <div class='ocr_carea' id='block_1_66' title="bbox 1818 2337 3394 2412">
    <p class='ocr_par' dir='ltr' id='par_1_66' title="bbox 1818 2337 3394 2412">
     <span class='ocr_line' id='line_1_66' title="bbox 1818 2337 3394 2412; baseline 0.003 -20"><span class='ocrx_word' id='word_1_547' title='bbox 1818 2337 1874 2392; x_wconf 89' lang='lat' dir='ltr'><strong>id</strong></span> <span class='ocrx_word' id='word_1_548' title='bbox 1917 2345 2028 2403; x_wconf 88' lang='lat' dir='ltr'><strong>est,</strong></span> <span class='ocrx_word' id='word_1_549' title='bbox 2068 2339 2214 2408; x_wconf 91' lang='lat' dir='ltr'><strong>ipsos</strong></span> <span class='ocrx_word' id='word_1_550' title='bbox 2253 2339 2508 2396; x_wconf 70' lang='lat' dir='ltr'><strong>Ecclesia:</strong></span> <span class='ocrx_word' id='word_1_551' title='bbox 2551 2341 2807 2398; x_wconf 87' lang='lat' dir='ltr'><strong>sublimes</strong></span> <span class='ocrx_word' id='word_1_552' title='bbox 2843 2341 3063 2398; x_wconf 81' lang='lat' dir='ltr'><strong>aﬂlictio</strong></span> <span class='ocrx_word' id='word_1_553' title='bbox 3107 2341 3394 2412; x_wconf 87' lang='lat' dir='ltr'><strong>percussit.</strong></span> 
     </span>
    </p>
   </div>
   <div class='ocr_carea' id='block_1_67' title="bbox 1821 2427 3396 2499">
    <p class='ocr_par' dir='ltr' id='par_1_67' title="bbox 1821 2427 3396 2499">
     <span class='ocr_line' id='line_1_67' title="bbox 1821 2427 3396 2499; baseline 0.001 -15"><span class='ocrx_word' id='word_1_554' title='bbox 1821 2427 1939 2493; x_wconf 91' lang='grc'>801,</span> <span class='ocrx_word' id='word_1_555' title='bbox 1983 2429 2398 2499; x_wconf 87' lang='lat' dir='ltr'><strong>contemplatio,</strong></span> <span class='ocrx_word' id='word_1_556' title='bbox 2434 2439 2493 2486; x_wconf 92' lang='lat' dir='ltr'><strong>ut</strong></span> <span class='ocrx_word' id='word_1_557' title='bbox 2524 2432 2577 2486; x_wconf 94' lang='lat' dir='ltr'><strong>in</strong></span> <span class='ocrx_word' id='word_1_558' title='bbox 2613 2431 2713 2487; x_wconf 85' lang='lat' dir='ltr'><strong>Job</strong></span> <span class='ocrx_word' id='word_1_559' title='bbox 2741 2447 2756 2487; x_wconf 98' lang='lat'><strong>:</strong></span> <span class='ocrx_word' id='word_1_560' title='bbox 2787 2450 2804 2484; x_wconf 79' lang='grc' dir='ltr'><strong>ι</strong></span> <span class='ocrx_word' id='word_1_561' title='bbox 2849 2431 2908 2487; x_wconf 91' lang='lat' dir='ltr'><strong>Si</strong></span> <span class='ocrx_word' id='word_1_562' title='bbox 2937 2433 3178 2488; x_wconf 91' lang='lat' dir='ltr'><strong>viderem</strong></span> <span class='ocrx_word' id='word_1_563' title='bbox 3207 2431 3396 2498; x_wconf 90' lang='lat' dir='ltr'><strong>solem,</strong></span> 
     </span>
    </p>
   </div>
   <div class='ocr_carea' id='block_1_68' title="bbox 1817 2518 3400 2593">
    <p class='ocr_par' dir='ltr' id='par_1_68' title="bbox 1817 2518 3400 2593">
     <span class='ocr_line' id='line_1_68' title="bbox 1817 2518 3400 2593; baseline 0.004 -21"><span class='ocrx_word' id='word_1_564' title='bbox 1817 2533 1942 2573; x_wconf 91' lang='lat' dir='ltr'><strong>cum</strong></span> <span class='ocrx_word' id='word_1_565' title='bbox 1971 2518 2199 2591; x_wconf 83' lang='lat' dir='ltr'><strong>fulgeret</strong></span> <span class='ocrx_word' id='word_1_566' title='bbox 2227 2522 2293 2587; x_wconf 76' lang='grc'>³⁷,</span> <span class='ocrx_word' id='word_1_567' title='bbox 2328 2541 2346 2573; x_wconf 73' lang='grc' dir='ltr'><strong>ι</strong></span> <span class='ocrx_word' id='word_1_568' title='bbox 2381 2523 2434 2577; x_wconf 89' lang='lat' dir='ltr'><strong>id</strong></span> <span class='ocrx_word' id='word_1_569' title='bbox 2461 2531 2564 2589; x_wconf 90' lang='lat' dir='ltr'><strong>est,</strong></span> <span class='ocrx_word' id='word_1_570' title='bbox 2596 2538 2696 2593; x_wconf 92' lang='lat' dir='ltr'><strong>pro</strong></span> <span class='ocrx_word' id='word_1_571' title='bbox 2719 2522 2966 2578; x_wconf 88' lang='lat' dir='ltr'><strong>claritate</strong></span> <span class='ocrx_word' id='word_1_572' title='bbox 2989 2521 3400 2593; x_wconf 89' lang='lat' dir='ltr'><strong>contemplatio-</strong></span> 
     </span>
    </p>
   </div>
   <div class='ocr_carea' id='block_1_69' title="bbox 1817 2609 3400 2684">
    <p class='ocr_par' dir='ltr' id='par_1_69' title="bbox 1817 2609 3400 2684">
     <span class='ocr_line' id='line_1_69' title="bbox 1817 2609 3400 2684; baseline 0.004 -21"><span class='ocrx_word' id='word_1_573' title='bbox 1817 2609 1926 2675; x_wconf 90' lang='lat' dir='ltr'><strong>nis,</strong></span> <span class='ocrx_word' id='word_1_574' title='bbox 1976 2619 2034 2663; x_wconf 89' lang='lat' dir='ltr'><strong>ut</strong></span> <span class='ocrx_word' id='word_1_575' title='bbox 2063 2610 2115 2664; x_wconf 92' lang='lat' dir='ltr'><strong>in</strong></span> <span class='ocrx_word' id='word_1_576' title='bbox 2143 2611 2462 2684; x_wconf 86' lang='lat' dir='ltr'><strong>Apocalypsi</strong></span> <span class='ocrx_word' id='word_1_577' title='bbox 2495 2629 2508 2666; x_wconf 93' lang='lat'><strong>:</strong></span> <span class='ocrx_word' id='word_1_578' title='bbox 2539 2631 2558 2664; x_wconf 78' lang='grc' dir='ltr'><strong>ι</strong></span> <span class='ocrx_word' id='word_1_579' title='bbox 2588 2612 2852 2684; x_wconf 87' lang='lat' dir='ltr'><strong>Angelum</strong></span> <span class='ocrx_word' id='word_1_580' title='bbox 2895 2623 3124 2670; x_wconf 87' lang='lat' dir='ltr'><strong>stantem</strong></span> <span class='ocrx_word' id='word_1_581' title='bbox 3157 2615 3212 2668; x_wconf 89' lang='lat' dir='ltr'><strong>in</strong></span> <span class='ocrx_word' id='word_1_582' title='bbox 3240 2615 3258 2634; x_wconf 76' lang='grc'><em>⁴</em></span> <span class='ocrx_word' id='word_1_583' title='bbox 3289 2628 3400 2670; x_wconf 75' lang='grc' dir='ltr'>εω-</span> 
     </span>
    </p>
   </div>
   <div class='ocr_carea' id='block_1_70' title="bbox 1816 2686 3400 2774">
    <p class='ocr_par' dir='ltr' id='par_1_70' title="bbox 1816 2686 3400 2774">
     <span class='ocr_line' id='line_1_70' title="bbox 1816 2686 3400 2774; baseline 0.003 -18"><span class='ocrx_word' id='word_1_584' title='bbox 1816 2703 1870 2757; x_wconf 86' lang='lat' dir='ltr'><strong>lo</strong></span> <span class='ocrx_word' id='word_1_585' title='bbox 1887 2703 1957 2768; x_wconf 75' lang='grc'>³⁸,</span> <span class='ocrx_word' id='word_1_586' title='bbox 1989 2723 2006 2756; x_wconf 76' lang='grc' dir='ltr'><strong>ι</strong></span> <span class='ocrx_word' id='word_1_587' title='bbox 2028 2695 2197 2767; x_wconf 82' lang='lat' dir='ltr'><strong>idest,</strong></span> <span class='ocrx_word' id='word_1_588' title='bbox 2235 2706 2380 2774; x_wconf 87' lang='lat' dir='ltr'><strong>ipsos</strong></span> <span class='ocrx_word' id='word_1_589' title='bbox 2407 2686 2668 2762; x_wconf 62' lang='lat' dir='ltr'><strong>Ecclesia:</strong></span> <span class='ocrx_word' id='word_1_590' title='bbox 2697 2703 2976 2772; x_wconf 84' lang='lat' dir='ltr'><strong>sublimes,</strong></span> <span class='ocrx_word' id='word_1_591' title='bbox 3002 2723 3021 2756; x_wconf 75' lang='grc' dir='ltr'><strong>ι</strong></span> <span class='ocrx_word' id='word_1_592' title='bbox 3049 2713 3105 2761; x_wconf 86' lang='grc' dir='ltr'><strong>ει</strong></span> <span class='ocrx_word' id='word_1_593' title='bbox 3128 2705 3400 2761; x_wconf 89' lang='lat' dir='ltr'><strong>clamabat</strong></span> 
     </span>
    </p>
   </div>
   <div class='ocr_carea' id='block_1_71' title="bbox 1815 2793 3398 2862">
    <p class='ocr_par' dir='ltr' id='par_1_71' title="bbox 1815 2793 3398 2862">
     <span class='ocr_line' id='line_1_71' title="bbox 1815 2793 3398 2862; baseline 0.002 -15"><span class='ocrx_word' id='word_1_594' title='bbox 1815 2793 2068 2849; x_wconf 84' lang='lat' dir='ltr'><strong>omnibus</strong></span> <span class='ocrx_word' id='word_1_595' title='bbox 2103 2794 2316 2860; x_wconf 87' lang='lat' dir='ltr'><strong>avibus,</strong></span> <span class='ocrx_word' id='word_1_596' title='bbox 2355 2815 2374 2846; x_wconf 77' lang='grc' dir='ltr'><strong>ι</strong></span> <span class='ocrx_word' id='word_1_597' title='bbox 2416 2797 2468 2850; x_wconf 93' lang='lat' dir='ltr'><strong>id</strong></span> <span class='ocrx_word' id='word_1_598' title='bbox 2497 2808 2612 2862; x_wconf 88' lang='lat' dir='ltr'><strong>est,</strong></span> <span class='ocrx_word' id='word_1_599' title='bbox 2651 2796 2774 2850; x_wconf 88' lang='lat' dir='ltr'><strong>vide</strong></span> <span class='ocrx_word' id='word_1_600' title='bbox 2809 2796 3088 2850; x_wconf 84' lang='lat' dir='ltr'><strong>doctorem</strong></span> <span class='ocrx_word' id='word_1_601' title='bbox 3125 2796 3182 2850; x_wconf 90' lang='lat' dir='ltr'><strong>in</strong></span> <span class='ocrx_word' id='word_1_602' title='bbox 3211 2804 3398 2850; x_wconf 86' lang='lat' dir='ltr'><strong>sancta</strong></span> 
     </span>
    </p>
   </div>
   <div class='ocr_carea' id='block_1_72' title="bbox 1815 2885 3400 2958">
    <p class='ocr_par' dir='ltr' id='par_1_72' title="bbox 1815 2885 3400 2958">
     <span class='ocr_line' id='line_1_72' title="bbox 1815 2885 3400 2958; baseline 0.004 -19"><span class='ocrx_word' id='word_1_603' title='bbox 1815 2885 2227 2942; x_wconf 87' lang='lat' dir='ltr'><strong>conversatione</strong></span> <span class='ocrx_word' id='word_1_604' title='bbox 2243 2886 2546 2953; x_wconf 80' lang='lat' dir='ltr'><strong>viventem,</strong></span> <span class='ocrx_word' id='word_1_605' title='bbox 2561 2894 2618 2942; x_wconf 87' lang='lat' dir='ltr'><strong>et</strong></span> <span class='ocrx_word' id='word_1_606' title='bbox 2639 2886 3242 2958; x_wconf 66' lang='lat' dir='ltr'><strong>praedicabatomuibus</strong></span> <span class='ocrx_word' id='word_1_607' title='bbox 3256 2886 3400 2947; x_wconf 56' lang='lat' dir='ltr'><strong>siris</strong></span> 
     </span>
    </p>
   </div>
   <div class='ocr_carea' id='block_1_73' title="bbox 1815 2977 3395 3048">
    <p class='ocr_par' dir='ltr' id='par_1_73' title="bbox 1815 2977 3395 3048">
     <span class='ocr_line' id='line_1_73' title="bbox 1815 2977 3395 3048; baseline 0.003 -16"><span class='ocrx_word' id='word_1_608' title='bbox 1815 2977 2036 3032; x_wconf 77' lang='lat' dir='ltr'><strong>sanctis.</strong></span> <span class='ocrx_word' id='word_1_609' title='bbox 2077 2977 2192 3042; x_wconf 86' lang='lat' dir='ltr'><strong>Sol,</strong></span> <span class='ocrx_word' id='word_1_610' title='bbox 2238 2977 2421 3034; x_wconf 80' lang='lat' dir='ltr'><strong>fervor</strong></span> <span class='ocrx_word' id='word_1_611' title='bbox 2459 2979 2708 3048; x_wconf 70' lang='lat' dir='ltr'><strong>justitiaa,</strong></span> <span class='ocrx_word' id='word_1_612' title='bbox 2744 2981 2883 3035; x_wconf 91' lang='lat' dir='ltr'><strong>utin</strong></span> <span class='ocrx_word' id='word_1_613' title='bbox 2913 2979 3110 3036; x_wconf 88' lang='lat' dir='ltr'><strong>Genesi</strong></span> <span class='ocrx_word' id='word_1_614' title='bbox 3145 2999 3159 3035; x_wconf 89' lang='lat'><strong>:</strong></span> <span class='ocrx_word' id='word_1_615' title='bbox 3203 3000 3221 3032; x_wconf 74' lang='grc' dir='ltr'><strong>ι</strong></span> <span class='ocrx_word' id='word_1_616' title='bbox 3261 2981 3395 3037; x_wconf 88' lang='lat' dir='ltr'><strong>Cum</strong></span> 
     </span>
    </p>
   </div>
   <div class='ocr_carea' id='block_1_74' title="bbox 1813 3069 3396 3142">
    <p class='ocr_par' dir='ltr' id='par_1_74' title="bbox 1813 3069 3396 3142">
     <span class='ocr_line' id='line_1_74' title="bbox 1813 3069 3396 3142; baseline 0.004 -20"><span class='ocrx_word' id='word_1_617' title='bbox 1813 3083 1944 3138; x_wconf 88' lang='lat' dir='ltr'><strong>ergo</strong></span> <span class='ocrx_word' id='word_1_618' title='bbox 1989 3069 2331 3125; x_wconf 91' lang='lat' dir='ltr'><strong>occubuisset</strong></span> <span class='ocrx_word' id='word_1_619' title='bbox 2369 3069 2472 3136; x_wconf 92' lang='lat' dir='ltr'><strong>sol,</strong></span> <span class='ocrx_word' id='word_1_620' title='bbox 2521 3070 2664 3124; x_wconf 84' lang='lat' dir='ltr'><strong>facta</strong></span> <span class='ocrx_word' id='word_1_621' title='bbox 2716 3079 2801 3126; x_wconf 91' lang='lat' dir='ltr'><strong>est</strong></span> <span class='ocrx_word' id='word_1_622' title='bbox 2827 3069 3002 3142; x_wconf 86' lang='lat' dir='ltr'><strong>caligo</strong></span> <span class='ocrx_word' id='word_1_623' title='bbox 3048 3070 3116 3136; x_wconf 78' lang='lat'><strong>&quot;,</strong></span> <span class='ocrx_word' id='word_1_624' title='bbox 3149 3091 3192 3130; x_wconf 73' lang='grc' dir='ltr'><strong>,ι</strong></span> <span class='ocrx_word' id='word_1_625' title='bbox 3254 3071 3396 3142; x_wconf 91' lang='lat' dir='ltr'><strong>quod</strong></span> 
     </span>
    </p>
   </div>
   <div class='ocr_carea' id='block_1_75' title="bbox 1815 3159 3396 3241">
    <p class='ocr_par' dir='ltr' id='par_1_75' title="bbox 1815 3159 3396 3241">
     <span class='ocr_line' id='line_1_75' title="bbox 1815 3159 3396 3241; baseline 0.002 -28"><span class='ocrx_word' id='word_1_626' title='bbox 1815 3162 2032 3230; x_wconf 89' lang='lat' dir='ltr'><strong>quando</strong></span> <span class='ocrx_word' id='word_1_627' title='bbox 2073 3160 2255 3216; x_wconf 79' lang='lat' dir='ltr'><strong>fervor</strong></span> <span class='ocrx_word' id='word_1_628' title='bbox 2283 3159 2509 3229; x_wconf 79' lang='lat' dir='ltr'><strong>justitia:</strong></span> <span class='ocrx_word' id='word_1_629' title='bbox 2543 3161 2726 3217; x_wconf 78' lang='lat' dir='ltr'><strong>deficit</strong></span> <span class='ocrx_word' id='word_1_630' title='bbox 2764 3161 2821 3216; x_wconf 93' lang='lat' dir='ltr'><strong>in</strong></span> <span class='ocrx_word' id='word_1_631' title='bbox 2857 3169 3078 3241; x_wconf 83' lang='lat' dir='ltr'><strong>mente,</strong></span> <span class='ocrx_word' id='word_1_632' title='bbox 3123 3176 3248 3218; x_wconf 81' lang='lat' dir='ltr'><strong>mox</strong></span> <span class='ocrx_word' id='word_1_633' title='bbox 3277 3162 3396 3238; x_wconf 87' lang='lat' dir='ltr'><strong>ipsa</strong></span> 
     </span>
    </p>
   </div>
   <div class='ocr_carea' id='block_1_76' title="bbox 1813 3250 3392 3320">
    <p class='ocr_par' dir='ltr' id='par_1_76' title="bbox 1813 3250 3392 3320">
     <span class='ocr_line' id='line_1_76' title="bbox 1813 3250 3392 3320; baseline 0.001 -14"><span class='ocrx_word' id='word_1_634' title='bbox 1813 3269 1968 3308; x_wconf 88' lang='lat' dir='ltr'><strong>mens</strong></span> <span class='ocrx_word' id='word_1_635' title='bbox 1987 3250 2328 3307; x_wconf 83' lang='lat' dir='ltr'><strong>obscuratur.</strong></span> <span class='ocrx_word' id='word_1_636' title='bbox 2363 3251 2476 3316; x_wconf 91' lang='grc'>801,</span> <span class='ocrx_word' id='word_1_637' title='bbox 2505 3253 2822 3308; x_wconf 91' lang='lat' dir='ltr'><strong>tentationis</strong></span> <span class='ocrx_word' id='word_1_638' title='bbox 2857 3253 3026 3320; x_wconf 89' lang='lat' dir='ltr'><strong>calor,</strong></span> <span class='ocrx_word' id='word_1_639' title='bbox 3053 3265 3114 3308; x_wconf 90' lang='lat' dir='ltr'><strong>ut</strong></span> <span class='ocrx_word' id='word_1_640' title='bbox 3143 3253 3196 3308; x_wconf 90' lang='lat' dir='ltr'><strong>in</strong></span> <span class='ocrx_word' id='word_1_641' title='bbox 3228 3253 3392 3309; x_wconf 88' lang='lat' dir='ltr'><strong>Levi-</strong></span> 
     </span>
    </p>
   </div>
   <div class='ocr_carea' id='block_1_77' title="bbox 1815 3343 3396 3414">
    <p class='ocr_par' dir='ltr' id='par_1_77' title="bbox 1815 3343 3396 3414">
     <span class='ocr_line' id='line_1_77' title="bbox 1815 3343 3396 3414; baseline 0.003 -16"><span class='ocrx_word' id='word_1_642' title='bbox 1815 3344 1961 3400; x_wconf 71' lang='lat' dir='ltr'><strong>tico&#39;:</strong></span> <span class='ocrx_word' id='word_1_643' title='bbox 1995 3364 2012 3395; x_wconf 86' lang='grc'><strong>‹</strong></span> <span class='ocrx_word' id='word_1_644' title='bbox 2043 3343 2178 3399; x_wconf 88' lang='lat' dir='ltr'><strong>Cum</strong></span> <span class='ocrx_word' id='word_1_645' title='bbox 2215 3343 2410 3399; x_wconf 89' lang='lat' dir='ltr'><strong>laverit</strong></span> <span class='ocrx_word' id='word_1_646' title='bbox 2431 3360 2650 3399; x_wconf 89' lang='lat' dir='ltr'><strong>carnem</strong></span> <span class='ocrx_word' id='word_1_647' title='bbox 2675 3361 2826 3400; x_wconf 88' lang='lat' dir='ltr'><strong>suam</strong></span> <span class='ocrx_word' id='word_1_648' title='bbox 2865 3360 3026 3414; x_wconf 91' lang='lat' dir='ltr'><strong>aqua,</strong></span> <span class='ocrx_word' id='word_1_649' title='bbox 3051 3356 3105 3402; x_wconf 91' lang='lat' dir='ltr'><strong>et</strong></span> <span class='ocrx_word' id='word_1_650' title='bbox 3130 3346 3396 3403; x_wconf 86' lang='lat' dir='ltr'><strong>occubue-</strong></span> 
     </span>
    </p>
   </div>
   <div class='ocr_carea' id='block_1_78' title="bbox 1812 3436 3386 3505">
    <p class='ocr_par' dir='ltr' id='par_1_78' title="bbox 1812 3436 3386 3505">
     <span class='ocr_line' id='line_1_78' title="bbox 1812 3436 3386 3505; baseline -0.001 -11"><span class='ocrx_word' id='word_1_651' title='bbox 1812 3439 1886 3494; x_wconf 91' lang='lat' dir='ltr'><strong>rit</strong></span> <span class='ocrx_word' id='word_1_652' title='bbox 1907 3438 2008 3503; x_wconf 92' lang='lat' dir='ltr'><strong>sol,</strong></span> <span class='ocrx_word' id='word_1_653' title='bbox 2034 3447 2162 3492; x_wconf 91' lang='lat' dir='ltr'><strong>tunc</strong></span> <span class='ocrx_word' id='word_1_654' title='bbox 2199 3437 2489 3492; x_wconf 89' lang='lat' dir='ltr'><strong>mundatus</strong></span> <span class='ocrx_word' id='word_1_655' title='bbox 2519 3445 2766 3492; x_wconf 90' lang='lat' dir='ltr'><strong>vescetur</strong></span> <span class='ocrx_word' id='word_1_656' title='bbox 2796 3438 2862 3491; x_wconf 92' lang='lat' dir='ltr'><strong>de</strong></span> <span class='ocrx_word' id='word_1_657' title='bbox 2888 3436 3240 3492; x_wconf 86' lang='lat' dir='ltr'><strong>sanctiﬁcatis</strong></span> <span class='ocrx_word' id='word_1_658' title='bbox 3269 3437 3337 3505; x_wconf 79' lang='grc'>³⁸,</span> <span class='ocrx_word' id='word_1_659' title='bbox 3366 3457 3386 3492; x_wconf 78' lang='grc' dir='ltr'><strong>ι</strong></span> 
     </span>
    </p>
   </div>
   <div class='ocr_carea' id='block_1_79' title="bbox 1810 3530 3394 3601">
    <p class='ocr_par' dir='ltr' id='par_1_79' title="bbox 1810 3530 3394 3601">
     <span class='ocr_line' id='line_1_79' title="bbox 1810 3530 3394 3601; baseline -0.001 -13"><span class='ocrx_word' id='word_1_660' title='bbox 1810 3533 1866 3588; x_wconf 88' lang='lat' dir='ltr'><strong>id</strong></span> <span class='ocrx_word' id='word_1_661' title='bbox 1893 3542 1995 3600; x_wconf 67' lang='lat' dir='ltr'><strong>est,</strong></span> <span class='ocrx_word' id='word_1_662' title='bbox 2026 3549 2147 3588; x_wconf 91' lang='lat' dir='ltr'><strong>eum</strong></span> <span class='ocrx_word' id='word_1_663' title='bbox 2187 3531 2532 3587; x_wconf 89' lang='lat' dir='ltr'><strong>mundaverit</strong></span> <span class='ocrx_word' id='word_1_664' title='bbox 2558 3539 2712 3586; x_wconf 89' lang='lat' dir='ltr'><strong>actus</strong></span> <span class='ocrx_word' id='word_1_665' title='bbox 2734 3546 2860 3586; x_wconf 89' lang='lat' dir='ltr'><strong>suos</strong></span> <span class='ocrx_word' id='word_1_666' title='bbox 2881 3530 3098 3587; x_wconf 87' lang='lat' dir='ltr'><strong>illicitos</strong></span> <span class='ocrx_word' id='word_1_667' title='bbox 3127 3546 3224 3601; x_wconf 87' lang='lat' dir='ltr'><strong>per</strong></span> <span class='ocrx_word' id='word_1_668' title='bbox 3247 3545 3394 3586; x_wconf 84' lang='lat' dir='ltr'><strong>com-</strong></span> 
     </span>
    </p>
   </div>
   <div class='ocr_carea' id='block_1_80' title="bbox 1810 3621 3393 3693">
    <p class='ocr_par' dir='ltr' id='par_1_80' title="bbox 1810 3621 3393 3693">
     <span class='ocr_line' id='line_1_80' title="bbox 1810 3621 3393 3693; baseline 0.001 -18"><span class='ocrx_word' id='word_1_669' title='bbox 1810 3623 2179 3693; x_wconf 87' lang='lat' dir='ltr'><strong>punctionem,</strong></span> <span class='ocrx_word' id='word_1_670' title='bbox 2211 3630 2267 3676; x_wconf 93' lang='lat' dir='ltr'><strong>et</strong></span> <span class='ocrx_word' id='word_1_671' title='bbox 2291 3621 2550 3676; x_wconf 79' lang='lat' dir='ltr'><strong>defecerit</strong></span> <span class='ocrx_word' id='word_1_672' title='bbox 2579 3621 2743 3676; x_wconf 90' lang='lat' dir='ltr'><strong>ardor</strong></span> <span class='ocrx_word' id='word_1_673' title='bbox 2773 3621 3113 3685; x_wconf 89' lang='lat' dir='ltr'><strong>tentationis,</strong></span> <span class='ocrx_word' id='word_1_674' title='bbox 3148 3629 3274 3676; x_wconf 91' lang='lat' dir='ltr'><strong>tunc</strong></span> <span class='ocrx_word' id='word_1_675' title='bbox 3303 3635 3393 3677; x_wconf 88' lang='lat' dir='ltr'><strong>ac-</strong></span> 
     </span>
    </p>
   </div>
   <div class='ocr_carea' id='block_1_81' title="bbox 1812 3709 3395 3781">
    <p class='ocr_par' dir='ltr' id='par_1_81' title="bbox 1812 3709 3395 3781">
     <span class='ocr_line' id='line_1_81' title="bbox 1812 3709 3395 3781; baseline 0 -14"><span class='ocrx_word' id='word_1_676' title='bbox 1812 3713 2007 3767; x_wconf 89' lang='lat' dir='ltr'><strong>cedere</strong></span> <span class='ocrx_word' id='word_1_677' title='bbox 2019 3711 2222 3781; x_wconf 89' lang='lat' dir='ltr'><strong>poterit</strong></span> <span class='ocrx_word' id='word_1_678' title='bbox 2234 3710 2300 3765; x_wconf 89' lang='lat' dir='ltr'><strong>ad</strong></span> <span class='ocrx_word' id='word_1_679' title='bbox 2314 3718 2650 3766; x_wconf 90' lang='lat' dir='ltr'><strong>sacramenta</strong></span> <span class='ocrx_word' id='word_1_680' title='bbox 2663 3710 2864 3765; x_wconf 90' lang='lat' dir='ltr'><strong>divina.</strong></span> <span class='ocrx_word' id='word_1_681' title='bbox 2881 3709 2999 3776; x_wconf 83' lang='lat' dir='ltr'><strong>Sol,</strong></span> <span class='ocrx_word' id='word_1_682' title='bbox 3018 3711 3317 3776; x_wconf 89' lang='lat' dir='ltr'><strong>tribulatio,</strong></span> <span class='ocrx_word' id='word_1_683' title='bbox 3332 3719 3395 3767; x_wconf 89' lang='lat' dir='ltr'><strong>ut</strong></span> 
     </span>
    </p>
   </div>
   <div class='ocr_carea' id='block_1_82' title="bbox 1747 3801 3386 3873">
    <p class='ocr_par' dir='ltr' id='par_1_82' title="bbox 1747 3801 3386 3873">
     <span class='ocr_line' id='line_1_82' title="bbox 1747 3801 3386 3873; baseline -0.001 -15"><span class='ocrx_word' id='word_1_684' title='bbox 1747 3817 1752 3821; x_wconf 92' lang='grc'>·</span> <span class='ocrx_word' id='word_1_685' title='bbox 1813 3820 1868 3858; x_wconf 91' lang='grc' dir='ltr'><strong>ιιι</strong></span> <span class='ocrx_word' id='word_1_686' title='bbox 1894 3803 2188 3873; x_wconf 90' lang='lat' dir='ltr'><strong>Evangelio</strong></span> <span class='ocrx_word' id='word_1_687' title='bbox 2213 3821 2225 3854; x_wconf 91' lang='lat'><strong>:</strong></span> <span class='ocrx_word' id='word_1_688' title='bbox 2257 3821 2275 3854; x_wconf 82' lang='grc' dir='ltr'><strong>ι</strong></span> <span class='ocrx_word' id='word_1_689' title='bbox 2311 3802 2437 3857; x_wconf 83' lang='grc' dir='ltr'>801ε</span> <span class='ocrx_word' id='word_1_690' title='bbox 2462 3811 2643 3857; x_wconf 90' lang='lat' dir='ltr'><strong>autem</strong></span> <span class='ocrx_word' id='word_1_691' title='bbox 2666 3809 2788 3857; x_wconf 91' lang='lat' dir='ltr'><strong>orto</strong></span> <span class='ocrx_word' id='word_1_692' title='bbox 2811 3803 2828 3822; x_wconf 79' lang='grc'>⁶</span> <span class='ocrx_word' id='word_1_693' title='bbox 2852 3801 3340 3868; x_wconf 72' lang='lat' dir='ltr'><strong>testimaverunt&quot;,</strong></span> <span class='ocrx_word' id='word_1_694' title='bbox 3362 3820 3386 3856; x_wconf 69' lang='grc' dir='ltr'><strong>ι</strong></span> 
     </span>
    </p>
   </div>
   <div class='ocr_carea' id='block_1_83' title="bbox 1809 3893 3391 3960">
    <p class='ocr_par' dir='ltr' id='par_1_83' title="bbox 1809 3893 3391 3960">
     <span class='ocr_line' id='line_1_83' title="bbox 1809 3893 3391 3960; baseline 0.001 -11"><span class='ocrx_word' id='word_1_695' title='bbox 1809 3895 1866 3949; x_wconf 80' lang='lat' dir='ltr'><strong>1d</strong></span> <span class='ocrx_word' id='word_1_696' title='bbox 1898 3905 2015 3960; x_wconf 90' lang='lat' dir='ltr'><strong>est,</strong></span> <span class='ocrx_word' id='word_1_697' title='bbox 2053 3893 2420 3950; x_wconf 88' lang='lat' dir='ltr'><strong>tribulationis</strong></span> <span class='ocrx_word' id='word_1_698' title='bbox 2469 3895 2662 3949; x_wconf 88' lang='lat' dir='ltr'><strong>ardore</strong></span> <span class='ocrx_word' id='word_1_699' title='bbox 2716 3894 3069 3959; x_wconf 79' lang='lat' dir='ltr'><strong>fervescente,</strong></span> <span class='ocrx_word' id='word_1_700' title='bbox 3110 3895 3391 3951; x_wconf 87' lang='lat' dir='ltr'><strong>laborave-</strong></span> 
     </span>
    </p>
   </div>
   <div class='ocr_carea' id='block_1_84' title="bbox 1811 3987 3388 4056">
    <p class='ocr_par' dir='ltr' id='par_1_84' title="bbox 1811 3987 3388 4056">
     <span class='ocr_line' id='line_1_84' title="bbox 1811 3987 3388 4056; baseline 0.001 -12"><span class='ocrx_word' id='word_1_701' title='bbox 1811 3999 1958 4044; x_wconf 85' lang='lat' dir='ltr'><strong>runt.</strong></span> <span class='ocrx_word' id='word_1_702' title='bbox 2004 3987 2096 4042; x_wconf 92' lang='grc'><strong>801</strong></span> <span class='ocrx_word' id='word_1_703' title='bbox 2119 4029 2133 4055; x_wconf 90' lang='grc'><strong>,</strong></span> <span class='ocrx_word' id='word_1_704' title='bbox 2176 3988 2428 4042; x_wconf 87' lang='lat' dir='ltr'><strong>acumina</strong></span> <span class='ocrx_word' id='word_1_705' title='bbox 2465 3987 2793 4056; x_wconf 86' lang='lat' dir='ltr'><strong>sapientum,</strong></span> <span class='ocrx_word' id='word_1_706' title='bbox 2835 3995 2896 4040; x_wconf 90' lang='lat' dir='ltr'><strong>ut</strong></span> <span class='ocrx_word' id='word_1_707' title='bbox 2937 3987 2992 4041; x_wconf 93' lang='lat' dir='ltr'><strong>in</strong></span> <span class='ocrx_word' id='word_1_708' title='bbox 3035 3987 3178 4043; x_wconf 91' lang='lat' dir='ltr'><strong>Job:</strong></span> <span class='ocrx_word' id='word_1_709' title='bbox 3222 4007 3240 4039; x_wconf 78' lang='grc' dir='ltr'><strong>ι</strong></span> <span class='ocrx_word' id='word_1_710' title='bbox 3277 3988 3388 4045; x_wconf 90' lang='lat' dir='ltr'><strong>Sub</strong></span> 
     </span>
    </p>
   </div>
   <div class='ocr_carea' id='block_1_85' title="bbox 1811 4075 3390 4151">
    <p class='ocr_par' dir='ltr' id='par_1_85' title="bbox 1811 4075 3390 4151">
     <span class='ocr_line' id='line_1_85' title="bbox 1811 4075 3390 4151; baseline -0.001 -16"><span class='ocrx_word' id='word_1_711' title='bbox 1811 4081 1930 4151; x_wconf 88' lang='lat' dir='ltr'><strong>ipso</strong></span> <span class='ocrx_word' id='word_1_712' title='bbox 1948 4089 2109 4133; x_wconf 90' lang='lat' dir='ltr'><strong>erunt</strong></span> <span class='ocrx_word' id='word_1_713' title='bbox 2135 4079 2270 4133; x_wconf 88' lang='lat' dir='ltr'><strong>radii</strong></span> <span class='ocrx_word' id='word_1_714' title='bbox 2307 4078 2438 4133; x_wconf 92' lang='lat' dir='ltr'><strong>solis</strong></span> <span class='ocrx_word' id='word_1_715' title='bbox 2461 4077 2529 4143; x_wconf 84' lang='grc'>³²,</span> <span class='ocrx_word' id='word_1_716' title='bbox 2563 4096 2581 4127; x_wconf 84' lang='grc'><strong>›</strong></span> <span class='ocrx_word' id='word_1_717' title='bbox 2623 4075 2765 4147; x_wconf 87' lang='lat' dir='ltr'><strong>quod</strong></span> <span class='ocrx_word' id='word_1_718' title='bbox 2799 4077 2962 4147; x_wconf 89' lang='lat' dir='ltr'><strong>ipsos,</strong></span> <span class='ocrx_word' id='word_1_719' title='bbox 2993 4078 3085 4147; x_wconf 91' lang='lat' dir='ltr'><strong>qui</strong></span> <span class='ocrx_word' id='word_1_720' title='bbox 3116 4077 3390 4148; x_wconf 90' lang='lat' dir='ltr'><strong>sapientes</strong></span> 
     </span>
    </p>
   </div>
   <div class='ocr_carea' id='block_1_86' title="bbox 1809 4168 3386 4239">
    <p class='ocr_par' dir='ltr' id='par_1_86' title="bbox 1809 4168 3386 4239">
     <span class='ocr_line' id='line_1_86' title="bbox 1809 4168 3386 4239; baseline -0.003 -12"><span class='ocrx_word' id='word_1_721' title='bbox 1809 4187 1929 4228; x_wconf 87' lang='lat' dir='ltr'><strong>esse</strong></span> <span class='ocrx_word' id='word_1_722' title='bbox 1969 4172 2252 4236; x_wconf 87' lang='lat' dir='ltr'><strong>videntur,</strong></span> <span class='ocrx_word' id='word_1_723' title='bbox 2312 4170 2557 4226; x_wconf 89' lang='lat' dir='ltr'><strong>diabolus</strong></span> <span class='ocrx_word' id='word_1_724' title='bbox 2601 4185 2986 4239; x_wconf 87' lang='lat' dir='ltr'><strong>nonnunquam</strong></span> <span class='ocrx_word' id='word_1_725' title='bbox 3023 4169 3125 4224; x_wconf 90' lang='lat' dir='ltr'><strong>sibi</strong></span> <span class='ocrx_word' id='word_1_726' title='bbox 3173 4168 3386 4226; x_wconf 81' lang='lat' dir='ltr'><strong>suliicit.</strong></span> 
     </span>
    </p>
   </div>
   <div class='ocr_carea' id='block_1_87' title="bbox 1811 4262 3385 4335">
    <p class='ocr_par' dir='ltr' id='par_1_87' title="bbox 1811 4262 3385 4335">
     <span class='ocr_line' id='line_1_87' title="bbox 1811 4262 3385 4335; baseline -0.003 -15"><span class='ocrx_word' id='word_1_727' title='bbox 1811 4264 1924 4328; x_wconf 89' lang='lat' dir='ltr'><strong>Sol,</strong></span> <span class='ocrx_word' id='word_1_728' title='bbox 1957 4279 2195 4335; x_wconf 73' lang='lat' dir='ltr'><strong>prmsens</strong></span> <span class='ocrx_word' id='word_1_729' title='bbox 2222 4271 2451 4332; x_wconf 88' lang='lat' dir='ltr'><strong>tempus,</strong></span> <span class='ocrx_word' id='word_1_730' title='bbox 2493 4273 2550 4318; x_wconf 90' lang='lat' dir='ltr'><strong>nt</strong></span> <span class='ocrx_word' id='word_1_731' title='bbox 2595 4263 2648 4317; x_wconf 90' lang='lat' dir='ltr'><strong>in</strong></span> <span class='ocrx_word' id='word_1_732' title='bbox 2675 4262 2904 4316; x_wconf 87' lang='lat' dir='ltr'><strong>Psalmis</strong></span> <span class='ocrx_word' id='word_1_733' title='bbox 2933 4281 2945 4316; x_wconf 94' lang='lat'><strong>:</strong></span> <span class='ocrx_word' id='word_1_734' title='bbox 2978 4280 2997 4314; x_wconf 80' lang='grc' dir='ltr'><strong>ι</strong></span> <span class='ocrx_word' id='word_1_735' title='bbox 3041 4262 3179 4317; x_wconf 85' lang='lat' dir='ltr'><strong>Ante</strong></span> <span class='ocrx_word' id='word_1_736' title='bbox 3220 4262 3385 4316; x_wconf 88' lang='lat' dir='ltr'><strong>solem</strong></span> 
     </span>
    </p>
   </div>
   <div class='ocr_carea' id='block_1_88' title="bbox 1808 4355 3387 4427">
    <p class='ocr_par' dir='ltr' id='par_1_88' title="bbox 1808 4355 3387 4427">
     <span class='ocr_line' id='line_1_88' title="bbox 1808 4355 3387 4427; baseline -0.001 -15"><span class='ocrx_word' id='word_1_737' title='bbox 1808 4365 2090 4427; x_wconf 88' lang='lat' dir='ltr'><strong>permanet</strong></span> <span class='ocrx_word' id='word_1_738' title='bbox 2130 4368 2324 4412; x_wconf 88' lang='lat' dir='ltr'><strong>nomen</strong></span> <span class='ocrx_word' id='word_1_739' title='bbox 2369 4357 2486 4427; x_wconf 87' lang='lat' dir='ltr'><strong>ejus</strong></span> <span class='ocrx_word' id='word_1_740' title='bbox 2511 4355 2580 4420; x_wconf 85' lang='grc'>³³,</span> <span class='ocrx_word' id='word_1_741' title='bbox 2625 4375 2645 4409; x_wconf 75' lang='grc' dir='ltr'><strong>ι</strong></span> <span class='ocrx_word' id='word_1_742' title='bbox 2679 4356 2823 4426; x_wconf 88' lang='lat' dir='ltr'><strong>quod</strong></span> <span class='ocrx_word' id='word_1_743' title='bbox 2872 4355 2986 4426; x_wconf 89' lang='lat' dir='ltr'><strong>ipse</strong></span> <span class='ocrx_word' id='word_1_744' title='bbox 3036 4355 3387 4411; x_wconf 88' lang='lat' dir='ltr'><strong>immutabilis</strong></span> 
     </span>
    </p>
   </div>
   <div class='ocr_carea' id='block_1_89' title="bbox 1807 4443 3386 4516">
    <p class='ocr_par' dir='ltr' id='par_1_89' title="bbox 1807 4443 3386 4516">
     <span class='ocr_line' id='line_1_89' title="bbox 1807 4443 3386 4516; baseline 0 -14"><span class='ocrx_word' id='word_1_745' title='bbox 1807 4458 1934 4503; x_wconf 88' lang='lat' dir='ltr'><strong>ante</strong></span> <span class='ocrx_word' id='word_1_746' title='bbox 1971 4447 2151 4503; x_wconf 88' lang='lat' dir='ltr'><strong>omnia</strong></span> <span class='ocrx_word' id='word_1_747' title='bbox 2181 4455 2425 4516; x_wconf 89' lang='lat' dir='ltr'><strong>tempora</strong></span> <span class='ocrx_word' id='word_1_748' title='bbox 2464 4443 2586 4500; x_wconf 84' lang='lat' dir='ltr'><strong>fuit.</strong></span> <span class='ocrx_word' id='word_1_749' title='bbox 2625 4445 2740 4511; x_wconf 90' lang='grc'>801,</span> <span class='ocrx_word' id='word_1_750' title='bbox 2792 4445 3014 4501; x_wconf 86' lang='lat' dir='ltr'><strong>claritas</strong></span> <span class='ocrx_word' id='word_1_751' title='bbox 3041 4446 3232 4514; x_wconf 72' lang='lat' dir='ltr'><strong>patria:</strong></span> <span class='ocrx_word' id='word_1_752' title='bbox 3276 4460 3386 4502; x_wconf 75' lang='grc' dir='ltr'><strong>..ω-</strong></span> 
     </span>
    </p>
   </div>
   <div class='ocr_carea' id='block_1_90' title="bbox 113 4537 1714 4622">
    <p class='ocr_par' dir='ltr' id='par_1_90' title="bbox 113 4539 1702 4618">
     <span class='ocr_line' id='line_1_90' title="bbox 113 4539 1702 4618; baseline 0.009 -27"><span class='ocrx_word' id='word_1_753' title='bbox 113 4547 231 4591; x_wconf 79' lang='grc' dir='ltr'>ιιοιι</span> <span class='ocrx_word' id='word_1_754' title='bbox 263 4543 412 4592; x_wconf 89' lang='lat' dir='ltr'><strong>ortus</strong></span> <span class='ocrx_word' id='word_1_755' title='bbox 433 4547 516 4592; x_wconf 88' lang='lat' dir='ltr'><strong>est</strong></span> <span class='ocrx_word' id='word_1_756' title='bbox 537 4539 694 4594; x_wconf 91' lang='lat' dir='ltr'><strong>nobis</strong></span> <span class='ocrx_word' id='word_1_757' title='bbox 727 4540 791 4606; x_wconf 80' lang='grc'><strong>⁸⁵,</strong></span> <span class='ocrx_word' id='word_1_758' title='bbox 831 4561 849 4594; x_wconf 77' lang='grc' dir='ltr'><strong>ι</strong></span> <span class='ocrx_word' id='word_1_759' title='bbox 879 4541 935 4597; x_wconf 91' lang='lat' dir='ltr'><strong>id</strong></span> <span class='ocrx_word' id='word_1_760' title='bbox 955 4553 1061 4611; x_wconf 89' lang='lat' dir='ltr'><strong>est,</strong></span> <span class='ocrx_word' id='word_1_761' title='bbox 1087 4559 1186 4600; x_wconf 92' lang='lat' dir='ltr'><strong>nec</strong></span> <span class='ocrx_word' id='word_1_762' title='bbox 1215 4561 1312 4616; x_wconf 91' lang='lat' dir='ltr'><strong>per</strong></span> <span class='ocrx_word' id='word_1_763' title='bbox 1339 4547 1702 4618; x_wconf 77' lang='lat' dir='ltr'><strong>cognitionem</strong></span> 
     </span>
    </p>
   </div>
   <div class='ocr_carea' id='block_1_91' title="bbox 1819 4537 3387 4622">
    <p class='ocr_par' dir='ltr' id='par_1_91' title="bbox 1819 4537 3387 4607">
     <span class='ocr_line' id='line_1_91' title="bbox 1819 4537 3387 4607; baseline 0 -13"><span class='ocrx_word' id='word_1_764' title='bbox 1819 4541 1980 4605; x_wconf 89' lang='lat' dir='ltr'><strong>lestis,</strong></span> <span class='ocrx_word' id='word_1_765' title='bbox 2025 4548 2086 4594; x_wconf 93' lang='lat' dir='ltr'><strong>ut</strong></span> <span class='ocrx_word' id='word_1_766' title='bbox 2119 4540 2173 4593; x_wconf 92' lang='lat' dir='ltr'><strong>in</strong></span> <span class='ocrx_word' id='word_1_767' title='bbox 2217 4539 2412 4594; x_wconf 90' lang='lat' dir='ltr'><strong>Genesi</strong></span> <span class='ocrx_word' id='word_1_768' title='bbox 2446 4554 2460 4592; x_wconf 96' lang='lat'><strong>:</strong></span> <span class='ocrx_word' id='word_1_769' title='bbox 2492 4559 2509 4589; x_wconf 78' lang='grc' dir='ltr'><strong>ι</strong></span> <span class='ocrx_word' id='word_1_770' title='bbox 2546 4539 2711 4594; x_wconf 89' lang='lat' dir='ltr'><strong>Ortus</strong></span> <span class='ocrx_word' id='word_1_771' title='bbox 2757 4549 2840 4593; x_wconf 87' lang='lat' dir='ltr'><strong>est</strong></span> <span class='ocrx_word' id='word_1_772' title='bbox 2875 4537 2952 4592; x_wconf 90' lang='lat' dir='ltr'><strong>sol</strong></span> <span class='ocrx_word' id='word_1_773' title='bbox 2990 4538 3062 4602; x_wconf 87' lang='lat' dir='ltr'><strong>ei,</strong></span> <span class='ocrx_word' id='word_1_774' title='bbox 3101 4545 3387 4607; x_wconf 87' lang='lat' dir='ltr'><strong>postquam</strong></span> 
     </span>
    </p>
   </div>
   <div class='ocr_carea' id='block_1_92' title="bbox 111 4627 1709 4706">
    <p class='ocr_par' dir='ltr' id='par_1_92' title="bbox 111 4627 1709 4706">
     <span class='ocr_line' id='line_1_92' title="bbox 111 4627 1709 4706; baseline 0.009 -26"><span class='ocrx_word' id='word_1_775' title='bbox 111 4627 393 4692; x_wconf 78' lang='lat' dir='ltr'><strong>veritatis,</strong></span> <span class='ocrx_word' id='word_1_776' title='bbox 437 4644 536 4684; x_wconf 91' lang='lat' dir='ltr'><strong>nec</strong></span> <span class='ocrx_word' id='word_1_777' title='bbox 567 4645 664 4700; x_wconf 92' lang='lat' dir='ltr'><strong>per</strong></span> <span class='ocrx_word' id='word_1_778' title='bbox 693 4646 928 4706; x_wconf 80' lang='lat' dir='ltr'><strong>amorem</strong></span> <span class='ocrx_word' id='word_1_779' title='bbox 973 4635 1186 4692; x_wconf 90' lang='lat' dir='ltr'><strong>virtutis</strong></span> <span class='ocrx_word' id='word_1_780' title='bbox 1232 4638 1492 4692; x_wconf 90' lang='lat' dir='ltr'><strong>Dominus</strong></span> <span class='ocrx_word' id='word_1_781' title='bbox 1531 4639 1709 4697; x_wconf 82' lang='lat' dir='ltr'><strong>illuxit</strong></span> 
     </span>
    </p>
   </div>
   <div class='ocr_carea' id='block_1_93' title="bbox 115 4715 1699 4794">
    <p class='ocr_par' dir='ltr' id='par_1_93' title="bbox 115 4715 1699 4794">
     <span class='ocr_line' id='line_1_93' title="bbox 115 4715 1699 4794; baseline 0.009 -22"><span class='ocrx_word' id='word_1_782' title='bbox 115 4717 306 4772; x_wconf 87' lang='lat' dir='ltr'><strong>nobis.</strong></span> <span class='ocrx_word' id='word_1_783' title='bbox 337 4715 492 4784; x_wconf 83' lang='grc'>801,</span> <span class='ocrx_word' id='word_1_784' title='bbox 539 4725 865 4779; x_wconf 84' lang='lat' dir='ltr'><strong>resurrectio</strong></span> <span class='ocrx_word' id='word_1_785' title='bbox 919 4725 1165 4794; x_wconf 88' lang='lat' dir='ltr'><strong>Christi,</strong></span> <span class='ocrx_word' id='word_1_786' title='bbox 1215 4738 1274 4783; x_wconf 90' lang='lat' dir='ltr'><strong>ut</strong></span> <span class='ocrx_word' id='word_1_787' title='bbox 1336 4731 1392 4784; x_wconf 91' lang='lat' dir='ltr'><strong>in</strong></span> <span class='ocrx_word' id='word_1_788' title='bbox 1429 4729 1699 4787; x_wconf 87' lang='lat' dir='ltr'><strong>Psalmis:</strong></span> 
     </span>
    </p>
   </div>
   <div class='ocr_carea' id='block_1_94' title="bbox 121 4811 1705 4894">
    <p class='ocr_par' dir='ltr' id='par_1_94' title="bbox 121 4811 1705 4894">
     <span class='ocr_line' id='line_1_94' title="bbox 121 4811 1705 4894; baseline 0.012 -33"><span class='ocrx_word' id='word_1_789' title='bbox 121 4829 142 4861; x_wconf 74' lang='grc' dir='ltr'><strong>ι</strong></span> <span class='ocrx_word' id='word_1_790' title='bbox 181 4811 350 4866; x_wconf 85' lang='lat' dir='ltr'><strong>Ortus</strong></span> <span class='ocrx_word' id='word_1_791' title='bbox 372 4821 454 4867; x_wconf 90' lang='lat' dir='ltr'><strong>est</strong></span> <span class='ocrx_word' id='word_1_792' title='bbox 482 4813 582 4879; x_wconf 90' lang='lat' dir='ltr'><strong>sol,</strong></span> <span class='ocrx_word' id='word_1_793' title='bbox 607 4824 662 4871; x_wconf 90' lang='lat' dir='ltr'><strong>et</strong></span> <span class='ocrx_word' id='word_1_794' title='bbox 685 4820 998 4890; x_wconf 86' lang='lat' dir='ltr'><strong>congregati</strong></span> <span class='ocrx_word' id='word_1_795' title='bbox 1027 4830 1154 4874; x_wconf 89' lang='lat' dir='ltr'><strong>sunt</strong></span> <span class='ocrx_word' id='word_1_796' title='bbox 1177 4821 1238 4886; x_wconf 76' lang='grc'><strong>’⁸,</strong></span> <span class='ocrx_word' id='word_1_797' title='bbox 1270 4841 1287 4872; x_wconf 77' lang='grc' dir='ltr'><strong>ι</strong></span> <span class='ocrx_word' id='word_1_798' title='bbox 1321 4822 1373 4875; x_wconf 93' lang='lat' dir='ltr'><strong>id</strong></span> <span class='ocrx_word' id='word_1_799' title='bbox 1405 4831 1506 4888; x_wconf 91' lang='lat' dir='ltr'><strong>est,</strong></span> <span class='ocrx_word' id='word_1_800' title='bbox 1541 4839 1705 4894; x_wconf 87' lang='lat' dir='ltr'><strong>appa-</strong></span> 
     </span>
    </p>
   </div>
   <div class='ocr_carea' id='block_1_95' title="bbox 115 4907 1704 4983">
    <p class='ocr_par' dir='ltr' id='par_1_95' title="bbox 115 4907 1704 4983">
     <span class='ocr_line' id='line_1_95' title="bbox 115 4907 1704 4983; baseline 0.009 -27"><span class='ocrx_word' id='word_1_801' title='bbox 115 4911 282 4957; x_wconf 84' lang='lat' dir='ltr'><strong>rente</strong></span> <span class='ocrx_word' id='word_1_802' title='bbox 323 4907 718 4962; x_wconf 88' lang='lat' dir='ltr'><strong>resurrectione</strong></span> <span class='ocrx_word' id='word_1_803' title='bbox 761 4907 986 4976; x_wconf 86' lang='lat' dir='ltr'><strong>Christi,</strong></span> <span class='ocrx_word' id='word_1_804' title='bbox 1033 4910 1304 4981; x_wconf 88' lang='lat' dir='ltr'><strong>discipuli,</strong></span> <span class='ocrx_word' id='word_1_805' title='bbox 1337 4913 1428 4982; x_wconf 93' lang='lat' dir='ltr'><strong>qui</strong></span> <span class='ocrx_word' id='word_1_806' title='bbox 1473 4913 1704 4983; x_wconf 89' lang='lat' dir='ltr'><strong>dispersi</strong></span> 
     </span>
    </p>
   </div>
   <div class='ocr_carea' id='block_1_96' title="bbox 113 4995 1698 5070">
    <p class='ocr_par' dir='ltr' id='par_1_96' title="bbox 113 4995 1698 5070">
     <span class='ocr_line' id='line_1_96' title="bbox 113 4995 1698 5070; baseline 0.008 -20"><span class='ocrx_word' id='word_1_807' title='bbox 113 5002 274 5060; x_wconf 87' lang='lat' dir='ltr'><strong>sunt,</strong></span> <span class='ocrx_word' id='word_1_808' title='bbox 305 4995 524 5050; x_wconf 88' lang='lat' dir='ltr'><strong>adunati</strong></span> <span class='ocrx_word' id='word_1_809' title='bbox 555 5009 697 5053; x_wconf 90' lang='lat' dir='ltr'><strong>sunt.</strong></span> <span class='ocrx_word' id='word_1_810' title='bbox 733 4998 846 5066; x_wconf 88' lang='grc'>801,</span> <span class='ocrx_word' id='word_1_811' title='bbox 872 5011 1058 5058; x_wconf 89' lang='lat' dir='ltr'><strong>sancta</strong></span> <span class='ocrx_word' id='word_1_812' title='bbox 1083 5003 1357 5070; x_wconf 85' lang='lat' dir='ltr'><strong>Ecclesia,</strong></span> <span class='ocrx_word' id='word_1_813' title='bbox 1394 5014 1452 5060; x_wconf 92' lang='lat' dir='ltr'><strong>ut</strong></span> <span class='ocrx_word' id='word_1_814' title='bbox 1481 5007 1532 5060; x_wconf 89' lang='lat' dir='ltr'><strong>in</strong></span> <span class='ocrx_word' id='word_1_815' title='bbox 1556 5007 1698 5062; x_wconf 85' lang='lat' dir='ltr'><strong>Can-</strong></span> 
     </span>
    </p>
   </div>
   <div class='ocr_carea' id='block_1_97' title="bbox 117 5087 1700 5164">
    <p class='ocr_par' dir='ltr' id='par_1_97' title="bbox 117 5087 1700 5164">
     <span class='ocr_line' id='line_1_97' title="bbox 117 5087 1700 5164; baseline 0.009 -23"><span class='ocrx_word' id='word_1_816' title='bbox 117 5087 232 5142; x_wconf 84' lang='lat' dir='ltr'><strong>tico</strong></span> <span class='ocrx_word' id='word_1_817' title='bbox 263 5104 275 5139; x_wconf 93' lang='lat'><strong>:</strong></span> <span class='ocrx_word' id='word_1_818' title='bbox 307 5106 324 5136; x_wconf 85' lang='grc'><strong><em>‹</em></strong></span> <span class='ocrx_word' id='word_1_819' title='bbox 379 5087 582 5144; x_wconf 81' lang='lat' dir='ltr'><strong>Electa-</strong></span> <span class='ocrx_word' id='word_1_820' title='bbox 601 5099 659 5146; x_wconf 91' lang='lat' dir='ltr'><strong>ut</strong></span> <span class='ocrx_word' id='word_1_821' title='bbox 687 5091 768 5148; x_wconf 91' lang='lat' dir='ltr'><strong>sol</strong></span> <span class='ocrx_word' id='word_1_822' title='bbox 806 5093 869 5158; x_wconf 77' lang='grc'><strong>⁸⁷,</strong></span> <span class='ocrx_word' id='word_1_823' title='bbox 919 5113 940 5146; x_wconf 76' lang='grc' dir='ltr'><strong>ι</strong></span> <span class='ocrx_word' id='word_1_824' title='bbox 991 5096 1133 5164; x_wconf 91' lang='lat' dir='ltr'><strong>quod</strong></span> <span class='ocrx_word' id='word_1_825' title='bbox 1161 5096 1420 5154; x_wconf 88' lang='lat' dir='ltr'><strong>Dominus</strong></span> <span class='ocrx_word' id='word_1_826' title='bbox 1446 5099 1700 5155; x_wconf 76' lang='lat' dir='ltr'><strong>Ecclesiae</strong></span> 
     </span>
    </p>
   </div>
   <div class='ocr_carea' id='block_1_98' title="bbox 113 5177 1696 5260">
    <p class='ocr_par' dir='ltr' id='par_1_98' title="bbox 113 5177 1696 5260">
     <span class='ocr_line' id='line_1_98' title="bbox 113 5177 1696 5260; baseline 0.008 -29"><span class='ocrx_word' id='word_1_827' title='bbox 113 5177 378 5232; x_wconf 89' lang='lat' dir='ltr'><strong>decoram</strong></span> <span class='ocrx_word' id='word_1_828' title='bbox 411 5179 712 5236; x_wconf 88' lang='lat' dir='ltr'><strong>claritatem</strong></span> <span class='ocrx_word' id='word_1_829' title='bbox 749 5191 805 5237; x_wconf 91' lang='lat' dir='ltr'><strong>et</strong></span> <span class='ocrx_word' id='word_1_830' title='bbox 841 5183 1046 5240; x_wconf 88' lang='lat' dir='ltr'><strong>clarum</strong></span> <span class='ocrx_word' id='word_1_831' title='bbox 1080 5187 1329 5243; x_wconf 87' lang='lat' dir='ltr'><strong>decorem</strong></span> <span class='ocrx_word' id='word_1_832' title='bbox 1366 5188 1548 5260; x_wconf 87' lang='lat' dir='ltr'><strong>elegit.</strong></span> <span class='ocrx_word' id='word_1_833' title='bbox 1581 5190 1696 5258; x_wconf 88' lang='lat' dir='ltr'><strong>Sol,</strong></span> 
     </span>
    </p>
   </div>
   <div class='ocr_carea' id='block_1_99' title="bbox 112 5270 1701 5351">
    <p class='ocr_par' dir='ltr' id='par_1_99' title="bbox 112 5270 1701 5351">
     <span class='ocr_line' id='line_1_99' title="bbox 112 5270 1701 5351; baseline 0.01 -28"><span class='ocrx_word' id='word_1_834' title='bbox 112 5271 277 5342; x_wconf 83' lang='lat' dir='ltr'><strong>virgo</strong></span> <span class='ocrx_word' id='word_1_835' title='bbox 314 5270 504 5340; x_wconf 84' lang='lat' dir='ltr'><strong>Maria,</strong></span> <span class='ocrx_word' id='word_1_836' title='bbox 541 5283 602 5329; x_wconf 93' lang='lat' dir='ltr'><strong>ut</strong></span> <span class='ocrx_word' id='word_1_837' title='bbox 630 5275 684 5331; x_wconf 93' lang='lat' dir='ltr'><strong>in</strong></span> <span class='ocrx_word' id='word_1_838' title='bbox 711 5275 935 5333; x_wconf 86' lang='lat' dir='ltr'><strong>Psalmis</strong></span> <span class='ocrx_word' id='word_1_839' title='bbox 966 5296 978 5332; x_wconf 90' lang='lat'><strong>:</strong></span> <span class='ocrx_word' id='word_1_840' title='bbox 1016 5297 1035 5326; x_wconf 73' lang='grc' dir='ltr'><strong>ι</strong></span> <span class='ocrx_word' id='word_1_841' title='bbox 1078 5279 1137 5334; x_wconf 88' lang='lat' dir='ltr'><strong>1n</strong></span> <span class='ocrx_word' id='word_1_842' title='bbox 1163 5279 1276 5335; x_wconf 88' lang='lat' dir='ltr'><strong>sole</strong></span> <span class='ocrx_word' id='word_1_843' title='bbox 1301 5282 1482 5351; x_wconf 78' lang='lat' dir='ltr'><strong>posuit</strong></span> <span class='ocrx_word' id='word_1_844' title='bbox 1523 5283 1701 5338; x_wconf 87' lang='lat' dir='ltr'><strong>taber-</strong></span> 
     </span>
    </p>
   </div>
   <div class='ocr_carea' id='block_1_100' title="bbox 1809 4627 3388 4700">
    <p class='ocr_par' dir='ltr' id='par_1_100' title="bbox 1809 4627 3388 4700">
     <span class='ocr_line' id='line_1_100' title="bbox 1809 4627 3388 4700; baseline -0.001 -14"><span class='ocrx_word' id='word_1_845' title='bbox 1809 4642 2180 4700; x_wconf 83' lang='lat' dir='ltr'><strong>transgressus</strong></span> <span class='ocrx_word' id='word_1_846' title='bbox 2223 4638 2306 4685; x_wconf 92' lang='lat' dir='ltr'><strong>est</strong></span> <span class='ocrx_word' id='word_1_847' title='bbox 2333 4629 2574 4685; x_wconf 88' lang='lat' dir='ltr'><strong>Phanuel</strong></span> <span class='ocrx_word' id='word_1_848' title='bbox 2604 4629 2672 4695; x_wconf 75' lang='lat'><strong>“,</strong></span> <span class='ocrx_word' id='word_1_849' title='bbox 2709 4648 2727 4682; x_wconf 75' lang='grc' dir='ltr'><strong>ι</strong></span> <span class='ocrx_word' id='word_1_850' title='bbox 2763 4629 2904 4698; x_wconf 90' lang='lat' dir='ltr'><strong>quod</strong></span> <span class='ocrx_word' id='word_1_851' title='bbox 2928 4638 3214 4698; x_wconf 81' lang='lat' dir='ltr'><strong>postquam</strong></span> <span class='ocrx_word' id='word_1_852' title='bbox 3245 4627 3388 4684; x_wconf 87' lang='lat' dir='ltr'><strong>desi-</strong></span> 
     </span>
    </p>
   </div>
   <div class='ocr_carea' id='block_1_101' title="bbox 1807 4719 3386 4791">
    <p class='ocr_par' dir='ltr' id='par_1_101' title="bbox 1807 4719 3386 4791">
     <span class='ocr_line' id='line_1_101' title="bbox 1807 4719 3386 4791; baseline -0.001 -13"><span class='ocrx_word' id='word_1_853' title='bbox 1807 4739 1998 4778; x_wconf 90' lang='lat' dir='ltr'><strong>nemus</strong></span> <span class='ocrx_word' id='word_1_854' title='bbox 2024 4723 2207 4778; x_wconf 87' lang='lat' dir='ltr'><strong>videre</strong></span> <span class='ocrx_word' id='word_1_855' title='bbox 2228 4723 2394 4777; x_wconf 90' lang='lat' dir='ltr'><strong>Deum</strong></span> <span class='ocrx_word' id='word_1_856' title='bbox 2420 4737 2516 4791; x_wconf 90' lang='lat' dir='ltr'><strong>per</strong></span> <span class='ocrx_word' id='word_1_857' title='bbox 2542 4721 2723 4786; x_wconf 78' lang='lat' dir='ltr'><strong>(idem,</strong></span> <span class='ocrx_word' id='word_1_858' title='bbox 2748 4721 3050 4776; x_wconf 91' lang='lat' dir='ltr'><strong>videbimus</strong></span> <span class='ocrx_word' id='word_1_859' title='bbox 3068 4735 3192 4775; x_wconf 91' lang='lat' dir='ltr'><strong>eum</strong></span> <span class='ocrx_word' id='word_1_860' title='bbox 3216 4719 3270 4774; x_wconf 91' lang='lat' dir='ltr'><strong>in</strong></span> <span class='ocrx_word' id='word_1_861' title='bbox 3292 4735 3386 4790; x_wconf 81' lang='lat' dir='ltr'><strong>pa-</strong></span> 
     </span>
    </p>
   </div>
   <div class='ocr_carea' id='block_1_102' title="bbox 1807 4810 3385 4882">
    <p class='ocr_par' dir='ltr' id='par_1_102' title="bbox 1807 4810 3385 4882">
     <span class='ocr_line' id='line_1_102' title="bbox 1807 4810 3385 4882; baseline -0.003 -11"><span class='ocrx_word' id='word_1_862' title='bbox 1807 4817 1909 4871; x_wconf 89' lang='lat' dir='ltr'><strong>tria</strong></span> <span class='ocrx_word' id='word_1_863' title='bbox 1933 4816 2138 4872; x_wconf 64' lang='lat' dir='ltr'><strong>caelesti</strong></span> <span class='ocrx_word' id='word_1_864' title='bbox 2167 4815 2304 4870; x_wconf 84' lang='lat' dir='ltr'><strong>facie</strong></span> <span class='ocrx_word' id='word_1_865' title='bbox 2329 4814 2398 4868; x_wconf 89' lang='lat' dir='ltr'><strong>ad</strong></span> <span class='ocrx_word' id='word_1_866' title='bbox 2423 4814 2650 4868; x_wconf 83' lang='lat' dir='ltr'><strong>faciem:</strong></span> <span class='ocrx_word' id='word_1_867' title='bbox 2678 4812 2821 4882; x_wconf 90' lang='lat' dir='ltr'><strong>quod</strong></span> <span class='ocrx_word' id='word_1_868' title='bbox 2847 4810 3089 4868; x_wconf 88' lang='lat' dir='ltr'><strong>Phanuel</strong></span> <span class='ocrx_word' id='word_1_869' title='bbox 3108 4812 3268 4880; x_wconf 76' lang='lat' dir='ltr'><strong>facies</strong></span> <span class='ocrx_word' id='word_1_870' title='bbox 3287 4811 3385 4866; x_wconf 83' lang='lat' dir='ltr'><strong>Dei</strong></span> 
     </span>
    </p>
   </div>
   <div class='ocr_carea' id='block_1_103' title="bbox 1807 4903 2787 4976">
    <p class='ocr_par' dir='ltr' id='par_1_103' title="bbox 1807 4903 2787 4976">
     <span class='ocr_line' id='line_1_103' title="bbox 1807 4903 2787 4976; baseline -0.004 -15"><span class='ocrx_word' id='word_1_871' title='bbox 1807 4908 2220 4976; x_wconf 86' lang='lat' dir='ltr'><strong>interpretatur,</strong></span> <span class='ocrx_word' id='word_1_872' title='bbox 2245 4917 2301 4960; x_wconf 85' lang='lat' dir='ltr'><strong>et</strong></span> <span class='ocrx_word' id='word_1_873' title='bbox 2322 4905 2574 4975; x_wconf 85' lang='lat' dir='ltr'><strong>designat</strong></span> <span class='ocrx_word' id='word_1_874' title='bbox 2603 4903 2787 4960; x_wconf 84' lang='lat' dir='ltr'><strong>ﬁdem.</strong></span> 
     </span>
    </p>
   </div>
   <div class='ocr_carea' id='block_1_104' title="bbox 1876 5000 3386 5074">
    <p class='ocr_par' dir='ltr' id='par_1_104' title="bbox 1876 5000 3386 5074">
     <span class='ocr_line' id='line_1_104' title="bbox 1876 5000 3386 5074; baseline 0 -14"><span class='ocrx_word' id='word_1_875' title='bbox 1876 5005 2079 5060; x_wconf 81' lang='lat' dir='ltr'><strong>Solium</strong></span> <span class='ocrx_word' id='word_1_876' title='bbox 2105 5013 2190 5060; x_wconf 91' lang='lat' dir='ltr'><strong>est</strong></span> <span class='ocrx_word' id='word_1_877' title='bbox 2217 5003 2384 5074; x_wconf 85' lang='lat' dir='ltr'><strong>gloria</strong></span> <span class='ocrx_word' id='word_1_878' title='bbox 2415 5004 2568 5074; x_wconf 89' lang='lat' dir='ltr'><strong>regni</strong></span> <span class='ocrx_word' id='word_1_879' title='bbox 2606 5002 2866 5069; x_wconf 79' lang='lat' dir='ltr'><strong>caelestis,</strong></span> <span class='ocrx_word' id='word_1_880' title='bbox 2891 5009 2951 5057; x_wconf 91' lang='lat' dir='ltr'><strong>ut</strong></span> <span class='ocrx_word' id='word_1_881' title='bbox 2985 5002 3040 5056; x_wconf 94' lang='lat' dir='ltr'><strong>in</strong></span> <span class='ocrx_word' id='word_1_882' title='bbox 3058 5000 3158 5057; x_wconf 87' lang='lat' dir='ltr'><strong>Job</strong></span> <span class='ocrx_word' id='word_1_883' title='bbox 3187 5019 3199 5056; x_wconf 93' lang='lat'><strong>:</strong></span> <span class='ocrx_word' id='word_1_884' title='bbox 3230 5021 3249 5054; x_wconf 81' lang='grc' dir='ltr'><strong>ι</strong></span> <span class='ocrx_word' id='word_1_885' title='bbox 3279 5001 3386 5071; x_wconf 83' lang='lat' dir='ltr'><strong>Qui</strong></span> 
     </span>
    </p>
   </div>
   <div class='ocr_carea' id='block_1_105' title="bbox 1806 5095 3388 5166">
    <p class='ocr_par' dir='ltr' id='par_1_105' title="bbox 1806 5095 3388 5166">
     <span class='ocr_line' id='line_1_105' title="bbox 1806 5095 3388 5166; baseline -0.001 -14"><span class='ocrx_word' id='word_1_886' title='bbox 1806 5105 1953 5152; x_wconf 88' lang='lat' dir='ltr'><strong>tenet</strong></span> <span class='ocrx_word' id='word_1_887' title='bbox 1998 5097 2201 5151; x_wconf 89' lang='lat' dir='ltr'><strong>vultum</strong></span> <span class='ocrx_word' id='word_1_888' title='bbox 2246 5097 2364 5152; x_wconf 90' lang='lat' dir='ltr'><strong>solii</strong></span> <span class='ocrx_word' id='word_1_889' title='bbox 2393 5096 2473 5151; x_wconf 91' lang='lat' dir='ltr'><strong>sui</strong></span> <span class='ocrx_word' id='word_1_890' title='bbox 2522 5095 2590 5160; x_wconf 86' lang='grc'>³³,</span> <span class='ocrx_word' id='word_1_891' title='bbox 2624 5115 2642 5147; x_wconf 74' lang='grc' dir='ltr'><strong>ι</strong></span> <span class='ocrx_word' id='word_1_892' title='bbox 2678 5096 2732 5151; x_wconf 91' lang='lat' dir='ltr'><strong>id</strong></span> <span class='ocrx_word' id='word_1_893' title='bbox 2783 5103 2887 5160; x_wconf 91' lang='lat' dir='ltr'><strong>est,</strong></span> <span class='ocrx_word' id='word_1_894' title='bbox 2918 5103 3192 5166; x_wconf 89' lang='lat' dir='ltr'><strong>aspectum</strong></span> <span class='ocrx_word' id='word_1_895' title='bbox 3228 5095 3388 5152; x_wconf 82' lang='lat' dir='ltr'><strong>nobis</strong></span> 
     </span>
    </p>
   </div>
   <div class='ocr_carea' id='block_1_106' title="bbox 1807 5185 3381 5260">
    <p class='ocr_par' dir='ltr' id='par_1_106' title="bbox 1807 5185 3381 5260">
     <span class='ocr_line' id='line_1_106' title="bbox 1807 5185 3381 5260; baseline -0.002 -16"><span class='ocrx_word' id='word_1_896' title='bbox 1807 5190 1982 5244; x_wconf 88' lang='lat' dir='ltr'><strong>adhuc</strong></span> <span class='ocrx_word' id='word_1_897' title='bbox 2007 5188 2190 5258; x_wconf 73' lang='lat' dir='ltr'><strong>gloria:</strong></span> <span class='ocrx_word' id='word_1_898' title='bbox 2227 5203 2338 5243; x_wconf 85' lang='lat' dir='ltr'><strong>suae</strong></span> <span class='ocrx_word' id='word_1_899' title='bbox 2383 5187 2682 5244; x_wconf 89' lang='lat' dir='ltr'><strong>abscondit.</strong></span> <span class='ocrx_word' id='word_1_900' title='bbox 2738 5185 2964 5254; x_wconf 82' lang='lat' dir='ltr'><strong>Solium,</strong></span> <span class='ocrx_word' id='word_1_901' title='bbox 2989 5187 3160 5244; x_wconf 88' lang='lat' dir='ltr'><strong>sancti</strong></span> <span class='ocrx_word' id='word_1_902' title='bbox 3183 5188 3381 5260; x_wconf 87' lang='lat' dir='ltr'><strong>angeli,</strong></span> 
     </span>
    </p>
   </div>
   <div class='ocr_carea' id='block_1_107' title="bbox 1807 5279 3380 5352">
    <p class='ocr_par' dir='ltr' id='par_1_107' title="bbox 1807 5279 3380 5352">
     <span class='ocr_line' id='line_1_107' title="bbox 1807 5279 3380 5352; baseline -0.003 -12"><span class='ocrx_word' id='word_1_903' title='bbox 1807 5292 1869 5340; x_wconf 92' lang='lat' dir='ltr'><strong>ut</strong></span> <span class='ocrx_word' id='word_1_904' title='bbox 1894 5284 1948 5338; x_wconf 92' lang='lat' dir='ltr'><strong>in</strong></span> <span class='ocrx_word' id='word_1_905' title='bbox 1979 5279 2118 5338; x_wconf 89' lang='lat' dir='ltr'><strong>Job:</strong></span> <span class='ocrx_word' id='word_1_906' title='bbox 2153 5301 2170 5333; x_wconf 82' lang='grc' dir='ltr'><strong>ι</strong></span> <span class='ocrx_word' id='word_1_907' title='bbox 2203 5281 2270 5335; x_wconf 86' lang='grc' dir='ltr'>Ει</span> <span class='ocrx_word' id='word_1_908' title='bbox 2294 5280 2505 5336; x_wconf 90' lang='lat' dir='ltr'><strong>veniam</strong></span> <span class='ocrx_word' id='word_1_909' title='bbox 2533 5295 2704 5352; x_wconf 85' lang='lat' dir='ltr'><strong>usque</strong></span> <span class='ocrx_word' id='word_1_910' title='bbox 2732 5280 2798 5336; x_wconf 89' lang='lat' dir='ltr'><strong>ad</strong></span> <span class='ocrx_word' id='word_1_911' title='bbox 2819 5280 3010 5337; x_wconf 89' lang='lat' dir='ltr'><strong>solium</strong></span> <span class='ocrx_word' id='word_1_912' title='bbox 3039 5280 3154 5352; x_wconf 89' lang='lat' dir='ltr'><strong>ejus</strong></span> <span class='ocrx_word' id='word_1_913' title='bbox 3177 5280 3240 5344; x_wconf 81' lang='grc'>³⁸,</span> <span class='ocrx_word' id='word_1_914' title='bbox 3276 5299 3296 5332; x_wconf 74' lang='grc' dir='ltr'><strong>ι</strong></span> <span class='ocrx_word' id='word_1_915' title='bbox 3327 5280 3380 5336; x_wconf 92' lang='lat' dir='ltr'><strong>id</strong></span> 
     </span>
    </p>
   </div>
   <div class='ocr_carea' id='block_1_108' title="bbox 191 5449 1714 5522">
    <p class='ocr_par' dir='ltr' id='par_1_108' title="bbox 191 5449 1680 5522">
     <span class='ocr_line' id='line_1_108' title="bbox 191 5449 1680 5522; baseline 0.004 -18"><span class='ocrx_word' id='word_1_916' title='bbox 191 5452 206 5481; x_wconf 82' lang='grc'>¹</span> <span class='ocrx_word' id='word_1_917' title='bbox 259 5449 405 5504; x_wconf 88' lang='lat' dir='ltr'><strong>Psal.</strong></span> <span class='ocrx_word' id='word_1_918' title='bbox 436 5467 579 5522; x_wconf 56' lang='grc' dir='ltr'><strong>Δ(ιιιι,</strong></span> <span class='ocrx_word' id='word_1_919' title='bbox 621 5452 675 5506; x_wconf 71' lang='grc'><strong>4.</strong></span> <span class='ocrx_word' id='word_1_920' title='bbox 707 5456 727 5483; x_wconf 83' lang='grc'>¹</span> <span class='ocrx_word' id='word_1_921' title='bbox 767 5454 874 5509; x_wconf 87' lang='lat' dir='ltr'><strong>Job</strong></span> <span class='ocrx_word' id='word_1_922' title='bbox 894 5469 1011 5517; x_wconf 87' lang='lat' dir='ltr'><strong>vm,</strong></span> <span class='ocrx_word' id='word_1_923' title='bbox 1045 5455 1130 5508; x_wconf 86' lang='grc' dir='ltr'><strong>Η.</strong></span> <span class='ocrx_word' id='word_1_924' title='bbox 1182 5455 1203 5487; x_wconf 82' lang='grc'><em>³</em></span> <span class='ocrx_word' id='word_1_925' title='bbox 1247 5455 1348 5510; x_wconf 87' lang='lat' dir='ltr'><strong>Isa.</strong></span> <span class='ocrx_word' id='word_1_926' title='bbox 1384 5474 1505 5522; x_wconf 87' lang='lat' dir='ltr'><strong>xm,</strong></span> <span class='ocrx_word' id='word_1_927' title='bbox 1537 5458 1628 5512; x_wconf 69' lang='lat'><strong>‘22.</strong></span> <span class='ocrx_word' id='word_1_928' title='bbox 1659 5458 1680 5489; x_wconf 70' lang='lat'><strong><em>&quot;</em></strong></span> 
     </span>
    </p>
   </div>
   <div class='ocr_carea' id='block_1_109' title="bbox 1819 5449 3379 5522">
    <p class='ocr_par' dir='ltr' id='par_1_109' title="bbox 1822 5453 3379 5522">
     <span class='ocr_line' id='line_1_109' title="bbox 1822 5453 3379 5522; baseline -0.002 -11"><span class='ocrx_word' id='word_1_929' title='bbox 1822 5459 1858 5512; x_wconf 93' lang='lat' dir='ltr'><strong>l.</strong></span> <span class='ocrx_word' id='word_1_930' title='bbox 1898 5475 2065 5513; x_wconf 84' lang='lat' dir='ltr'><strong>vam</strong></span> <span class='ocrx_word' id='word_1_931' title='bbox 2088 5500 2102 5522; x_wconf 93' lang='lat'><strong>,</strong></span> <span class='ocrx_word' id='word_1_932' title='bbox 2135 5457 2224 5512; x_wconf 71' lang='grc'><strong>22.</strong></span> <span class='ocrx_word' id='word_1_933' title='bbox 2269 5458 2290 5488; x_wconf 79' lang='grc'>⁸</span> <span class='ocrx_word' id='word_1_934' title='bbox 2324 5455 2423 5511; x_wconf 90' lang='lat' dir='ltr'><strong>Job</strong></span> <span class='ocrx_word' id='word_1_935' title='bbox 2447 5472 2604 5522; x_wconf 81' lang='lat' dir='ltr'><strong>xvm,</strong></span> <span class='ocrx_word' id='word_1_936' title='bbox 2633 5457 2686 5513; x_wconf 91' lang='lat'><strong>9.</strong></span> <span class='ocrx_word' id='word_1_937' title='bbox 2715 5456 2735 5487; x_wconf 82' lang='grc'><strong><em>⁶</em></strong></span> <span class='ocrx_word' id='word_1_938' title='bbox 2760 5456 2861 5512; x_wconf 89' lang='lat' dir='ltr'><strong>Job</strong></span> <span class='ocrx_word' id='word_1_939' title='bbox 2895 5473 3012 5522; x_wconf 82' lang='lat' dir='ltr'><strong>xm,</strong></span> <span class='ocrx_word' id='word_1_940' title='bbox 3059 5455 3146 5510; x_wconf 76' lang='lat' dir='ltr'><strong>l5.</strong></span> <span class='ocrx_word' id='word_1_941' title='bbox 3175 5455 3195 5487; x_wconf 83' lang='lat'><strong>&quot;</strong></span> <span class='ocrx_word' id='word_1_942' title='bbox 3235 5453 3379 5508; x_wconf 86' lang='lat' dir='ltr'><strong>Psal.</strong></span> 
     </span>
    </p>
   </div>
   <div class='ocr_carea' id='block_1_110' title="bbox 107 5519 1714 5593">
    <p class='ocr_par' dir='ltr' id='par_1_110' title="bbox 107 5519 1714 5593">
     <span class='ocr_line' id='line_1_110' title="bbox 107 5519 1714 5593; baseline 0.002 -17"><span class='ocrx_word' id='word_1_943' title='bbox 107 5537 353 5593; x_wconf 62' lang='lat' dir='ltr'><strong>Lxxxu},</strong></span> <span class='ocrx_word' id='word_1_944' title='bbox 386 5519 470 5576; x_wconf 74' lang='lat' dir='ltr'><strong>l4.</strong></span> <span class='ocrx_word' id='word_1_945' title='bbox 506 5524 526 5552; x_wconf 83' lang='grc'><strong>⁸</strong></span> <span class='ocrx_word' id='word_1_946' title='bbox 561 5523 730 5579; x_wconf 75' lang='lat' dir='ltr'><strong>Exod.</strong></span> <span class='ocrx_word' id='word_1_947' title='bbox 765 5542 854 5591; x_wconf 81' lang='lat' dir='ltr'><strong>xv,</strong></span> <span class='ocrx_word' id='word_1_948' title='bbox 899 5525 948 5577; x_wconf 85' lang='lat'><strong>7.</strong></span> <span class='ocrx_word' id='word_1_949' title='bbox 985 5525 1005 5555; x_wconf 75' lang='grc' dir='ltr'>θ</span> <span class='ocrx_word' id='word_1_950' title='bbox 1043 5525 1202 5578; x_wconf 83' lang='lat' dir='ltr'><strong>Prov.</strong></span> <span class='ocrx_word' id='word_1_951' title='bbox 1242 5543 1335 5588; x_wconf 76' lang='lat' dir='ltr'><strong>xx.</strong></span> <span class='ocrx_word' id='word_1_952' title='bbox 1373 5528 1461 5581; x_wconf 72' lang='lat'><strong>28.</strong></span> <span class='ocrx_word' id='word_1_953' title='bbox 1494 5519 1540 5560; x_wconf 56' lang='lat'><strong>&quot;0</strong></span> <span class='ocrx_word' id='word_1_954' title='bbox 1567 5529 1714 5583; x_wconf 28' lang='lat' dir='ltr'><strong>Prov.</strong></span> 
     </span>
    </p>
   </div>
   <div class='ocr_carea' id='block_1_111' title="bbox 1819 5519 3379 5593">
    <p class='ocr_par' dir='ltr' id='par_1_111' title="bbox 1819 5519 3379 5593">
     <span class='ocr_line' id='line_1_111' title="bbox 1819 5519 3379 5593; baseline -0.004 -11"><span class='ocrx_word' id='word_1_955' title='bbox 1819 5547 1870 5592; x_wconf 73' lang='grc' dir='ltr'><strong>ιι,</strong></span> <span class='ocrx_word' id='word_1_956' title='bbox 1893 5531 1983 5584; x_wconf 74' lang='grc'><strong>24.</strong></span> <span class='ocrx_word' id='word_1_957' title='bbox 2032 5531 2070 5561; x_wconf 85' lang='grc'><strong>¹¹</strong></span> <span class='ocrx_word' id='word_1_958' title='bbox 2091 5519 2198 5582; x_wconf 75' lang='grc' dir='ltr'>Ιετι.</span> <span class='ocrx_word' id='word_1_959' title='bbox 2229 5545 2319 5593; x_wconf 75' lang='lat' dir='ltr'><strong>XL,</strong></span> <span class='ocrx_word' id='word_1_960' title='bbox 2349 5529 2432 5582; x_wconf 84' lang='lat' dir='ltr'><strong>l5.</strong></span> <span class='ocrx_word' id='word_1_961' title='bbox 2476 5528 2516 5557; x_wconf 85' lang='grc'>¹¹</span> <span class='ocrx_word' id='word_1_962' title='bbox 2561 5519 2659 5581; x_wconf 80' lang='lat' dir='ltr'><strong>Job</strong></span> <span class='ocrx_word' id='word_1_963' title='bbox 2688 5544 2915 5592; x_wconf 75' lang='lat' dir='ltr'><strong>xxxvm,</strong></span> <span class='ocrx_word' id='word_1_964' title='bbox 2941 5519 3029 5583; x_wconf 75' lang='lat'><strong>28.</strong></span> <span class='ocrx_word' id='word_1_965' title='bbox 3060 5527 3102 5557; x_wconf 84' lang='grc'><strong>¹³</strong></span> <span class='ocrx_word' id='word_1_966' title='bbox 3133 5524 3276 5579; x_wconf 86' lang='lat' dir='ltr'><strong>Psal.</strong></span> <span class='ocrx_word' id='word_1_967' title='bbox 3305 5539 3379 5590; x_wconf 82' lang='grc' dir='ltr'>ιν,</span> 
     </span>
    </p>
   </div>
   <div class='ocr_carea' id='block_1_112' title="bbox 111 5591 1714 5668">
    <p class='ocr_par' dir='ltr' id='par_1_112' title="bbox 111 5591 1714 5668">
     <span class='ocr_line' id='line_1_112' title="bbox 111 5591 1714 5668; baseline -0.011 -22"><span class='ocrx_word' id='word_1_968' title='bbox 111 5595 203 5646; x_wconf 78' lang='grc' dir='ltr'><strong>Η.</strong></span> <span class='ocrx_word' id='word_1_969' title='bbox 241 5593 282 5624; x_wconf 60' lang='grc'>¹³</span> <span class='ocrx_word' id='word_1_970' title='bbox 308 5591 438 5647; x_wconf 89' lang='lat' dir='ltr'><strong>Luc.</strong></span> <span class='ocrx_word' id='word_1_971' title='bbox 469 5610 568 5658; x_wconf 74' lang='lat' dir='ltr'><strong>XII,</strong></span> <span class='ocrx_word' id='word_1_972' title='bbox 591 5595 678 5650; x_wconf 76' lang='grc'><strong>55.</strong></span> <span class='ocrx_word' id='word_1_973' title='bbox 713 5598 756 5668; x_wconf 56' lang='grc' dir='ltr'><strong>¹ξ</strong></span> <span class='ocrx_word' id='word_1_974' title='bbox 778 5596 904 5666; x_wconf 83' lang='lat' dir='ltr'><strong>Sap.</strong></span> <span class='ocrx_word' id='word_1_975' title='bbox 931 5613 982 5660; x_wconf 72' lang='grc' dir='ltr'>γ,</span> <span class='ocrx_word' id='word_1_976' title='bbox 1014 5597 1064 5650; x_wconf 84' lang='grc'><strong>6.</strong></span> <span class='ocrx_word' id='word_1_977' title='bbox 1101 5599 1140 5629; x_wconf 75' lang='grc' dir='ltr'>ιθ</span> <span class='ocrx_word' id='word_1_978' title='bbox 1165 5597 1303 5652; x_wconf 56' lang='lat' dir='ltr'><strong>Psal,</strong></span> <span class='ocrx_word' id='word_1_979' title='bbox 1328 5614 1443 5659; x_wconf 49' lang='lat' dir='ltr'><strong>cm,</strong></span> <span class='ocrx_word' id='word_1_980' title='bbox 1468 5599 1559 5663; x_wconf 39' lang='grc' dir='ltr'><strong>(αλλ</strong></span> <span class='ocrx_word' id='word_1_981' title='bbox 1593 5601 1631 5630; x_wconf 81' lang='grc' dir='ltr'>ιτ</span> <span class='ocrx_word' id='word_1_982' title='bbox 1664 5599 1714 5654; x_wconf 64' lang='lat' dir='ltr'><strong>C:</strong></span> 
     </span>
    </p>
   </div>
   <div class='ocr_carea' id='block_1_113' title="bbox 1819 5591 3378 5668">
    <p class='ocr_par' dir='ltr' id='par_1_113' title="bbox 1819 5591 3378 5668">
     <span class='ocr_line' id='line_1_113' title="bbox 1819 5591 3378 5668; baseline 0.001 -19"><span class='ocrx_word' id='word_1_983' title='bbox 1819 5643 1820 5649; x_wconf 46' lang='grc' dir='ltr'><strong>η</strong></span> <span class='ocrx_word' id='word_1_984' title='bbox 1855 5591 1928 5662; x_wconf 79' lang='lat' dir='ltr'><strong>vi,</strong></span> <span class='ocrx_word' id='word_1_985' title='bbox 1952 5601 2005 5656; x_wconf 84' lang='lat'><strong>9.</strong></span> <span class='ocrx_word' id='word_1_986' title='bbox 2037 5600 2078 5632; x_wconf 83' lang='grc'><strong>¹⁸</strong></span> <span class='ocrx_word' id='word_1_987' title='bbox 2107 5599 2226 5654; x_wconf 89' lang='lat' dir='ltr'><strong>Psal</strong></span> <span class='ocrx_word' id='word_1_988' title='bbox 2250 5591 2403 5662; x_wconf 78' lang='lat' dir='ltr'><strong>xvm,</strong></span> <span class='ocrx_word' id='word_1_989' title='bbox 2433 5597 2485 5651; x_wconf 84' lang='lat'><strong>5.</strong></span> <span class='ocrx_word' id='word_1_990' title='bbox 2524 5599 2749 5668; x_wconf 85' lang='lat' dir='ltr'><strong>&quot;Apoc.</strong></span> <span class='ocrx_word' id='word_1_991' title='bbox 2781 5615 2856 5663; x_wconf 85' lang='lat' dir='ltr'><strong>vl,</strong></span> <span class='ocrx_word' id='word_1_992' title='bbox 2888 5591 2971 5650; x_wconf 68' lang='grc' dir='ltr'>ιε.</span> <span class='ocrx_word' id='word_1_993' title='bbox 3005 5598 3049 5628; x_wconf 75' lang='grc'><strong>’⁸</strong></span> <span class='ocrx_word' id='word_1_994' title='bbox 3075 5595 3194 5650; x_wconf 89' lang='lat' dir='ltr'><strong>Job.</strong></span> <span class='ocrx_word' id='word_1_995' title='bbox 3224 5611 3302 5660; x_wconf 78' lang='lat' dir='ltr'><strong>ix,</strong></span> <span class='ocrx_word' id='word_1_996' title='bbox 3324 5594 3378 5668; x_wconf 82' lang='lat'><strong>&#39;_7.</strong></span> 
     </span>
    </p>
   </div>
   <div class='ocr_carea' id='block_1_114' title="bbox 108 5664 1714 5736">
    <p class='ocr_par' dir='ltr' id='par_1_114' title="bbox 108 5664 1714 5736">
     <span class='ocr_line' id='line_1_114' title="bbox 108 5664 1714 5736; baseline 0.006 -22"><span class='ocrx_word' id='word_1_997' title='bbox 108 5665 154 5736; x_wconf 58' lang='grc' dir='ltr'><em>ἐ</em></span> <span class='ocrx_word' id='word_1_998' title='bbox 198 5664 378 5736; x_wconf 81' lang='lat' dir='ltr'><strong>_Apoc.</strong></span> <span class='ocrx_word' id='word_1_999' title='bbox 427 5680 531 5726; x_wconf 82' lang='lat' dir='ltr'><strong>xu,</strong></span> <span class='ocrx_word' id='word_1_1000' title='bbox 564 5667 612 5718; x_wconf 81' lang='grc'>1.</span> <span class='ocrx_word' id='word_1_1001' title='bbox 653 5668 697 5696; x_wconf 79' lang='grc'>¹¹</span> <span class='ocrx_word' id='word_1_1002' title='bbox 727 5664 866 5721; x_wconf 70' lang='lat' dir='ltr'><strong>Psal.</strong></span> <span class='ocrx_word' id='word_1_1003' title='bbox 896 5684 1094 5732; x_wconf 77' lang='lat' dir='ltr'><strong>cxxxv,</strong></span> <span class='ocrx_word' id='word_1_1004' title='bbox 1132 5669 1184 5721; x_wconf 90' lang='lat'><strong>8.</strong></span> <span class='ocrx_word' id='word_1_1005' title='bbox 1221 5669 1267 5698; x_wconf 70' lang='grc'><strong>’³</strong></span> <span class='ocrx_word' id='word_1_1006' title='bbox 1296 5669 1460 5724; x_wconf 80' lang='lat' dir='ltr'><strong>Ercli.</strong></span> <span class='ocrx_word' id='word_1_1007' title='bbox 1495 5686 1662 5735; x_wconf 75' lang='lat' dir='ltr'><strong>xxvu,</strong></span> <span class='ocrx_word' id='word_1_1008' title='bbox 1711 5692 1714 5700; x_wconf 63' lang='grc' dir='ltr'><strong>ι</strong></span> 
     </span>
    </p>
   </div>
   <div class='ocr_carea' id='block_1_115' title="bbox 1819 5664 3374 5736">
    <p class='ocr_par' dir='ltr' id='par_1_115' title="bbox 1843 5664 3374 5736">
     <span class='ocr_line' id='line_1_115' title="bbox 1843 5664 3374 5736; baseline -0.004 -10"><span class='ocrx_word' id='word_1_1009' title='bbox 1843 5670 2072 5726; x_wconf 74' lang='lat' dir='ltr'><strong>“Cant.</strong></span> <span class='ocrx_word' id='word_1_1010' title='bbox 2123 5687 2170 5736; x_wconf 91' lang='grc' dir='ltr'><strong>ι,</strong></span> <span class='ocrx_word' id='word_1_1011' title='bbox 2219 5670 2270 5723; x_wconf 85' lang='grc'><strong>6.</strong></span> <span class='ocrx_word' id='word_1_1012' title='bbox 2318 5671 2365 5699; x_wconf 79' lang='grc'><strong>’⁵</strong></span> <span class='ocrx_word' id='word_1_1013' title='bbox 2408 5669 2550 5723; x_wconf 87' lang='lat' dir='ltr'><strong>Psal.</strong></span> <span class='ocrx_word' id='word_1_1014' title='bbox 2593 5664 2718 5734; x_wconf 65' lang='grc' dir='ltr'>οἱα,</span> <span class='ocrx_word' id='word_1_1015' title='bbox 2769 5669 2821 5723; x_wconf 89' lang='grc'><strong>6.</strong></span> <span class='ocrx_word' id='word_1_1016' title='bbox 2861 5669 2906 5698; x_wconf 73' lang='grc'><strong>’⁸</strong></span> <span class='ocrx_word' id='word_1_1017' title='bbox 2952 5671 3119 5736; x_wconf 85' lang='lat' dir='ltr'><strong>Apoc.</strong></span> <span class='ocrx_word' id='word_1_1018' title='bbox 3165 5666 3374 5736; x_wconf 41' lang='grc' dir='ltr'>ιινιηδ.</span> 
     </span>
    </p>
   </div>
   <div class='ocr_carea' id='block_1_116' title="bbox 108 5733 1714 5806">
    <p class='ocr_par' dir='ltr' id='par_1_116' title="bbox 108 5733 1714 5806">
     <span class='ocr_line' id='line_1_116' title="bbox 108 5733 1714 5806; baseline 0.004 -18"><span class='ocrx_word' id='word_1_1019' title='bbox 108 5735 154 5806; x_wconf 56' lang='grc' dir='ltr'><strong>τ’(</strong></span> <span class='ocrx_word' id='word_1_1020' title='bbox 186 5733 490 5806; x_wconf 56' lang='lat' dir='ltr'><strong>Jolrxxm,</strong></span> <span class='ocrx_word' id='word_1_1021' title='bbox 521 5736 611 5790; x_wconf 69' lang='lat'><strong>26.</strong></span> <span class='ocrx_word' id='word_1_1022' title='bbox 645 5739 690 5768; x_wconf 74' lang='grc'><strong>³⁸</strong></span> <span class='ocrx_word' id='word_1_1023' title='bbox 738 5739 901 5806; x_wconf 81' lang='lat' dir='ltr'><strong>Apoc.</strong></span> <span class='ocrx_word' id='word_1_1024' title='bbox 950 5755 1072 5801; x_wconf 75' lang='lat' dir='ltr'><strong>XIX,</strong></span> <span class='ocrx_word' id='word_1_1025' title='bbox 1116 5740 1200 5792; x_wconf 84' lang='grc'><strong>17.</strong></span> <span class='ocrx_word' id='word_1_1026' title='bbox 1244 5739 1287 5770; x_wconf 79' lang='grc'>²⁹</span> <span class='ocrx_word' id='word_1_1027' title='bbox 1326 5740 1460 5794; x_wconf 84' lang='lat' dir='ltr'><strong>Gen.</strong></span> <span class='ocrx_word' id='word_1_1028' title='bbox 1513 5757 1603 5803; x_wconf 74' lang='lat' dir='ltr'><strong>xv,</strong></span> <span class='ocrx_word' id='word_1_1029' title='bbox 1651 5733 1714 5794; x_wconf 63' lang='grc' dir='ltr'><strong>’Π</strong></span> 
     </span>
    </p>
   </div>
   <div class='ocr_carea' id='block_1_117' title="bbox 1819 5733 3374 5806">
    <p class='ocr_par' dir='ltr' id='par_1_117' title="bbox 1819 5733 3374 5806">
     <span class='ocr_line' id='line_1_117' title="bbox 1819 5733 3374 5806; baseline -0.003 -11"><span class='ocrx_word' id='word_1_1030' title='bbox 1819 5744 1826 5770; x_wconf 81' lang='grc'><em>’</em></span> <span class='ocrx_word' id='word_1_1031' title='bbox 1868 5742 1997 5796; x_wconf 84' lang='lat' dir='ltr'><strong>ch.</strong></span> <span class='ocrx_word' id='word_1_1032' title='bbox 2048 5733 2184 5806; x_wconf 42' lang='lat' dir='ltr'><strong>xxn&#39;,</strong></span> <span class='ocrx_word' id='word_1_1033' title='bbox 2234 5741 2285 5794; x_wconf 91' lang='lat'><strong>7.</strong></span> <span class='ocrx_word' id='word_1_1034' title='bbox 2330 5741 2371 5772; x_wconf 86' lang='grc'><strong>³¹</strong></span> <span class='ocrx_word' id='word_1_1035' title='bbox 2405 5739 2592 5795; x_wconf 84' lang='lat' dir='ltr'><strong>Matth.</strong></span> <span class='ocrx_word' id='word_1_1036' title='bbox 2643 5733 2763 5805; x_wconf 82' lang='lat' dir='ltr'><strong>xm,</strong></span> <span class='ocrx_word' id='word_1_1037' title='bbox 2808 5739 2862 5792; x_wconf 90' lang='lat'><strong>6.</strong></span> <span class='ocrx_word' id='word_1_1038' title='bbox 2900 5737 2944 5769; x_wconf 83' lang='grc'><em>³³</em></span> <span class='ocrx_word' id='word_1_1039' title='bbox 2975 5733 3076 5792; x_wconf 80' lang='lat' dir='ltr'><strong>Job</strong></span> <span class='ocrx_word' id='word_1_1040' title='bbox 3124 5751 3210 5795; x_wconf 79' lang='lat' dir='ltr'><strong>xu</strong></span> <span class='ocrx_word' id='word_1_1041' title='bbox 3283 5734 3374 5793; x_wconf 74' lang='grc'><strong>21.</strong></span> 
     </span>
    </p>
   </div>
   <div class='ocr_carea' id='block_1_118' title="bbox 109 5804 1714 5878">
    <p class='ocr_par' dir='ltr' id='par_1_118' title="bbox 109 5804 1694 5877">
     <span class='ocr_line' id='line_1_118' title="bbox 109 5804 1694 5877; baseline 0.006 -18"><span class='ocrx_word' id='word_1_1042' title='bbox 109 5804 158 5834; x_wconf 81' lang='grc'><strong>³³</strong></span> <span class='ocrx_word' id='word_1_1043' title='bbox 197 5805 348 5860; x_wconf 85' lang='lat' dir='ltr'><strong>Psal.</strong></span> <span class='ocrx_word' id='word_1_1044' title='bbox 388 5822 536 5872; x_wconf 74' lang='lat' dir='ltr'><strong>LXXI,</strong></span> <span class='ocrx_word' id='word_1_1045' title='bbox 581 5809 665 5862; x_wconf 84' lang='lat' dir='ltr'><strong>l7.</strong></span> <span class='ocrx_word' id='word_1_1046' title='bbox 715 5804 936 5864; x_wconf 66' lang='lat' dir='ltr'><strong>“Gen.</strong></span> <span class='ocrx_word' id='word_1_1047' title='bbox 979 5825 1148 5876; x_wconf 63' lang='grc' dir='ltr'>χχχιι,</span> <span class='ocrx_word' id='word_1_1048' title='bbox 1190 5810 1278 5866; x_wconf 78' lang='grc'><strong>51.</strong></span> <span class='ocrx_word' id='word_1_1049' title='bbox 1324 5811 1370 5841; x_wconf 78' lang='grc'><strong>³⁵</strong></span> <span class='ocrx_word' id='word_1_1050' title='bbox 1407 5809 1507 5866; x_wconf 90' lang='lat' dir='ltr'><strong>Job</strong></span> <span class='ocrx_word' id='word_1_1051' title='bbox 1550 5827 1694 5877; x_wconf 73' lang='lat' dir='ltr'><strong>xxVI,</strong></span> 
     </span>
    </p>
   </div>
   <div class='ocr_carea' id='block_1_119' title="bbox 1819 5804 2266 5878">
    <p class='ocr_par' dir='ltr' id='par_1_119' title="bbox 1819 5804 2266 5878">
     <span class='ocr_line' id='line_1_119' title="bbox 1819 5804 2266 5878; baseline -0.002 -12"><span class='ocrx_word' id='word_1_1052' title='bbox 1819 5813 1862 5844; x_wconf 75' lang='grc'><strong>³⁸</strong></span> <span class='ocrx_word' id='word_1_1053' title='bbox 1899 5812 2000 5869; x_wconf 91' lang='lat' dir='ltr'><strong>Job</strong></span> <span class='ocrx_word' id='word_1_1054' title='bbox 2028 5804 2181 5878; x_wconf 80' lang='lat' dir='ltr'><strong>xxm,</strong></span> <span class='ocrx_word' id='word_1_1055' title='bbox 2213 5811 2266 5866; x_wconf 83' lang='grc'><strong>’5.</strong></span> 
     </span>
    </p>
   </div>
  </div>
