3936 6328
681 366 824 425 1059
1308 365 1372 420 Β.
1412 365 1668 421 RABANI
1706 364 1927 423 MAURJ
1959 365 2277 423 ARCHIEP.
2319 363 2628 422 MOGUNT.
2665 364 2950 424 OPERUM
2979 368 3145 426 PARS
3174 371 3251 429 Ill.
3623 393 3699 456 ιη

671 487 775 543 εει,
795 489 894 548 per
913 473 1420 546 contemplationem
1443 479 1746 545 pertingam
1778 492 1954 546 usque
1982 477 2050 531 ad
2085 492 2241 548 ange-
2269 483 2323 544 Α
2352 494 2372 527 ι
2407 477 2484 531 De
2503 475 2817 545 fragmentis
2842 486 3040 545 septem
3065 490 3253 550 sportas
3276 483 3330 548 ",
3358 503 3374 538 ι
3400 490 3509 558 quod
3525 491 3700 566 smmum

670 568 772 635 los,
799 569 856 622 in
883 567 1076 636 quibus
1100 566 1215 635 ipse
1248 575 1460 637 regnat.
1514 565 1742 632 Solium,
1793 568 2033 638 angelica
2087 569 2245 624 simul
2351 583 2521 624 sacrae
2571 567 2780 622 deliciis
2819 569 3182 638 praedicatores
3217 575 3462 644 scptilormi
3494 565 3702 652 Spiritum.

668 673 727 720 et
752 665 985 718 humana
1013 670 1224 725 natura,
1256 669 1314 714 ut
1342 661 1395 715 in
1427 659 1564 715 Isaia
1591 675 1604 714 :
1639 680 1657 712 ι
1693 659 1814 715 Vidi
1840 660 2123 716 Dominum
2156 677 2242 718 se-
2346 659 2582 730 plentur.

591 741 598 747 ”
676 756 892 811 dentem
938 765 1098 822 super
1148 751 1341 807 solium
1389 752 1661 807 excelsum
1712 763 1767 808 et
1805 754 2073 808 elevatum
2103 758 2157 818 Α,
2215 773 2236 806 ι
2417 749 2566 805 Stolo
2595 758 2680 806 est
2718 765 2846 806 caro
2891 750 3106 819 Christi,
3134 762 3190 808 ut
3219 755 3265 810 in
3291 756 3701 828 lsaiazrlnetom.

670 848 814 918 quod
839 846 1098 901 Dominus
1127 853 1181 899 et
1205 845 1396 916 angelo
1454 847 1507 899 in
1548 847 1720 915 prima
1751 848 2080 903 sublimitate
2122 863 2244 918 per-
2279 897 2286 910 ,
2351 857 2440 898 sus
2469 845 2524 897 in
2565 844 2702 899 stola
2733 860 2829 899 sua
2859 844 2926 910 ¹⁸,
2964 866 2981 896 ι
3017 848 3348 918 quod-nullam
3381 852 3524 922 habuit
3549 864 3704 922 auum

667 935 930 1002 manenti,
972 943 1026 989 et
1054 935 1258 990 homini
1287 934 1353 990 ad
1379 936 1632 989 amissam
1663 951 1758 1006 per
1789 934 1991 991 Christi
2032 938 2243 992 redem-
2343 936 2551 1004 peccati
2597 935 2650 989 in
2689 938 3024 990 humanitate
3068 953 3174 992 sua.
3207 936 3362 1004 Slola,
3386 956 3528 1000 sancta
3551 948 3703 1019 ﬂouish,

667 1029 905 1100 ptionem
959 1037 1161 1094 erecto,
1193 1043 1292 1097 per
1339 1027 1669 1084 intellectum
1705 1030 1974 1099 prasidet.
2016 1029 2240 1096 Solium,
2343 1038 2405 1083 ut
2443 1029 2497 1083 in
2540 1027 2736 1084 Genesi
2771 1048 2783 1082 :
2828 1049 2847 1082 ι
2887 1029 3179 1086 Lavabitiu
3205 1031 3312 1087 vino
3337 1033 3491 1090 stolam
3525 1043 3702 1108 suam“,.

603 1182 617 1196 ,
667 1132 854 1180 sancta
897 1122 1196 1179 sublimitas
1245 1123 1460 1187 mentis,
1489 1129 1550 1176 ut
1591 1123 1643 1176 in
1671 1121 1808 1178 Job:
1843 1142 1861 1173 ι
1895 1123 1963 1177 Et
1989 1139 2142 1194 reges
2186 1123 2241 1176 in
2345 1119 2398 1175 id
2447 1128 2553 1186 est,
2596 1108 2862 1189 passionis
2909 1136 3020 1176 suae
3069 1132 3371 1190 sacramento
3394 1127 3577 1196 [iurgabit
3603 1131 3706 1189 εωιι.

669 1214 804 1269 solio
837 1214 1068 1268 collocat
1096 1214 1137 1279 ³,
1179 1233 1198 1266 ι
1231 1214 1373 1284 quod
1396 1214 1596 1269 electos
1621 1231 1747 1270 suos
1769 1215 1968 1270 illicitis
2008 1217 2242 1272 motibus
2345 1210 2480 1265 siam
2511 1227 2684 1265 suam.
2720 1211 2871 1268 Stola
2893 1252 2907 1276 ,
2934 1211 3101 1266 virtus
3135 1213 3432 1279 innocentia.
3463 1225 3508 1270 ιιι
3539 1219 3578 1273 in
3609 1221 3705 1277 Enn-

664 1307 777 1362 suis
808 1308 826 1328 ⁶
855 1307 1211 1376 intelligenter
1231 1307 1564 1370 resistentes,
1589 1309 1655 1362 ad
1693 1323 1943 1378 magnam
1979 1307 2032 1362 in
2064 1317 2245 1364 mente
2345 1303 2485 1374 gelio
2517 1321 2529 1356 ε
2559 1321 2578 1354 ε
2609 1303 2728 1358 Cito
2744 1303 2982 1372 proferte
3003 1303 3184 1364 stolam
3207 1304 3312 1374 ipsi.
3327 1313 3374 1364 et
3394 1306 3704 1378 induitcetm'n

663 1397 922 1454 Dominus
965 1399 1303 1455 altitudinem
1352 1400 1657 1455 sanctitatis
1701 1401 1965 1470 perducit.
2015 1398 2240 1467 Solium,
2346 1394 2400 1449 id
2449 1402 2531 1448 est
2561 1436 2575 1460 ,
2627 1396 2830 1450 virtute
2884 1395 3227 1458 innocentiae,
3267 1410 3405 1464 quam
3441 1398 3552 1466 prius
3583 1400 3706 1466 habuit,

662 1489 820 1544 sedes
871 1489 1098 1554 consilii,
1146 1497 1206 1542 ut
1251 1489 1303 1542 in
1351 1489 1485 1544 lsaia
1532 1508 1544 1544 :
1601 1509 1619 1542 ι
1670 1489 1786 1546 Νοιι
1814 1491 2067 1546 *solium
2123 1492 2244 1548 ﬁlim
2345 1493 2600 1540 coronato
2650 1499 2793 1540 eum.
2860 1483 3009 1540 Slola
3041 1525 3056 1549 ,
3108 1485 3340 1556 gaudium
3385 1500 3567 1553 uorum,
3605 1499 3642 1544 ut
3681 1493 3707 1545 ir

662 1579 1036 1636 Chaldaeorum
1087 1579 1129 1645 ³,
1177 1599 1197 1632 ι
1249 1581 1394 1650 quod
1452 1581 1666 1650 reprobi
1719 1595 1910 1636 sanum
1959 1581 2245 1636 consilium
2344 1577 2683 1648 Evangelio:
2725 1597 2742 1627 ι
2779 1577 3069 1632 Sedeutem
3103 1579 3154 1632 in
3177 1577 3376 1642 dextris,
3409 1582 3708 1647 coopeerst

662 1689 770 1728 non
799 1673 1020 1728 habent.
1053 1671 1289 1739 Solium,
1310 1672 1536 1729 altitudo
1566 1674 1833 1729 mundana
1858 1713 1873 1739 ,
1900 1674 2036 1728 utin
2064 1673 2200 1729 Jona
2226 1691 2240 1729 :
2345 1670 2602 1733 candida,
2628 1677 2683 1724 et
2709 1669 3100 1738 obstupuerunt
3137 1671 3200 1734 ²¹,
3242 1690 3258 1721 ι
3292 1673 3304 1690 ⁶
3339 1678 3385 1724 et
3416 1679 3598 1726 attentam
3620 1675 3709 1727 nostri

676 1785 693 1817 ι
738 1765 991 1822 Surrexit
1037 1782 1133 1822 rex
1187 1767 1255 1822 de
1301 1767 1435 1823 solio
1481 1767 1634 1838 regni
1683 1767 1766 1822 sui
1793 1766 1836 1834 ⁸,
1875 1787 1894 1820 ι
1947 1769 2093 1838 quod
2139 1769 2241 1837 ipsi
2348 1757 2642 1814 Salvatoris
2687 1759 2960 1830 vitamque
3000 1775 3184 1816 novam
3226 1757 3431 1820 latinam
3464 1769 3708 1814 uostramnu-

660 1858 858 1914 summi
907 1857 1207 1929 Principes,
1244 1859 1456 1930 cognita
1512 1859 1760 1925 veritate,
1791 1859 1859 1914 ad
1904 1860 2242 1930 praedicatio-
2269 1847 2318 1908 Β
2347 1852 2519 1906 ﬂavit-
2549 1849 2654 1904 Per
2679 1849 2866 1906 stolam
2895 1849 3064 1920 gloria
3093 1850 3326 1915 caelestis,
3355 1858 3404 1906 ut
3427 1850 3472 1908 in
3487 1850 3708 1921 Apoalypti:

659 1967 786 2006 nem
814 1951 1016 2007 Christi
1059 1966 1156 2021 per
1199 1952 1568 2023 paenitentiam
1599 1953 1668 2008 ad
1702 1953 1862 2008 ﬁdem
1903 1969 1962 2009 se
2012 1954 2213 2010 inclina

2154 1970 2236 2008 la-
2349 1960 2368 1992 ι
2405 1939 2472 1994 Ει
2491 1940 2628 1995 data:
2641 1949 2768 1996 sunt
2789 1939 2891 1996 illis
2921 1939 3146 2011 singula:
3169 1939 3306 2004 stola:
3326 1940 3636 2008 aibat",qu
3649 1957 3708 1994 illl-

657 2053 870 2099 verunt.
2342 2033 2416 2089 cti
2439 2049 2470 2087 a
2500 2033 2816 2102 corporibus
2861 2034 3015 2088 exuti
3063 2034 3288 2105 singulas
3307 2035 3356 2090 in
3380 2034 3524 2090 laetitia
3542 2034 3710 2090 tum

726 2135 966 2191 Solitudo
1008 2144 1094 2191 est
1139 2136 1441 2208 gentilitas,
1492 2147 1552 2193 nt
1603 2140 1658 2194 in
1711 2139 1892 2195 Isaia:
1930 2157 1949 2192 ι
1987 2141 2136 2196 Dabo
2181 2140 2236 2196 in

2181 2140 2236 2196 in
2334 2124 2450 2195 jam
2503 2127 2668 2181 stolas
2695 2135 3075 2196 perceperunt.
3120 2126 3220 2184 Per
3260 2124 3402 2182 stolas
3438 2125 3710 2194 operation“!

653 2227 941 2282 solitudine
994 2227 1214 2283 cedrum
1256 2237 1312 2284 et
1347 2230 1556 2300 spinam
1583 2231 1626 2296 ⁸,
1662 2251 1681 2284 ι
1717 2231 1768 2286 id
1795 2239 1908 2298 est,
1955 2247 2148 2302 ponam
2179 2231 2207 2286 i1

2179 2231 2235 2286 in
2339 2218 2396 2274 in
2423 2217 2619 2274 Genesi
2651 2235 2662 2270 :
2709 2236 2728 2268 ι
2769 2216 3010 2289 Singulis
3039 2233 3246 2289 quoque
3283 2216 3474 2288 proferri
3505 2216 3612 2284 jussit
3635 2213 3711 2268 hinc

656 2319 960 2390 gentilitate
1020 2320 1466 2390 contemplativos
1519 2330 1572 2377 et
1632 2323 2031 2391 praedicatores.
2093 2321 2232 2378 Soli-
2343 2314 2510 2369 εῑοιίιε
2537 2314 2604 2380 ⁸³,
2637 2333 2656 2366 ι
2687 2314 2830 2383 (ιιιοά
2867 2329 3030 2369 VETUS
3064 2311 3281 2384 Ioseph,
3307 2307 3711 2370 Ποωίηυδίεδιδιάθ

652 2395 800 2476 tudo,
825 2409 977 2478 quies
1024 2409 1220 2465 mentis
1245 2450 1260 2476 ,
1287 2419 1348 2464 ut
1377 2411 1431 2465 in
1460 2411 1726 2468 Psalmis:
1771 2437 1794 2464 τ
1840 2414 1906 2468 Ει
1955 2416 2125 2470 mansi
2179 2415 2206 2468 ιι

2179 2415 2232 2468 in
2337 2404 2442 2459 ctis
2468 2403 2580 2458 suis
2605 2403 2877 2472 praecepit,
2909 2411 2972 2457 ut
2998 2403 3172 2460 sancti
3201 2403 3303 2461 sint
3326 2410 3376 2458 et
3395 2414 3566 2470 corpore
3587 2406 3621 2452 et
3637 2396 3711 2465 spiri

651 2500 940 2556 solitudine
964 2499 1007 2568 ‘,
1037 2519 1058 2553 ι
1091 2501 1145 2556 id
1187 2510 1299 2569 est,
1331 2504 1677 2574 perseveravi
1709 2505 1764 2560 in
1792 2505 2001 2562 interna
2033 2506 2201 2562 menti

2165 2506 2233 2562 iis
2339 2505 2415 2552 tu.
2441 2496 2544 2551 Per
2556 2495 2719 2552 stolas
2739 2497 3116 2569 cogitationes,
3145 2505 3202 2550 ut
3241 2497 3294 2550 in
3314 2492 3586 2563 Apocalypsi
3610 2487 3712 2542 «Bal

651 2593 855 2670 QUiele-
2338 2589 2432 2660 qui
2456 2589 2637 2644 lavant
2659 2589 2827 2645 stolas
2872 2605 3001 2645 suas
3022 2590 3090 2654 “,
3125 2607 3142 2639 ι
3174 2588 3226 2642 id
3263 2597 3355 2650 est,
3387 2585 3462 2654 qui
3482 2581 3650 2638 utendam
3670 2595 3715 2634 eo

719 2685 944 2741 Somnus
992 2695 1078 2742 est
1103 2702 1250 2744 mors
1288 2689 1490 2755 carnis,
1523 2698 1582 2744 ιιι
1627 2690 1681 2744 in
1734 2689 2004 2746 Psalmis;
2038 2708 2057 2742 ι
2093 2691 2229 2747 Cum
2335 2682 2626 2754 gitationes
2651 2695 2797 2738 suas.
2853 2682 2959 2740 Per
2983 2681 3143 2738 stolas
3183 2688 3388 2735 ornatus
3409 2677 3716 2734 erteriorumset-
3786 2733 3787 2760 ἰ

649 2775 860 2834 dederit
897 2775 1112 2833 dilectis
1151 2779 1264 2834 suis
1293 2779 1607 2846 somnum",
1644 2798 1662 2832 ι
1697 2780 1748 2835 id
1795 2789 1908 2848 est,
1951 2797 2072 2836 cum
2123 2782 2230 2836 cle—
2334 2791 2512 2842 suum,
2540 2784 2602 2831 ut
2644 2776 2699 2830 in
2729 2774 2926 2832 Genesi
2963 2793 2976 2828 :
3031 2794 3049 2826 ι
3109 2775 3386 2832 Trecentos
3431 2777 3631 2841 artem
3655 2778 3716 2819 σω

644 2874 759 2948 ctos
807 2882 934 2924 suos
984 2869 1298 2940 perduxerit
1351 2872 1417 2926 ad
1473 2881 1722 2928 mortem.
1783 2871 2033 2939 Somnus,
2076 2874 2230 2942 quies
2334 2855 2487 2921 stolis
2539 2867 2777 2936 quinque
2816 2866 3042 2935 optimis
3084 2866 3150 2929 "L‘,
3195 2884 3215 2918 ι
3252 2861 3381 2932 quod
3420 2861 3604 2918 Dominus
3634 2853 3717 2910 Pado
3785 2875 3787 2890 ‹

643 2961 862 3026 mentis,
907 2969 967 3034 ut
999 2961 1054 3016 in
1099 2960 1241 3017 Joh:
1280 2982 1298 3013 ι
1343 2982 1361 3016 ι
1414 2963 1480 3018 Ει
1524 2978 1713 3019 somno
1754 2978 1875 3019 meo
1922 2965 2228 3034 requiesce-
2333 2960 2559 3016 contulit
2614 2959 3004 3029 perfectionem
3057 2958 3180 3016 ﬁdei
3235 2967 3415 3016 sanctae
3459 2949 3719 3010 Trinitalitﬂl
3786 2957 3787 2980 ξ

643 3065 758 3106 rem
785 3051 827 3117 ⁸,
847 3045 854 3056 ’
875 3071 894 3104 ι
925 3051 984 3106 id
1007 3059 1124 3117 est,
1172 3052 1350 3109 cordis
1384 3055 1488 3108 mei
1525 3056 1704 3124 quiete
1731 3070 2036 3125 pausarem.
2070 3054 2224 3110 Samo
2331 3059 2532 3107 sanctae
2563 3051 2960 3122 praedicationis
2994 3065 3120 3106 cum
3155 3049 3398 3106 munditia
3417 3045 3719 3104 exteriortmti.llr

645 3156 762 3206 nus,
793 3149 980 3212 torpor
1030 3141 1384 3214 negligentim,
1416 3153 1476 3200 ut
1502 3147 1554 3199 in
1593 3145 1910 3202 Parabolis:
1948 3166 1967 3198 ι
2003 3145 2225 3213 Quando
2268 3211 2296 3214 _
2332 3159 2508 3199 suum.

644 3233 710 3288 de
739 3211 930 3290 somno
956 3211 1254 3307 consurges
1296 3235 1357 3290 ’?
1392 3256 1411 3290 ι
1445 3238 1498 3292 id
1526 3247 1630 3303 εει,
1659 3241 1872 3310 quando
1900 3241 1965 3295 de
2009 3211 2226 3310 torpore
2253 3211 2298 3274 (ἶ
2401 3234 2623 3304 Scorpio
2676 3242 2760 3289 est
2805 3233 3141 3305 desperatio,
3174 3243 3231 3290 ut
3255 3235 3306 3288 in
3347 3220 3720 3301 Evangelioulitt-

642 3323 978 3398 negligentiae
1000 3333 1053 3380 te
1075 3327 1352 3383 excuties?
1369 3329 1401 3364 ⁴
1421 3326 1662 3395 Somnus,
1681 3331 2226 3404 quilibethypocrita,
2329 3327 2461 3396 quid
2489 3326 2729 3396 porriget
2768 3325 2844 3382 illi
2897 3327 3240 3398 scorpionem
3266 3325 3343 3380 "'4’
3369 3345 3387 3376 ³
3425 3320 3536 3394 Ψιοά
3556 3319 3586 3373 εί
3604 3321 3615 3338 ’
3632 3316 3721 3404 *θ’

642 3405 701 3467 iit
729 3415 782 3468 in
818 3414 918 3471 Job
948 3435 960 3470 :
998 3435 1016 3468 ι
1051 3415 1251 3473 Velut‘
1276 3435 1524 3476 somnum
1568 3424 1787 3480 avolans
1829 3441 1935 3481 non
1985 3427 2196 3484 invenie

2171 3444 2227 3484 ε-
2327 3417 2440 3472 Deo
2473 3417 2732 3487 petimus,
2763 3432 2872 3472 non
2921 3419 3076 3473 dabit
3116 3417 3268 3474 vobis
3310 3412 3645 3484 desperationem.
3671 3403 3722 3458 PH

647 3512 735 3560 tur
767 3507 834 3574 ³ο,
870 3525 888 3558 ι
937 3510 1080 3578 quod
1109 3510 1390 3584 hypocrita
1438 3513 1493 3568 in
1533 3512 1713 3570 futuro
1741 3517 1794 3570 in
1821 3526 2111 3588 conspectu
2134 3517 2222 3588 ju—
2325 3515 2624 3583 scorpiones
2652 3514 2922 3580 doctores,
2949 3523 3011 3568 ut
3041 3516 3096 3568 in
3121 3511 3417 3570 Ezechiele:
3448 3529 3462 3560 ι
3487 3508 3721 3564 Etcumsw'

638 3595 775 3652 dicis
799 3607 1106 3656 evanescet.
2325 3606 2574 3676 pionihus
2599 3604 2810 3661 habitas
2831 3607 2898 3670 ³⁷,
2941 3624 2960 3657 ι
2998 3605 3054 3660 id
3076 3615 3178 3668 est,
3203 3622 3319 3661 cum
3345 3604 3421 3668 iis,
3444 3600 3516 3672 qui
3535 3593 3722 3652 rettulero-

715 3687 888 3756 Sanus
920 3699 1004 3747 est
1027 3691 1266 3764 Spiritus
1293 3704 1532 3763 sanctus,
1555 3705 1612 3751 ut
1643 3698 1697 3752 in
1737 3699 1838 3755 Job
1866 3718 1878 3753 :
1911 3720 1927 3752 ι
1966 3700 2031 3756 Ει
2060 3715 2224 3756 sonus
2325 3708 2452 3768 ganl
2477 3739 2493 3764 ,
2537 3699 2680 3768 quod
2726 3699 2780 3751 in
2825 3697 3222 3766 posterioribus
3261 3694 3452 3764 scorpio
3487 3692 3646 3746 timetur.
3671 3680 3721 3732 Pet

640 3782 705 3837 de
743 3798 838 3838 ore
881 3783 1024 3839 illius
1068 3787 1368 3855 Procedens
1396 3789 1460 3854 “,
1497 3809 1514 3839 ι
1545 3791 1688 3859 quod
1717 3792 1781 3846 de
1813 3790 1971 3848 Patre
2005 3801 2059 3848 et
2087 3791 2224 3848 Filio
2323 3791 2621 3860 scorpiones
2649 3789 2920 3843 daemones
2943 3828 2957 3853 ,
2987 3797 3048 3843 ut
3083 3789 3138 3844 in
3167 3787 3435 3860 Evangelia
3462 3804 3471 3837 :
3503 3781 3724 3848 ιειιιετεετ·

637 3870 871 3942 Spiritus
900 3883 1119 3931 sanctus
1147 3877 1408 3948 procedit.
1441 3878 1635 3945 Sanus,
1671 3881 1822 3946 ﬁdes,
1876 3893 1936 3938 ut
1982 3885 2037 3938 in
2091 3884 2225 3939 Eze—
2323 3890 2513 3952 pentes
2569 3889 2622 3935 et
2657 3895 2975 3949 scorpiones
3027 3882 3098 3946 ³⁸,
3138 3901 3157 3933 ι
3194 3882 3246 3936 id
3275 3889 3383 3944 est,
3421 3889 3551 3945 super

635 3965 804 4021 chiele
846 3984 860 4020 :
899 3967 919 3988 "
966 3985 986 4019 ι
1031 3969 1100 4023 Ει
1147 3971 1511 4041 ambularent,
1543 3983 1602 4028 ut
1652 3990 1815 4031 sonus
1862 3977 2189 4033 multitudini

1652 3990 1815 4031 sonus
1862 3977 2224 4035 multitudinis
2323 3987 2518 4044 pravos
2543 3980 2596 4025 et
2623 3970 2846 4041 spiritus
2868 3971 3158 4043 malignos.

632 4070 752 4116 erat
782 4064 848 4129 ¹³,
901 4083 921 4116 ι
966 4067 1107 4137 quod
1153 4070 1407 4126 euntibus
1443 4072 1498 4126 in
1543 4075 1920 4143 praedicatione
1971 4078 2224 4148 apostolis
2323 4041 2343 4044 —
2395 4060 2558 4116 δοτον
2591 4069 2676 4116 θδι
2702 4060 2942 4117 Εοθιθείθ
2975 4041 3272 4131 Prlium“:
3300 4059 3425 4118 ιιιίθ
3443 4041 3724 4148 93"“??“5’,

632 4155 787 4210 multi
815 4131 1001 4212 veram
1022 4158 1182 4214 ﬁdem
1209 4160 1366 4230 plena
1388 4131 1637 4220 libertate
1653 4166 1884 4222 confessi
1908 4131 2052 4222 sunt.
2080 4171 2096 4190 ‘
2123 4169 2224 4225 So-
2324 4171 2418 4210 ιόι·
2446 4165 2634 4210 ηοδῑηί
2673 4169 2842 4225 9³1⁸νέι
2872 4162 2987 4219 εει,
3011 4163 3068 4208 ει
3100 4155 3265 4210 “hera
3290 4167 3389 4207 “011
3415 4143 3604 4222 ham“!
3629 4131 3726 4230 ’ΨΜ

633 4261 753 4312 nus,
775 4249 1006 4320 gemitus
1031 4226 1364 4320 poenitentia:
1386 4295 1400 4320 ,
1429 4265 1489 4311 ut
1512 4257 1566 4310 in
1608 4256 1709 4314 Job
1735 4276 1748 4312 :
1787 4277 1805 4310 ι
1834 4258 1962 4315 Post
1986 4275 2108 4315 eum
2139 4278 2187 4316 rt

2169 4278 2224 4316 ιι.
2323 4245 2561 4302 Ecclesia
2592 4246 2866 4316 primitiva
2917 4246 3194 4301 modicam
3224 4246 3276 4300 in
3301 4243 3440 4300 initio
3481 4226 3723 4320 rirtutemhl'

632 4339 744 4427 giet
773 4319 980 4397 Sonitus
1020 4341 1098 4410 “,
1135 4363 1155 4398 ι
1198 4345 1252 4400 id
1281 4355 1387 4416 est,
1415 4351 1794 4418 poenitentium
1818 4355 2093 4410 resonabit
2133 4369 2186 4427 ge

2171 4369 2223 4411 ε.
2323 4342 2470 4405 buit,
2504 4350 2688 4396 etnec
2733 4341 2800 4396 de
2847 4341 3116 4396 charitate
3167 4340 3424 4412 genti-all
3459 4335 3636 4392 mn“

631 4423 814 4488 initus.
1427 4447 1435 4453 '
2137 4421 2160 4427 ⁷
2326 4433 2513 4500 Soror,
2546 4434 2776 4503 putredo
2821 4435 3037 4500 carnis,
3067 4444 3129 4490 ut
3162 4436 3218 4490 in
3258 4433 3396 4489 Joh:
3428 4421 3727 4508 ιιιιειωιιιςί

647 4511 652 4526 ’
701 4519 882 4593 Spolia
926 4533 1054 4581 sunt
1103 4527 1317 4600 eloquia
1365 4531 1570 4602 divina,
1606 4543 1666 4590 ut
1706 4535 1760 4590 in
1809 4535 2007 4592 Genesi
2047 4556 2059 4592 :
2096 4558 2114 4592 ‹
2154 4539 2196 4594 Ε

2174 4539 2219 4595 gi
2244 4571 2297 4632 Β
2325 4541 2481 4580 soror
2502 4541 2621 4581 mea
2664 4525 2943 4584 vermibus
2973 4525 3042 4592 ³⁸,
3078 4547 3097 4580 ι
3127 4525 3272 4596 quod
3305 4535 3358 4581 et
3382 4539 3412 4580 α
3435 4514 3728 4594 putreﬁat”

630 4629 854 4686 vespere
896 4619 1102 4676 dividet
1150 4623 1321 4692 spolia
1365 4624 1428 4692 “’,
1487 4646 1507 4678 ι
1540 4627 1592 4682 id
1642 4639 1746 4694 est,
1797 4629 1863 4684 ad
1914 4640 2184 4687 extremum

2153 4649 2215 4688 im
2244 4617 2294 4632 "
2321 4632 2466 4683 mus,
2501 4625 2557 4672 et
2584 4631 2707 4672 cum
2738 4617 3026 4686 putredine
3047 4618 3368 4674 incedimus.
3664 4685 3707 4694 --

629 4707 789 4760 verba
838 4709 1155 4780 praedicabit
1179 4687 1424 4770 -divina.'
1469 4716 1674 4787 Spolia,
1719 4687 1820 4775 viri
1849 4723 2043 4788 sancti,
2074 4732 2132 4777 ut
2161 4687 2215 4780 in
2387 4711 2422 4746 ⁸
2447 4708 2652 4766 Subula
2680 4718 2766 4765 est
2793 4710 3063 4766 subtilitas
3093 4710 3267 4776 verbi,
3287 4717 3346 4764 ut
3366 4708 3415 4763 in
3437 4700 3610 4760 Exodo:
3638 4687 3730 4788 ιξεπ·

629 4792 898 4852 Psalmis:
933 4818 951 4850 ι
987 4799 1055 4854 Ει
1093 4803 1294 4872 speciei
1346 4785 1536 4862 domus
1584 4808 1823 4864 dividere
1871 4785 2039 4881 spolia
2092 4813 2154 4880 ³⁸,
2187 4835 2207 4866 ι
2316 4812 2516 4868 {orabit
2559 4821 2740 4868 autem
2789 4809 2907 4880 ejus
2958 4811 3152 4866 subula
3180 4811 3248 4875 ³³,
3295 4828 3314 4861 ι
3360 4807 3410 4863 id
3446 4811 3538 4864 est,
3573 4785 3732 4853 ιηιιέβ

630 4886 774 4956 quod
815 4885 1070 4946 Ecclesiae
1092 4903 1290 4950 sanctze
1329 4896 1432 4951 viri
1467 4899 1638 4954 sancti
1667 4899 1848 4969 plures
1875 4902 2062 4958 modos
2092 4919 2211 4960 san—
2315 4912 2555 4959 mentem
2582 4901 2883 4958 subtilitate
2905 4901 3053 4956 verbi
3089 4899 3278 4956 divini.

630 4979 835 5037 ctitatis
883 4986 1204 5043 sortiuntur.
1252 4990 1452 5062 Spolia,
1481 5001 1820 5062 peccatores,
1844 5003 1904 5050 ut
1944 4996 1998 5050 in
2039 4996 2211 5053 Evan-
2387 4996 2609 5052 Scotum
2631 5004 2714 5051 est
2734 4996 3019 5066 protectio,
3048 5003 3114 5050 ut
3137 4995 3192 5050 in
3216 4991 3433 5048 Psalmis
3454 5006 3466 5043 :
3490 5004 3506 5038 ι

629 5069 808 5140 gelio:
845 5091 864 5125 ι
898 5073 964 5129 Ει
1007 5078 1175 5148 spolia
1225 5059 1340 5149 ejus
1387 5059 1673 5139 distribuet
1700 5085 1761 5150 ³⁸,
1807 5059 1826 5139 ι
1858 5089 1998 5157 quod
2028 5091 2180 5145 Domi

2179 5121 2208 5144 η-
2313 5091 2608 5146 voluntatis
2674 5059 2782 5145 tua:
2837 5090 3110 5146 coronasti
3168 5103 3268 5143 nos
3313 5087 3375 5140 ³¹.
3405 5087 3421 5104 '
3459 5081 3636 5138 Scotum.
3661 5059 3733 5131 id"

629 5173 732 5216 nus
763 5163 959 5220 multos
1001 5183 1098 5238 per
1143 5173 1438 5240 gratiarum
1500 5189 1720 5231 suarum
1777 5179 1917 5234 dona
1978 5181 2203 5250 dimisit,
2313 5184 2476 5248 cium,
2524 5192 2586 5239 ut
2613 5184 2667 5238 in
2707 5182 2980 5239 Ieremia:
3023 5202 3040 5234 ι
3077 5183 3158 5237 Da
3183 5183 3296 5246 eis,
3328 5171 3570 5236 Domine,'
3599 5161 3733 5218 ΜΝ

626 5267 762 5322 quos
800 5255 1043 5314 diabolus
1065 5273 1161 5328 per
1185 5261 1391 5330 peccati
1415 5261 1621 5319 lucrum
1649 5267 1957 5337 acquisivit.
2311 5275 2509 5342 cordis,
2545 5283 2759 5331 scutum
2787 5283 2936 5329 tuum
2964 5274 3030 5340 ³³,
3081 5293 3104 5326 ι
3139 5271 3195 5328 id
3221 5280 3330 5336 est,
3358 5261 3598 5324 secundum
3620 5250 3735 5320 iw

697 5343 904 5418 Sparta:
947 5359 1076 5406 sunt
1125 5353 1288 5408 corda
1335 5354 1636 5425 doctorum,
1669 5368 1727 5413 ut
1767 5360 1823 5415 in
1865 5361 2198 5434 Evangelio:
2303 5369 2567 5440 judicium
2608 5380 2762 5425 tuum
2814 5368 2902 5424 {ac
2949 5382 3042 5424 eos
3093 5366 3366 5422 tristitiam
3393 5360 3572 5417 habere.
3594 5346 3735 5403 86⁸³⁸³*

696 5532 844 5616 fisa.
891 5549 987 5616 ιιι
1017 5537 1072 5616 ιλ
1100 5536 1250 5616 :Job
1275 5553 1460 5616 xxxvi,
1491 5540 1541 5616 7.
1573 5539 1596 5616 ξ
1623 5539 1724 5616 l_sa.
1754 5543 2062 5616 xr._vrr,rl._‘i
2097 5544 2221 5601 Jon.

2180 5560 2221 5599 ι.
2272 5562 2350 5611 ιιι,
2401 5547 2453 5603 6.
2499 5547 2520 5579 ⁸
2543 5547 2648 5603 Isa.
2679 5565 2793 5616 xu,
2825 5551 2876 5604 l.
2920 5549 2941 5580 ⁸
2968 5548 3112 5606 Psal.
3143 5568 3254 5616 LIV,
3285 5550 3338 5606 8.
3376 5549 3394 5580 ⁷
3421 5521 3734 5616 Mill-ﬁmi}

623 5601 890 5686 :EODJ'I‘I,
925 5606 1011 5686 ιδ.
1052 5606 1072 5636 ⁹
1099 5607 1264 5686 Ρισοιιἑ
1290 5624 1372 5686 vr_,_
1492 5611 1534 5640 ¹⁰
1565 5607 1666 5665 Job
1690 5627 1785 5686 ξιξ,
1819 5613 1871 5686 87.
1895 5601 1957 5686 ξξί
1985 5613 2086 5670 Job
2122 5632 2177 5668 xx

2180 5601 2421 5680 :xvrrrﬁ.
2457 5619 2497 5650 "
2529 5601 2798 5686 Ειὲέιῖῗ
2826 5601 2916 5675 ᾖ.
2954 5601 2995 5652 ίῖ
3400 5617 3450 5670 4·
3483 5614 3518 5686 ἶδ
3540 5607 3636 5664 αξη·
3657 5607 3734 5686 λίξξ

626 5671 794 5756 HL"
821 5662 963 5728 Psal.
996 5692 1162 5756 ιξγιι,
1203 5677 1287 5731 15.
1332 5662 1373 5709 ¹ί¹
1401 5662 1658 5756 Duc.
1818 5662 1869 5714 ‘2'—
1894 5662 2082 5756 Militi;

2180 5704 2202 5750 ',
2236 5662 2325 5742 37:
2364 5689 2406 5720 ιε
2435 5662 2726 5754 Isa.-imit,
2757 5662 2899 5744 i179
2935 5662 3262 5756 0.23731},
3296 5662 3376 5747 ll.
3420 5686 3460 5718 "
3485 5662 3734 5756 Luc;

624 5741 666 5829 ’ξ
705 5740 1002 5829 galli-rivi.
1036 5747 1080 5775 "
1109 5740 1284 5829 Spuri.“
1304 5765 1379 5829 vi,
1413 5749 1497 5801 ll.
1528 5749 1572 5778 ”
1600 5740 1886 5829 Gemuitnv,
1913 5755 2002 5807 22.
2035 5757 2081 5786 ’ί
2108 5740 2808 5829 Αρεείιιιιιιξ-ῆ.-ίῖῖἶνεῦξ
2841 5740 3082 5829 “QE-32'.
3110 5740 3432 5822 xiiii“.
3467 5754 3532 5808 η·
3623 5740 3725 5797 δίτέ

625 5821 686 5870 ιι,
718 5811 769 5861 6.
803 5811 847 5842 ’⁸
877 5811 1006 5868 Luc.
1039 5831 1095 5880 ιι,
1124 5811 1207 5871 19.
1242 5818 1284 5848 ²⁹
1315 5818 1468 5872 Cant.
1503 5834 1618 5886 vm,
1646 5821 1696 5875 8.
1735 5823 1777 5852 ³ο
1809 5811 1906 5877 Job
1939 5841 2065 5891 xm,
2098 5811 2179 5881 l4:

2061 5868 2065 5884 ν
2098 5811 2182 5881 14‘.
2203 5811 2268 5860 ί³ι⁷
2287 5811 2456 5886 Brod.
2476 5811 2554 5884 εἰ
2563 5847 2598 5896 ι,
2630 5811 2934 5888 ἄλη)ξῇ
2949 5811 3134 5901 ⁷νξῖ5.
3172 5811 3434 5888 Τᾗιιειιί
3465 5839 3530 5887 ιιι,
3553 5818 3615 5872 65.
