3936 6328
1754 341 1756 344 Ι
1777 318 1994 340 .-·5’ν-›οει.,.,,-
2017 324 2135 339 -..οισι-η
2149 322 2222 339 "uva.
2233 331 2246 339 ,.
2313 336 2338 342 _-_
2357 334 2380 342 ,,
2429 331 2496 342 ...ν
2553 332 2580 340 ,,
2597 323 2696 337 _...-..--
2711 318 2770 334 ..;··

501 427 660 492 Ιῦϐἵ

1128 425 1202 490 Β.
1242 423 1495 490 RM?th
1531 431 1751 490 MAURI
1786 430 2101 488 ARCHIEP.
2134 431 2443 490 MOGUNT.
2484 430 2766 490 OPERUM
2803 431 2982 489 PARS
3019 431 3106 488 Ill.

3629 435 3759 491 ιοθι

498 546 709 603 tabulas
737 544 1068 602 tabernaculi
1105 555 1308 601 stantes
1341 547 1379 610 ¹,
1425 566 1443 597 ι
1489 545 1632 614 quod
1666 543 1934 613 apostolos
1974 543 2074 597 Ec-
2099 555 2149 613 Α
2176 544 2227 597 in
2256 544 2484 599 Psalmis
2516 563 2528 598 :
2561 565 2579 595 ι
2615 543 2972 616 Congregatio
3000 554 3277 602 taurorum
3305 546 3360 602 in
3385 549 3574 605 vaccis
3593 563 3762 620 popu-

495 636 674 693 aesiae
698 636 821 692 ﬁdei
860 644 916 691 et
945 636 1126 706 cperis
1174 635 1496 690 rectitudine
1539 634 1799 688 sublimes
1833 633 2082 687 Christus

497 725 648 782 fecit.
675 724 912 790 Tabulce,
938 723 1164 780 scientia
1193 732 1250 778 et
1268 732 1529 792 potestas,
1548 731 1621 776 'ut
1650 723 1702 775 in
1728 721 1913 776 Exodo
1937 721 2083 775 dedit

497 818 756 877 Dominus
793 801 1008 888 Moysi:
1059 834 1079 866 ε
1124 817 1267 871 Duas
1296 815 1503 870 tabulas
1545 815 1587 879 ²,
1629 834 1647 866 ι
1680 814 1820 883 quod
1872 812 2081 866 unicui-

497 926 602 983 que
639 910 872 966 maxime
904 909 1124 980 praelato
1145 909 1259 964 haec
1287 907 1392 962 duo
1417 906 1571 961 valde
1596 904 1902 960 necessaria
1929 912 2077 968 sunt,

497 1002 721 1058 scientia
765 1001 1018 1056 videlicet
1057 999 1384 1069 intelligendi
1416 1005 1471 1052 et
1517 1005 1755 1066 potestas
1797 993 2075 1065 operandi.

499 1091 746 1158 Tabulae,
790 1091 972 1146 cordis
1009 1089 1268 1151 latitudo,
1299 1095 1359 1142 ut
1385 1088 1440 1142 in
1469 1086 1729 1142 Cantico:
1769 1105 1788 1136 ι
1825 1084 2078 1154 Compin—

415 1179 420 1184 ’
497 1195 685 1252 gamus
714 1179 844 1234 illud
872 1179 1068 1234 tabulis
1089 1179 1326 1234 cedrinis
1354 1179 1397 1243 ³,
1432 1198 1450 1230 ι
1490 1177 1632 1247 quod
1676 1185 1917 1231 sanctam
1960 1176 2078 1230 ani-

495 1287 639 1326 mam
689 1270 905 1326 excelsa
953 1269 1280 1324 intrinsecus
1322 1269 1607 1323 latitudine
1630 1267 1790 1322 Pater
1827 1275 1880 1322 et
1907 1266 2077 1321 Filius

494 1371 549 1418 et
585 1362 818 1433 Spiritus
861 1369 1082 1417 sanctus
1107 1368 1394 1416 exornant.
1428 1359 1661 1424 Tabulae,
1694 1359 1919 1413 latitudo
1949 1373 2076 1427 ope-

493 1452 593 1518 ris,
633 1451 772 1506 utin
799 1450 995 1506 librum
1023 1449 1230 1521 Regum
1259 1468 1271 1503 :
1308 1468 1326 1500 ‹
1361 1449 1428 1503 Ει
1449 1452 1584 1503 texit
1609 1449 1971 1518 pavimentum
1993 1457 2072 1502 ta-

495 1542 639 1597 bulis
681 1541 925 1612 abiegnis
960 1539 1007 1606 ‘,
1048 1560 1067 1592 ι
1110 1539 1256 1610 quod
1290 1540 1467 1593 virum
1496 1539 1754 1594 humilem
1777 1540 1919 1593 Deus
1945 1539 2073 1593 boni

493 1633 673 1703 operis
700 1632 982 1687 latitudine
1001 1631 1240 1686 exterius
1260 1640 1438 1685 ornat.

567 1722 842 1776 Talentum
867 1731 950 1778 est
992 1722 1314 1787 intellectus;
1337 1732 1397 1776 ut
1426 1723 1479 1776 in
1506 1721 1797 1792 Evangelio
1828 1740 1838 1774 :
1875 1741 1894 1773 ι
1930 1721 2071 1778 Abs-

492 1812 675 1868 condit
705 1812 968 1872 talentum
1013 1813 1068 1866 in
1113 1821 1260 1868 terra
1289 1813 1332 1878 ⁵,
1368 1832 1387 1865 ι
1423 1812 1565 1882 quod
1594 1811 1870 1882 negligens
1907 1812 2072 1880 quili-

2185 634 2359 688 lorum
2387 636 2450 700 '7,
2485 655 2504 688 ι
2533 636 2584 690 id
2612 645 2715 701 est,
2763 637 3136 692 conventicula
3170 639 3550 696 haereticorum
3597 641 3653 695 in
3694 641 3768 697 fe-

2184 726 2552 781 cunditatibus
2574 726 2870 781 hominum.

2257 814 2464 869 Tectum
2493 817 2614 870 est"
2643 825 2864 881 tectum,
2897 823 2956 870 ut
2996 817 3051 870 in
3081 816 3344 873 Psalmis:
3382 837 3402 870 t
3437 818 3598 874 Sicut
3649 835 3766 890 pas-

2181 919 2270 960 ser
2296 905 2570 960 solitarius
2595 905 2650 960 in
2677 914 2820 961 tecto
2857 907 2921 972 ιδ,
2955 926 2974 956 ι
3007 909 3149 976 quod
3170 908 3314 963 solus
3350 908 3606 964 Christus
3649 926 3764 964 cum

2149 1013 2151 1016 ·
2181 1011 2406 1067 corpore
2464 1012 2582 1062 suo,
2607 997 2748 1066 quod
2799 1005 2883 1052 est
2929 998 3191 1064 Ecclesia,
3221 1000 3457 1055 exclusis
3495 1003 3764 1070 reprobis,

2181 1085 2426 1156 regnabit
2454 1085 2507 1139 in
2533 1086 2691 1141 cmlo.
2711 1085 2942 1153 Tectum,
2965 1088 3232 1143 subtilitas
3253 1104 3421 1144 sacra:
3446 1089 3765 1160 Scriptura,

2179 1185 2240 1230 ut
2264 1177 2316 1230 in
2351 1176 2642 1249 Evangelia
2669 1195 2682 1230 :
2721 1197 2740 1228 ι
2773 1170 3373 1242 Νυάενθτυιιῦιθοιωη,
3405 1181 3497 1234 ubi
3526 1191 3654 1235 erat
3678 1180 3765 1237 Je-

2180 1281 2292 1329 sus,
2337 1265 2402 1330 ³³,
2433 1285 2452 1318 ι
2480 1266 2533 1320 id
2557 1275 2660 1332 est,
2687 1277 3053 1336 exposuerunt
3081 1283 3288 1323 sacram
3317 1267 3689 1339 Scripturam,
3713 1272 3764 1328 il

2180 1370 2284 1424 qua
2309 1362 2392 1409 est
2421 1371 2550 1411 vera
2571 1356 2716 1411 salus
2737 1367 2942 1412 nostra.
2970 1357 3205 1424 Tectum,
3232 1375 3359 1414 caro
3384 1369 3600 1428 nostra,
3628 1371 3688 1415 ut
3715 1363 3764 1418 in

2179 1445 2468 1515 Evangelio
2499 1465 2510 1500 :
2551 1464 2570 1497 ι
2609 1447 2676 1500 Ει
2704 1447 2796 1516 qui
2819 1450 2876 1500 in
2905 1457 3066 1514 tecto,
3093 1464 3202 1503 non
3238 1450 3528 1505 descendat
3557 1454 3631 1516 ¹⁰,
3669 1473 3686 1504 ο
3717 1455 3764 1509 id

2178 1547 2292 1603 est,
2322 1538 2412 1606 qui
2451 1538 2507 1592 in
2551 1553 2714 1593 carne
2747 1538 3044 1594 dominium
3097 1549 3349 1607 exercet,
3376 1543 3481 1598 sub
3511 1559 3686 1600 carne
3708 1561 3764 1601 se

2177 1646 2284 1685 non
2313 1641 2638 1700 prosternat.

2252 1720 2375 1775 Tela
2403 1731 2485 1778 est
2513 1723 2751 1779 brevitas
2780 1723 2940 1794 hujus
2967 1724 3090 1780 vitae
3109 1765 3124 1792 ,
3151 1735 3211 1780 ut
3241 1725 3295 1780 in
3323 1725 3460 1781 Job:
3489 1728 3508 1748 ‘
3544 1747 3565 1779 ι
3601 1728 3762 1796 Quasi

2178 1827 2208 1864 a
2237 1819 2452 1867 texente
2479 1812 2580 1867 tela
2609 1814 2903 1868 succiditur
2928 1816 2995 1880 ἰ,
3034 1835 3053 1868 ι
3090 1817 3234 1886 quod
3268 1817 3379 1872 vita
3407 1827 3622 1886 nostra,
3662 1837 3761 1890 quo

491 1903 584 1957 bet
627 1901 959 1957 intellectum
982 1943 997 1969 ,
1040 1917 1202 1972 quem
1232 1903 1299 1957 ad
1322 1903 1549 1958 salutem
1577 1904 1805 1958 aliorum
1842 1906 2069 1974 accepit,
2102 1913 2148 1971 Β
2175 1901 2294 1971 plus
2350 1903 2515 1958 habet
2555 1904 2910 1972 prmteritum,
2946 1920 3011 1960 eo
3061 1906 3238 1962 minus
3279 1907 3448 1962 habet
3499 1909 3759 1965 futurum.

492 1991 547 2048 in
572 1995 801 2049 terrenis
830 1994 1060 2064 negotiis
1087 1995 1360 2066 expendit.
1395 1994 1690 2061 Talentum,
1714 1995 1923 2064 pondus
1950 2011 2076 2065 pec-

490 2086 639 2152 cati,
668 2087 808 2140 utin
857 2086 1163 2140 Zacharia:
1206 2105 1224 2137 ι
1262 2087 1329 2142 Ει
1380 2102 1506 2142 ecce
1560 2089 1820 2142 talentum
1868 2087 2074 2157 plumbi

490 2176 808 2246 portabatur
831 2176 872 2242 ⁸,
914 2196 933 2229 ι
966 2177 1019 2232 id
1050 2185 1152 2242 est,
1199 2177 1409 2248 pondus
1445 2177 1653 2248 peccati
1693 2177 2069 2232 exercebatur.

481 2265 786 2344 Talentum,
809 2265 1019 2336 pondus
1031 2267 1325 2332 bonum,ut
1346 2268 1398 2320 in
1423 2267 1608 2321 Exodo
1633 2285 1646 2320 :
1679 2285 1698 2317 ‹
1726 2266 1924 2322 Omnes
1945 2282 2076 2338 pon-

489 2355 590 2410 dus
619 2356 930 2411 candelabri
960 2372 1083 2412 cum
1114 2359 1364 2412 omnibus
1389 2358 1536 2411 vasis
1583 2358 1694 2412 suis
1725 2358 1958 2415 habebat
1995 2368 2074 2412 ta-

488 2444 693 2499 lentum
743 2446 861 2499 auri
901 2447 1177 2515 purissimi
1223 2448 1266 2511 ",
1304 2467 1322 2500 »
1371 2448 1514 2516 quod
1561 2446 1810 2502 Christus
1855 2457 1910 2503 et
1955 2448 2073 2518 ejus

488 2535 644 2591 electi
689 2536 1116 2606 magnitudinem
1154 2552 1295 2592 verte
1343 2537 1580 2592 scientiae
1623 2538 1918 2606 possident.
1968 2537 2073 2593 Per

487 2627 742 2683 talentum
783 2645 972 2685 sensus
1001 2630 1328 2700 corporales,
1361 2640 1418 2684 ut
1460 2631 1514 2684 in
1551 2630 1840 2701 Evangelio
1868 2649 1880 2683 :
1911 2648 1930 2681 ‹
1962 2632 2072 2686 Do-‘

486 2725 663 2791 mine,
696 2725 934 2796 quinque
981 2725 1183 2780 talenta
1231 2726 1500 2780 tradidisti
1558 2726 1690 2780 mihi
1731 2726 1772 2791 ⁸,
1812 2746 1830 2778 ι
1866 2725 2073 2782 scilicet

485 2815 684 2870 donum
707 2817 947 2886 quinque
966 2833 1244 2884 sensuum,
1267 2819 1408 2889 quod
1438 2825 1520 2874 est
1546 2819 1874 2873 exteriorum
1898 2819 2071 2873 scien-

487 2904 617 2958 tiam
658 2905 787 2959 mihi
822 2907 1109 2963 tradidisti.
1133 2907 1238 2964 Per
1260 2911 1276 2929 '
1302 2909 1500 2963 talenta
1527 2909 1832 2964 intellectus
1862 2918 1918 2965 et
1943 2925 2071 2979 ope-

482 3000 645 3066 ratio,
687 3009 746 3056 ut
791 3001 846 3056 in
900 3001 1216 3073 Evangelio,
1267 3023 1285 3054 ‹
1331 3003 1436 3058 duo
1475 3004 1673 3058 talenta
1721 3003 1767 3070 ³,
1811 3023 1828 3055 ι
1863 3004 1915 3058 id
1962 3012 2064 3070 est,

483 3092 813 3149 intellectum
844 3103 898 3149 et
923 3097 1294 3166 operationem
1325 3097 1455 3150 mihi
1481 3097 1771 3152 tradidisti.

2174 1991 2279 2046 Per
2309 1991 2467 2046 telam
2513 2001 2685 2048 status
2731 2009 3044 2064 pravorum,
3071 2006 3128 2050 ut
3160 1999 3215 2052 in
3244 1997 3382 2053 Isaia
3415 2017 3428 2051 :
3473 2019 3493 2050 ι
3533 2001 3606 2056 Et
3633 2003 3759 2058 telas

2175 2096 2386 2135 araneae
2425 2081 2440 2101 ‘
2489 2089 2679 2138 texunt
2720 2084 2786 2149 “,
2825 2104 2844 2136 ι
2884 2086 3028 2154 quod
3059 2088 3271 2156 reprobi
3317 2088 3385 2142 ad
3433 2089 3542 2144 hoc
3593 2090 3762 2144 modis

2174 2172 2423 2226 omnibus
2449 2172 2720 2240 laborant,
2749 2181 2807 2228 ut
2832 2174 3041 2230 lucrum
3084 2178 3210 2231 vitae
3240 2179 3529 2248 praesentis
3570 2194 3760 2249 appre-

2172 2262 2428 2329 hendant,
2461 2263 2527 2318 ad
2558 2266 2730 2320 instar
2753 2267 3002 2323 videlicet
3029 2284 3261 2336 aranea),
3283 2287 3403 2340 qua:
3449 2273 3520 2326 ad
3541 2273 3652 2328 hoc
3681 2273 3756 2326 vi-

2172 2369 2326 2408 scera
2351 2369 2448 2408 sua
2473 2361 2734 2421 extendit,
2757 2365 2817 2411 ut
2838 2356 2995 2412 vilem
3014 2359 3276 2428 praedam,
3300 2359 3355 2415 id
3381 2369 3492 2425 est,
3519 2377 3758 2417 muscam

2173 2444 2372 2514 capiat.

2246 2534 2517 2606 Templum
2564 2545 2650 2592 est
2707 2538 2880 2607 patria
2928 2539 3196 2606 ccelestis,
3244 2551 3302 2596 ut
3350 2543 3406 2596 in
3463 2541 3700 2598 Psalmis
3741 2563 3756 2598 :

2177 2646 2195 2678 ι
2229 2628 2246 2646 ‘
2271 2628 2640 2698 Replebuntur
2670 2630 2725 2683 in
2761 2631 2918 2686 bonis
2945 2633 3135 2687 domus
3164 2642 3266 2688 tua:
3285 2636 3299 2652 '
3337 2633 3620 2706 [sanctum
3658 2636 3760 2710 est]

2172 2719 2428 2788 templum
2483 2730 2635 2774 tuum
2659 2720 2726 2786 ³³,
2766 2741 2785 2772 ι
2826 2722 2879 2776 id
2907 2733 3009 2788 est,
3040 2724 3350 2795 implebitur
3393 2728 3614 2798 gaudiis
3640 2729 3761 2784 ccli

2169 2811 2258 2864 ubi
2279 2811 2540 2866 habitatio
2565 2822 2656 2866 tua
2680 2814 2826 2868 omni
2856 2816 3144 2870 sanctitate
3166 2817 3430 2887 splendet.
3464 2816 3759 2889 Templum,

2169 2915 2366 2970 corpus
2410 2902 2636 2970 Christi,
2667 2913 2725 2958 ut
2750 2905 2802 2959 in
2831 2906 3121 2978 Evangelio
3151 2927 3163 2961 :
3203 2929 3222 2960 ι
3259 2908 3468 2965 Solvite
3497 2913 3759 2982 templum

2167 2995 2290 3060 hoc,
2318 3003 2372 3050 et
2397 2997 2450 3051 in
2478 2999 2654 3055 triduo
2677 3000 2954 3056 aedificabo
2993 3003 3120 3059 illud
3150 3005 3216 3070 “,
3253 3025 3272 3057 ι
3309 3006 3363 3062 id
3383 3016 3493 3071 est,
3527 3010 3764 3066 occidite

2167 3101 2360 3157 corpus
2414 3104 2614 3156 meum,
2656 3100 2711 3145 et
2751 3094 2836 3147 die
2875 3095 3033 3149 tertia
3082 3096 3358 3154 suscitabo
3407 3099 3565 3155 illud.
3613 3101 3764 3156 Tem-

557 3188 720 3244 Trabs
747 3198 830 3244 est
853 3191 1058 3255 odium,
1088 3199 1148 3244 ut
1184 3191 1238 3244 in
1269 3191 1557 3261 Evangelio
1587 3209 1598 3242 :
1628 3209 1646 3240 ι
1677 3190 1822 3260 Ejice
1858 3190 2065 3244 trabem
2163 3177 2332 3246 Pium,
2361 3180 2514 3252 νίτῧο
2563 3181 2749 3248 uaria»
2776 3193 2835 3238 ιη
2880 3186 2932 3240 in
2959 3186 3188 3244 Psalmis
3223 3239 3232 3243 -
3289 3210 3308 3241 ί
3354 3190 3423 3245 LI
3453 3193 3508 3246 in
3559 3196 3763 3263 ῑεωριθ

482 3280 550 3336 de
587 3265 744 3337 oculo
765 3291 856 3337 tuo
886 3283 949 3348 ¹⁰,
989 3302 1008 3333 ι
1042 3283 1094 3336 id
1133 3291 1239 3348 est,
1281 3281 1456 3350 abjice
1483 3283 1666 3337 odium
1695 3298 1725 3336 a
1753 3283 1918 3337 corde
1946 3292 2059 3336 tuo.
2089 3264 2135 3326 (ἶ
2167 3269 2282 3338 ε]ῠὸ
2331 3289 2519 3329 omnes
2569 3275 2751 3332 dicent
2803 3278 3026 3348 gloriam
3057 3281 3122 3346 ",
3175 3301 3194 3333 ι
3229 3283 3374 3353 quod
3405 3284 3464 3338 in
3515 3285 3764 3342 Ecclesia

483 3369 586 3424 Per
633 3371 802 3424 trabes
842 3371 1095 3441 apostoli,
1134 3379 1196 3425 ut
1235 3371 1291 3425 in
1318 3371 1472 3424 libris
1515 3371 1720 3440 Regum
1759 3389 1771 3426 :
1808 3391 1825 3422 ι
1857 3371 2064 3426 Trabes

483 3469 662 3515 autem
711 3462 889 3532 posuit
937 3462 994 3518 in
1027 3463 1184 3517 domo
1212 3478 1308 3532 per
1349 3463 1634 3518 circuitum
1665 3464 1728 3528 “,
1781 3483 1799 3516 ι
1851 3464 1905 3518 id
1956 3471 2060 3528 est,

483 3551 753 3621 apostolos
783 3553 962 3622 posuit
987 3554 1041 3607 in
1069 3553 1310 3609 Ecclesia
1340 3571 1353 3608 :
1387 3573 1405 3604 ι
1439 3554 1504 3608 Ει
1525 3554 1578 3608 in
1608 3568 1823 3608 omnem
1863 3562 2060 3609 terram

484 3641 651 3697 exivit
674 3658 836 3698 sonus
865 3657 1072 3699 eorum.
1118 3665 1135 3698 ι

553 3726 840 3789 Thalamus
860 3743 944 3791 est
968 3745 1158 3792 uterus
1177 3735 1377 3801 Mariae,
1401 3743 1460 3791 ut
1485 3736 1539 3792 in
1566 3720 1837 3792 Psalmis‘:
1876 3755 1894 3787 ι
1926 3735 2062 3791 Tan-

485 3840 646 3897 quam
671 3842 900 3898 sponsus
950 3829 1193 3898 procedit
1237 3829 1306 3884 de
1350 3829 1589 3885 thalamo
1647 3845 1763 3895 suo,
1809 3849 1827 3883 ι
1868 3829 1922 3885 id
1955 3839 2054 3894 est,

482 3917 714 3972 mundus
745 3919 932 3974 exiens
961 3920 1028 3975 de
1065 3913 1307 3992 virgineo
1336 3928 1508 3976 utero.
1558 3919 1863 3987 Thalamus,
1908 3936 2060 3975 mens

482 4007 695 4075 devota,
719 4016 779 4064 ut
822 4010 878 4064 in
907 4011 1322 4067 Deuteronomio
1373 4029 1387 4066 :
1455 4030 1474 4062 ε
1511 4010 1675 4078 Quasi
1715 4013 1770 4066 in
1824 4011 2060 4066 thalamo

485 4108 592 4155 tota
617 4101 704 4156 die
725 4103 1027 4159 morabitur
1048 4105 1114 4169 η,
1153 4124 1172 4155 ι
1201 4104 1344 4174 quod
1371 4105 1453 4158 vir
1479 4113 1697 4160 sanctus
1733 4106 1786 4160 in
1816 4116 2056 4160 contem-

484 4191 718 4261 platione
764 4193 819 4248 in
869 4204 1050 4249 mente
1090 4210 1188 4250 sua
1234 4204 1602 4250 conversatur.
1651 4195 1755 4250 Per
1797 4195 2058 4251 thalamos

483 4282 583 4337 viri
629 4285 824 4349 sancti,
878 4293 940 4339 ut
983 4285 1036 4340 in
1079 4285 1362 4342 Ezechiele
1402 4305 1415 4340 :
1451 4306 1470 4338 ι
1513 4287 1582 4340 Ει
1616 4286 1760 4344 inter
1795 4286 2058 4342 thalamos

479 4371 720 4444 quinque
747 4374 960 4431 cubitos
988 4375 1054 4442 “,
1094 4395 1113 4429 ι
1147 4376 1288 4446 quod
1335 4376 1435 4431 viri
1475 4377 1647 4432 sancti
1669 4384 1723 4431 et
1755 4391 1938 4431 amore
1962 4377 2056 4431 Dei

479 4461 708 4518 interius
753 4465 967 4532 ardent,
1018 4473 1073 4520 et
1126 4467 1483 4522 ministerium
1523 4467 1761 4537 quinque
1798 4481 2056 4522 sensuum

477 4556 718 4612 exterius
739 4566 1012 4614 exercent.

2169 3363 2324 3418 electi
2363 3365 2686 3420 conﬁtentur
2736 3367 2895 3424 [idem
2943 3385 3146 3426 veram.
3206 3372 3508 3444 Templum,
3561 3392 3766 3448 corpus

2167 3467 2432 3522 nostrum,
2463 3467 2522 3511 ut
2550 3458 2604 3512 in
2630 3458 2794 3516 Paulo
2821 3479 2833 3514 :
2869 3481 2887 3513 ι
2924 3462 3155 3519 Nescitis
3190 3469 3335 3535 quod
3389 3483 3633 3538 corpora
3665 3488 3765 3527 no-

2168 3553 2280 3599 stra
2313 3547 2570 3615 templum
2601 3558 2728 3603 sunt
2751 3551 2983 3620 Spiritus
3018 3555 3188 3610 sancti
3213 3555 3278 3622 “,
3319 3577 3338 3608 ι
3372 3560 3520 3627 quod
3551 3562 3614 3616 in
3637 3578 3738 3617 cor

2166 3635 2322 3690 dibus
2368 3638 2582 3693 mundis
2635 3640 2840 3695 habitat
2885 3641 3115 3713 Spiritus
3159 3658 3396 3702 sanctus.
3459 3647 3763 3719 Templum,

2165 3739 2320 3781 mens
2355 3727 2566 3793 devota,
2600 3739 2661 3786 ut
2705 3732 2761 3786 in
2787 3731 2953 3789 Paulo
2987 3753 2999 3790 :
3039 3754 3058 3786 ι
3103 3736 3160 3791 Si
3185 3739 3307 3808 quis
3347 3741 3622 3810 templum
3671 3744 3760 3799 Dei

2163 3817 2447 3874 violaverit
2469 3821 2537 3886 ",
2575 3839 2594 3874 ι
2628 3821 2683 3876 id
2707 3831 2819 3890 est,
2849 3825 2894 3878 si
2929 3826 3048 3895 quis
3076 3837 3310 3884 mentem
3341 3845 3500 3884 suam
3522 3873 3538 3897 ,
3569 3837 3631 3886 in
3661 3850 3766 3902 qua

2164 3906 2306 3962 Deus
2350 3909 2597 3966 habitare
2651 3913 2825 3980 debet,
2869 3916 3168 3972 violaverit.
3230 3918 3542 3990 Templum,
3599 3940 3764 3994 capa-

2163 3998 2302 4055 citas
2347 4001 2650 4059 intellectus
2695 4006 2921 4078 angelici
2973 4017 3029 4064 et
3055 4009 3300 4078 humani,
3354 4021 3414 4066 ut
3467 4015 3524 4068 in
3563 4015 3760 4070 Isaia:

2170 4108 2188 4140 ι
2232 4091 2299 4145 Et
2325 4105 2388 4146 ea
2414 4108 2534 4162 quae.
2557 4096 2659 4150 sub
2684 4097 2798 4166 ipso
2825 4108 3000 4165 erant,
3033 4101 3312 4170 replebant
3339 4106 3610 4175 templum
3637 4109 3708 4174 ⁸⁸,
3739 4128 3758 4160 ι

2162 4185 2303 4253 quod
2348 4187 2614 4241 mirabilia
2652 4190 2814 4244 etiam
2862 4204 3234 4250 creaturarum
3289 4196 3388 4253 Dei
3447 4201 3764 4257 admiratur

2161 4292 2352 4334 sensus
2377 4281 2646 4350 angelicus
2677 4293 2732 4338 et
2759 4285 3042 4342 humanus.
3079 4288 3374 4361 Templum,
3403 4295 3514 4350 viri
3549 4299 3760 4363 sancti,

2161 4377 2222 4422 ut
2277 4371 2330 4423 in
2385 4370 2592 4426 Paulo:
2633 4393 2649 4424 ε
2688 4375 2964 4446 Templum
2999 4379 3146 4435 enim
3204 4381 3299 4438 Dei
3356 4394 3619 4442 sanctum
3655 4397 3760 4454 cst,

2160 4461 2301 4528 quod
2327 4463 2458 4518 estis
2485 4480 2582 4520 vos
2610 4466 2675 4520 ".
2716 4487 2735 4520 ι

2236 4550 2472 4607 Tentatio
2509 4565 2593 4610 est
2638 4556 2721 4612 vel
2779 4559 3034 4628 humana,
3092 4563 3147 4619 id
3199 4573 3302 4631 est,
3355 4565 3524 4624 aliter
3553 4584 3760 4639 sapere

553 4647 714 4702 Tauri
736 4657 860 4704 sunt
883 4648 1076 4717 Judaei,
1118 4658 1179 4704 ut
1205 4650 1262 4704 in
1307 4649 1536 4705 Psalmis
1566 4669 1585 4702 ι
1625 4647 1788 4704 Tauri
1830 4664 2054 4720 pmgues
2081 4636 2131 4696 D
2156 4659 2318 4714 quam
2355 4661 2443 4701 res
2468 4663 2526 4702 se
2564 4649 2726 4704 habet
2755 4665 2877 4706 cum
2899 4655 3062 4720 bono.
3089 4657 3107 4676 ⁶
3138 4664 3249 4712 lum
3278 4659 3472 4716 animo
3492 4636 3754 4724 nillil;

478 4739 805 4798 obsederunt
825 4757 912 4797 me
936 4743 1000 4809 “,
1041 4763 1058 4794 ι
1093 4743 1146 4798 id
1176 4742 1466 4809 est,Juda:i
1505 4743 1718 4812 superbi
1763 4751 1818 4797 et
1845 4742 2054 4799 feroces

478 4830 784 4888 alllixerunt
827 4849 931 4889 me.
986 4833 1168 4899 Tauri,
1197 4842 1379 4903 patres
1431 4833 1643 4889 Veteris
1698 4833 2048 4897 Testamenti,

480 4931 538 4976 ut
586 4922 639 4976 in
680 4923 1009 4994 Evangelia:
1057 4943 1075 4976 ι
1125 4925 1286 4980 Tauri
1335 4925 1440 4979 mei
1477 4934 1532 4980 et
1572 4924 1738 4978 altilia
1787 4938 1906 4979 mea
1954 4939 2048 4979 oc-

476 5011 590 5066 cisa
615 5011 676 5077 ¹⁸,
712 5031 730 5064 ι
775 5013 825 5068 id
848 5021 948 5078 est,
978 5015 1115 5070 bona
1151 5014 1260 5083 jam
1287 5016 1634 5084 praebuerunt
1665 5015 1908 5084 exempla
1950 5013 2052 5068 Pa-

478 5111 589 5158 tres
615 5103 856 5173 antiqui,
885 5106 1080 5175 quibus
1103 5122 1416 5163 concessum
1461 5115 1544 5162 est
1567 5114 1625 5160 ut
1650 5107 1896 5161 inimicos
1922 5121 2048 5163 suos

475 5203 678 5250 ament.
723 5193 958 5263 Taurus,
987 5198 1169 5253 cervix
1197 5197 1488 5266 superbiae,
1513 5205 1574 5251 ut
1603 5196 1655 5251 in
1681 5194 1781 5250 Job
1820 5210 1834 5249 :
1883 5213 1902 5246 α
1944 5193 2047 5251 Su-

475 5284 605 5340 mite
630 5284 781 5340 vobis
809 5293 1012 5356 septem
1045 5295 1229 5342 tauros
1258 5288 1321 5351 “,
1384 5307 1403 5340 ι
1453 5287 1504 5342 id
1551 5297 1654 5353 est,
1712 5295 1944 5343 mactate
1988 5287 2043 5341 in

474 5371 628 5431 vobis
652 5375 892 5447 plenarie
913 5375 1104 5432 ducem
1144 5377 1424 5448 superbiae.
1468 5376 1650 5437 Tauri,
1677 5379 1937 5443 haeretici,
1981 5387 2041 5434 ut

2158 4739 2244 4794 vel
2297 4740 2582 4808 diabolica,
2630 4743 2816 4811 idest,
2869 4747 3030 4803 nimis
3077 4749 3365 4807 defendere
3410 4756 3758 4810 sententiam

2159 4846 2312 4886 suam
2347 4849 2507 4903 quam
2559 4836 2662 4890 scit
2696 4852 2816 4892 esse
2845 4853 3098 4907 pravam,
3127 4843 3211 4897 vel
3243 4859 3344 4914 pro
3381 4845 3569 4910 bonis,
3606 4844 3756 4917 quod

2160 4931 2332 4978 tentat
2388 4942 2487 4981 nos
2525 4927 2687 4994 Deus,
2731 4938 2791 4984 ut
2829 4931 2981 4997 sciat,
3015 4933 3118 4990 hoc
3170 4944 3274 5001 est,
3301 4945 3366 4992 ut
3393 4938 3540 4995 scire
3581 4939 3762 4995 faciat

2159 5015 2304 5084 quod
2334 5015 2552 5085 diligitis
2598 5035 2752 5085 eum;
2788 5021 2871 5074 vel
2902 5024 3250 5092 seductionis,
3282 5030 3430 5098 quod
3469 5031 3624 5086 Deus
3653 5046 3755 5085 nc-

2156 5109 2356 5164 minem
2383 5117 2573 5164 tentat.
2603 5111 2679 5166 De
2704 5114 2878 5183 prima
2901 5116 3119 5183 dicitur,
3145 5129 3203 5172 ut
3233 5120 3286 5174 in
3314 5120 3484 5177 Paulo
3510 5143 3524 5177 :
3555 5143 3576 5174 ε
3613 5123 3760 5178 Ten-

2157 5199 2288 5253 tatio
2317 5215 2414 5254 vos
2455 5215 2560 5254 non
2604 5204 2990 5272 apprehendat,
3024 5209 3127 5263 nisi
3181 5211 3418 5266 humana
3455 5214 3526 5268 ³⁸.
3583 5235 3606 5266 ι
3681 5216 3759 5270 Dc

2152 5293 2406 5358 secunda,
2457 5294 2584 5348 item
2619 5295 2672 5348 in
2719 5296 2923 5354 Paulo:
2957 5298 3142 5371 Neque
3166 5305 3388 5359 tentetis
3435 5304 3758 5370 Christum,

2149 5381 2289 5436 sicut
2319 5382 2392 5436 illi
2425 5392 2784 5441 tentaverunt.
2835 5388 2911 5444 De
2939 5392 3099 5446 tertia
3123 5434 3138 5453 .
3167 5395 3221 5449 in
3255 5393 3458 5452 Genesi
3489 5413 3503 5450 :
3543 5417 3564 5448 ε
3612 5398 3763 5452 Ten-

546 5549 765 5638 :Exod.
791 5567 940 5638 xxvi,
971 5551 1318 5638 ln5:."Exod.
1353 5570 1501 5638 xxiv,
1714 5556 2103 5638 CantLv1i1,_9.
2145 5560 2169 5638 ξ
2196 5559 2263 5616 III
2286 5561 2418 5638 Reg.
2447 5565 2641 5638 vi,_l5.
2683 5566 2703 5598 ⁸
2733 5566 2921 5623 Matth.
2954 5587 3078 5632 xxv,
3109 5574 3196 5638 18,
3221 5576 3314 5630 25.
3348 5577 3370 5608 ⁸
3395 5576 3568 5636 Zach.
3603 5597 3668 5638 τ.
3701 5583 3760 5635 7.

472 5621 495 5655 "
513 5620 1016 5710 Ex‘odzkxg‘vhﬁibj
1042 5621 1242 5710 ligatur...
1257 5620 1498 5710 ξξνλβομ
1525 5626 1545 5657 θ
1577 5626 1709 5710 Ibid.
1740 5643 1793 5710 Χ,
1824 5628 1912 5710 :27:
1949 5620 2209 5710 "Matth.
2238 5620 2442 5710 ξιιζέξλ
2461 5620 2648 5690 ιίῖλυρ.
2673 5620 2924 5710 Vbii-‘2‘.“
3335 5620 3756 5708 {2:31-31:ch

476 5689 726 5776 sua“?
755 5690 1038 5776 Ρεξθιςκξιι
1069 5691 1176 5776 ίὲιο.
1200 5693 1242 5776 Τ
1272 5692 1458 5776 Mani.»
1485 5711 1624 5776 ξψν
1649 5696 1703 5748 ι·
1823 5698 2058 5776 {012-er

2175 5707 2202 5753 ι.
2237 5704 2276 5733 ¹⁷
2496 5689 2662 5776 μενὴ,
2701 5689 2867 5761 δ’ίξῖδ
2897 5689 3307 5776 "3

476 5759 522 5788 ¹⁰
565 5758 754 5847 hiauit;
787 5773 931 5847 ξιρν,
966 5761 1052 5813 17.
1085 5761 1371 5847 ’ξέοῐξανεῃ
1399 5764 1452 5818 6.
1485 5765 1528 5793 ”
1552 5765 1874 5847 l_sa.__u_x,_5.
1905 5770 1950 5800 ’³
1993 5769 2064 5824 Ps

2175 5788 2288 5847 sitv,
2324 5773 2382 5847 β.
2413 5775 2457 5803 ²”
2493 5758 2735 5847 δοειειίιι,
2773 5780 2854 5835 l9.
2899 5783 2944 5812 "
2977 5782 3112 5838 Psal.
3138 5758 3518 5847 ’x‘ivmfa'T-i

481 5841 556 5890 vi,
586 5827 667 5880 l9.
711 5828 754 5859 ’⁷
788 5828 807 5881 l
836 5828 960 5884 Cor.
993 5845 1071 5894 Ill,
1109 5831 1194 5886 l7.
1235 5832 1279 5862 ³⁸
1308 5831 1412 5887 lsa.
1452 5849 1525 5899 vi,
1560 5833 1609 5887 l.
1645 5835 1691 5866 ’³
1731 5837 1751 5890 ι
1783 5827 1910 5894 Cor.
1946 5855 2029 5906 tn,

2193 5843 2236 5875 εο
2266 5827 2288 5898 1'
2313 5843 2435 5898 Cor.
2469 5827 2645 5912 rga;
