3936 6328
163 439 305 494 1065

1122 439 1535 496 ΑιιιεισοιιιΑι
1577 441 1642 496 1N
1687 439 1966 496 SACRAM
1996 438 2458 496 SCRIPTURAM.

3280 439 3417 496 1066

155 552 297 606 tavit
331 532 477 605 Dens
529 548 799 602 Abraham
831 551 869 602 ⁸.
918 567 936 600 ι
972 549 1048 606 De
1082 561 1294 621 quarta,
1324 554 1343 573 ⁶
1372 553 1632 608 Dominus
1683 554 1738 606 in
1765 561 1815 618 Α
1840 561 2244 625 congruentem.
2298 553 2479 617 Terra,
2509 567 2662 607 mens
2689 567 2878 622 prava,
2904 561 2963 606 ut
2990 553 3046 607 in
3075 551 3214 610 Job:
3253 575 3270 606 ι
3299 556 3416 612 Non

155 642 406 698 oratione
455 639 767 706 Dominica,
801 659 818 690 ‹
849 638 928 696 Ne
972 657 1070 698 nos
1114 643 1337 701 inducas
1379 645 1436 699 in
1493 646 1742 700 tentatio-

157 751 287 790 nem
306 737 348 799 ⁸,
394 753 414 784 ι
445 733 500 787 id
549 740 664 800 est,
692 747 762 788 ne
789 749 890 790 nos
931 735 1112 792 induci
1149 737 1296 794 sinas
1335 737 1392 792 in
1419 737 1742 794 diabolicam

159 826 555 897 deceptionem.

234 919 534 974 Tentorium
563 926 646 974 est
673 919 934 976 sanctitas
956 921 1244 990 primitivae
1272 921 1550 985 Ecclesiae,
1592 930 1654 976 ut
1689 922 1742 976 in

155 1010 347 1065 Exodo
377 1026 390 1062 :
431 1028 449 1059 ι
469 1007 619 1064 Fecit
655 1017 710 1064 et
750 1010 1038 1066 tentorium
1076 1011 1135 1066 in
1172 1012 1452 1068 introitum
1494 1013 1746 1069 taberna-

155 1100 267 1153 culi
303 1099 347 1164 ⁸,
377 1117 395 1151 ι
433 1098 578 1170 quod
637 1098 806 1154 multo
840 1100 1140 1156 sanctitatis
1165 1102 1359 1157 decore
1407 1110 1597 1157 ornata
1643 1101 1745 1158 fuit

157 1190 401 1246 Ecclesia
439 1188 734 1260 primitiva.
785 1188 1105 1258 Tentorium,
1151 1193 1378 1262 quilibet
1411 1201 1651 1258 sanctus,
1685 1202 1746 1248 ut

163 1282 218 1334 in
256 1277 397 1334 Job:
433 1297 451 1331 ι
480 1277 539 1334 Si
579 1278 808 1335 voluerit
843 1281 1137 1337 extendere
1176 1283 1331 1353 quasi
1367 1285 1539 1340 nubes
1569 1294 1745 1340 tento-

163 1373 305 1426 rium
328 1387 503 1427 :suum
524 1371 618 1436 ’,ο
655 1371 710 1426 id
728 1379 832 1436 est,
862 1371 1038 1428 virum
1069 1382 1315 1428 sanctum
1345 1374 1414 1429 ad
1439 1373 1746 1430 similitudi-

160 1477 288 1516 nem
319 1471 627 1516 sanctorum
655 1461 878 1516 Patrum
905 1464 960 1517 in
990 1464 1282 1520 sanctitate
1314 1465 1560 1522 dilatare.
1615 1464 1744 1519 Ten-

160 1553 376 1618 torium,
405 1552 703 1622 Synagoga,
741 1560 803 1608 ut
833 1552 890 1608 in
939 1555 1204 1625 propheta
1232 1573 1246 1610 :
1281 1575 1299 1607 ι
1329 1554 1445 1612 Νοιι
1481 1565 1565 1613 est
1603 1557 1744 1611 ultra

159 1644 256 1713 qui
282 1643 538 1699 extendat
586 1644 876 1699 tentorium
901 1661 1082 1700 meum
1108 1646 1150 1709 ⁸,
1179 1665 1197 1698 ι
1229 1647 1374 1718 quod
1403 1646 1583 1702 nullus
1612 1663 1746 1718 prae-

161 1737 372 1792 dicator
408 1736 570 1792 modo
593 1744 796 1791 rectam
824 1735 985 1792 ﬁdem
1029 1738 1286 1809 praedicat
1317 1738 1514 1810 populo
1535 1737 1746 1794 Judaeo-

161 1845 302 1883 rum.
365 1828 471 1884 Per
527 1829 808 1883 tentorium
848 1827 1016 1900 justi,
1068 1837 1129 1884 ut
1182 1831 1240 1885 in
1292 1830 1432 1886 libro
1483 1830 1741 1887 Numeri:

1845 645 2114 700 invenitur
2153 647 2206 700 in
2251 653 2396 699 terra
2427 645 2666 700 suaviter
2701 643 2996 699 viventium
3029 645 3093 712 ‘9,
3126 666 3144 696 ι
3177 650 3320 717 quod
3349 650 3413 722 gi-

1845 735 2042 792 delicet
2083 735 2347 806 sapientia
2391 751 2495 791 non
2533 744 2778 791 moratur
2823 735 2879 789 in
2921 745 3102 791 mente
3142 739 3424 795 desideriis

1845 826 2156 882 carnalibus
2183 827 2444 896 subjecta.
2499 826 2678 893 Terra,
2709 834 2925 883 terrena
2955 828 3248 897 sapientes,
3276 838 3336 885 ut
3367 832 3422 886 in

1841 915 1944 972 Job
1984 935 1996 971 :
2041 937 2060 968 ‹
2096 916 2342 987 Loquere
2388 928 2546 972 terra:
2577 959 2592 984 ,
2644 927 2698 971 et
2737 919 3083 988 respondebit
3132 919 3230 975 tibi
3273 921 3317 952 ²⁰
3351 964 3366 986 ,
3400 941 3419 973 ι

1845 1007 1989 1077 quod
2017 1007 2178 1062 etiam
2213 1016 2426 1062 terrena
2457 1009 2728 1082 sapientes
2751 1008 2951 1079 aliquid
2975 1010 3344 1068 instructionis
3371 1014 3426 1068 in

1844 1104 2029 1152 nostra
2051 1098 2207 1152 nobis
2235 1098 2695 1169 contemplatione
2715 1100 2963 1155 afferunt.
3004 1100 3186 1168 Terra,
3212 1102 3426 1159 inﬁrma

1843 1189 2005 1254 actio,
2037 1198 2096 1243 ut
2126 1189 2179 1244 in
2217 1188 2316 1244 Job
2346 1209 2360 1243 :
2391 1209 2412 1242 ι
2443 1190 2602 1246 Dabit
2639 1207 2737 1262 pro
2774 1200 2917 1246 terra
2961 1191 3166 1249 silicem
3209 1195 3276 1260 ²¹,
3307 1215 3326 1246 ι
3374 1196 3426 1250 id

1842 1289 1950 1344 est,
1980 1295 2081 1351 pro
2113 1281 2324 1336 actione
2353 1281 2570 1336 inﬁrma
2605 1281 2848 1338 conferet
2881 1285 3179 1340 robustam.
3239 1285 3424 1354 Terra,

1843 1373 2087 1442 quilibet,
2114 1374 2132 1393 ⁴
2161 1381 2221 1430 ιιι
2247 1373 2302 1428 in
2335 1373 2501 1430 Paulo
2533 1393 2546 1429 :
2585 1393 2604 1425 ι
2634 1375 2802 1430 Terra
2845 1378 3184 1450 enimsuper
3229 1395 3289 1436 se
3329 1397 3426 1436 ve-

1844 1464 2079 1520 nientem
2103 1465 2401 1536 suscipiens
2431 1467 2658 1522 imbrem
2689 1470 2754 1535 ³²,
2778 1488 2796 1520 ι
2829 1469 2884 1523 id
2926 1478 3029 1537 est,
3079 1473 3292 1528 auditor
3339 1489 3428 1529 su-

1843 1571 1942 1626 per
1961 1572 2019 1612 se
2039 1556 2396 1614 instruentem
2417 1559 2743 1628 amplectens
2761 1561 3220 1631 praedicationem.
3242 1565 3426 1631 Terra,

1843 1645 2139 1702 domestica
2187 1645 2391 1702 familia
2418 1689 2433 1712 ,
2487 1657 2547 1702 ut
2588 1649 2642 1703 in
2688 1648 2790 1705 Job
2821 1669 2834 1704 :
2869 1669 2888 1702 ‹
2917 1650 2977 1708 Si
3015 1653 3299 1710 adversum
3343 1671 3440 1710 me

1846 1745 1990 1793 terra
2031 1754 2152 1794 mea
2185 1739 2382 1795 clamet
2410 1739 2476 1806 “,
2509 1760 2529 1793 ι
2577 1740 2632 1794 id
2666 1750 2772 1808 est,
2814 1742 2860 1797 si
2891 1743 3184 1800 domestica
3229 1743 3432 1801 familia

1848 1847 1967 1886 mea
1996 1830 2104 1904 [de]
2131 1848 2218 1888 me
2239 1833 2604 1904 conqueritur.
2646 1833 2829 1900 Terra,
2877 1836 3116 1892 minores
3155 1838 3212 1892 in
3253 1837 3434 1893 Eccle-

168 1937 186 1966 ς
221 1916 390 1984 Quam
417 1917 643 1988 pulchra
668 1929 796 1973 sunt
817 1920 1050 1976 tentoria
1076 1928 1190 1985 tua,
1219 1935 1253 1976 o
1280 1919 1446 1976 Israel
1471 1921 1512 1987 ⁶;
1545 1941 1562 1972 ι
1583 1937 1744 1991 quam
1773 1910 1820 1970 Β
1847 1922 1950 1989 sia,
1975 1931 2034 1977 ut
2059 1923 2114 1978 in
2135 1923 2356 1980 Cantico
2387 1942 2400 1978 :
2435 1942 2455 1975 ‹
2485 1927 2502 1945 ’
2528 1923 2727 1979 Audiat
2773 1934 2917 1981 terra
2958 1927 3123 1982 verba
3169 1928 3283 1984 oris
3323 1929 3433 1984 mei

161 2007 317 2063 valde
344 2008 554 2064 decorae
577 2017 704 2064 sunt
719 2011 1164 2082 congregationes
1194 2021 1508 2068 sanctorum
1530 2013 1742 2070 Domini

161 2116 260 2172 per
303 2097 465 2156 fidem
496 2100 715 2156 intentae
752 2101 1066 2157 videntium.
1107 2102 1212 2158 Per
1249 2104 1534 2158 tentorium
1556 2119 1746 2161 omnes

163 2192 336 2262 impii,
358 2199 418 2246 ut
442 2192 495 2246 in
522 2192 736 2247 cantico
761 2191 1011 2250 Habacuc
1038 2211 1051 2247 :
1084 2212 1104 2246 ι
1133 2195 1254 2250 Vidi
1277 2195 1508 2250 tentoria
1531 2194 1747 2252 IEthio-

162 2285 266 2355 pia:
292 2286 332 2350 ⁷,
364 2304 381 2336 ι
423 2285 477 2340 id
523 2293 628 2353 est,
671 2285 1060 2358 contemplatus
1100 2303 1220 2345 sum
1261 2290 1508 2347 homines
1551 2291 1745 2363 impios

163 2375 373 2446 peccati
403 2377 685 2448 nigredine
710 2386 1014 2449 coopertos.

242 2470 400 2526 Terra
424 2479 508 2526 est
531 2471 803 2538 Christus,
828 2481 889 2528 ut
914 2473 970 2530 in
992 2472 1094 2530 Job
1125 2495 1138 2529 :
1178 2496 1196 2527 ι
1227 2477 1396 2534 Terra
1426 2478 1551 2534 data
1580 2487 1665 2534 est
1689 2479 1744 2533 in

163 2580 359 2620 manus
402 2565 550 2636 impii
595 2565 639 2631 ⁸,
668 2584 688 2618 ι
731 2565 875 2637 quod
937 2565 1184 2626 Christus
1213 2579 1454 2638 tempore
1479 2569 1746 2640 passionis

164 2672 278 2712 suae
320 2656 550 2713 traditus
579 2656 682 2714 fuit
717 2657 980 2714 ministris
1013 2658 1233 2715 diaboli.
1292 2659 1476 2727 Terra,
1518 2677 1744 2732 regnum

165 2746 452 2813 malorum,
489 2754 550 2802 ut
586 2747 642 2803 in
676 2746 814 2803 Isaia
849 2766 862 2802 :
901 2766 920 2799 ι
948 2748 1009 2803 In
1045 2757 1191 2804 terra
1223 2767 1320 2806 sua
1356 2751 1585 2821 duplicia
1624 2768 1747 2823 pos-

164 2838 416 2894 sidebunt
452 2836 506 2904 θ’,
536 2858 555 2891 ι
603 2839 748 2910 quod
787 2839 841 2894 in
888 2854 1052 2912 regno
1103 2842 1345 2910 caelesti,
1385 2843 1540 2900 electi
1579 2845 1749 2899 beati-

166 2929 355 2984 tudine
395 2930 555 2985 simul
593 2939 648 2986 et
689 2933 932 3002 corporis
970 2934 1294 3002 gaudebunt.
1347 2934 1533 2999 Terra,
1579 2935 1745 3006 Virgo

167 3021 362 3087 Maria,
396 3030 458 3076 ut
495 3022 551 3077 in
587 3022 858 3096 Psalmis:
891 3044 909 3076 ί
937 3025 1004 3080 Ει
1045 3033 1188 3081 terra
1225 3034 1410 3082 nostra
1454 3027 1600 3083 dabit
1635 3026 1750 3082 fru-

167 3122 316 3168 ctum
356 3129 509 3169 suum
539 3114 601 3180 ³ο,
632 3135 652 3167 ι
686 3115 742 3170 id
767 3124 871 3181 est,
911 3114 1076 3170 Maria
1105 3133 1262 3172 suum
1295 3117 1502 3188 peperit
1529 3115 1745 3172 Filium.

168 3205 356 3274 Terra,
384 3206 648 3276 Ecclesia,
676 3217 737 3262 ut
766 3208 819 3264 in
849 3207 949 3265 Job
984 3227 996 3262 :
1033 3227 1051 3259 ι
1081 3209 1307 3277 Quando
1333 3211 1595 3280 ponebam
1626 3210 1750 3265 fun-

1846 2011 1914 2076 “,
1951 2033 1968 2064 ›
2013 2013 2068 2068 id
2108 2024 2210 2080 est,
2255 2013 2558 2070 auscultent
2598 2015 2838 2072 minores
2867 2017 2886 2036 “
2919 2015 3134 2087 plagam
3168 2018 3432 2089 praedica-

1847 2103 2046 2158 tionem
2095 2118 2291 2158 meam.
2353 2102 2550 2171 Terra,
2597 2105 3000 2172 Antichristus,
3047 2114 3108 2161 ut
3152 2107 3209 2161 in
3247 2107 3430 2163 Isaia:

1852 2211 1871 2245 ι
1905 2193 1997 2249 Vae
2031 2203 2189 2250 terra:
2229 2195 2438 2252 alarum
2467 2196 2712 2268 cymbalo
2738 2199 2802 2261 ",
2836 2218 2855 2251 ι
2890 2199 2944 2254 id
2978 2209 3083 2266 est,
3118 2201 3438 2257 maledictus

1844 2285 2211 2344 Antichristus
2250 2287 2346 2358 qui
2380 2289 2644 2358 superbiae
2675 2289 2917 2344 volatum
2959 2291 3192 2346 sonabit.
3250 2291 3435 2360 Terra,

1845 2377 2109 2446 infernus,
2157 2388 2216 2435 ut
2257 2381 2312 2435 in
2361 2378 2501 2436 Job:
2537 2399 2558 2433 ι
2587 2381 2669 2436 Ad
2725 2390 2927 2437 terram
2974 2384 3336 2451 tenebrosam,
3384 2395 3439 2441 et

1845 2479 2098 2540 opertam,
2117 2471 2310 2528 mortis
2337 2471 2566 2543 caligine
2595 2471 2664 2537 “,
2693 2491 2713 2525 ι
2749 2473 2803 2528 id
2836 2483 2940 2539 est,
2967 2475 3034 2529 ad
3061 2474 3331 2532 infernum
3362 2487 3439 2531 te-

1846 2561 2030 2616 nebris
2071 2561 2288 2631 plenum
2312 2602 2328 2627 ,
2377 2572 2432 2618 et
2482 2563 2814 2618 obscuritate
2858 2565 3072 2620 mortali
3129 2567 3434 2623 obsessum.

1921 2651 2218 2707 Thesaurus
2237 2663 2320 2708 est
2340 2653 2562 2710 cmleste
2583 2656 2862 2724 praemium
2882 2698 2899 2724 ,
2922 2666 2982 2712 ut
2999 2657 3056 2712 in
3073 2658 3203 2714 Job:
3228 2678 3246 2710 ι
3269 2661 3438 2726 Quasi

1850 2743 2164 2801 eﬁ‘odientes
2204 2746 2592 2811 thesaurum",
2623 2766 2643 2798 ι
2691 2747 2745 2800 id
2787 2756 2902 2812 est,
2933 2749 3087 2822 quasi
3131 2759 3436 2818 quaerentes

1851 2838 2074 2894 caeleste
2118 2838 2416 2908 praemium.
2477 2837 2793 2902 Thesaurus,
2844 2839 3169 2894 desiderium
3213 2841 3436 2910 bonum,

1851 2937 1912 2982 ut
1939 2929 1992 2982 in
2028 2928 2313 2999 Evangelia
2341 2946 2354 2982 ε
2398 2946 2418 2979 ι
2448 2928 2726 2984 Thesauro
2749 2929 3064 2984 abscondito
3085 2930 3138 2985 in
3161 2946 3293 3002 agro
3316 2934 3382 2997 ⁸⁸,
3414 2953 3432 2984 ι

1853 3019 1907 3073 id
1934 3027 2034 3083 est,
2067 3019 2333 3074 desiderio
2361 3020 2525 3084 bono,
2552 3019 2741 3075 latenti
2775 3017 2832 3073 in
2857 3020 3058 3074 animo.
3114 3020 3435 3090 Thesaurus,

1855 3117 2041 3163 sancta
2066 3108 2284 3174 locutio,
2318 3116 2376 3162 ut
2403 3110 2458 3163 in
2483 3108 2760 3164 Parabolis
2791 3128 2806 3163 :
2840 3127 2860 3160 ι
2890 3108 3202 3166 Thesaurus
3227 3113 3438 3170 deside-

1858 3200 2045 3254 rabilis
2072 3200 2088 3218 ⁶
2118 3200 2385 3270 requievit
2423 3201 2480 3254 in
2519 3215 2615 3256 ore
2659 3200 2915 3270 sapientis
2956 3200 3026 3256 ’⁸.
3049 3221 3069 3252 ›
3124 3201 3442 3270 Thesaurus,

165 3300 421 3354 (lamenta
467 3309 622 3358 ιρι-ηρ
679 3301 746 3370 τί,
778 3319 797 3354 ,
845 3301 896 3358 id
942 3309 1056 3368 ρει,
1104 3302 1318 3372 quando
1356 3301 1748 3359 οοηειίωειηω
1779 3280 1826 3342 C
1855 3293 2082 3349 intentio
2114 3294 2272 3362 bona,
2304 3302 2362 3350 ut
2385 3294 2442 3349 in
2472 3294 2800 3365 Evangelio:
2837 3315 2855 3348 ι
2883 3295 2959 3354 De
2999 3298 3141 3354 bono
3182 3299 3440 3356 thesauro

163 3392 442 3464 apostolos
485 3395 757 3452 Ecclesiae.
803 3395 984 3459 Terra,
1038 3395 1190 3466 plebs
1225 3398 1556 3464 lsraelitica,
1599 3407 1661 3453 ut
1700 3398 1755 3453 in

163 3481 274 3540 Job
305 3503 320 3550 :_
351 3505 369 3537 ‹
394 3484 495 3552 Qui
525 3494 824 3543 commovet
861 3495 1060 3542 terram
1083 3487 1150 3542 de
1172 3487 1292 3544 loco
1318 3503 1416 3542 suo
1453 3487 1520 3553 ¹¹,
1551 3507 1569 3538 ›
1612 3489 1757 3556 quod

163 3576 380 3647 plebem
411 3575 692 3634 Judaicam
722 3577 980 3632 Dominus
1003 3577 1072 3632 de
1101 3585 1244 3632 terra
1276 3578 1451 3648 fugari
1483 3580 1752 3648 permisit.

168 3667 356 3734 Terra,
388 3669 618 3724 societas
643 3668 942 3724 scribarum
971 3677 1024 3723 et
1060 3671 1398 3725 sacerdotum
1430 3668 1753 3741 Synagogae,

165 3759 304 3814 utin
329 3757 433 3814 Job
457 3775 472 3813 :
508 3782 528 3810 ι
549 3759 737 3824 Terra,
767 3760 832 3814 de
843 3775 947 3829 qua
967 3760 1246 3816 oriebatur
1258 3759 1612 3830 panisinloco
1637 3776 1758 3823 suo,

165 3853 298 3924 igne
324 3851 582 3907 subversa
610 3859 694 3907 est
719 3852 788 3916 ¹³,
813 3872 830 3902 ι
863 3851 916 3906 id
946 3860 1049 3918 est,
1079 3852 1388 3908 sacerdotes
1411 3861 1465 3907 et
1485 3853 1698 3919 scribae,
1728 3870 1759 3906 a

165 3942 371 4014 quibus
402 3950 602 3999 sanctae
631 3943 1027 4015 praedicationis
1056 3944 1279 3999 refectio
1321 3945 1617 4016 procedere
1666 3947 1758 4002 de-

165 4033 314 4099 buit,
369 4033 571 4090 invidia
605 4049 733 4103 erga
775 4034 1049 4090 Christum
1093 4035 1340 4090 conversi
1380 4043 1525 4090 sunt.
1574 4034 1758 4102 Terra,

165 4125 470 4197 gentilitas,
515 4137 577 4181 ut
618 4126 674 4181 in
708 4126 849 4182 Job:
881 4144 900 4178 ι
933 4126 1004 4183 Ut
1051 4127 1298 4198 pluerent
1340 4142 1502 4198 super
1557 4136 1759 4183 terram

167 4219 382 4287 absque
410 4217 625 4273 homine
653 4217 710 4272 in
749 4217 962 4275 deserto
990 4219 1054 4284 “,
1087 4237 1105 4268 ι
1140 4217 1195 4272 id
1223 4225 1327 4285 est,
1354 4226 1415 4272 ut
1439 4217 1764 4289 praedicaret

170 4311 228 4365 in
262 4309 457 4380 populo
486 4309 695 4381 gentili,
723 4310 838 4380 qui,
864 4309 1154 4366 derelictus
1173 4325 1203 4364 a
1230 4309 1359 4375 Deo,
1393 4325 1425 4364 a
1453 4309 1600 4364 nullo
1625 4324 1763 4380 prae-

169 4402 422 4454 dicatore
469 4401 856 4456 instruebatur.
907 4400 1090 4463 Terra,
1135 4400 1358 4470 quilibet
1403 4408 1655 4466 sanctus,
1703 4407 1763 4453 ut

170 4495 227 4547 in
255 4491 358 4548 Job
385 4506 400 4546 :
434 4513 450 4544 ι
479 4493 711 4564 Longior
740 4495 755 4515 ‘
785 4501 870 4549 est
899 4494 998 4548 tibi
1026 4501 1171 4549 terra
1199 4510 1454 4550 mensura
1487 4491 1604 4562 ejus
1636 4493 1700 4557 ιδ,
1736 4513 1754 4545 ι

168 4586 326 4656 quod
371 4585 876 4657 contemplationem
920 4587 1022 4640 viri
1073 4587 1247 4641 sancti
1296 4586 1611 4656 magnitudo
1662 4584 1758 4640 Dei

170 4678 416 4734 excedit.
476 4676 658 4745 Terra,
687 4679 912 4748 quilibet
937 4677 1228 4748 subjectus,
1258 4686 1319 4732 ut
1340 4678 1392 4732 in
1418 4676 1554 4733 Job:
1583 4696 1602 4727 ‹
1631 4677 1754 4732 Ter-

172 4785 303 4824 ram
355 4768 554 4840 ungula
603 4767 737 4824 fodit
789 4769 857 4834 ¹⁶,
885 4789 904 4821 ι
955 4770 1096 4839 quod
1154 4767 1407 4839 praelatus
1468 4766 1766 4835 subjectum

171 4876 340 4917 suum
383 4860 538 4916 fortis
564 4861 596 4896 "
621 4861 816 4934 operit,
860 4861 1106 4931 exemplo
1145 4859 1370 4915 emollit.
1427 4857 1606 4922 Terra,
1651 4874 1770 4914 cor-

172 4965 285 5021 pus
314 4957 580 5017 nostrum,
610 4958 669 5005 ut
688 4951 743 5005 in
767 4949 962 5006 Genesi
991 4968 1004 5003 :
1037 4969 1054 5000 ι
1085 4949 1251 5004 Terra
1283 4965 1364 5014 es,
1397 4958 1454 5004 et
1483 4950 1536 5003 in
1568 4957 1769 5003 terram

173 5039 291 5095 ibis
316 5040 382 5106 ⁸⁷,
408 5060 426 5093 ι
452 5041 596 5111 quod
614 5056 811 5112 corpus
835 5049 1080 5096 nostrum
1107 5041 1173 5096 de
1204 5048 1347 5095 terra
1370 5048 1642 5110 sumptum
1665 5051 1769 5107 est,

1859 3387 2063 3456 profert
2090 3387 2295 3442 bonum
2325 3387 2388 3451 ³⁰,
2415 3407 2433 3439 ι
2469 3387 2613 3456 quod
2639 3387 2728 3442 ubi
2753 3389 2999 3458 procedit
3019 3391 3161 3446 bona
3187 3389 3439 3456 intentio,

1859 3480 1999 3534 bona
2050 3480 2290 3536 succedit
2341 3481 2600 3550 operatio.
2646 3481 2751 3536 Per
2781 3483 3085 3538 thesaurum
3122 3483 3226 3539 viri
3253 3485 3446 3550 sancti,

1859 3576 1918 3622 ut
1961 3569 2016 3622 in
2054 3568 2323 3625 Psalmis:
2361 3588 2381 3620 ‹
2408 3570 2508 3638 Qui
2548 3571 2800 3640 producit
2833 3581 3022 3629 ventos
3061 3572 3128 3628 de
3177 3574 3450 3629 thesauris

1859 3661 1972 3717 suis
1997 3662 2064 3728 “,
2095 3682 2114 3714 ι
2141 3664 2284 3732 quod
2310 3662 2365 3716 in
2397 3662 2529 3717 viris
2556 3663 2758 3717 sanctis
2781 3664 2798 3680 ‘
2826 3663 2946 3719 aliis
2979 3662 3114 3720 alios
3145 3664 3446 3734 proferunt.

1861 3750 1962 3807 Per
1986 3754 2256 3808 thesauros
2287 3753 2480 3822 iniqui,
2509 3762 2567 3806 ut
2597 3753 2652 3806 in
2671 3752 2774 3809 Job
2803 3773 2815 3808 :
2847 3773 2866 3806 ι
2896 3754 3151 3824 Nunquid
3171 3756 3449 3827 ingressus

1859 3860 1918 3899 es
1961 3845 2247 3900 thesauros
2289 3845 2428 3899 nivis
2463 3844 2556 3897 “?
2584 3864 2602 3895 ι
2637 3846 2780 3915 quod
2810 3846 3069 3902 Dominus
3098 3862 3195 3918 per
3223 3848 3452 3918 inspira-

1862 3937 2024 3992 tionis
2061 3953 2171 3992 suae
2203 3937 2433 4008 gratiam
2473 3935 2669 4007 frigida
2715 3952 3099 4009 nonnunquam
3140 3938 3448 3996 Judaeorum

1863 4029 2172 4098 iniquorum
2210 4029 2371 4084 corda
2413 4028 2731 4100 ingreditur.
2784 4028 2889 4084 Per
2930 4030 3233 4084 thesaurum
3269 4033 3448 4102 provi-

1860 4119 2043 4175 dentia
2069 4121 2184 4186 Dei,
2215 4122 2353 4176 utin
2383 4121 2800 4178 Deuteronomio
2831 4140 2843 4175 :
2879 4140 2899 4173 ‹
2927 4123 2996 4178 Ει
3025 4124 3235 4195 signata
3260 4125 3314 4178 in
3338 4126 3454 4180 the-
3551 4119 3554 4122 ’

1862 4213 2039 4268 sauris
2069 4213 2204 4268 meis
2237 4212 2302 4277 ³³,
2337 4232 2356 4265 ι
2389 4212 2444 4269 id
2467 4221 2570 4280 est,
2599 4222 2719 4269 rata
2746 4222 2798 4269 et
2825 4213 3148 4271 conﬁrmata
3185 4216 3241 4271 in
3270 4217 3452 4287 provi-

1861 4305 2045 4361 dentia
2072 4319 2214 4360 mea.

1935 4397 2088 4452 Testa
2130 4406 2215 4453 est
2252 4412 2379 4454 caro
2427 4397 2674 4464 Christi,
2729 4407 2790 4455 ut
2836 4400 2893 4454 in
2939 4399 3216 4456 Psalmis:
3256 4419 3274 4451 ι
3299 4400 3457 4454 Aruit

1865 4499 2118 4560 tanquam
2163 4498 2301 4546 testa
2340 4490 2515 4546 virtus
2554 4505 2674 4545 mea
2727 4489 2799 4556 ³⁸,
2827 4511 2846 4544 ι
2899 4492 3044 4562 quod
3079 4507 3208 4546 caro
3251 4491 3453 4547 Christi

1863 4598 1960 4653 per
1984 4584 2160 4654 ignem
2181 4584 2445 4654 passionis
2464 4585 2530 4638 ad
2552 4583 2923 4639 fortitudinem
2944 4585 3243 4640 convaluit.
3280 4584 3451 4647 Testa,

1868 4676 2022 4746 vigor
2048 4676 2418 4742 districtionis,
2450 4686 2512 4729 ut
2536 4677 2589 4730 in
2615 4674 2716 4730 Job
2740 4693 2753 4729 :
2787 4694 2806 4727 ι
2835 4675 2934 4742 Qui
2961 4684 3096 4730 testa
3123 4676 3348 4730 radebat
3367 4690 3455 4737 sa-

1871 4768 2015 4822 niem
2058 4767 2126 4833 ",
2156 4788 2174 4820 ι
2229 4768 2372 4837 quod
2409 4768 2594 4840 vigore
2634 4767 2985 4822 districtionis
3020 4767 3126 4821 viri
3156 4766 3329 4821 sancti
3360 4765 3459 4820 ﬂu—

1874 4875 2001 4914 xum
2027 4859 2226 4914 illicitae
2247 4859 2623 4914 delectationis
2657 4859 2992 4929 abstergunt.

1949 4951 2118 5023 Tigris
2146 4959 2229 5008 est
2257 4952 2562 5022 hypocrita,
2585 4958 2646 5004 ut
2667 4951 2720 5005 in
2750 4950 2850 5005 Job
2885 4969 2897 5004 :
2936 4969 2955 5002 σ
2985 4949 3161 5021 Tigris
3179 4950 3361 5020 periit,
3393 4963 3459 5004 eo

1875 5043 2021 5113 quod
2047 5059 2153 5098 non
2181 5045 2404 5099 haberet
2441 5043 2678 5114 praedam
2716 5043 2782 5108 “,
2813 5062 2832 5095 ι
2876 5043 3019 5113 quod
3059 5051 3186 5097 tunc
3224 5059 3282 5097 se
3327 5059 3459 5113 quo-

172 5141 236 5188 et
277 5132 348 5186 ad
379 5141 578 5188 terram
619 5142 932 5188 revertetur.
988 5131 1169 5196 Terra,
1203 5146 1356 5187 mens
1389 5143 1594 5196 sancta,
1629 5139 1689 5187 ut
1717 5132 1773 5187 in
1875 5135 2161 5191 dammodo
2200 5135 2481 5206 hypocrita
2521 5134 2698 5204 perire
2737 5141 2910 5203 putat,
2956 5134 3170 5205 quando
3214 5135 3455 5204 praedam

173 5224 426 5279 Genesi:
456 5244 474 5276 ι
501 5225 569 5280 Ει
607 5227 873 5297 producat
909 5234 1055 5280 terra
1096 5223 1318 5279 herbam
1356 5225 1618 5280 virentem
1647 5226 1713 5292 "',
1749 5245 1768 5278 ι

174 5317 236 5372 id
263 5324 374 5374 est.
400 5317 648 5374 ostendat
683 5317 738 5372 in
771 5315 1046 5387 publicum
1085 5315 1278 5369 devota
1312 5329 1465 5370 mens
1501 5315 1772 5370 actionem

1877 5226 2096 5280 humani
2131 5224 2331 5280 favoris
2365 5240 2556 5296 rapere
2581 5239 2688 5279 non
2722 5223 2883 5279 valet.
2939 5222 3130 5294 Tigris,
3157 5227 3176 5246 ‘
3207 5223 3456 5278 mortali-

1881 5324 1964 5371 tas
2001 5325 2206 5383 nostra,
2249 5325 2307 5371 ut
2344 5317 2402 5373 in
2450 5316 2588 5372 libro
2635 5316 2860 5373 Tobiae:
2892 5334 2912 5368 ι
2938 5315 3134 5372 Mansit
3167 5316 3323 5386 juxta
3362 5312 3460 5368 llu-

261 5498 278 5529 ¹
335 5497 473 5555 Cen.
535 5513 692 5563 χχιι,
748 5497 802 5551 1.
851 5497 872 5527 ³
916 5494 1108 5550 Matth.
1168 5510 1252 5558 νι,
1309 5493 1420 5560 15;
1477 5494 1606 5564 Luc.
1659 5510 1750 5558 χι,

1919 5495 1940 5525 ³
1969 5496 2134 5552 Exod.
2193 5514 2362 5562 χχνι,
2407 5498 2496 5553 56.
2565 5500 2584 5528 δ
2613 5498 2713 5556 Job
2753 5515 2956 5564 xxxvr,
3009 5497 3100 5554 29.
3173 5497 3194 5528 ⁵
3239 5495 3349 5551 Jer.
3403 5513 3457 5556 χ,

171 5570 279 5624 20.
323 5570 346 5599 ⁸
389 5568 547 5624 Νυιιι.
601 5562 764 5634 xxiv,
820 5566 875 5621 5.
916 5567 936 5598 ⁷
969 5565 1171 5622 Hahae.
1223 5581 1318 5630 ιιι,
1374 5566 1426 5618 7.
1490 5562 1640 5635 {‘Job
1693 5581 1748 5618 ιχ

1858 5565 1928 5619 Μ.
1994 5567 2016 5595 ⁹
2061 5566 2165 5623 Isa.
2208 5584 2327 5635 Lxl,
2381 5569 2432 5622 7.
2473 5568 2514 5599 “’
2560 5568 2701 5622 Psal.
2732 5585 2890 5635 LXVI,
2922 5562 2974 5622 7.
3035 5565 3198 5620 "Job
3228 5580 3459 5635 xxxviii,

172 5642 235 5694 4.
311 5641 360 5671 ¹⁸
405 5639 505 5695 Job
557 5655 648 5705 ιχ,
696 5639 748 5692 6.

175 5797 346 5845 χχχι,
396 5780 484 5835 56.
532 5779 580 5812 ⁸⁵
615 5780 770 5835 Deut.
825 5795 1001 5843 χχχιι,
1051 5778 1104 5832 1.

823 5637 867 5669 ⁸³
908 5635 1008 5692 Job
1042 5651 1245 5702 xxvm,
1303 5636 1358 5690 5.
1415 5633 1583 5689 “Job
1639 5651 1840 5691 xxxvm
1867 5679 1880 5700 ,
1919 5637 2007 5691 26.
2093 5640 2136 5669 ³⁸
2182 5639 2282 5692 Job
2314 5633 2410 5703 χι,
2452 5640 2505 5693 9.

853 5709 910 5738 ΙΙ
982 5707 1025 5738 19
1073 5705 1165 5738 Ιηιι
1225 5721 1392 5738 νιηηη
1475 5704 1542 5738 ικ
1644 5706 1687 5735 I0
1726 5704 1819 5738 ῘΛΙ.
1871 5724 1945 5738 ιίι-
2032 5709 2063 5738 ο
2137 5709 2177 5738 Si
2252 5708 2342 5738 ιηι.
2391 5725 2502 5738 ιον--

173 5726 282 5776 ιιι,
342 5710 432 5766 19.
478 5710 520 5741 ιδ
555 5704 691 5772 Gen,
740 5724 796 5775 ι,
853 5709 938 5763 11.
982 5707 1025 5739 ³³
1065 5705 1166 5762 Job
1224 5721 1416 5769 xxvm,
1475 5704 1563 5759 15.
1644 5706 1687 5735 ²⁰
1718 5704 1752 5758 1η

175 5797 346 5844 χχχι,
396 5780 484 5835 56.
532 5779 580 5812 ⁸⁵
615 5780 770 5835 Deut.
825 5795 1001 5843 χχχιι,
1051 5778 1104 5832 1.
1147 5777 1194 5808 ⁸⁵
1243 5776 1344 5832 lsa.
1379 5792 1535 5839 xvm,
1593 5776 1641 5828 1.
1691 5776 1734 5805 ³⁸

1871 5724 1981 5775 χιι,
2031 5709 2082 5764 8.
2137 5709 2177 5739 ’³
2244 5708 2343 5764 Job
2390 5725 2536 5773 xx",
2588 5709 2678 5762 24.
2755 5709 2799 5738 ²¹
2849 5708 3014 5763 Hebr.
3063 5722 3151 5770 vr,
3201 5705 3251 5757 7.
3288 5704 3334 5734 ’³
3364 5704 3460 5757 ιοις

1858 5799 1868 5832 ι
1905 5797 1934 5832 χ
1960 5820 1973 5844 ,
2022 5781 2111 5833 21.
2165 5780 2208 5810 ³⁷
2244 5778 2558 5841 1ο1ιιιι,21.
2613 5781 2657 5809 ’⁸
2687 5779 2874 5832 Matth.
2918 5792 3038 5840 χιιι,
3067 5775 3157 5829 Μ.
3228 5775 3272 5805 ¹⁹
3305 5774 3460 5827 Prov.

2601 5639 2641 5669 ‘°
2683 5637 2781 5694 Job
2829 5633 3029 5704 χχχιχ,
3089 5635 3179 5690 24.
3233 5635 3273 5665 "
3323 5633 3457 5704 Gen.

2137 5709 2177 5739 ’³
2244 5708 2343 5764 Job
2390 5702 2536 5773 xx",
2588 5709 2678 5762 24.
2755 5709 2799 5738 ²¹
2849 5702 3022 5763 Hebr.
3063 5722 3151 5770 vr,
3201 5705 3251 5757 7.
3288 5704 3334 5734 ’³
3364 5702 3465 5757 Jol.

173 5869 306 5914 χχι,
335 5844 433 5906 20.
488 5851 534 5882 ³⁰
559 5849 748 5913 Matth,
775 5867 870 5914 xu,
904 5850 992 5904 35.
1050 5849 1094 5880 ³¹
1127 5848 1267 5903 Psul.
1307 5863 1522 5912 cxxxrv,
1555 5849 1606 5902 8.
1676 5848 1718 5876 ³³

1884 5867 2106 5916 χχχιιιι,
2141 5849 2227 5904 22.
2282 5849 2326 5880 ³³
2370 5849 2523 5903 Deut.
2569 5866 2737 5915 χχχιι,
2778 5849 2866 5902 51.
2934 5848 2981 5878 ³⁵
3013 5845 3156 5901 Psal.
3211 5861 3327 5911 χχι,
3381 5844 3465 5896 ili.

176 5925 230 5957 ³⁸
263 5922 376 5978 Job
407 5941 463 5988 ιι,
489 5925 543 5979 8.
594 5920 640 5952 ³⁸
669 5919 769 5976 Job
798 5937 871 5985 iv,
905 5921 990 5974 11.

599 6015 873 6074 Ρηιιοι..
899 6011 1118 6074 CXII.

2964 6006 3040 6066 3h
