3936 6328
602 407 734 463 1071

1241 404 1302 457 Β.
1344 401 1598 458 11ΑΒᾹΝ1
1635 402 1855 459 MAURI
1892 401 2212 457 ARCHIEP.
2252 398 2561 455 MOGUNT.
2603 397 2889 454 OPERUM
2925 396 3102 453 PARS
3134 395 3217 452 ll].

3627 410 3716 468 l0?!

598 525 651 578 id
678 530 780 587 est,
812 519 1036 575 scientia
1072 518 1216 583 veri;
1253 519 1417 585 tertii,
1458 519 1678 588 pallium
1727 518 1874 584 Eliaz,
1907 517 2184 574 meditatio
2211 519 2264 580 Α
2287 515 2488 569 uitatis.
2528 513 2634 568 Per
2657 529 2866 568 vaccam
2900 512 3002 566 viri
3027 511 3215 578 sancti,
3236 521 3289 565 ut
3317 512 3363 566 in
3391 512 3515 569 libris
3542 516 3712 591 Regum:

599 612 804 668 scilicet
830 611 896 666 de
922 609 1298 664 incarnatione
1331 609 1552 664 Christi.

669 703 802 757 Tres
857 700 1106 772 sagittae,
1151 699 1348 769 quibus
1394 701 1578 755 hostes
1622 699 1719 755 Dei
1763 702 2178 771 transﬁguntur:

597 795 849 850 stimulus
876 793 1090 850 amissae
1119 795 1138 814 ⁶
1168 793 1524 864 praestantiae;
1555 792 1722 862 pestis
1747 793 2046 863 corporalis
2068 807 2182 846 mo-

599 886 801 952 lestiae;
856 885 1082 941 malleus
1127 883 1404 939 infernalis
1443 884 1761 939 memoriae:
1796 891 1941 950 tres,
1985 883 2183 952 quibus

597 976 753 1032 electi
785 976 1022 1031 suaviter
1046 973 1399 1030 vulnerantur
1431 991 1446 1028 :
1477 974 1639 1028 timor
1667 983 1870 1040 castus,
1910 988 2064 1027 amor
2089 972 2182 1027 de-

598 1077 773 1133 votus,
798 1067 1052 1123 desiderii
1079 1066 1272 1122 virtus.

671 1157 804 1214 Tres
840 1157 1080 1229 paradisi
1122 1157 1476 1227 :voluptuosa
1525 1155 1750 1211 dulcedo
1805 1155 2177 1220 invisibilium,

599 1268 718 1322 quae
745 1251 1000 1322 irrigatur
1027 1250 1167 1306 sicut
1189 1251 1379 1306 hortus
1415 1249 1763 1315 deliciarum;
1794 1251 2004 1305 sincera
2035 1250 2182 1320 puri—

599 1355 684 1401 tas
708 1344 1053 1415 spiritalium,
1079 1359 1199 1414 quae
1228 1344 1284 1398 in
1311 1358 1369 1398 se
1397 1351 1683 1398 conservat
1707 1343 2016 1408 hominem;
2050 1341 2184 1398 deli-

596 1438 744 1493 ciosa
785 1436 987 1493 veritas
1031 1435 1516 1505 superewlestium.
1577 1434 1732 1492 Unde
1770 1435 1971 1490 Paulus
2031 1434 2176 1489 audit

595 1530 760 1585 verba
779 1545 898 1600 quae
919 1543 1028 1584 non
1047 1528 1175 1584 licet
1199 1527 1407 1582 homini
1429 1527 1596 1596 loqui.

667 1620 801 1675 Tres
829 1617 1041 1688 puellae,
1069 1633 1192 1688 qua:
1224 1630 1417 1672 sensus
1454 1624 1674 1673 nostros
1700 1625 1951 1672 evertunt
1985 1635 1997 1672 :
2033 1625 2182 1673 tene-

596 1713 775 1768 ritudo
813 1711 1014 1776 carnis,
1062 1725 1181 1780 quae
1223 1719 1305 1764 est
1339 1709 1557 1776 Dalida,
1607 1717 1661 1764 et
1701 1709 1950 1766 Samsoni
1995 1711 2181 1767 oculos

592 1803 766 1869 eruit;
813 1802 1100 1857 ammnitas
1133 1801 1420 1856 mundialis
1448 1802 1652 1872 gloriae,
1681 1818 1801 1872 quae
1830 1813 1913 1860 est
1939 1802 2172 1868 Jezebel,

2291 625 2309 657 ι
2331 606 2729 661 Gradiebantur
2775 620 2954 661 vacca:
2990 613 3268 676 pergentes
3316 615 3366 660 et
3389 609 3712 680 mugientes'n

2281 699 2424 770 quod
2453 699 2506 754 in
2543 699 2860 770 religionem
2909 699 3105 754 cedunt
3137 699 3300 753 sancti
3338 698 3456 754 bene
3473 701 3659 770 vivendo,
3685 717 3718 765 et

2281 792 2348 848 iis
2372 792 2464 862 qui
2489 793 2538 846 ei
2559 791 2745 847 aﬂines
2766 801 2893 847 sunt
2913 790 3332 860 compassionem
3361 791 3596 848 discretam
3616 799 3714 854 ethi-

2278 885 2427 942 bent.
2456 885 2561 940 Per
2590 902 2773 940 vaccas
2795 885 3070 956 principes
3103 883 3282 949 lsrael,
3306 891 3361 938 ut
3381 883 3430 939 in
3449 885 3579 943 Amos
3597 903 3635 942 τι
3655 892 3717 946 Διι-

2281 977 2392 1032 dite
2437 977 2573 1044 haec,
2618 992 2798 1032 vaccae
2841 977 3071 1046 pingues
3113 975 3156 1040 ',
3185 994 3204 1027 ι
3243 974 3294 1029 id
3316 984 3407 1041 est,
3446 979 3717 1046 auscultate,o

2279 1067 2556 1137 principes
2582 1075 2922 1138 arrogantes.
2953 1066 3060 1121 Per
3085 1081 3262 1121 vaccas
3289 1067 3459 1121 animae
3481 1068 3716 1141 insipientes,

2280 1164 2340 1210 ut
2365 1157 2420 1211 in
2439 1155 2670 1212 Psalmis
2696 1175 2711 1212 :
2741 1174 2761 1208 ι
2791 1155 3154 1226 Congregatio
3173 1164 3428 1212 taurorum
3453 1158 3498 1212 in
3513 1161 3643 1215 vaccis
3661 1180 3716 1232 pa

2279 1248 2529 1318 pulorum
2567 1248 2613 1314 ⁸,
2636 1267 2668 1299 ι·
2695 1247 2751 1302 id
2803 1256 2919 1312 est,
2966 1245 3332 1302 conventicula
3366 1247 3660 1306 haereticorum
3677 1254 3715 1306 ad

2281 1340 2627 1411 decipiendas
2645 1339 2856 1394 animas
2877 1337 3264 1408 insipientium.

2363 1433 2566 1504 Vagina
2606 1442 2693 1489 est
2736 1449 2904 1505 prava
2932 1433 3206 1505 cogitatio,
3232 1441 3290 1489 ut
3321 1435 3375 1490 in
3409 1433 3494 1491 Job
3515 1436 3533 1468 ’
3558 1455 3568 1491 :
3595 1438 3713 1493 »Εὐη-

2282 1534 2402 1581 ctus
2427 1533 2482 1581 et
2507 1526 2789 1597 egrediens
2820 1545 2840 1579 ι
2869 1532 2886 1544 ·
2915 1527 2984 1581 ad
3007 1541 3142 1597 opus
3168 1524 3357 1582 malum
3396 1527 3453 1583 de
3475 1530 3711 1600 cogitatione.

2289 1618 2514 1690 Vagina,
2548 1618 2921 1675 misericordia
2940 1659 2956 1685 ,
2987 1618 3126 1674 utin
3149 1618 3450 1689 Evangelio:
3489 1641 3503 1672 ι
3531 1621 3711 1693 llittegh-

2281 1711 2429 1767 dium
2458 1719 2613 1765 tuum
2639 1711 2696 1765 in
2719 1711 2974 1783 vaginam
3004 1711 3073 1777 ιο,
3107 1730 3126 1764 ι
3157 1711 3209 1768 id
3233 1719 3331 1778 est,
3355 1715 3710 1770 convertedestru-

2281 1800 2520 1856 ctionem
2545 1808 2694 1856 tuam
2719 1801 2778 1856 in
2814 1801 3262 1857 misericordiam.

592 1907 649 1954 et
695 1895 907 1951 Naboth
959 1895 1160 1951 occidit
1191 1911 1206 1959 ;
1259 1893 1549 1950 diliidentia
1598 1895 1795 1951 futurae
1842 1897 1967 1952 vitae
1996 1938 2010 1963 ,
2063 1912 2182 1966 quae
2209 1881 2257 1941 Β
2364 1890 2529 1948 Vallis
2554 1902 2640 1950 est
2660 1894 2771 1948 vita
2797 1899 3061 1966 praeSens,
3084 1894 3214 1949 utin
3233 1893 3476 1951 Psalmis:
3501 1896 3711 1952 (Ascensiu-

592 1997 680 2044 est
723 1987 832 2042 ﬁlia
872 1984 1192 2042 Herodiadis
1224 2025 1239 2051 ,
1289 1993 1344 2042 et
1388 1983 1567 2041 aufert
1604 1994 1766 2057 caput
1813 1985 2037 2042 Joannis
2068 1973 2180 2041 ’Βδ-

591 2080 794 2152 ptistae.

605 2298 735 2354 Vah.
1153 2291 1294 2364 Vita.
1710 2291 2034 2364 Vespertilio.

599 2370 824 2440 Vagina.
1155 2363 1368 2440 Vigiles.
1707 2363 1884 2440 Venae.

600 2431 794 2508 Vapor.
1155 2431 1404 2508 Volucres
1709 2431 1924 2508 Ventus.

597 2501 790 2564 Vectis.
1159 2503 1412 2558 Viatores.
1709 2501 2090 2558 Ventilabrum.

598 2578 795 2633 Vellus.
1155 2573 1348 2628 Vidua.
1709 2571 1930 2627 Vermis.

598 2649 886 2703 Venenum.
1160 2642 1314 2698 Villa.
1708 2641 1924 2697 Vervex.

603 2718 806 2773 Venter.
1161 2712 1338 2768 Vinea.
1705 2712 1904 2767 Vilula.

600 2789 807 2859 Vepres.
1149 2782 1313 2859 ma.
1705 2781 1919 2859 Vinum.

602 2852 719 2912 Ver.
1146 2853 1364 2910 Umbra.
1705 2852 2049 2909 Vestibulum.

591 2928 737 2983 Uter.
1151 2924 1334 2978 Vinea.
1707 2923 1943 2992 Vespere.

603 2999 783 3054 Vallis.
1151 2995 1363 3064 Vipera.
1433 3042 1438 3046 .
1695 2992 1869 3064 isio.

596 3069 790 3124 Vacca.
1153 3061 1326 3135 Virgo.
1701 3061 1820 3135 Via.

585 3138 938 3210 Unguentum.
1152 3133 1388 3210 Virgula.
1701 3133 1942 3210 Vincula.

594 3201 784 3265 Vestis.
1153 3201 1376 3259 Vitulus.
1703 3201 1910 3262 Vultur.

593 3280 806 3336 Vultus.
1148 3273 1371 3329 Vitrum.
1699 3272 2004 3333 Umbilicus.

585 3349 794 3406 Ulmus.
1147 3343 1359 3406 Vomer.
1705 3342 1863 3401 Vitia.

597 3405 809 3490 Vulpes.
1142 3405 1374 3490 iugula.
1700 3413 1882 3490 Virga.

585 3483 771 3545 Πισάε,
1147 3483 1260 3539 Vir.
1700 3483 1828 3541 Vas.

593 3558 990 3614 Vestimentum.
1141 3555 1334 3614 Ulula’.
1699 3554 1905 3614 Velum.

593 3629 849 3700 Vestigia.
1139 3624 1304 3700 xor.
1699 3625 1852 3700 Vitis.

583 3694 799 3770 Vesper.
1140 3694 1240 3770 rs
1248 3716 1308 3753 us
1317 3738 1331 3752 .
1698 3696 1834 3770 Vox.

593 3765 837 3840 Vespera.
1137 3765 1285 3840 ter.
1694 3767 1825 3840 va.

593 3836 797 3895 Vesica.
1142 3836 1336 3894 Vacca.
1693 3837 1738 3892 U
1745 3841 1896 3898 rtica.

593 3911 845 3966 Virtutes.
1146 3906 1332 3965 Vallis.
1693 3907 1901 3968 Uterus.

597 3981 824 4037 Viscera.
1145 3977 1401 4035 Virentia.

663 4097 776 4152 Vah
805 4104 890 4153 est
915 4096 1168 4166 gaudium
1200 4096 1422 4163 mentis,
1448 4104 1508 4150 ut
1542 4096 1596 4150 in
1623 4094 1725 4151 Job
1752 4115 1764 4150 :
1802 4117 1819 4147 ε
1853 4097 1955 4154 Ubi
1984 4099 2168 4154 audie-

581 4190 655 4246 rit
696 4189 1008 4253 buccinam,
1040 4188 1190 4253 dicit,
1217 4187 1332 4242 Vah
1357 4188 1394 4252 ⁸,
1429 4208 1446 4239 ι
1473 4189 1616 4257 quod
1638 4189 1937 4258 spiritualis
1963 4191 2166 4246 athleta

580 4280 902 4337 adveniente
945 4276 1288 4333 tribulatione
1333 4277 1675 4332 inclarescat.
1719 4277 1828 4332 Vah
1859 4287 1942 4334 est
1965 4295 2163 4350 expro-

581 4374 759 4429 bratio
789 4371 1091 4436 malorum,
1137 4377 1200 4424 ut
1239 4370 1294 4423 in
1324 4368 1650 4440 Evangelio:
1686 4389 1704 4422 ι
1743 4369 1878 4435 Vah,
1931 4372 2022 4440 qui
2067 4372 2161 4426 de-

580 4463 742 4518 struit
785 4459 1042 4532 templum
1101 4459 1195 4514 Dei
1225 4460 1268 4525 ⁸,
1300 4480 1316 4510 ι
1361 4459 1415 4514 id
1456 4470 1562 4527 est,
1598 4462 2033 4531 exprobrandum
2081 4472 2165 4519 est

580 4555 652 4620 ei,
674 4552 768 4624 qui
795 4551 864 4607 de
884 4566 944 4606 se
971 4551 1101 4606 talia
1123 4549 1312 4620 jactat.

2282 1998 2380 2040 nes
2405 1985 2461 2040 in
2486 1986 2650 2040 corde
2675 2001 2774 2042 suo
2795 1986 3090 2056 disposuit,
3121 1987 3174 2041 in
3199 1987 3330 2043 valle
3345 1988 3628 2059 lacrymarum
3641 1989 3706 2053 ",p

2281 2075 2424 2146 quod
2445 2077 2529 2130 vir
2559 2084 2777 2132 sanctus
2805 2093 2904 2148 per
2928 2078 3128 2132 merita
3168 2077 3350 2132 nititur
3381 2063 3574 2148 quotidie
3593 2095 3708 2134 ascen-

2281 2169 2412 2224 dere
2441 2168 2498 2222 in
2525 2169 2779 2238 praesenti
2821 2169 2952 2224 vita.
2992 2167 3186 2236 Vallis,
3235 2185 3376 2226 mens
3413 2169 3596 2236 humilis,
3617 2179 3656 2224 ut
3679 2171 3707 2223 in

2281 2260 2574 2332 Evangelio
2599 2280 2612 2314 :
2641 2280 2660 2313 ι
2695 2260 2904 2318 Omnis
2933 2261 3094 2318 vallis
3144 2262 3432 2333 implebitur
3453 2262 3516 2327 “,
3541 2281 3555 2313 ι
3584 2262 3706 2324 idest,

2280 2367 2435 2408 mens
2462 2351 2684 2408 humilis
2710 2352 3105 2424 plenitudinem
3133 2353 3312 2425 gratia:
3330 2351 3530 2408 habebit.
3553 2351 3625 2406 Per
3641 2353 3704 2405 ul-

2280 2443 2353 2498 les
2383 2453 2592 2500 mentes
2619 2445 2948 2514 iniquorum,
2983 2454 3049 2501 ut
3097 2446 3153 2501 in
3187 2445 3284 2502 Job
3313 2464 3326 2500 :
3361 2467 3378 2498 ι
3409 2445 3533 2502 Sicut
3561 2454 3704 2506 torrem,

2280 2535 2373 2605 qui
2413 2535 2610 2606 raptim
2649 2537 2848 2592 transit
2879 2537 2936 2591 in
2963 2536 3296 2592 convallibus
3339 2536 3402 2602 ",
3429 2555 3446 2588 ι
3473 2536 3515 2590 itl
3534 2544 3608 2600 est,
3627 2534 3703 2587 dile-

2280 2626 2477 2681 ctionis
2519 2626 2753 2697 impetus
2793 2642 2860 2682 ex
2891 2629 3128 2698 abrupto
3149 2645 3206 2684 se
3235 2628 3485 2699 immerget
3511 2626 3703 2696 iniquorum

2281 2711 2570 2772 mentibus.
2618 2716 2726 2772 Per
2767 2716 2926 2772 ualles
2965 2718 3222 2785 humiles,
3266 2719 3395 2774 utin
3422 2707 3704 2773 P'salmisnEt

2280 2807 2444 2862 valles
2501 2809 2852 2865 abundabunt
2911 2811 3190 2869 frutitento
3230 2811 3272 2843 “
3295 2852 3310 2877 ,
3347 2809 3528 2881 “quod
3567 2805 3704 2862 humiles

2279 2902 2446 2957 v'erbo
2467 2902 2825 2974 replebuntur
2850 2905 3056 2962 divino.

2360 2993 2536 3065 Vapor
2558 3005 2642 3052 est
2684 2999 2904 3055 caecitas
2944 3001 3154 3066 cordis,
3188 3009 3248 3055 ut
3281 3000 3332 3054 in
3356 2998 3511 3056 Joele:
3535 2992 3702 3064 «Sangui-

2279 3103 2404 3142 nem
2434 3097 2489 3142 et
2519 3091 2697 3161 ignem
2725 3101 2780 3145 et
2808 3107 3065 3162 vaporem
3098 3094 3229 3149 fumi
3264 3095 3326 3161 ",
3359 3115 3375 3148 I
3405 3094 3449 3149 id
3468 3086 3701 3158 est,crudeli-

2281 3188 2448 3233 tatem
2475 3180 2715 3246 malitiae,
2763 3190 2817 3237 et
2848 3184 3103 3242 ardorem
3128 3185 3543 3257 concupiscentia,
3561 3189 3598 3236 et
3613 3191 3700 3232 ωα-

2203 3246 2247 3310 C
2282 3278 2446 3324 tatem
2475 3271 2812 3343 ignorantiae.
2854 3271 3054 3345 Vapor,
3097 3285 3270 3334 status
3296 3246 3406 3333 vita:
3443 3246 3653 3348 praesentis,
3668 3275 3701 3317 ιιι

2278 3363 2333 3416 in
2363 3363 2603 3433 Epistola
2644 3363 2829 3422 Jacobi
2859 3385 2872 3420 :
2905 3385 2924 3418 ι
2963 3367 3148 3440 Vapor
3182 3380 3263 3426 est
3303 3369 3365 3424 ad
3409 3367 3700 3428 modicum'pi-

2279 3463 2400 3510 tens
2433 3456 2499 3523 ¹⁶,
2529 3475 2549 3507 ι
2583 3457 2638 3513 id
2659 3466 2763 3524 est,
2801 3458 3004 3514 nullam
3031 3461 3370 3517 stabilitatem
3392 3462 3567 3516 habens.

2359 3546 2466 3604 Vas
2505 3558 2591 3605 est
2633 3551 2986 3624 intelligentia
3043 3553 3359 3618 Divinitatis,
3400 3562 3452 3609 ut
3488 3553 3530 3608 in
3563 3546 3693 3603 Exodo:

2282 3659 2300 3691 ι
2336 3639 2510 3697 Omne
2543 3657 2643 3699 vas
2686 3660 2911 3701 aureum
2954 3647 3013 3703 in
3040 3649 3262 3703 donaria
3297 3647 3481 3704 Domini
3503 3649 3695 3713 separatum

2275 3739 2359 3785 est
2381 3732 2448 3798 ",
2481 3751 2503 3785 ι
2528 3733 2672 3804 quod
2716 3736 2977 3807 quidquid
3020 3737 3089 3793 de
3131 3740 3396 3795 divinitate
3421 3737 3515 3806 ejus
3541 3727 3694 3796 inlemti'

2275 3837 2432 3889 mus,
2475 3832 2648 3880 totum
2687 3826 2792 3882 hoc
2831 3828 3023 3899 gratia:
3062 3832 3330 3887 ascribere
3373 3829 3587 3885 debemus.
3622 3817 3692 3870 Vat.

2274 3915 2590 3984 approbatio
2625 3917 2741 3984 Dei,
2777 3927 2838 3973 ut
2879 3921 2936 3975 in
2980 3921 3206 3980 Actibus
3251 3909 3694 3996 apostolorumuits

2272 4005 2551 4063 electionis
2605 4009 2706 4066 iste
2756 4021 2839 4067 est
2893 4015 3027 4070 mihi
3065 4017 3133 4083 η,
3171 4037 3188 4068 ι
3223 4018 3275 4072 id
3314 4026 3406 4080 est,
3443 4016 3487 4069 in
3527 4002 3692 4066 consortio

2270 4099 2564 4155 electorum
2595 4118 2684 4159 me
2708 4107 3043 4176 approbante
3077 4119 3373 4180 assumptus
3403 4116 3472 4163 est
3501 4107 3585 4160 iste.
3623 4095 3691 4154 las.

2271 4205 2467 4261 corpus
2490 4203 2762 4263 nostrum,
2806 4207 2868 4253 ut
2891 4199 2946 4254 in
2974 4198 3144 4258 Paulo
3175 4221 3188 4256 :
3223 4220 3244 4253 ‹
3274 4201 3342 4258 Ut
3371 4200 3484 4256 sciat
3515 4187 3691 4258 unum“

2267 4297 2375 4352 que
2419 4299 2515 4340 vas
2554 4301 2712 4341 suum
2756 4290 3034 4359 possidere
3087 4293 3140 4348 in
3184 4291 3550 4349 sanctiﬁcatione
3573 4284 3613 4346 ",
3634 4275 3689 4330 »δά

2266 4382 2368 4442 est,
2399 4391 2595 4448 corpus
2625 4395 2782 4435 suum
2811 4398 3140 4440 conservare
3173 4386 3227 4440 in
3255 4384 3490 4440 castitate.
3524 4378 3596 4432 Per
3621 4385 3687 4425 tam

2265 4468 2437 4523 sancti
2474 4470 2669 4540 angeli,
2701 4480 2761 4527 ut
2788 4473 2842 4528 in
2877 4474 3066 4532 Exodo
3099 4495 3112 4530 :
3149 4496 3168 4529 ι
3207 4477 3273 4532 Et
3299 4475 3503 4532 omnium
3535 4474 3686 4521 vasorum

2265 4559 2320 4613 in
2366 4560 2568 4617 cultum
2614 4563 2730 4634 ejus
2761 4565 2827 4632 '°,
2866 4587 2884 4619 ι
2940 4571 3082 4640 quod
3131 4587 3228 4642 pro
3271 4585 3414 4641 posse
3454 4573 3591 4622 nostro
3623 4555 3686 4609 illos

660 4645 835 4699 Vacca
861 4652 946 4699 est
967 4642 1236 4709 Christus,
1261 4645 1396 4699 utin
1417 4644 1554 4701 libro
1573 4644 1794 4700 Numeri
1826 4667 1838 4700 :
1878 4665 1895 4697 ι
1924 4647 2158 4702 Vaccam
2188 4630 2236 4689 Ῑ)
2261 4669 2478 4724 quoque
2541 4630 2760 4727 angelos
2811 4630 2865 4713 in
2919 4630 3204 4718 serviendo
3405 4655 3561 4715 imitari
3592 4648 3683 4703 debe
3779 4663 3781 4671 ί

580 4737 757 4792 rufam
785 4738 962 4792 astatis
990 4736 1235 4807 integra},
1259 4753 1380 4806 qua:
1411 4754 1516 4793 non
1551 4739 1788 4808 portavit
1833 4740 2021 4810 jugum
2049 4740 2091 4806 ³,
2132 4762 2151 4793 ι

580 4828 634 4882 id
665 4835 770 4893 est,
817 4827 1092 4883 Christum
1145 4835 1364 4898 propter
1400 4828 1770 4884 infirmitatem
1822 4841 2028 4885 natura:
2068 4849 2156 4887 as-

581 4926 808 4987 sumpta:
854 4934 983 4974 sexu
1012 4918 1226 4973 feminae
1267 4927 1517 4975 notatum
1543 4921 1690 4976 omni
1718 4921 2045 4992 perfectione
2075 4923 2155 4978 in-

2262 4761 2402 4801 mus.
2429 4745 2534 4803 Per
2569 4765 2690 4804 vasa
2718 4752 3016 4820 prophetae,
3060 4763 3118 4808 ut
3145 4754 3199 4808 in
3220 4751 3317 4810 Job
3344 4771 3356 4806 :
3390 4771 3406 4802 ι
3433 4748 3518 4804 Nec
3537 4750 3682 4798 commn-

2263 4839 2516 4894 tabuntur
2575 4856 2675 4910 pro
2733 4858 2796 4898 ea
2857 4859 2983 4899 vasa
3043 4847 3160 4902 auri
3220 4844 3410 4902 excelsa
3452 4848 3494 4895 et
3541 4832 3684 4888 eminet?

2259 4926 2334 4981 tia
2359 4927 2426 4992 ¹¹,
2466 4946 2486 4979 ›
2520 4931 2664 4998 quod
2709 4932 2929 4988 Christo
2961 4936 3260 5006 comparari
3300 4950 3393 4990 non
3425 4929 3680 5001 postumi”
3775 4939 3777 4947 '

580 5013 1094 5084 tegrum,velutque
1132 5023 1354 5083 peccato
1393 5014 1714 5085 subjectum.
1774 5014 1963 5080 Vacca,
2004 5016 2156 5086 plebs
2257 5021 2452 5090 phetae,
2478 5023 2498 5043 ‘
2523 5022 2573 5078 si
2615 5024 2799 5081 fideles
2835 5043 2936 5097 per
2969 5030 3140 5084 vitam
3177 5038 3233 5085 et
3272 5031 3539 5100 apparentes
3558 5007 3680 5087 Wl"
3773 5043 3775 5087 I

581 5102 897 5170 Israelitica,
928 5115 987 5159 ut
1016 5106 1067 5160 in
1101 5108 1364 5176 propheta
1392 5121 1406 5159 :
1436 5126 1454 5158 ‹
1488 5105 1642 5161 Sicut
1665 5123 1828 5161 vacca
1873 5107 2156 5163 lasciviens

579 5193 869 5250 declinavit
917 5196 1081 5253 Israel
1105 5197 1148 5263 ⁸,
1180 5218 1198 5251 ι
1231 5199 1284 5253 id
1314 5207 1417 5262 est,
1453 5209 1676 5268 propter
1705 5199 2056 5269 petulantiam
2087 5201 2153 5255 ad

579 5286 780 5341 malum
811 5291 1019 5359 proruit
1042 5291 1224 5346 Israel.
1270 5289 1467 5355 Vacca,
1507 5292 1850 5358 sensualitas,
1880 5301 1938 5346 ut
1963 5293 2016 5346 iu
2050 5292 2154 5348 Ge-

578 5381 694 5435 nesi
721 5399 734 5434 :
770 5401 788 5432 ‹
821 5381 984 5438 Sume
1006 5387 1025 5403 ‘
1055 5384 1148 5438 tibi
1179 5397 1401 5437 vaccam
1441 5382 1706 5438 triennem
1726 5383 1766 5446 ⁸,
1803 5404 1821 5436 ι
1854 5384 1906 5438 id
1934 5393 2039 5450 est,
2068 5400 2153 5440 re-

579 5469 702 5542 dige
727 5475 1135 5529 sensualitatem
1167 5488 1379 5529 servam
1402 5473 1502 5528 sub
1531 5474 1770 5530 dominio
1805 5486 2008 5531 sancta:
2032 5475 2150 5532 Tri-

2262 5129 2424 5168 mam.
2476 5114 2581 5169 Per
2614 5133 2739 5172 vasa
2771 5120 3010 5178 haeretici
3031 5163 3056 5190 ,_
3077 5130 3136 5176 ut
3161 5123 3215 5177 in
3231 5119 3470 5176 Psalmis:
3499 5108 3581 5211 11³21
3602 5103 3680 5225 in:
3771 5129 3773 5225 ι

2261 5205 2472 5272 paravit
2497 5221 2623 5261 vasa
2650 5210 2838 5265 mortis
2851 5211 2918 5278 ”,
2945 5232 2964 5265 ι
3009 5214 3152 5284 quod
3175 5215 3226 5268 in
3251 5225 3436 5268 sacram
3461 5201 3677 5287 ScriPWf'"

2259 5294 2534 5351 offendunt
2585 5300 2823 5356 hmretici
2873 5304 3047 5373 parati
3103 5305 3171 5359 ad
3220 5317 3414 5373 pinnam
3447 5287 3675 5368 perditionis.

2260 5385 2364 5441 Per
2384 5405 2508 5442 vasa
2545 5391 2708 5445 corda
2743 5400 2924 5448 nostra
2945 5436 2958 5459 ,
2993 5403 3052 5449 ut
3083 5395 3138 5450 in
3164 5391 3427 5464 Evangelio
3449 5401 3464 5441 :
3484 5403 3500 5435 t
3524 5373 3676 5464 Prudﬂ".

2261 5486 2340 5533 tes
2367 5493 2497 5534 vero
2546 5490 2870 5552 acceperunt
2902 5484 3078 5541 oleum
3107 5485 3162 5540 in
3208 5483 3341 5539 vasis
3379 5477 3470 5534 suis
3487 5473 3535 5534 ’³,
3564 5450 3676 5528 »θυοδ

652 5635 667 5717 ξ
701 5633 801 5688 Job
831 5648 992 5717 arma
1014 5633 1169 5717 ,_2n8.
1203 5631 1248 5717 _'
1277 5630 1466 5688 Matth.
1491 5650 1714 5717 -ξχνειι
1751 5634 1842 5717 1‘0.
1895 5635 1916 5669 ⁸
1940 5636 2113 5717 ﬂung.
2154 5654 2165 5717 ξ

2241 5655 2283 5702 ί,
2316 5639 2368 5692 2.
2405 5640 2424 5670 ³
2454 5639 2576 5717 ΟεςξΪ
2611 5657 2692 5717 IV,
2730 5643 2816 5717 [6.
2867 5644 2887 5675 '
2921 5644 3052 5700 Gen.
3099 5661 3198 5708 xv,
3228 5642 3307 5717 9;
3338 5638 3357 5668 ⁸
3381 5636 3400 5690 Ῑ
3423 5632 3528 5717 “es;
3555 5612 3671 5717 Vl;

577 5704 597 5734 τ
630 5682 796 5779 Arni};
821 5682 1029 5779 jiifi.’
1046 5682 1240 5779 “Psal.
1277 5682 1907 5779 ξῇέῖ’,ίδῖῗ’ῖ3οιῖέχ,
1939 5682 2114 5761 ῥέξ”ῖδ
2147 5683 2165 5762 J

2247 5682 2301 5763 n’.
2335 5727 2491 5776 xvm,
2521 5713 2608 5766 11.
2642 5682 2695 5744 ’ὦ
2737 5682 2836 5768 ‘Ps.
3226 5682 3271 5743 ’ἶ
3288 5710 3378 5779 Ιεὲιε
3403 5682 3545 5779 ζιτςιδ·
3572 5682 3671 5779 ibi“.

578 5751 1270 5850 )3._-15._Htis.3.xgy,_ta.
1306 5751 1585 5850 "Joel_l_t,
1631 5777 1717 5850 ao:
1755 5751 1940 5850 “alia
1979 5795 2051 5837 ιν,
2098 5751 2654 5846 ι1”.”ῖ’τ”ιῖὲὀέι’.”χὶὶίτ,
2703 5751 3256 5850 τξὲ.³ἶη”λῖἓῖ.”ι’κ’,”ἰδ.
3288 5751 3379 5831 ἶῗ”ι
3407 5751 3667 5830 τιιέςςλνιιο

580 5841 623 5869 ¹⁰
647 5839 815 5894 Exod.
844 5854 970 5904 xxv,
993 5842 1045 5895 9.
1079 5844 1118 5872 “
1146 5841 1244 5899 Job
1277 5861 1466 5910 xxvm,
1503 5847 1586 5901 l7.
1613 5848 1657 5876 ἰ
1698 5846 1836 5900 I’sal.
1867 5864 1960 5911 vn,
1994 5849 2074 5901 14.
2105 5850 2148 5880 ²³
2178 5849 2369 5905 Matth.
2405 5869 2533 5916 xxv,
2571 5853 2621 5906 4.
