3936 6328
418 492 562 552 1075

1066 493 1129 548 Β.
1173 492 1428 549 RABANI
1468 491 1688 550 MAURI
1720 462 2040 551 ARCHIEP.
2082 490 2393 551 MOGUNT.
2436 488 2723 548 OPERUM
2761 489 2944 549 PARS
2978 490 3092 548 Ill.‘

3580 488 3729 546 1076

412 586 662 672 Genesi:
712 626 731 660 ι
773 606 920 663 Inter
971 622 1166 680 vepres
1216 610 1511 666 intercutem
1568 610 1824 667 cornibus
1882 611 1899 642 ¹
1927 652 1941 677 ,
1977 631 1995 663 )
2030 613 2081 674 Α
2108 610 2305 677 nostri,
2340 618 2398 664 ut
2428 609 2483 665 in
2512 608 2924 669 Ecclesiastezs
2945 609 3107 667 Omni
3131 616 3380 682 tempore
3408 609 3533 666 sint
3558 609 3729 666 vesti.

415 704 561 778 quod
585 703 837 763 Christus
857 702 1309 775 persequentibus
1335 703 1537 762 Iudaeis
1565 706 1861 767 crucifixus
1898 716 2004 765 est.

494 794 701 852 Vermis
724 804 808 852 est
833 793 1108 861 Christus,
1146 806 1206 852 ut
1240 797 1292 852 in
1325 795 1557 853 Psalmis
1588 818 1599 853 :
1637 818 1655 852 (
1686 798 1799 869 Ego
1824 806 2008 855 autem

415 905 540 947 sum
564 889 787 955 vermis,
822 892 878 945 et
901 904 1010 945 non
1044 888 1208 946 homo
1239 891 1278 953 ³,
1320 910 1337 941 )
1370 890 1423 947 id
1459 900 1564 959 est,
1605 892 1748 964 quod
1776 892 2006 964 quibus--

415 981 545 1038 dam
577 998 684 1040 non
727 982 914 1050 homo,
947 978 1040 1038 sed
1073 992 1184 1038 tam
1212 981 1366 1049 vilis,
1405 992 1464 1039 ut
1486 985 1689 1040 vermis
1730 994 2009 1056 reputatus

417 1093 560 1135 sum.
606 1070 834 1148 Vermis,
864 1077 1105 1147 luxuria,
1151 1086 1212 1133 ut
1241 1078 1295 1135 in
1326 1075 1429 1135 Job
1463 1097 1477 1134 :
1514 1097 1533 1131 ‹
1562 1078 1805 1135 Dulcedo
1840 1078 2004 1149 illius,

415 1186 635 1228 vermes
673 1171 719 1239 ³,
741 1192 759 1224 )
789 1173 934 1245 quod
960 1168 1253 1229 immundae
1281 1172 1482 1229 mentis
1510 1173 1765 1241 dulcedo,
1791 1172 2009 1229 luxuria

415 1272 520 1321 est.
558 1262 785 1333 Vermis,
816 1264 1149 1321 conscientia
1173 1265 1577 1332 damnatorum,
1602 1266 1619 1286 ⁶
1650 1265 2007 1337 reproborum

417 1355 751 1412 conscientia
801 1356 857 1411 in
907 1365 1171 1413 aeternum
1218 1372 1312 1415 eos
1352 1359 1624 1415 corrodet.
1675 1357 1783 1415 Per
1812 1374 2006 1413 vermes

417 1448 799 1520 corruptiones
827 1449 1071 1521 corporis
1100 1448 1296 1518 nostri,
1338 1460 1398 1507 ut
1429 1451 1483 1506 in
1519 1449 1661 1507 Job:
1701 1470 1718 1502 ι
1743 1451 1810 1505 Ει
1849 1466 2008 1508 soror

366 1530 379 1552 ⁵
416 1552 561 1609 mea,
589 1541 862 1599 vermibus
884 1542 944 1610 ιδ,
983 1563 1002 1595 )
1032 1544 1175 1619 quod
1230 1545 1283 1599 in
1329 1545 1770 1617 corruptioaibus
1808 1561 2007 1617 corpus

414 1644 665 1692 nostrum
705 1635 876 1702 vivit,
910 1642 967 1691 et
995 1636 1065 1691 ad
1100 1638 1477 1708 corruptioues
1520 1638 1712 1694 tendit.
1758 1638 1864 1694 Per
1893 1656 2007 1695 ver-

416 1743 526 1782 mes
548 1726 870 1785 vestimenta
898 1726 1118 1796 inferni,
1162 1738 1220 1787 ut
1246 1729 1301 1787 in
1328 1730 1506 1785 Isaia:
1539 1749 1557 1781 ι
1588 1730 1655 1787 Ει
1695 1730 2010 1803 operimen-

414 1825 530 1873 tum
580 1827 731 1875 tuum
756 1835 971 1877 vermes
1003 1829 1167 1877 erunt
1193 1820 1236 1889 ⁸,
1270 1840 1290 1873 ι
1324 1821 1469 1893 quod
1510 1819 1787 1877 diabolum
1822 1829 1879 1878 et
1919 1836 2007 1878 re-

412 1913 615 1982 probos
638 1914 962 1970 cruciabunt
993 1912 1311 1971 infernales.

2112 708 2291 756 menta
2323 709 2416 757 tua
2442 700 2675 757 candida
2702 700 2774 768 ’¹¹,
2812 720 2829 753 )
2859 700 2915 758 id
2944 710 3046 769 est,
3082 701 3329 758 membra
3364 702 3625 774 corporis
3646 701 3729 759 ιιιί

2113 810 2142 848 a
2166 794 2327 851 sorde
2356 793 2601 850 libidinis
2629 795 2854 853 munda.
2881 795 2991 852 Per
3008 797 3332 863 vestimenta,
3362 796 3513 853 bona
3538 811 3733 853 exem-

2111 884 2221 957 pla,
2255 894 2317 941 ut
2356 886 2410 941 in
2446 885 2744 959 Evangelia
2775 904 2789 943 :
2819 907 2837 941 ι
2877 887 2946 944 Ει
2976 888 3359 959 imposuerunt
3385 905 3519 947 eum
3556 904 3733 963 super

2111 979 2435 1035 vestimenta
2486 995 2624 1047 sua,
2654 981 2673 1001 '
2699 995 2769 1035 ne
2810 980 2989 1037 nudus
3042 982 3282 1038 ambulet
3313 982 3384 1051 ⁸⁸,
3420 1002 3443 1037 ι
3504 983 3567 1040 id
3616 990 3729 1051 est,

2110 1072 2213 1128 nisi
2243 1081 2537 1128 conservet
2580 1072 2723 1129 dona
2755 1073 2945 1147 gratia:
2973 1074 3078 1131 sibi
3121 1074 3356 1133 collata.
3386 1084 3453 1133 nt
3491 1076 3580 1137 eis
3616 1079 3735 1149 pri-

2068 1212 2077 1221 ,
2110 1172 2267 1219 vatus
2300 1171 2579 1237 appareat.

2188 1252 2357 1311 Vestis
2398 1264 2484 1313 est
2525 1272 2659 1315 caro
2708 1255 2936 1326 Christi,
2991 1267 3050 1314 ut
3090 1258 3144 1314 in
3180 1258 3515 1334 Apocalypsi
3542 1277 3563 1317 :
3601 1282 3625 1316 ι
3660 1260 3739 1320 Β

2109 1348 2341 1404 vestitus
2369 1356 2490 1404 erat
2510 1356 2661 1405 veste
2685 1365 2909 1421 aspersa
2943 1351 3205 1422 sanguine
3221 1351 3288 1419 ι’,
3315 1371 3336 1405 ι
3371 1352 3527 1424 quod
3556 1353 3735 1411 Chri-

2109 1452 2227 1499 stus
2255 1444 2509 1513 apparuit
2546 1445 2600 1499 in
2638 1444 2990 1501 similitudine
3018 1446 3197 1504 carnis
3238 1447 3472 1519 peccati.
3518 1446 3733 1515 Vestis,

2109 1538 2372 1604 Charitas,
2406 1548 2469 1593 ut
2500 1538 2555 1594 in
2586 1536 2883 1611 Evangelia
2917 1554 2932 1595 :
2969 1561 2987 1594 ι
3026 1538 3096 1597 Ει
3139 1558 3305 1615 super
3333 1546 3350 1564 ‘
3380 1544 3735 1601 vestimenta

2108 1645 2231 1689 mea
2257 1630 2527 1686 miserunt
2561 1639 2765 1687 sortem
2792 1632 2837 1663 ¹⁰
2863 1673 2878 1699 ,
2916 1653 2935 1685 ι
2966 1633 3112 1704 quod
3150 1641 3301 1689 tanta
3339 1651 3429 1692 res
3465 1638 3736 1695 charitas

2107 1732 2213 1791 est,
2267 1732 2329 1781 ut
2362 1722 2544 1780 nullus
2578 1739 2705 1783 eam
2732 1724 2837 1780 nisi
2873 1724 3145 1798 integram
3171 1736 3227 1783 et
3260 1745 3360 1803 per
3384 1740 3630 1797 sortem,
3674 1731 3735 1788 id

2108 1821 2223 1880 εει,
2275 1830 2374 1887 per
2414 1812 2654 1871 divinam
2707 1816 2941 1893 gratiam
2990 1820 3167 1890 possit
3214 1818 3441 1877 habere.
3514 1821 3734 1893 Vestis,

2110 1914 2301 1962 sancta
2340 1906 2607 1975 Ecclesia,
2652 1914 2713 1963 ut
2754 1908 2808 1964 in
2855 1909 3062 1967 Paulo:
3105 1931 3125 1966 ι
3158 1911 3465 1972 Gloriosam
3518 1914 3737 1974 Eccle-

502 2000 599 2059 γει·
626 2013 712 2062 εει
731 2004 945 2065 initium
971 2005 1099 2063 boni
1115 2008 1312 2079 operis,
1336 2016 1397 2064 ut
1418 2008 1473 2065 in
1494 2007 1753 2067 Psalmis:
1780 2029 1798 2060 ι
1821 2006 2005 2067 Adsta-

2117 2000 2271 2067 siam,
2314 2015 2424 2055 non
2472 2000 2765 2057 habentem
2815 2003 3085 2060 maculam
3129 2021 3306 2078 neque
3350 2010 3664 2080 rugam“;
3704 2030 3730 2069 ι

415 2102 526 2151 tem
566 2103 623 2152 et
647 2112 747 2153 ver
784 2106 842 2155 tu
881 2098 1164 2173 plasmasti
1208 2115 1271 2157 ea
1310 2101 1355 2169 ⁸,
1390 2122 1410 2155 )
1454 2102 1599 2173 quod
1642 2102 1919 2175 perfectos
1951 2111 2008 2161 et

415 2188 732 2261 insipientes
760 2191 1025 2253 Dominus
1052 2196 1391 2253 larmaverit.

498 2278 690 2339 Vertea:
737 2293 823 2343 est
861 2286 1004 2343 ratio
1050 2288 1271 2355 mentis,
1315 2297 1377 2344 ut
1404 2288 1459 2369 in
1484 2288 1756 2347 Psalmis:
1789 2311 1809 2345 ι
1849 2291 1919 2349 Et
1950 2291 2009 2348 in

415 2375 677 2432 verticem
721 2375 961 2453 [ipsius]
1003 2378 1264 2451 iniquitas
1301 2382 1420 2453 ejus
1454 2383 1837 2452 descendet",
1886 2404 1905 2435 ι
1952 2385 2008 2447 id

417 2474 522 2533 est,
575 2469 844 2525 rationem
901 2472 1021 2543 ejus
1074 2470 1379 2542 iniquitatis
1433 2477 1732 2532 exercebit.
1792 2475 2004 2541 Verteat,

419 2562 705 2631 sanctitas,
754 2572 815 2620 ut
851 2565 906 2623 in
947 2566 1408 2627 Deuteronomio:
1443 2589 1463 2622 ι
1494 2571 1569 2627 De
1615 2572 1820 2629 vertice
1862 2572 2008 2628 anti-

420 2665 654 2720 quorum
683 2652 953 2710 montium
989 2653 1043 2723 ⁸,
1079 2674 1097 2707 ι
1138 2655 1194 2715 id
1219 2665 1327 2724 est,
1364 2656 1433 2715 de
1468 2657 1691 2717 sublimi
1718 2659 2008 2717 sanctitate

415 2744 722 2817 primorum
758 2757 1070 2819 parentum.

500 2834 875 2899 Vestimenta»:
901 2851 991 2898 est
1016 2842 1329 2903 humanitas
1354 2842 1584 2912 Christi,
1617 2853 1679 2901 ut
1720 2845 1772 2901 in
1797 2845 2010 2918 Apoca-

417 2931 558 3003 lypsi
593 2950 606 2986 :
646 2950 666 2984 ι
698 2932 944 2993 Habebat
965 2935 1025 2993 in
1046 2938 1375 2997 vestimenta
1399 2955 1501 2997 suo
1538 2941 1802 3014 scriptum
1840 2960 1854 2997 :
1891 2942 2008 2998 Rex

415 3037 628 3096 regum,
676 3032 733 3081 et
761 3024 1024 3085 Dominus
1072 3030 1467 3091 dominantium
1501 3031 1546 3100 ’,
1609 3053 1630 3087 ι
1668 3034 1812 3105 quod
1846 3033 2007 3091 Chri-

420 3125 540 3173 stus
566 3117 731 3175 homo
775 3120 961 3179 omnia
988 3125 1161 3195 regit,
1203 3133 1260 3182 et
1291 3125 1441 3183 omni
1466 3135 1733 3184 creaturas
1760 3129 2008 3187 domina-

417 3217 528 3265 tur.
596 3207 1008 3282 Vestimentttm,
1061 3225 1252 3274 sancta
1312 3218 1600 3287 Ecclesia,
1658 3228 1718 3275 ut
1770 3221 1824 3279 in
1853 3219 2003 3278 Job:

422 3321 442 3354 ι
474 3301 533 3358 la
586 3304 934 3365 multitudine
986 3324 1177 3366 eorum
1227 3313 1571 3371 consumitur
1618 3313 2005 3373 vestimentum

418 3411 599 3453 meum
621 3397 691 3464 ιθ,
730 3418 750 3451 ι
779 3400 928 3471 quod
974 3401 1035 3461 in
1068 3402 1421 3461 multitudine
1454 3405 1836 3465 haereticorum
1880 3424 2007 3479 per-
2032 3375 2078 3440 Ο

421 3490 675 3546 turbatur
742 3500 933 3549 sancta
991 3492 1259 3553 Ecclesia.
1332 3494 1706 3559 Vestimenta:
1728 3540 1747 3568 ,
1804 3501 2008 3559 bonum

420 3597 595 3653 opus,
636 3591 697 3639 ut
740 3583 798 3643 in
840 3584 1024 3643 Isaia:
1058 3605 1077 3640 ι
1106 3586 1507 3651 Vestimentum
1564 3592 1663 3651 tibi
1713 3602 1838 3662 est,
1888 3604 2011 3653 esto

418 3677 671 3748 princeps
727 3687 915 3739 noster
948 3681 1015 3747 “,
1046 3702 1069 3737 ι
1102 3682 1157 3737 id
1208 3694 1329 3751 est,
1378 3685 1583 3745 bonam
1630 3689 2007 3760 operationem

418 3783 664 3838 exerces,
702 3780 823 3828 esto
860 3773 1119 3845 praelatus
1158 3784 1365 3835 noster.
1423 3778 1831 3851 Vestimentutn,
1878 3800 2006 3843 oor-

418 3875 521 3930 pus
566 3868 849 3929 nostrum,
906 3880 1016 3936 quo
1059 3866 1241 3923 animo
1290 3878 1479 3927 nostra
1525 3871 1788 3938 induitur,
1842 3884 1903 3931 ut
1948 3877 2009 3932 in

418 3948 555 4007 Isaia
587 3968 599 4004 :
642 3970 663 4003 ι
694 3951 763 4009 Ει
788 3954 1179 4017 vestimentum
1222 3959 1453 4017 mixtum
1482 3965 1753 4034 sanguine
1802 3966 1911 4023 erit
1950 3968 2009 4023 in

418 4043 812 4132 eombustione,
855 4055 911 4105 et
935 4049 1112 4117 cibus,
1158 4052 1300 4125 ignis
1330 4055 1396 4122 ¹¹,
1431 4076 1451 4109 ι
1484 4058 1631 4126 quod
1659 4072 1861 4130 corpus
1888 4061 2009 4132 pol-

418 4131 591 4188 lutum
640 4133 866 4193 libidine
932 4139 990 4194 in
1044 4142 1332 4212 gehennali
1384 4146 1495 4203 erit
1539 4131 2001 4209 comminatione.

419 4223 522 4279 Per
572 4227 935 4287 restituentem
984 4232 1118 4289 ordo
1170 4234 1409 4293 ﬁdelium
1434 4278 1451 4303 ,
1510 4248 1574 4299 ιιι
1626 4240 1680 4296 in
1731 4241 2001 4299 Psalmis:

422 4335 440 4366 ι
470 4316 626 4386 Quod
672 4319 957 4378 descendit
994 4323 1050 4378 in
1093 4339 1246 4381 oram
1286 4330 1603 4389 vestimenti
1648 4334 1768 4405 ejus
1793 4335 1858 4399 ⁸³,
1886 4355 1905 4389 ι
1950 4334 2005 4391 id

418 4418 519 4476 est,
558 4410 759 4481 gratia,
808 4418 929 4483 qua:
964 4416 1215 4484 pervenit
1256 4433 1429 4490 usque
1459 4423 1528 4479 ad
1568 4438 1690 4479 eum
1735 4427 1829 4496 qui
1878 4427 2005 4483 ulti-

419 4515 540 4555 mus
571 4510 659 4557 est
703 4502 759 4558 in
809 4504 1003 4563 ordine
1034 4506 1297 4567 ﬁdelium.
1344 4512 1450 4569 Per
1492 4516 1855 4574 vestimentum
1896 4520 2003 4576 viri

419 4593 611 4659 sancti,
644 4601 705 4649 ut
724 4594 781 4651 in
804 4593 1068 4654 Cantica:
1099 4618 1119 4651 ι
1150 4600 1221 4657 Et
1245 4604 1383 4659 odor
1404 4607 1852 4667 vestimentorum
1878 4619 2001 4667 tuo-

419 4702 538 4741 rum
586 4686 729 4745 sicut
754 4690 890 4746 odor
928 4691 1107 4751 tlutris
1137 4695 1203 4762 ιδ,
1235 4716 1255 4748 )
1288 4700 1437 4768 quod
1471 4702 1733 4759 sanctitas
1759 4704 1999 4761 ﬁdelium

419 4778 693 4837 sanctitati
755 4782 1020 4841 orationis
1073 4786 1410 4858 adsequatur.
1473 4789 1579 4847 Per
1639 4797 2003 4853 aestimentur»

418 4884 582 4940 opera
610 4869 868 4941 justitize,
906 4883 968 4933 ut
1015 4876 1070 4935 in
1116 4876 1218 4935 Job
1252 4898 1265 4937 :
1308 4900 1326 4935 ι
1356 4881 1426 4939 Ει
1476 4885 1637 4941 scidit
1676 4890 2001 4948 vestimenta

419 4974 513 5015 sua
547 4960 617 5027 ",
653 4982 673 5016 ι
724 4963 777 5019 id
826 4975 937 5033 est,
982 4969 1126 5038 μετ’
1160 4970 1547 5031 discretionem
1600 4975 1811 5034 distulit
1857 4982 1999 5037 bona

419 5066 583 5121 opera
607 5066 724 5109 sua.
766 5053 872 5110 Per
908 5061 1210 5117 vestimenta
1241 5079 1406 5136 opera
1441 5066 1655 5135 divina,
1691 5079 1749 5125 ut
1773 5071 1826 5127 in
1851 5071 1955 5128 Job
1986 5089 2001 5126 :

423 5162 441 5193 ι
478 5143 815 5216 Przeparavit
856 5152 1081 5221 quidem
1105 5155 1453 5225 vestimenta,
1483 5160 1577 5216 sed
1597 5160 1779 5231 justus
1806 5167 2005 5222 vestie-

420 5245 510 5293 tur
542 5238 649 5297 illis
673 5239 737 5307 “,
772 5261 791 5295 ι
822 5245 969 5313 quod
1010 5261 1215 5315 pravus
1254 5266 1643 5322 nonnunquam
1684 5255 1847 5313 habet
1895 5259 1999 5315 elo-

418 5328 549 5399 quia
583 5332 763 5389 divina
814 5350 912 5409 per
961 5338 1335 5415 intellectum,
1378 5343 1475 5399 sed
1511 5342 1695 5412 justus
1748 5348 2005 5407 induatur

417 5436 518 5492 per
568 5421 842 5482 enectum.
915 5427 1021 5485 Per
1081 5432 1388 5489 vestimenta
1450 5438 1692 5494 membra
1754 5445 2001 5511 corporis

2108 2094 2253 2167 quod
2300 2094 2457 2166 quasi
2506 2094 2743 2167 quadam
2782 2105 2933 2155 veste
2972 2099 3119 2156 Deus
3155 2100 3461 2159 Ecclesiam
3505 2119 3685 2160 suam
3710 2112 3733 2129 '

2108 2189 2331 2244 indutus
2367 2196 2473 2255 est,
2540 2204 2648 2261 qua
2690 2205 2792 2247 nec
2840 2191 3168 2262 pravitatem
3214 2194 3269 2249 in
3311 2197 3559 2261 actione,
3622 2214 3733 2257 nec

2109 2281 2510 2339 simulationem
2540 2283 2599 2338 in
2643 2283 2949 2340 intentione
2971 2294 3211 2343 exercet.
3254 2284 3446 2355 Vestis,
3480 2290 3732 2361 quilibet

2109 2372 2388 2429 munditiae
2417 2373 2644 2429 studens
2667 2414 2684 2441 ,
2717 2383 2778 2428 ut
2808 2374 2861 2429 in
2892 2374 3188 2446 Evangelia
3223 2395 3236 2431 :
3273 2398 3290 2429 ι
3330 2376 3557 2449 Sprevit
3618 2397 3725 2436 an-

2110 2477 2219 2524 tem
2265 2484 2389 2525 eum
2436 2466 2699 2539 Herodes,
2742 2471 2988 2529 indutum
3039 2482 3191 2531 veste
3236 2474 3357 2529 alba
3394 2475 3468 2542 ¹¹,
3508 2496 3525 2528 ι
3574 2479 3733 2550 quod

2109 2558 2387 2617 Christum
2418 2560 2470 2619 in
2499 2561 2688 2618 electis
2717 2563 2846 2624 suis,
2882 2563 2972 2636 qui
3002 2565 3248 2625 victoriae
3282 2567 3575 2625 munditiae
3610 2579 3733 2625 stn-

2110 2655 2268 2720 dent,
2307 2654 2555 2712 diabolus
2586 2656 2641 2713 in
2668 2658 2918 2728 reprobis
2946 2659 3172 2730 sprevit.
3212 2650 3399 2727 Vestis,
3431 2672 3731 2735 martyres

2109 2746 2351 2814 Christi,
2395 2757 2455 2802 ut
2492 2748 2547 2803 in
2593 2746 2935 2822 Evangelia:
2974 2769 2994 2802 ι
3030 2750 3099 2806 Ει
3139 2761 3346 2807 vestem
3390 2755 3730 2811 coccineae:

2111 2842 2589 2899 circumdederunt
2635 2844 2686 2900 ei
2718 2842 2801 2911 ⁸⁸,
2839 2863 2857 2897 )
2914 2844 3063 2915 quod
3114 2845 3319 2903 sanctis
3370 2847 3731 2918 martyribus

2110 2950 2284 3006 usque
2313 2935 2381 2991 ad
2414 2936 2739 3009 sanguinem
2787 2936 3171 2997 resistentibus
3220 2937 3489 2995 Dominus
3526 2940 3729 2997 indui-

2113 3035 2218 3083 tur.
2252 3026 2357 3082 Per
2383 3027 2687 3082 vestimenta
2707 3068 2723 3093 ,
2766 3029 3051 3084 sententia:
3095 3044 3269 3089 sacrae
3298 3027 3631 3103 Scriptura,
3664 3040 3731 3088 ut

2111 3118 2169 3175 in
2199 3118 2398 3175 Genesi
2434 3138 2447 3175 :
2478 3137 2497 3172 ‹
2534 3119 2603 3174 Ει
2644 3118 2889 3175 vestibus
2941 3118 3085 3177 Esau
3126 3118 3283 3178 valde
3336 3121 3523 3189 bonis,
3578 3140 3730 3194 quas

2109 3213 2252 3285 apud
2283 3228 2345 3269 se
2376 3213 2610 3269 habebat
2644 3212 2825 3281 domi,
2863 3211 3033 3269 Jacob
3075 3212 3250 3273 induit
3293 3214 3543 3272 Rebecca
3582 3216 3657 3283 “,
3696 3238 3719 3271 ι

2110 3303 2255 3376 quod
2288 3304 2575 3361 sententiis
2606 3320 2776 3361 sacra:
2807 3304 3105 3379 Scriptura:
3134 3304 3280 3379 plebi
3317 3305 3569 3364 Iudaicae
3600 3310 3722 3381 spi-

2110 3398 2384 3454 ritualiter
2424 3408 2603 3455 mater
2631 3400 2821 3469 gratiae
2847 3415 2984 3470 quas
3027 3398 3174 3470 apud
3194 3415 3255 3457 se
3276 3409 3505 3457 servant
3534 3402 3599 3457 in
3628 3418 3723 3459 se-

2109 3500 2263 3548 creto
2290 3491 2551 3563 populum
2574 3493 2859 3549 exornavit
2888 3492 3165 3565 gentilem.

2189 3579 2419 3661 Vestigig
2447 3592 2577 3640 sunt
2601 3585 2949 3655 operationes
2975 3585 3094 3655 Dei,
3122 3592 3182 3641 ut
3210 3582 3264 3641 in
3290 3582 3392 3642 Job
3425 3604 3441 3641 :
3468 3606 3487 3637 ι
3523 3582 3721 3642 Vesti-

2107 3672 2194 3747 gia
2219 3672 2339 3747 ejus
2372 3684 2593 3731 secutus
2618 3685 2704 3733 est
2742 3691 2838 3747 pes
2883 3692 3039 3732 meus
3061 3676 3135 3745 ",
3167 3695 3186 3729 ι
3215 3675 3269 3733 id
3293 3684 3395 3740 est,
3432 3679 3719 3749 operatio-

2107 3785 2206 3826 nes
2232 3766 2351 3839 ejus
2372 3771 2429 3826 in
2451 3769 2645 3829 ell‘ectu
2671 3770 2902 3843 explevi.
2941 3768 3189 3843 Vestigia,
3214 3772 3571 3829 visitationes
3596 3774 3719 3840 Dei,

2107 3875 2167 3921 ut
2183 3866 2236 3920 in
2260 3862 2362 3921 Job
2389 3883 2402 3919 :
2432 3885 2451 3918 ι
2476 3864 2726 3921 Forsitan
2740 3866 2965 3937 vestigia
2982 3863 3100 3935 ejus
3114 3866 3558 3936 comprehendes
3582 3867 3711 3919 ".‘s

2118 3953 2369 4027 Vestigia,
2408 3956 2700 4027 praesentia
2730 3955 2851 4023 Dei,
2884 3964 2945 4013 ut
2989 3955 3044 4013 in
3078 3954 3311 4015 Psalmis
3342 3973 3357 4010 :
3393 3975 3413 4008 ι
3442 3955 3517 4012 Et
3543 3957 3717 4013 vesti-

2106 4047 2192 4121 gia
2237 4056 2327 4103 tua
2364 4062 2473 4105 non
2513 4057 2931 4117 cognoscentur,
2988 4068 3007 4100 ι
3057 4048 3203 4125 quod
3260 4050 3559 4121 praesentia
3614 4049 3713 4106 Dei

2106 4156 2204 4211 per
2240 4139 2493 4197 allectum
2539 4142 2763 4213 quidem
2803 4141 2859 4196 in
2916 4148 3098 4201 mente
3145 4142 3413 4207 sentitur,
3458 4141 3559 4198 sed
3616 4157 3716 4213 per

2108 4232 2449 4289 intellectum
2482 4249 2591 4291 non
2628 4232 3127 4303 comprehenditur.
3176 4231 3281 4289 Per
3308 4234 3531 4306 uestigia
3562 4234 3713 4291 mala

2104 4331 2353 4403 exempla
2378 4372 2395 4399 ,
2440 4339 2500 4387 ut
2541 4331 2599 4387 in
2642 4331 2871 4389 Cantica
2902 4348 2919 4385 ι
2953 4348 2973 4383 ι
3006 4330 3112 4389 Ει⁴
3142 4329 3251 4391 abii
3292 4338 3421 4407 post
3470 4332 3711 4405 vestigia

2103 4439 2326 4493 gregum
2372 4432 2590 4479 tuorum
2618 4424 2690 4490 ",
2726 4443 2746 4476 ›
2774 4421 2828 4478 id
2850 4429 2955 4489 est,
2982 4421 3198 4477 imitare
3232 4421 3485 4491 exempla
3536 4439 3707 4493 prava

2105 4514 2400 4571 fatuorum.

2181 4607 2506 4673 Vestibulum
2563 4616 2651 4667 est
2692 4608 2807 4669 vita
2859 4617 3094 4675 aeterna,
3145 4616 3205 4663 ut
3256 4608 3311 4663 in
3370 4608 3703 4667 Ezechiele:

2112 4721 2130 4754 ι
2175 4700 2511 4756 Vestibulum
2566 4709 2747 4756 autem
2794 4710 2965 4772 portae
3020 4709 3141 4756 erat
3192 4701 3529 4757 intrinsecus
3555 4702 3603 4732 ⁸⁸
3631 4743 3647 4765 ,
3678 4722 3698 4753 ι

2108 4795 2253 4866 quod
2279 4795 2389 4853 vita
2414 4803 2644 4858 aeterna,
2684 4809 2806 4866 qua:
2834 4809 3045 4849 merces
3067 4784 3170 4851 est‘
3189 4792 3339 4860 ﬁdei,
3382 4795 3495 4851 erit
3522 4794 3575 4849 in
3608 4810 3701 4865 pa-

2108 4885 2212 4942 tria
2246 4885 2477 4941 caelesti.

2192 4976 2382 5049 Vesper
2424 4984 2510 5033 est
2548 4976 2947 5045 Antichristus,
2980 4977 3119 5035 utin
3161 4976 3306 5035 Job:
3344 4996 3365 5029 ι
3396 4977 3467 5035 Et
3508 4994 3701 5050 γεερει

2108 5084 2235 5125 rum
2267 5085 2432 5140 super
2460 5068 2602 5125 tilias
2643 5078 2803 5127 terra:
2848 5083 3179 5142 consurgere
3220 5069 3357 5127 facis
3378 5069 3459 5137 θ,
3496 5090 3517 5124 ›
3551 5072 3698 5143 (ιική

2111 5163 2373 5221 Dominus
2418 5164 2709 5234 permittit,
2738 5171 2800 5221 ut
2822 5163 3193 5221 Autichristes
3239 5165 3477 5223 terrenis
3507 5175 3563 5221 et
3608 5182 3697 5220 re»

2112 5253 2297 5325 probis
2325 5253 2653 5311 dominetur.

2190 5344 2413 5416 Vespere
2445 5355 2533 5403 est
2563 5355 2775 5418 tempus
2816 5347 3233 5416 incarnationis,
3266 5357 3326 5405 ιιι
3360 5349 3419 5405 in
3459 5349 3691 5405 Exodo:

2115 5454 2135 5489 ι
2172 5438 2410 5508 Vespere
2463 5441 2868 5497 manducabunt
2919 5456 3114 5498 carnes
3129 5441 3211 5509 ³⁸,
3244 5462 3263 5496 ι
3299 5442 3354 5498 id
3390 5452 3498 5509 est,
3550 5454 3691 5500 telu-

503 5646 523 5679 ⁸
554 5646 693 5739 Cen;
718 5650 1001 5739 ἕως.)
1032 5650 1328 5739 Psal._§xr_,
1448 5657 1471 5690 ³
1498 5656 1600 5714 Job
1630 5675 1785 5739 xxr_v_,
1811 5662 1903 5739 ει).
1935 5666 1966 5739 ξ
1994 5666 2005 5721 .'

2146 5684 2282 5734 xvu,
2324 5667 2413 5723 14.
2451 5667 2475 5699 ⁸
2499 5666 2600 5727 lsa.
2644 5682 2759 5735 xrv,
2800 5670 2887 5725 11.
2922 5668 2944 5703 ⁶
2972 5668 3119 5727 Psal.
3148 5687 3348 5739 tum,
3377 5670 3463 5729 17.
3500 5672 3523 5707 '
3546 5673 3689 5732 Psal.

418 5734 518 5781 vn,
559 5720 647 5773 17.
672 5719 693 5751 ⁸
718 5720 875 5775 Deut.
922 5736 1132 5787 χχχιιι,
1178 5722 1264 5780 15.
1297 5719 1380 5780 ⁶Λ

1388 5742 1684 5815 poetam,
1712 5733 1799 5787 16.
1850 5736 1908 5815 ξθη
1927 5734 2005 5815 Jul

2117 5757 2233 5815 lxx,
2268 5733 2351 5815 ιβ.
2400 5740 2439 5771 ¹¹
2472 5739 2574 5815 lsa.
2610 5733 2774 5815 r_n,__6.
2812 5743 2855 5815 ξ’
2887 5741 2989 5799 lsa.
3024 5760 3101 5808 rx,
3141 5742 3193 5815 5Δ
3232 5742 3276 5775 ⁸³
3303 5733 3444 5803 Psal.
3480 5762 3687 5815 cxxxn,

419 5788 557 5879 9:.“
587 5789 1058 5879 93'.“°.3'1“',,"
1093 5790 1195 5879 ἐρ’)
1216 5809 1257 5879 3;
1283 5794 1356 5879 ἕο
1388 5788 1407 5797 “
1429 5798 1470 5829 ⁸⁸
1499 5797 1601 5855 ³ου
1638 5788 1945 5879 Was:
1967 5788 2005 5861 ἶ

2117 5809 2151 5840 ¹τ
2190 5788 2366 5865 Ecclc.
2408 5827 2488 5875 ix,
2517 5808 2568 5864 8.
2616 5788 2875 5867 i“lilatth.
2905 5788 3110 5877 331:7:
3145 5788 3418 5879 lianc;
3456 5817 3523 5879 7;
3558 5788 3687 5874 an:

424 5873 536 5951 six.
681 5858 902 5953 :ﬂdgitp.
952 5864 1176 5953 “2.17:;
1205 5866 1257 5953 :9
1284 5866 1454 5937 Apoc.
1486 5884 1612 5953 xix:
1666 5858 2005 5953 ιμ’-³⁸⁷11ίῆ

2128 5898 2311 5953 κχιιι,
2356 5858 2673 5953 55;’11ίιι”(ξ.
2720 5899 2806 5949 xv,
2838 5883 2939 5947 24;
2988 5858 3119 5939 line:
3167 5901 3324 5953 um,
3373 5858 3685 5953 3‘i;’Joan.

424 5926 899 6027 EIIX.123‘.1':‘ERII.
930 5933 1100 6027 v.02];
1131 5936 1177 6027 ξ]
1205 5926 1521 6027 MILO-XXII}:
1546 5941 1633 6027 lin.
1657 5943 1731 6027 ,⁸³-
1750 5926 2005 6002 Matii-ii;

2117 5971 2143 6027 ι,
2176 5926 2348 6027 ᾷδέῖ
2389 5926 2524 6027 Cen.
2558 5969 2728 6027 xxvii,
2781 5926 2865 6007 15.
2909 5926 2957 5985 ’.⁸
2983 5954 3083 6015 Job
3137 5970 3271 6013 χχιιι
3302 5928 3324 6027 ξ
3369 5926 3481 6013 1Ἰ.ν
3515 5961 3561 5991 ³⁸

430 6014 520 6061 ιι,
554 5995 606 6049 7.
641 5996 682 6026 ³⁷
716 5995 871 6054 Cant.
906 6018 943 6068 ι,
974 6002 1026 6057 8.
1054 6003 1098 6035 ’⁸
1129 6005 1329 6063 Ezech.
1363 6024 1452 6075 XL,
1482 5995 1535 6063 9.
1576 6010 1621 6041 ¹⁹
1649 5995 2005 6074 labrist-vitt-

2117 5995 2151 6077 ι’.
2186 6023 2229 6055 ³ο
2261 6022 2433 6081 Exod.
2465 6024 2691 6091 “1,12.
