3936 6328
232 398 372 457 1077

1194 396 1612 457 ALLEGORUE
1650 394 1721 452 IN
1762 392 2043 453 SACRAM
2083 393 2547 453 SCRIPTUMM.

3367 404 3506 463 1078

227 532 363 590 pore
393 516 789 577 incarnationis
833 517 1173 591 spiritualem
1217 518 1572 577 refectionem
1604 518 1617 535 ‘
1648 514 1811 571 habe—
1837 513 1895 577 Α
1916 511 2067 568 vicos
2094 522 2149 567 et
2168 511 2376 583 plateas
2395 526 2657 583 quaeram,
2683 526 2847 585 quem
2867 512 3043 588 diligit
3061 515 3241 572 anima
3264 520 3464 588 mea",
3481 542 3498 575 ι

226 608 377 665 bitis.
415 605 663 680 Vespere,
688 608 976 681 perfectio,
1005 618 1065 665 ut
1092 610 1148 667 in
1169 607 1373 671 Genesi
1402 627 1415 664 :
1455 630 1474 663 ι
1509 607 1579 663 Ει
1608 604 1810 662 factum

170 696 178 703 ’
226 710 312 758 est
335 714 563 772 vespere
589 709 647 756 et
682 715 847 757 mane
890 702 932 767 ¹,
968 721 988 757 ι
1018 701 1073 758 id
1099 709 1204 768 est,
1234 700 1496 773 perfectio
1519 708 1575 756 et
1595 698 1810 757 initium

225 791 427 864 operis.
802 827 807 833 -

302 884 532 958 Vespera
568 892 655 945 ast
691 885 940 953 tentalio,
969 887 1110 944 utin
1144 886 1246 944 Job
1279 904 1295 941 :
1326 903 1345 939 ι
1376 886 1445 944 Et
1464 901 1684 944 rursum
1709 900 1808 942 ex-

224 978 479 1051 spectabo
506 993 791 1051 vesperam
820 978 876 1047 ¹,
911 999 931 1033 ι
981 979 1036 1035 id
1066 988 1174 1048 est,
1206 992 1434 1039 securus
1476 978 1809 1052 exspectabo

224 1070 597 1129 tentationem.
636 1069 894 1145 Vespera,
921 1071 1191 1129 terminus
1228 1073 1377 1141 vitae,
1422 1080 1483 1131 ut
1522 1073 1577 1131 in
1625 1068 1805 1128 Isaia:

228 1183 248 1217 ι
276 1163 354 1221 De
375 1178 537 1223 mane
561 1178 735 1237 usque
763 1162 835 1223 ad
871 1178 1158 1237 vesperam
1182 1163 1341 1221 ﬁnies
1370 1179 1459 1223 me
1478 1165 1523 1232 ³,
1559 1183 1578 1217 ι
1614 1164 1669 1221 id
1700 1172 1805 1231 est,

222 1255 317 1327 qui
358 1270 447 1313 me
486 1254 663 1313 fecisti
709 1255 912 1315 habere
951 1255 1166 1315 initium
1210 1272 1308 1328 per
1340 1256 1702 1322 nativitatem,
1750 1256 1809 1315 in

224 1349 457 1409 termino
487 1349 615 1407 vitae
656 1365 791 1409 meai
834 1351 1242 1409 cansummabis
1278 1367 1366 1409 me
1412 1367 1511 1423 per
1548 1361 1804 1409 mortem.

230 1442 493 1514 Vespera,
538 1444 873 1512 adversitas,
905 1452 966 1499 ut
1001 1444 1056 1501 in
1089 1444 1230 1501 Job:
1265 1464 1285 1498 ι
1322 1443 1397 1501 De
1430 1460 1592 1501 mane
1633 1459 1809 1516 usque

221 1537 291 1595 ad
322 1550 604 1607 vesperam
642 1535 992 1595 succidantur
1018 1536 1063 1605 ⁸,
1102 1557 1124 1591 ι
1162 1535 1395 1609 quod‘et
1441 1537 1496 1592 in
1526 1537 1807 1610 prosperi-

222 1637 335 1684 tate
374 1627 593 1698 reprobi
618 1644 719 1699 ρει·
746 1628 1253 1700 intemperantiam,
1298 1639 1356 1685 et
1386 1628 1443 1684 in
1479 1630 1808 1687 adversitate

217 1736 317 1792 per
360 1720 757 1791 impatientiam
807 1720 877 1776 ad
931 1721 1203 1777 defectum
1255 1721 1503 1779 tendunt.
1556 1719 1807 1794 Vespera,

1914 603 1970 660 id
1990 615 2097 674 est,
2128 604 2183 661 in
2210 606 2622 663 conversatione
2649 604 3027 678 religiosorum
3056 616 3112 664 et
3135 611 3502 679 saecularium,

1914 711 2155 768 quaeram
2185 696 2391 769 aliquid
2417 697 2487 753 ad
2514 696 2803 753 Dominum
2844 697 3158 769 pertinens,
3200 703 3342 773 quod
3380 704 3504 760 imi-

1916 791 2020 846 tari
2069 790 2294 863 possim.
2351 789 2484 857 Vici,
2537 790 2684 847 cives
2734 790 3007 859 cmlestes,
3035 790 3053 813 ⁴
3083 799 3143 848 ιιι
3189 793 3247 847 in
3292 792 3502 851 Tobia:

1920 901 1939 935 ι
1972 882 2040 938 Ει
2088 900 2188 957 per
2213 898 2405 941 omnes
2440 882 2590 940 vicos
2624 880 2742 953 ejus
2778 883 3070 940 cantabant
3117 882 3443 954 Alleluia,"
3478 908 3497 941 ι

1912 977 2059 1050 quod
2084 977 2393 1035 habitantes
2433 977 2491 1032 in
2520 974 2609 1033 illa
2647 975 2811 1033 domo
2837 976 3051 1033 Domini
3094 978 3153 1034 in
3176 978 3371 1036 saecula
3401 995 3503 1037 sae-

1913 1070 2157 1129 culorum
2186 1070 2487 1128 laudabunt
2508 1068 2578 1126 te;

1997 1162 2168 1220 Vidua
2202 1173 2287 1220 est
2330 1162 2599 1230 Ecclesia,
2646 1168 2708 1219 ut
2749 1163 2804 1218 in
2824 1160 2966 1220 Job:
3005 1182 3024 1216 ι
3061 1162 3130 1220 Ει
3162 1163 3507 1224 abstulerunt

1910 1272 2011 1329 pro
2044 1256 2271 1329 pignore
2309 1255 2504 1311 bovem
2530 1254 2707 1311 vidua:
2733 1254 2798 1322 ",
2836 1275 2857 1309 ι
2892 1254 2947 1310 id
2990 1261 3095 1325 est,
3141 1255 3406 1327 haeretici,
3443 1261 3508 1315 ut

1910 1349 2257 1421 postmodum
2309 1347 2589 1405 auditores
2644 1349 3055 1417 subverterent,
3108 1350 3263 1422 prius
3309 1349 3503 1409 tollere

1912 1443 2227 1500 nitebantur
2271 1441 2685 1515 praedicatorem
2735 1442 3011 1500 Ecclesiae.
3072 1440 3268 1512 Vidua,
3317 1445 3503 1501 anima

1908 1551 2101 1607 prava,
2134 1545 2192 1591 ut
2215 1533 2269 1591 in
2300 1534 2541 1591 Levitico
2573 1553 2587 1589 :
2624 1552 2644 1586 ι
2681 1535 2910 1591 Viduam
2932 1544 2987 1591 et
3016 1537 3355 1608 repudiatam
3374 1538 3444 1606 “,
3474 1557 3494 1592 ι

1910 1631 2057 1701 quod
2080 1630 2261 1686 anima
2290 1645 2321 1684 a
2349 1629 2460 1684 Deo
2504 1628 2765 1685 recedens
2783 1671 2799 1697 ,
2840 1639 2897 1686 et
2924 1647 3024 1702 pro
3058 1631 3216 1688 malis
3244 1632 3502 1703 operibus

1912 1721 2224 1793 reprobata,
2267 1720 2474 1777 Christi
2514 1708 2790 1777 consortio
2824 1721 2984 1794 digna
3024 1738 3137 1779 non
3161 1731 3265 1779 est.
3307 1721 3501 1791 Vidua,

218 1814 346 1871 ﬁnis
368 1812 581 1880 mundi,
608 1812 1039 1869 utinPsalmis:
1075 1810 1513 1871 «Convertentur
1532 1813 1600 1871 ad
1620 1827 1806 1885 vespe-
1833 1883 1855 1885 _
1913 1817 2096 1872 anima
2138 1815 2397 1883 hominis,
2445 1823 2505 1871 ut
2552 1815 2607 1870 in
2642 1813 2785 1871 Job:
2821 1835 2840 1868 ι
2877 1815 2947 1871 Ει
2982 1816 3159 1872 viduae
3203 1817 3341 1873 bene
3395 1831 3504 1873 non

218 1922 335 1963 ram
367 1909 410 1975 ⁸,
462 1928 481 1963 ι
515 1908 661 1979 quod
711 1908 769 1965 in
817 1907 925 1965 line
970 1908 1159 1965 mundi
1206 1908 1449 1979 reliquiae
1495 1883 1801 1967 Judzeorum

1912 1909 2039 1965 fecit
2059 1910 2132 1977 ³³,
2168 1929 2188 1962 ι
2223 1908 2279 1967 id
2301 1917 2407 1976 est,
2436 1909 2633 1965 animae
2662 1924 2773 1964 sua:
2800 1908 2934 1965 nihil
2975 1898 3226 1965 utilitatis
3249 1907 3499 1965 contulit.

218 2002 384 2059 salva:
406 2001 557 2059 fient.

294 2094 607 2167 Vespertilio
639 2104 727 2153 est
764 2111 922 2154 error
950 2096 1169 2163 mentis,
1215 2104 1278 2151 ιιι
1307 2095 1361 2153 in
1391 2094 1635 2153 Levitico
1680 2110 1808 2169 pro-

213 2188 441 2245 hibetur
483 2197 555 2246 ne
592 2188 721 2260 Quis
754 2189 1007 2249 comedat
1032 2187 1477 2259 vespertilianem
1516 2188 1575 2257 ⁸,
1612 2188 1669 2246 id
1695 2196 1807 2255 est,

214 2303 285 2344 ne
304 2296 567 2358 sequatur
593 2300 859 2345 errorem.

298 2378 483 2435 Vesica
513 2389 598 2436 est
626 2389 833 2447 tumor,
858 2388 920 2435 ut
945 2379 1001 2436 in
1032 2378 1220 2436 Exodo
1253 2397 1268 2434 :
1305 2397 1327 2432 ι
1355 2374 1563 2437 Vesica:
1585 2387 1805 2453 turgen-

211 2480 297 2527 tes
336 2471 387 2537 τ,
416 2489 436 2522 ι
471 2470 525 2526 id
548 2477 655 2535 est,
680 2478 920 2527 tumores
944 2470 1342 2542 superbientes.

292 2558 393 2616 Via
414 2570 500 2617 est
526 2558 805 2625 Christus.
827 2570 889 2617 ut
913 2561 969 2619 in
993 2561 1323 2634 Evangelia:
1355 2579 1375 2614 ι
1408 2561 1523 2633 Ego
1543 2578 1664 2619 sum
1691 2564 1801 2631 via,

206 2652 415 2709 veritas
457 2661 513 2709 et
538 2652 651 2709 vita
693 2652 740 2719 ⁸,
782 2671 805 2707 ι
840 2651 987 2724 quod
1030 2652 1050 2673 '
1083 2652 1139 2709 in
1181 2667 1279 2724 spe
1306 2652 1464 2713 nobis
1505 2661 1589 2711 est
1632 2653 1807 2711 viain

205 2746 481 2817 exeiuplo,
516 2746 715 2803 serius
751 2745 811 2803 in
848 2744 1141 2817 promissa,
1179 2745 1286 2801 vita
1312 2746 1369 2801 in
1401 2746 1644 2817 prmmio.
1679 2744 1805 2818 Via,

202 2840 353 2898 bona
389 2839 759 2908 conversatio,
803 2848 867 2896 ut
902 2839 958 2897 in
997 2837 1319 2897 Parabolis:
1357 2858 1376 2893 ι
1404 2837 1505 2896 Via
1529 2837 1804 2909 iustorum

202 2932 417 3003 absque
437 2930 761 2989 offendicula
790 2930 843 2997 ³,
883 2950 907 2985 ι
938 2931 995 2987 id
1019 2938 1107 2989 est
1124 2964 1142 2998 ,
1169 2931 1508 3005 conversatio
1534 2931 1807 2991 bonarum

205 3023 425 3095 absque
458 3022 733 3080 criminali
778 3031 1021 3094 peccato.
1058 3021 1179 3089 Via,
1216 3022 1487 3079 rectitude
1526 3022 1807 3081 Ecclesia-

201 3131 353 3182 rum,
402 3124 463 3171 ut
510 3114 569 3170 in
608 3113 755 3173 Job:
792 3113 963 3175 allies
1003 3113 1244 3172 ambulet
1282 3129 1383 3185 per
1420 3113 1567 3171 viam
1608 3114 1803 3177 vinea-

197 3224 329 3266 rum
354 3208 421 3275 ⁸⁸,
443 3229 467 3263 i
492 3209 551 3265 id
591 3217 699 3275 est,
744 3223 858 3265 non
882 3208 1033 3264 vivat
1073 3207 1375 3265 secundum
1415 3207 1803 3267 rectitudinem

197 3301 598 3360 Ecclesium.
630 3300 755 3369 Via,
784 3302 899 3357 vita
926 3309 1137 3368 nostra,
1161 3309 1225 3357 ut
1258 3299 1315 3357 in
1347 3299 1621 3358 Psalmis:
1653 3318 1673 3352 ι
1706 3300 1800 3357 Di-

198 3396 405 3468 rigein
434 3404 845 3468 eatispsetuttsa
880 3396 998 3451 vias
1038 3394 1343 3461 meas“,i
1388 3394 1443 3451 id
1470 3402 1593 3461 est,
1623 3392 1799 3465 placi-

200 3501 321 3546 tam
355 3487 443 3545 fac
472 3487 570 3544 tibi
604 3489 773 3544 vitam
807 3502 1007 3544 meam.
1036 3486 1157 3553 Via,
1205 3494 1383 3545 status
1415 3486 1795 3558 repraborum,

194 3590 267 3639 ut
310 3582 368 3638 in
415 3580 740 3637 Parabolisa
774 3598 799 3633 ι
834 3580 933 3636 Via
978 3580 1267 3651 impiarum
1319 3582 1607 3637 tenebrosa
1648 3580 1691 3613 ι’
1717 3619 1735 3647 ,
1769 3599 1791 3634 ι

195 3676 349 3750 quod
377 3681 555 3732 status
594 3688 695 3746 per
717 3686 963 3730 errarem
998 3673 1353 3744 repulsorum
1380 3682 1469 3731 est
1505 3676 1793 3731 obscur-ns.

206 3769 336 3837 Via,
380 3768 630 3825 raritudo
672 3766 797 3824 vita:
824 3769 1130 3838 pi'aasentls,
1169 3776 1231 3824 ut
1270 3768 1327 3824 in
1354 3767 1588 3826 Genesi:
1615 3788 1636 3821 ι
1673 3768 1799 3827 Fiat

194 3862 322 3920 Dan
346 3860 571 3918 coluber
594 3859 650 3915 in
673 3859 765 3914 via
791 3858 858 3927 ³³,
892 3877 913 3911 ι
944 3859 1091 3930 quod
1125 3859 1194 3916 iis
1238 3861 1333 3931 qui
1358 3861 1638 3931 prasentis
1667 3862 1795 3919 vitae

195 3948 547 4008 dulcedinem
587 3946 850 4020 diligunt,
896 3949 1119 4006 mellam
1144 3964 1206 4007 se
1250 3950 1498 4008 diabolus
1536 3952 1593 4008 in
1631 3952 1795 4010 Anti-

195 4041 413 4098 ειη-ἰειο
451 4047 511 4097 et
533 4040 802 4099 lubricum
825 4041 1123 4098 exhibebit.
1150 4041 1261 4099 Per
1287 4041 1425 4098 viam
1458 4057 1625 4114 opera
1654 4044 1794 4101 Can-

196 4136 422 4203 ditoris,
473 4142 535 4191 ut
580 4134 637 4191 in
673 4132 777 4192 Job
811 4152 826 4190 ι
857 4152 879 4187 ι
907 4133 1029 4204 Ipse
1072 4142 1159 4191 est
1206 4134 1536 4207 principium
1581 4136 1795 4192 viarum

196 4227 425 4287 Domini
452 4228 519 4296 “,
541 4246 563 4281 ›
591 4229 741 4301 quod
765 4236 894 4284 ante
919 4240 1085 4300 opera
1118 4242 1217 4285 sua
1242 4236 1441 4284 caetera
1471 4228 1601 4286 fecit
1627 4243 1794 4302 ange-

195 4319 317 4376 lum
342 4319 505 4378 Deus.
533 4319 640 4378 Per
664 4320 780 4376 vias
808 4329 1079 4392 praecepta
1109 4320 1313 4387 divina,
1343 4326 1402 4375 ut
1428 4320 1486 4376 in
1515 4320 1747 4378 Psalmis
1776 4341 1790 4377 :

203 4429 227 4464 ι
260 4410 391 4469 Vias
434 4419 576 4478 tuas,
620 4411 869 4478 Domine,
921 4412 1233 4468 demonstra
1278 4411 1410 4468 mihi
1443 4411 1512 4479 ⁸⁸,
1540 4432 1561 4466 ι
1595 4413 1650 4469 id
1687 4421 1790 4481 est,

194 4513 475 4580 praecepta
526 4516 636 4571 tua,
686 4506 934 4571 Domine,
975 4505 1180 4577 inspira
1225 4505 1380 4562 mihi.
1411 4505 1519 4563 Per
1554 4509 1668 4563 vias
1705 4508 1793 4564 iu-

1823 3257 1873 3325 C

1908 2000 2016 2057 Per
2051 2001 2268 2068 viduas,
2307 2000 2494 2072 plebes
2534 2000 2811 2059 haereticis
2844 1999 3124 2071 subjectae,
3171 2008 3234 2056 ut
3271 2000 3327 2056 in
3363 1998 3497 2057 Job:

1915 2110 1945 2145 «ο
1970 2092 2173 2149 Viduas
2202 2092 2458 2149 dimisisti
2492 2107 2693 2147 vacuas
2713 2091 2783 2159 “,
2820 2110 2838 2145 ι
2873 2091 2928 2147 id
2957 2099 3060 2159 est,
3103 2091 3204 2149 sub
3227 2091 3502 2148 haereticis

1907 2182 2205 2254 reliquistis
2242 2182 2429 2257 plebes
2461 2184 2604 2241 bono
2626 2198 2792 2252 opere
2818 2199 3041 2241 vacuas.

1987 2274 2179 2347 Vigiles
2203 2286 2331 2333 sunt
2350 2277 2522 2332 sancti
2549 2276 2757 2350 angeli,
2785 2285 2845 2332 ut
2873 2279 2931 2333 in
2957 2276 3180 2334 Daniele
3203 2296 3218 2333 :
3249 2296 3269 2331 ι
3288 2276 3349 2334 In
3371 2293 3493 2335 sen-

1908 2367 2080 2425 tentia
2109 2367 2334 2441 vigilum
2366 2370 2643 2425 decretum
2672 2376 2757 2424 est
2796 2368 2983 2437 hoc",
3019 2390 3039 2424 ι
3072 2369 3128 2426 id
3154 2378 3267 2438 est,
3302 2372 3362 2426 in
3398 2369 3503 2426 mi-

1906 2461 2135 2519 nisterio
2178 2463 2499 2535 angelorum
2542 2463 2868 2535 dispositum
2906 2472 3011 2519 est.
3051 2458 3287 2535 Vigiles,
3319 2461 3500 2547 sancti

1906 2570 2189 2631 pastores,
2232 2569 2295 2617 ut
2333 2561 2391 2617 in
2430 2558 2658 2617 Cantica
2683 2577 2699 2613 :
2728 2578 2747 2613 ‹
2772 2557 3106 2615 Invenerunt
3142 2572 3230 2615 me
3260 2556 3486 2631 vigiles,

1905 2657 2001 2728 qui
2029 2656 2345 2713 custodiunt
2367 2656 2645 2711 civitatem
2668 2653 2717 2687 ²⁶
2746 2672 2766 2707 ι
2802 2652 2857 2709 id
2882 2653 3379 2720 est,adoraverunt
3407 2666 3499 2709 me

1903 2759 2155 2823 pastores
2180 2750 2274 2821 qui
2306 2759 2505 2821 regunt
2528 2749 2852 2805 Ecclesiam.

1986 2842 2127 2899 Villa
2155 2852 2243 2901 est
2270 2859 2449 2900 massa
2473 2843 2761 2915 impiorum
2781 2884 2797 2911 ,
2824 2850 2885 2897 ut
2913 2842 2969 2897 in
2992 2840 3321 2915 Evangelia:
3352 2859 3373 2894 ι
3401 2840 3500 2898 Mi-

1905 2935 1979 2995 sit
2005 2950 2130 2991 eum
2159 2935 2216 2993 in
2241 2934 2461 3001 villam,
2488 2942 2549 2991 ut
2570 2924 2819 3005 pasceret
2842 2947 3039 3005 parcas
3062 2933 3132 3000 ’⁷,
3162 2952 3182 2986 ι
3211 2932 3267 2988 id
3291 2941 3393 3000 est,
3409 2948 3500 2991 as~

1905 3024 2137 3082 sociavit
2162 3040 2287 3081 eum
2316 3024 2712 3082 conventiculis
2741 3023 3053 3096 impiorum,
3084 3031 3145 3079 ut
3172 3038 3366 3080 sensus
3394 3039 3497 3080 nu-

1906 3121 2065 3177 triret
2113 3120 2442 3178 immundos.
2474 3119 2649 3187 Villa,
2691 3119 2970 3177 dominum
3018 3119 3320 3191 superbiae,
3354 3126 3414 3175 ut
3440 3119 3499 3175 in

1906 3213 2198 3286 Evangelia
2225 3231 2241 3269 :
2274 3234 2293 3266 ι
2327 3213 2522 3269 Villam
2552 3212 2696 3281 emi,
2726 3220 2783 3269 et
2810 3212 2932 3268 ideo
2962 3227 3071 3269 non
3100 3226 3319 3284 passum
3343 3211 3497 3267 veni-

1901 3323 1963 3365 re
1993 3307 2065 3375 ",
2096 3326 2116 3360 ι
2147 3307 2291 3379 quod
2317 3305 2411 3378 qui
2448 3304 2761 3377 parfastum
2795 3304 3066 3375 superbia:
3086 3303 3490 3371 intumescunt,

1902 3414 2248 3473 nequaquam
2277 3399 2347 3454 ad
2374 3411 2669 3468 supernam
2692 3395 2929 3468 patriam
2960 3394 3211 3453 tendunt.
3254 3395 3363 3453 Per
3400 3394 3500 3451 vil-

1900 3491 2009 3549 lam
2043 3492 2227 3564 populi
2252 3490 2515 3563 gentiles,
2544 3497 2607 3545 ut
2642 3490 2696 3546 in
2732 3488 3001 3547 Cantiae:
3032 3507 3052 3542 ι
3083 3488 3499 3547 Commoremur

1900 3588 1961 3644 in
1986 3586 2115 3644 vill’a
2144 3587 2213 3652 ²’,
2247 3605 2265 3639 ι
2292 3586 2438 3657 quod
2466 3584 2721 3643 Christus
2746 3583 3141 3657 praedicatores
3165 3597 3297 3642 suos
3311 3591 3499 3641 manet
3546 3604 3574 3619 -

1898 3681 1955 3737 in
1982 3680 2222 3752 gentium
2251 3679 2482 3750 populis.

1982 3769 2175 3826 Vinum
2223 3779 2308 3826 est
2352 3783 2613 3825 arcanum
2657 3767 2915 3831 Deitatis,
2960 3776 3027 3824 ut
3062 3767 3121 3825 in
3163 3766 3492 3827 Parabolis:

1906 3881 1925 3915 ι
1957 3860 2173 3918 Μίεειιίι
2197 3859 2382 3917 vinum
2406 3859 2474 3925 ³ο,
2496 3879 2517 3913 ι
2547 3858 2691 3929 quod
2721 3856 2999 3929 Sapientia
3024 3872 3125 3930 per
3149 3873 3373 3916 carnem
3398 3874 3496 3932 ap-

1898 3972 2098 4030 peresis
2117 3955 2345 4013 Deitatis
2364 3954 2523 4012 nobis
2544 3953 2807 4010 revelavit
2825 3961 3121 4013 secretum.
3150 3951 3365 4021 Vinum,
3386 3953 3495 4015 fer-

1897 4068 1998 4109 vor
2027 4051 2264 4123 Spiritus
2291 4049 2465 4106 uncti
2481 4089 2498 4116 ,
2524 4054 2543 4069 '
2568 4062 2757 4104 verant
2784 4047 2949 4104 menti
2980 4047 3223 4105 hominis
3244 4046 3491 4105 laetitia-

1898 4143 2154 4202 infundit.
2190 4139 2379 4196 Vim
2397 4181 2413 4208 ,
2441 4139 2667 4197 scientia
2690 4138 2855 4209 legis,
2878 4147 2941 4195 ut
2960 4132 3017 4195 in
3037 4138 3304 4197 Cantica:
3334 4158 3354 4193 ι
3385 4139 3495 4198 Me-

1896 4235 2031 4292 liora
2058 4240 2186 4289 sunt
2208 4233 2375 4288 ubera
2388 4238 2479 4287 tua
2498 4231 2627 4288 vino
2646 4229 2717 4297 ⁸¹,
2738 4249 2759 4284 ι
2784 4229 2930 4301 quod
2953 4229 3217 4302 sapientia
3235 4230 3494 4291 Ecclesia:

1895 4325 2113 4383 excedit
2139 4323 2426 4381 scientiam
2455 4322 2613 4395 legis.
2650 4320 2879 4390 Vinum,
2909 4322 3138 4380 verbum
3167 4323 3487 4396 Evangelii,

1895 4427 1957 4477 ut
1976 4420 2028 4475 in
2049 4417 2276 4475 Cantica
2293 4434 2305 4471 ε
2331 4434 2350 4468 ι
2372 4414 2570 4473 Guttur
2582 4423 2733 4472 tuum
2745 4416 2888 4473 sicut
2897 4408 3369 4488 vinum'aptimum
3382 4416 3428 4450 ³⁸
3437 4457 3455 4485 ,
3464 4438 3484 4470 ι

1896 4511 2039 4584 quod
2078 4510 2467 4583 pmdieata'res
2497 4520 2631 4565 suos
2664 4523 2827 4565 suum
2862 4507 3195 4565 annuntiant
3240 4508 3487 4581 Evange-

198 4607 380 4654 terme
421 4598 785 4670 cogitationes
820 4606 1027 4655 nostra
1043 4638 1058 4665 ,
1098 4606 1161 4654 ut
1210 4598 1268 4654 in
1308 4598 1540 4655 Psalmis
1566 4614 1583 4655 :
1610 4618 1631 4652 ι
1670 4601 1795 4658 Vias
1820 4633 1874 4695 ι)
1898 4604 2049 4660 bum.
2073 4600 2287 4668 Viam,
2313 4598 2769 4672 cantempiativus
2791 4599 3042 4670 quisque,
3068 4598 3208 4656 utin
3229 4598 3485 4657 Cantica:

193 4706 356 4749 meas
378 4691 653 4747 enuntiavi
686 4691 783 4749 tibi
811 4691 874 4759 ι’,
913 4710 933 4746 ι
960 4692 1015 4747 id
1047 4698 1152 4758 est,
1195 4691 1437 4749 occultas
1470 4706 1622 4750 meas
1648 4693 1799 4764 cogi.-

193 4783 444 4841 tationes
496 4784 593 4839 tibi
632 4798 733 4856 per
779 4782 1176 4842 confessionem
1221 4785 1478 4842 revelavi.
1520 4785 1628 4843 Per
1660 4787 1797 4843 vim

192 4878 453 4936 actiones
476 4886 697 4945 nostrae,
728 4886 790 4933 ut
818 4879 873 4933 in
902 4876 1041 4933 Job:
1081 4896 1100 4930 ί
1131 4876 1325 4935 Nonne
1342 4879 1462 4951 ipse
1488 4879 1797 4936 considerat

188 4974 325 5030 vias
354 4987 506 5030 meas
534 4972 617 5028 ⁸⁷1
656 4992 675 5027 ι
710 4972 765 5029 id
784 4981 891 5039 est,
917 4972 1275 5043 cogitationes
1299 4988 1469 5029 meas.

283 5062 528 5123 Viatores
553 5075 681 5125 sunt
703 5066 806 5123 viri
834 5066 1029 5132 sancti,
1060 5073 1121 5121 ut
1145 5065 1201 5122 in
1225 5066 1327 5123 Job
1359 5085 1374 5125 :
1408 5086 1428 5120 ι
1463 5068 1796 5139 Interrogate

188 5156 506 5235 quemlibet
554 5160 620 5216 de
664 5158 966 5242 viatoribus
985 5156 1097 5224 ",i
1132 5157 1185 5212 id
1229 5167 1332 5225 est,
1377 5159 1644 5216 consulite
1690 5160 1794 5215 aii-

187 5268 369 5325 quem
413 5252 482 5308 de
516 5251 651 5309 viris
683 5250 907 5318 sanctis,
952 5248 1047 5322 qui
1072 5249 1243 5306 vitam
1285 5260 1609 5321 pmsentem
1648 5253 1795 5309 viam

188 5354 545 5419 computant.

286 5410 404 5496 Vici
427 5442 555 5495 sunt
586 5436 836 5497 homines
866 5432 1130 5509 religiosi,
1161 5442 1222 5490 ut
1255 5433 1605 5505 inCautico:
1643 5454 1662 5490 ι
1690 5410 1815 5497 Ρειί

1904 4716 1929 4749 ι
1954 4698 2073 4753 Bibi
2107 4697 2295 4752 vinum
2322 4709 2504 4750 meum
2532 4708 2661 4751 cum
2691 4693 2833 4751 laete
2863 4707 2987 4750 meo
3014 4692 3085 4761 ³³,
3117 4712 3141 4747 s
3173 4692 3229 4750 id
3250 4702 3367 4761 est,
3403 4694 3487 4751 in-

1899 4789 2180 4861 corporavi
2218 4785 2669 4858 eontemplativoa
2697 4783 2863 4842 simul
2899 4792 2955 4839 ει
2991 4783 3219 4841 activae.
3265 4782 3485 4853 Vinum,

1898 4880 2252 4952 intelligentia
2281 4877 2607 4950 spiritualis,
2650 4882 2710 4932 ut
2754 4876 2811 4932 in
2854 4874 3191 4947 Evangelia:
3226 4892 3249 4928 ι
3278 4875 3359 4933 Tu
3389 4893 3487 4933 au—

1898 4982 2011 5031 tem
2039 4975 2271 5030 servasti
2293 4974 2477 5029 vinum
2496 4972 2699 5027 bonum
2725 4968 2793 5034 ⁸⁸,
2826 4989 2846 5023 ι
2874 4969 2930 5026 id
2960 4977 3046 5027 est
3063 5010 3079 5036 ,
3109 4969 3485 5042 spiritualibus

1899 5067 2130 5123 servasti
2180 5063 2517 5136 spiritualem
2568 5061 2927 5119 intellectum.
2969 5060 3207 5130 Vinum,
3257 5063 3483 5133 sanguis

1897 5158 2133 5225 Christi,
2165 5166 2227 5214 ut
2252 5159 2309 5214 in
2336 5156 2533 5214 Genesi
2562 5174 2574 5210 :
2611 5173 2633 5210 ι
2659 5152 2889 5211 stabit
2914 5154 3109 5215 stolam
3139 5170 3293 5211 suam
3322 5156 3379 5211 in
3406 5155 3488 5211 vi-

1898 5268 1971 5309 no
1997 5252 2066 5321 ",
2097 5271 2116 5305 ι
2147 5251 2203 5307 id
2227 5259 2342 5318 est,
2370 5247 2634 5305 eil'usione
2658 5247 2941 5320 sanguinis
2966 5247 3051 5303 sui
3078 5247 3363 5306 mundabit
3383 5246 3486 5305 Ee-

1901 5345 2120 5401 ciesiam
2149 5358 2325 5399 suam.
2366 5340 2591 5408 Vinum,
2624 5340 3001 5411 compunctio,
3032 5348 3093 5395 ut
3119 5342 3175 5397 in
3206 5340 3480 5398 Psalmis:

1905 5456 1925 5491 ι
1952 5436 2160 5493 Potasti
2186 5451 2287 5492 nos
2306 5436 2434 5490 vino
2459 5430 2893 5503 componetianis
2914 5431 2981 5485 ⁸⁸.
3012 5450 3032 5486 i
3063 5438 3081 5453 '
3117 5430 3338 5500 Virroni,
3367 5445 3489 5490 care

319 5553 336 5586 ⁸
365 5551 502 5610 Gen.
558 5568 601 5620 ι,
646 5551 700 5608 5.
748 5552 769 5585 ³
794 5549 897 5608 Job
928 5564 1029 5616 vri,
1059 5549 1115 5605 4.
1164 5545 1329 5620 ³189.
1361 5563 1591 5615 xxxvm,
1628 5548 1715 5605 12.
1770 5552 1793 5584 ⁸

1912 5570 1925 5607 l
1973 5566 2045 5611 tv,
2097 5548 2189 5605 90.
2238 5548 2259 5579 ⁸
2308 5546 2711 5620 Psal.}xxvru
2734 5540 2857 5620 t1,
2905 5540 2995 5598 15.
3030 5540 3211 5620 ‘Lev.
3259 5541 3480 5620 .X_l.‘_i9.

187 5629 217 5662 ν
252 5626 431 5682 Exod.
481 5640 558 5689 rx,
587 5610 642 5680 9.
698 5624 721 5657 ⁸
745 5621 903 5680 Joan.
952 5610 1064 5682 xiv.
1102 5620 1153 5675 6.
1187 5618 1209 5652 ’
1266 5618 1426 5674 Prov.
1459 5635 1550 5685 xv,
1580 5610 1681 5675 19.
1740 5623 1781 5655 ιο

1912 5642 1919 5674 ι
1960 5637 2111 5687 xxtv,
2158 5620 2243 5676 18.
2300 5619 2339 5653 ¹¹
2367 5615 2510 5689 Psal.
2542 5633 2635 5689 ιν,-
2652 5617 2705 5689 εῆ.
2735 5615 2776 5646 ¹²
2804 5612 2975 5689 Ριιοιίἒ
3011 5612 3208 5689 11.19.
3262 5611 3306 5642 ³³
3339 5610 3480 5689 Gen.

188 5681 358 5761 ann,
391 5697 479 5752 17.
511 5681 556 5728 εί
586 5692 689 5751 Job
740 5712 829 5759 ιι,
864 5694 953 5748 11.
980 5692 1029 5729 ¹⁸
1054 5689 1200 5749 Psal.
1231 5705 1380 5755 xxuv,
1403 5690 1460 5745 4.
1487 5681 1700 5747 "Psal.
1728 5709 1795 5750 ex

1912 5694 1997 5749 26.
2029 5693 2072 5724 "
2100 5681 2207 5748 'Job
2256 5705 2410 5755 xxxi,
2436 5687 2500 5761 ri.
2535 5681 2708 5761 Ῑιςιου
2760 5681 3258 5761 χιιιῆειζϐειιι.
3303 5697 3366 5738 ιιι
3400 5683 3482 5761 μς.

191 5751 573 5858 fieret»
601 5767 787 5858 22-32
812 5751 1123 5858 ἔφλυε
1171 5763 1228 5858 i;
1250 5751 1497 5858 Sila;
1714 5751 1897 5858 12;.“
1917 5764 2043 5858 λεδ
2076 5778 2247 5858 sua
2271 5751 2635 5858 3};;"..’°':
2670 5754 2924 5858 iam
2944 5751 3331 5858 .".”%:'-._:X:
3382 5755 3484 5858 ἐξ

193 5839 251 5875 ³⁸
283 5820 573 5903 ﬁliifilii
603 5820 669 5893 3:
697 5839 741 5870 "
764 5820 1023 5903 Luc.7xv,
1055 5820 1144 5891 iii.
1174 5831 1224 5867 "
1248 5830 1378 5890 Luc.
1407 5849 1497 5889 xw
1528 5834 1612 5889 18.
1630 5820 1685 5867 ’¹⁹
1730 5820 1801 5892 cs

1917 5851 2021 5900 vn,
2074 5835 2159 5889 11.
2202 5820 2247 5867 ⁸⁸
2271 5832 2431 5889 Prov.
2478 5845 2556 5896 Ix,
2599 5826 2727 5884 2.“
2753 5825 2911 5883 Cant.
2944 5838 2996 5894 ι,
3022 5820 3077 5878 2.
3120 5823 3166 5857 ⁸⁹
3193 5820 3351 5881 Cant.
3382 5829 3481 5883 vui

193 5911 260 5972 9.
289 5910 339 5944 ³³
364 5909 523 5969 Cant.
548 5926 602 5979 ν,
630 5910 683 5967 1.
720 5908 768 5942 ³⁸
793 5908 946 5967 ioau.
974 5922 1063 5977 xi,
1087 5906 1175 5964 10.
1215 5906 1261 5941 ⁸⁸
1283 5904 1419 5964 Cen.
1449 5920 1527 5975 iv,
1550 5905 1638 5961 11.
1684 5906 1730 5940 ³⁸
1752 5907 1801 5967 Ρι

1929 5923 2043 5977 ux,
2070 5904 2123 5962 5.
