3936 6328
434 371 575 428 1079
1045 373 1108 428 Β.
1151 373 1406 428 RABANI
1444 374 1663 430 MAURI
1699 373 1988 431 ABCHIEP

2177 373 2362 430 iUNT.
2404 373 2689 432 OPERUM
2730 373 2911 429 PARS
2946 373 3034 429 III.
3581 371 3731 429 I080

436 485 644 557 reptio,
682 494 742 540 ιιι
784 501 839 540 ιιι
879 485 1210 558 Evangelia:
1244 508 1260 539 ι
1294 488 1584 543 Infundens
1623 487 1804 543 oleum
1843 495 1900 542 et
1936 488 2015 542 vi-
2043 493 2093 550 Α
2130 484 2346 557 Vipera,
2392 496 2546 541 actus
2573 486 2818 556 peccati,
2845 493 2906 540 ut
2934 485 2988 540 in
3017 485 3156 541 Isaia
3186 503 3198 538 :
3235 503 3253 536 ι
3288 485 3401 540 Leo
3429 493 3490 539 et
3515 485 3730 549 leaena,

436 591 597 640 num,
633 594 653 627 ι
683 575 736 630 id
765 584 878 641 est,
913 577 1338 632 consolationem
1378 586 1432 631 et
1473 578 1891 647 correptionem.
1931 575 2021 629 Vi-
2123 589 2178 633 et
2217 596 2283 634 ex
2325 579 2406 634 eis
2452 581 2638 650 vipera
2665 578 2735 645 ¹⁸,
2770 598 2790 632 ι
2825 579 2880 634 id
2922 588 3037 646 est,
3079 579 3326 635 diabolus
3372 595 3688 651 suggerens
3712 621 3732 648 ,

435 685 592 734 num,
653 669 1041 738 contemplatio
1063 711 1078 735 ,
1119 678 1176 723 ιιι
1203 671 1257 725 in
1288 669 1609 741 Apocalypsi
1637 685 1652 723 :
1688 690 1705 720 ‹
1741 670 1807 724 Ει
1837 669 2022 724 vinum
2124 673 2566 743 concupiscentia
2593 671 2907 738 lasciviens,
2934 680 2990 727 et
3014 681 3167 727 actus
3190 671 3366 727 malus
3387 688 3462 728 ex
3487 673 3574 728 eis
3599 687 3738 742 pra—

433 769 488 814 et
517 759 695 815 oleum
724 760 756 794 *
783 776 852 814 ne
883 759 1089 815 laeseris
1117 760 1160 826 ί,
1223 780 1243 812 ι
1279 761 1331 814 id
1361 769 1470 825 est,
1511 760 1987 829 contemplatione:

789 776 852 814 ne
883 759 1089 815 laeseris
1117 760 1160 826 ί,
1223 780 1243 812 ι
1279 761 1331 814 id
1361 769 1470 825 est,
1511 760 2022 829 contemplationem
2125 764 2343 820 cedens.

435 862 491 908 et
520 852 787 906 actionem
821 868 882 905 ne
914 851 1144 917 la'seris,
1186 851 1240 906 id
1281 860 1400 917 est,
1445 867 1511 906 ne
1549 867 1888 922 corrumpas.
1927 851 2022 906 Vi-
2209 854 2300 908 Vir
2333 862 2418 910 est
2457 855 2736 921 Christus,
2780 863 2843 910 ut
2881 855 2937 910 in
2976 853 3252 910 Ieremia:
3287 873 3308 906 ι
3339 854 3576 910 Femina
3621 855 3738 909 cir-

436 960 561 997 num
581 982 598 1008 ,
631 942 849 997 dilectio
869 984 884 1007 ,
914 952 974 996 ut
1003 943 1058 996 in
1084 942 1309 998 Cantica
1342 961 1355 998 :
1392 961 1412 995 ι
1447 944 1513 998 Ει
1543 945 1680 1000 dabo
1720 946 1816 1000 tibi
1859 961 2024 1016 pocu-
2124 948 2401 1004 cumdabit
2428 948 2606 1003 virum
2639 947 2705 1014 “,
2737 967 2756 1001 ι
2789 947 2844 1003 id
2891 953 3007 1014 est,
3051 947 3206 1018 virgo
3249 947 3420 1002 Maria
3445 948 3740 1015 concipiet

436 1034 549 1090 lum
579 1050 645 1090 ex
673 1035 798 1088 vino
829 1035 1044 1089 condito
1074 1036 1114 1100 ¹,
1155 1054 1171 1086 ι
1205 1035 1258 1090 id
1287 1043 1400 1100 est,
1445 1037 1584 1090 dabo
1627 1036 1722 1091 tibi
1780 1035 2020 1091 laetitiam
2125 1039 2422 1096 Christum.
2466 1038 2576 1104 Vir,
2611 1038 2950 1104 intellectus,
2979 1047 3041 1092 ιιι
3069 1039 3122 1093 in
3149 1039 3448 1111 Evangelia
3477 1057 3490 1092 :
3529 1059 3552 1090 ‹
3585 1038 3744 1093 Voca

435 1143 507 1183 ex
551 1142 736 1183 amore
779 1143 927 1183 vero.
965 1127 1188 1194 Vinum,
1244 1129 1532 1185 delectatio
1571 1131 1816 1201 peccati,
1863 1139 1924 1184 ut
1969 1132 2022 1185 in
2124 1130 2304 1184 virum
2349 1138 2502 1184 tuum
2545 1130 2651 1184 huc
2676 1129 2746 1195 '°,
2783 1149 2801 1182 ι
2832 1129 2886 1184 id
2931 1138 3051 1196 est,
3077 1129 3271 1200 collige
3312 1130 3380 1184 ad
3428 1139 3484 1184 te
3504 1145 3746 1184 sensum

437 1218 585 1275 Joele
616 1239 629 1274 :
663 1239 680 1270 ‹
712 1220 778 1274 Ει
808 1220 1010 1274 ululate
1041 1234 1258 1286 omnes,
1281 1220 1374 1290 qui
1401 1221 1586 1275 bibitis
1612 1222 1796 1276 vinum
1825 1222 1877 1276 in
1907 1221 2024 1275 dul-
2124 1227 2274 1275 tuum
2293 1261 2307 1286 ,
2337 1229 2392 1276 et
2423 1219 2776 1290 spiritualiter
2801 1219 3041 1291 intellige
3067 1235 3173 1276 me.
3209 1218 3324 1287 Vir,
3356 1221 3584 1275 animus
3639 1234 3746 1274 n0-

435 1313 624 1368 cedine
645 1313 686 1378 ³,
722 1333 740 1364 ›
771 1313 824 1368 id
868 1320 983 1379 εει,
1023 1313 1363 1382 ptenitemini
1389 1314 1660 1379 universi,
1683 1314 1774 1383 qui
1803 1328 2026 1368 consen—
2124 1320 2260 1378 ster,
2288 1323 2348 1367 ut
2376 1311 2430 1366 in
2455 1310 2652 1367 Genesi
2685 1329 2698 1365 :
2731 1330 2750 1362 ι
2782 1311 3046 1382 Deditque
3069 1312 3188 1367 viro
3228 1327 3360 1377 suo,
3396 1312 3497 1382 qui
3537 1325 3742 1366 come-

437 1405 551 1460 titis
596 1406 651 1459 in
695 1405 1055 1460 delectatione
1101 1406 1331 1476 peccati.
1389 1404 1597 1472 Vinum,
1646 1423 1800 1460 amor
1837 1407 2022 1460 mundi
2126 1403 2292 1470 dit“,
2331 1425 2348 1454 ι
2379 1403 2525 1473 quod
2565 1418 2696 1459 cara
2733 1403 2942 1474 peccati
2965 1401 3321 1458 delectatione
3361 1402 3576 1473 polluta
3623 1402 3747 1456 ani-

436 1498 594 1566 hujus
621 1539 635 1564 ,
675 1507 736 1554 ut
779 1499 833 1552 in
881 1498 1161 1554 Parabolis
1197 1517 1209 1551 :
1247 1517 1264 1548 ι
1301 1497 1382 1554 Ne
1423 1501 1436 1517 '
1481 1498 1747 1554 intuearis
1800 1498 1982 1552 vinum
2005 1539 2020 1563 ,
2125 1510 2272 1549 mum
2304 1509 2521 1564 quoque
2548 1495 2617 1549 ad
2657 1509 2983 1549 consensum
3009 1494 3043 1527 "
3069 1493 3254 1548 trahit.
3295 1492 3408 1560 Vir,
3438 1494 3745 1561 diabolus,

438 1589 654 1659 quando
704 1589 977 1654 ﬂavescit,
1026 1606 1150 1646 cum
1195 1590 1522 1660 Splendescit
1569 1591 1624 1645 in
1671 1599 1826 1645 utero
1873 1589 2024 1643 calor
2127 1585 2264 1640 utin
2284 1584 2549 1640 Psalmis:
2583 1605 2601 1634 ι
2632 1584 3024 1653 Avirainiqua
3046 1583 3339 1650 liberame,
3364 1583 3610 1638 Domine
3633 1585 3738 1648 ",3

437 1683 554 1753 ejus
577 1683 627 1749 ll';
662 1703 681 1736 ι
708 1684 762 1738 id
787 1693 891 1749 est,
919 1700 989 1739 ne
1034 1684 1319 1740 deleCLeris
1348 1700 1532 1740 amare
1558 1684 1779 1750 mundi,
1807 1684 2024 1754 quando
2127 1681 2181 1736 id
2219 1690 2334 1749 est,
2376 1699 2406 1737 a
2449 1682 2685 1748 diabolo,
2712 1682 2806 1753 qui
2833 1691 3044 1736 amator
3069 1690 3153 1737 εει
3179 1681 3487 1751 iniquitatis
3505 1721 3521 1746 ,
3553 1681 3738 1736 libera

439 1775 632 1841 allicit,
663 1792 784 1831 cum
815 1776 1184 1833 blandimento
1213 1777 1388 1847 fragili
1419 1777 1664 1831 arriserit
1691 1777 1855 1831 decor
1883 1775 2018 1845 ejus.
2127 1787 2234 1828 me.
2271 1772 2386 1840 Vir,
2413 1789 2569 1829 error
2606 1773 2831 1838 animai,
2863 1782 2924 1827 ut
2965 1773 3018 1826 in
3058 1772 3354 1844 Evangelia
3381 1791 3394 1826 :
3435 1792 3457 1824 ί
3488 1773 3563 1828 Ει
3589 1774 3742 1830 hunc

447 1863 671 1932 Vinum,
703 1867 942 1922 vindicta
960 1910 974 1932 ,
1003 1877 1065 1922 ut
1092 1869 1145 1922 in
1182 1867 1502 1938 Apocalypsi
1535 1886 1546 1920 :
1583 1888 1601 1918 ι
1633 1867 1700 1920 Ει
1741 1867 1830 1921 hic
1867 1867 2016 1922 bibet
2045 1867 2092 1926 Β
2118 1878 2280 1932 quem
2302 1864 2492 1931 habes,
2518 1879 2626 1919 non
2647 1873 2732 1920 est
2754 1871 2880 1918 tuus
2901 1863 2986 1917 vir
3012 1863 3080 1929 ’³,
3115 1884 3134 1915 ι
3165 1863 3219 1918 id
3243 1872 3346 1930 est,
3363 1879 3476 1918 non
3499 1879 3739 1933 sponsa,

443 1955 509 2010 de
547 1958 673 2010 vino
701 1957 796 2013 irae
834 1960 932 2013 Dei
979 1959 1000 1990 ⁸
1027 2001 1042 2024 ,
1071 1978 1089 2011 ι
1119 1960 1174 2014 id
1199 1968 1310 2023 est,
1342 1959 1537 2014 sentiet
1578 1959 1872 2014 vindictam
1899 1958 2022 2024 Dei,
2133 1957 2386 2012 videlicet
2424 1973 2558 2012 sano
2580 1957 2612 1991 "
2638 1956 2976 2022 intellectus,
3005 1955 3275 2027 capularis
3299 1996 3316 2022 ,
3341 1957 3441 2011 sed
3481 1956 3540 2010 in
3589 1957 3742 2011 adul-

445 2055 740 2120 antequam
778 2050 1041 2120 judicium
1085 2052 1180 2106 Dei
1222 2051 1438 2108 inferat.
2131 2049 2269 2104 terio
2309 2049 2516 2104 erroris
2555 2048 2947 2105 meretricaris.
2990 2046 3094 2102 Per
3118 2049 3256 2102 viros
3282 2046 3495 2102 robusti
3521 2047 3743 2117 quique

529 2139 690 2194 Vinea
719 2151 802 2197 est
827 2141 1106 2208 Christus,
1135 2152 1195 2197 ut
1221 2144 1275 2197 in
1301 2142 1528 2199 Cantica
1558 2162 1570 2198 :
1607 2163 1625 2196 ι
1661 2143 1955 2200 Videamus
1978 2145 2026 2200 si
2130 2149 2185 2197 et
2227 2141 2568 2212 spirituales,
2616 2149 2678 2195 ut
2716 2141 2770 2194 in
2811 2140 2914 2196 Job
2945 2159 2956 2194 :
2993 2160 3012 2193 ‹
3039 2141 3116 2196 De
3155 2155 3264 2210 quo
3301 2141 3743 2196 cecineruntvi-

444 2230 688 2287 ﬂoruerit
734 2234 891 2288 vinea
913 2235 954 2299 °,
985 2255 1004 2288 ι
1032 2235 1085 2290 id
1105 2245 1189 2289 est
1209 2276 1223 2300 ,
1253 2236 1297 2290 si
1325 2237 1380 2290 in
1407 2235 1716 2293 hominibus
1741 2252 1838 2307 per
1866 2235 2028 2292 ﬁdem
2131 2233 2178 2287 ri
2204 2232 2272 2297 “,
2292 2252 2310 2284 ι
2329 2233 2360 2267 ⁸
2379 2247 2540 2304 quem
2565 2232 2996 2303 praedicaverunt
3020 2233 3274 2288 doctores
3296 2232 3352 2286 in
3377 2232 3524 2288 bona
3551 2248 3732 2302 opere

443 2323 688 2378 ﬂoruerit
710 2323 977 2381 Christus.
1011 2325 1196 2392 Vinea,
1228 2327 1502 2394 Ecclesia,
1527 2337 1586 2382 ut
1611 2329 1664 2382 in
1692 2329 2024 2400 Evangelia:
2133 2325 2368 2381 robusti.
2413 2326 2519 2381 Per
2556 2327 2695 2380 viros
2730 2325 2970 2406 hazretici
2992 2367 3007 2386 ,
3047 2334 3109 2380 ut
3143 2325 3200 2380 in
3231 2325 3468 2380 Psalmis
3499 2344 3512 2379 :
3553 2345 3576 2377 ι
3615 2328 3730 2381 Viri

453 2431 470 2465 ι
503 2414 578 2468 Ite
622 2423 678 2469 et
715 2431 811 2470 vos
837 2416 892 2469 in
939 2417 1152 2472 vineam
1183 2433 1359 2472 meam
1387 2420 1431 2483 ",
1463 2439 1481 2471 ι
1519 2420 1572 2474 id
1615 2429 1734 2486 est,
1776 2421 1916 2476 bene
1954 2423 2029 2477 vi-
2130 2418 2458 2489 sanguinum
2498 2418 2817 2473 declinatea
2840 2433 2927 2472 me
2965 2417 3034 2484 ’⁵,
3064 2436 3083 2470 ι
3115 2417 3169 2473 id
3211 2426 3326 2482 est,
3368 2433 3402 2472 ο
3446 2418 3736 2482 haretici,

445 2505 620 2557 venda
644 2505 698 2558 in
735 2504 996 2571 Ecclesia,
1026 2506 1269 2562 labarate
1299 2509 1352 2561 in
1383 2509 1624 2564 Ecclesia
1652 2526 1792 2566 mea.
1829 2511 2024 2579 Vinea,
2130 2511 2224 2579 qui
2267 2524 2364 2580 per
2411 2509 2785 2579 deceptionem
2817 2509 3124 2564 animarum
3151 2510 3477 2581 sanguinem
3504 2511 3737 2574 bibitis,

445 2611 602 2650 sacra
629 2593 932 2665 Scriptura,
956 2609 1015 2652 ut
1041 2597 1095 2651 in
1117 2595 1218 2652 Job
1243 2617 1256 2652 :
1287 2617 1305 2649 ‹
1332 2598 1399 2653 Ει
1417 2600 1630 2654 vineam
1655 2600 1790 2670 ejus,
1819 2603 1838 2621 "
1865 2617 2027 2672 quam
2130 2600 2302 2672 fugite
2330 2616 2360 2654 a
2387 2615 2492 2656 me.
2517 2600 2622 2655 Per
2646 2602 2783 2655 viros
2813 2600 3054 2670 quinque
3078 2615 3271 2656 sensus
3294 2601 3654 2670 corporales,
3677 2611 3736 2657 ut

445 2687 496 2742 vi
545 2698 928 2758 oppresserunt
951 2731 965 2754 ,
1037 2689 1368 2744 vindemiant
1417 2689 1472 2744 8:
1520 2711 1539 2742 ι
1581 2692 1724 2760 quod
1784 2691 2027 2746 haeretici
2131 2695 2186 2750 in
2226 2693 2563 2764 Evangelia:
2598 2713 2617 2745 ι
2653 2693 2904 2764 Quinque
2933 2695 3080 2750 enim
3105 2695 3254 2750 viros
3279 2693 3577 2766 (habuisti)
3604 2696 3678 2760 ⁸⁸,
3711 2716 3732 2748 ι

451 2784 775 2853 scripturam
823 2784 926 2838 viri
976 2786 1267 2852 catholici,
1323 2802 1483 2856 quem
1531 2786 1872 2854 afﬂixerunt,
1924 2789 2030 2846 sibi
2130 2785 2321 2850 idest,
2354 2785 2606 2841 sensibus
2631 2786 2871 2856 quinque
2898 2786 3143 2857 corporis
3168 2785 3247 2840 tui
3273 2786 3588 2842 adhaesisti.

443 2875 742 2930 vindicant.
791 2875 948 2931 Vinea
987 2878 1168 2933 anima
1189 2879 1424 2934 hominis
1441 2921 1455 2945 ,
1483 2888 1544 2934 ut
1569 2879 1625 2934 in
1650 2878 1800 2936 Joele
1829 2900 1840 2934 :
1877 2901 1894 2931 ‹
1927 2881 2030 2938 Po—
2209 2879 2370 2950 Virgo
2394 2889 2477 2934 est
2501 2879 2590 2933 illa
2612 2879 2853 2934 omnium
2877 2880 3040 2934 decus
3059 2879 3331 2952 virginum
3347 2921 3364 2945 ,
3388 2880 3534 2934 utin
3553 2877 3730 2934 Isaia:

445 2967 553 3020 suit
596 2967 810 3022 vineam
857 2984 1034 3024 meam
1081 2969 1135 3023 in
1181 2970 1454 3026 desertum
1500 2971 1554 3037 ’,
1589 2990 1607 3022 ι
1637 2971 1692 3026 id
1730 2981 1846 3038 est,
1872 2973 2032 3029 bonis
2138 2990 2158 3024 ι
2187 2971 2326 3027 Ecce
2364 2972 2518 3044 virgo
2558 2971 2859 3041 concipiet,
2884 2979 2940 3027 et
2979 2971 3157 3042 pariet
3174 2971 3348 3026 ﬁlium
3375 2973 3448 3037 '-',
3485 2991 3504 3023 ι
3536 2972 3592 3026 id
3619 2983 3732 3035 est,

445 3057 819 3124 Spiritualibus
857 3061 1139 3114 evacuavit
1182 3062 1416 3116 animam
1458 3079 1657 3118 meam.
1697 3062 1894 3141 Vinea,
1924 3065 2029 3122 Ec-
2132 3063 2302 3118 Maria
2340 3063 2620 3119 Christum
2661 3063 2718 3118 in
2759 3072 2919 3133 partu
2947 3061 3142 3128 illaesa,
3170 3063 3315 3134 quod
3355 3065 3409 3117 in
3455 3074 3732 3134 mucepta

451 3150 614 3205 clesia
666 3151 734 3206 de
782 3154 1060 3223 gentibus,
1117 3164 1176 3207 ιιι
1225 3155 1281 3209 in
1323 3155 1598 3211 Psalmis:
1639 3175 1657 3208 ι
1691 3157 1918 3213 Vineam
1966 3159 2032 3215 de
2133 3153 2470 3224 incorrupta.
2514 3151 2709 3225 Virgo,
2755 3162 2943 3208 sancta
2984 3153 3259 3220 Ecclesia,
3307 3162 3370 3208 ut
3412 3155 3472 3208 in
3519 3154 3729 3210 Paulo:

455 3240 693 3312 ZEgypta
717 3243 1000 3298 trastulisti
1034 3244 1100 3310 ιο,
1133 3264 1154 3297 ι
1188 3245 1240 3298 id
1275 3253 1358 3299 est
1381 3285 1397 3310 ,
1446 3244 1743 3300 Ecclesiam
1789 3248 2026 3318 gentium
2055 3260 2099 3325 ρ
2139 3261 2158 3296 ι
2190 3244 2458 3314 Despondi
2485 3245 2629 3300 enim
2653 3259 2749 3299 vos
2773 3245 2864 3298 uni
2891 3245 3007 3301 viro
3025 3245 3291 3316 virginem
3313 3254 3532 3300 castam
3577 3247 3732 3300 exhi-

454 3331 520 3383 de
552 3332 792 3387 tenebris
821 3332 1139 3402 ignorantiae
1167 3333 1235 3387 ad
1259 3333 1440 3388 lumen
1481 3334 1726 3391 veritatis
1751 3336 2030 3404 perduxis-
2129 3335 2259 3390 here
2282 3334 2502 3390 Christo
2530 3336 2602 3402 ³⁸,
2640 3355 2658 3386 ι
2688 3333 2832 3404 quod
2878 3334 3164 3390 insistebat
3208 3336 3356 3391 idem
3398 3335 3734 3406 praedicator

452 3423 494 3476 ti
520 3463 534 3487 ,
559 3423 702 3492 quod
731 3422 998 3494 Egyptus
1024 3425 1261 3480 tenebras
1291 3435 1464 3482 sonat.
1496 3426 1679 3492 Vinea,
1714 3426 1992 3500 Synagoga
2011 3471 2025 3494 ,
2130 3427 2378 3497 egregius
2412 3424 2610 3481 oﬂ'erre
2636 3425 2934 3481 Ecclesiam
2967 3426 3084 3482 sine
3119 3426 3332 3483 macula
3357 3436 3414 3481 et
3441 3443 3581 3498 ruga
3615 3426 3730 3482 Sal-

449 3520 506 3566 ιιι
549 3513 603 3566 in
640 3512 901 3568 Cantica:
934 3516 1207 3571 t-Vineam
1250 3532 1423 3572 meam
1463 3534 1573 3575 non
1612 3520 1877 3574 custodivi
1903 3521 1966 3585 “,
2003 3543 2022 3574 ι
2131 3520 2306 3573 vatori
2332 3520 2364 3553 *ι
2391 3528 2502 3574 ιιιο.
2546 3516 2737 3589 Virgo,
2765 3519 2946 3574 anima
2979 3527 3204 3586 sancta,
3239 3527 3300 3574 ut
3339 3519 3396 3574 in
3435 3519 3724 3575 Levitico:

451 3603 593 3673 quod
633 3602 970 3676 Synagogam
1008 3607 1078 3662 ab
1124 3607 1555 3664 incredulitatem
1593 3610 1855 3667 Dominus
1899 3627 1930 3665 a
1970 3628 2029 3667 se
2139 3629 2158 3661 ‹
2190 3610 2523 3681 Virginem"L
2549 3609 2698 3665 ducit
2735 3625 2960 3665 uxorem
2979 3610 3045 3674 ",
3078 3629 3096 3662 ι
3124 3611 3267 3680 quod
3307 3610 3556 3664 animam
3601 3610 3730 3663 ﬁde—

453 3694 669 3764 abjecit.
724 3695 918 3763 Vinea,
972 3698 1083 3753 vita
1130 3699 1415 3770 cujuslibet
1465 3701 1812 3772 negligentis,
1863 3711 1922 3756 ut
1975 3703 2030 3758 in
2135 3698 2241 3754 lem
2272 3699 2375 3754 sibi
2399 3698 2593 3770 junget
2617 3715 2716 3768 per
2740 3715 3002 3754 amorem.
3042 3687 3219 3771 Virgo,
3251 3715 3408 3756 mens
3435 3716 3648 3770 prava,
3675 3713 3728 3752 ut

447 3788 726 3844 Parabolis
751 3803 766 3843 :
804 3809 821 3840 ι
855 3789 922 3843 Ει
959 3804 1055 3860 per
1077 3790 1291 3845 vineam
1319 3792 1422 3846 viri
1456 3792 1605 3847 stulti
1633 3792 1859 3847 transivi
1892 3793 1933 3824 "
1952 3835 1966 3858 ,
2005 3813 2022 3845 ι
2134 3790 2189 3844 in
2212 3789 2349 3845 Isaia
2379 3809 2392 3845 :
2425 3809 2444 3842 ι
2475 3789 2614 3846 Sede
2637 3790 2693 3845 in
2716 3789 2957 3861 pulvere,
2982 3791 3136 3863 virgo
3157 3791 3267 3846 ﬁlia
3286 3790 3590 3863 Babylonis
3614 3794 3686 3856 ³⁸,
3709 3813 3726 3842 ι

451 3883 505 3938 id
531 3891 644 3947 est,
677 3882 903 3938 intuitus
929 3897 1051 3937 sum
1073 3884 1239 3938 vitam
1267 3884 1604 3956 negligentis.
1641 3882 1804 3939 Vinea
1822 3925 1837 3950 ,
1865 3885 2030 3956 hypo-
2135 3883 2277 3952 quod
2304 3883 2540 3938 molliter
2563 3891 2808 3938 moratur
2833 3883 2891 3939 in
2917 3893 3133 3939 terrena
3160 3884 3498 3954 cogitatione
3527 3900 3560 3938 a
3589 3885 3730 3938 bane

454 3977 620 4041 crita,
661 3984 724 4038 ut
766 3976 819 4030 in
862 3975 1000 4032 Job:
1033 3994 1053 4027 ‹
1082 3976 1332 4032 Laedetur
1369 3978 1526 4047 quasi
1565 3979 1724 4032 vinea
1761 3978 1818 4031 in
1855 3978 2030 4047 primo
2135 3987 2298 4044 apere
2324 3974 2525 4030 sterilis
2546 3974 2726 4029 anima
2756 3974 3011 4030 vitiorum
3035 3975 3068 4010 ’⁸
3094 3973 3413 4029 confusione
3458 3974 3724 4044 subjecta.

451 4065 584 4121 ﬂore
609 4065 797 4122 botrus
823 4067 940 4136 ejus
967 4067 1031 4132 ¹³,
1066 4085 1084 4117 ι
1118 4068 1258 4136 quod
1284 4068 1426 4123 actio
1450 4061 1745 4139 hypocriten
1782 4082 1879 4137 per
1916 4067 2031 4122 lau-
2145 4068 2334 4140 Virgo,
2382 4069 2534 4140 plebs
2577 4067 2920 4138 Iudaeorum,
2968 4079 3030 4124 ut
3075 4070 3131 4124 in
3172 4070 3442 4140 propheta
3468 4090 3486 4125 :
3517 4089 3536 4120 ι
3565 4070 3730 4138 Virga

452 4159 533 4213 dis
559 4159 805 4212 humanm
832 4158 1070 4213 favorem
1089 4160 1453 4228 corrumpitur
1475 4159 1528 4213 in
1553 4160 1728 4230 prima
1750 4159 1830 4212 sui
1858 4165 2035 4214 osten-
2132 4163 2296 4218 Israel
2332 4163 2574 4233 prajecta
2601 4171 2683 4218 est
2711 4163 2780 4228 “,
2815 4183 2836 4216 ι
2866 4163 2922 4219 id
2949 4171 3060 4229 est,
3089 4163 3241 4233 plebs
3267 4162 3500 4218 Iudaica
3529 4163 3728 4216 sterilis

455 4254 625 4308 sione.
649 4253 754 4308 Per
775 4253 975 4307 vineam
1001 4253 1186 4307 ﬁdeles
1207 4252 1385 4322 populi
1407 4293 1420 4317 ,
1447 4253 1584 4306 utin
1608 4252 1831 4308 Cantica
1857 4270 1869 4306 :
1893 4272 1910 4304 ι
1931 4252 2033 4306 Pa-
2134 4260 2187 4305 et
2213 4251 2543 4307 infructuosa
2569 4251 2639 4306 ab
2665 4252 3096 4308 incredulitatem
3123 4252 3408 4323 reprobata
3433 4260 3546 4306 est.

452 4354 677 4399 suerunt
701 4361 787 4400 me
814 4345 1090 4400 custodem
1115 4345 1171 4398 in
1192 4345 1363 4400 vineis
1387 4345 1452 4412 ιδ,
1483 4366 1500 4397 ι
1532 4345 1585 4400 id
1614 4354 1729 4412 est,
1755 4345 2034 4417 elegerunt
2215 4338 2374 4410 Virga
2403 4349 2488 4396 εει
2515 4342 2740 4396 verbum
2769 4358 3018 4409 manens,
3047 4353 3106 4397 ut
3129 4343 3183 4397 in
3209 4342 3398 4398 Exodo
3424 4361 3439 4396 :
3479 4364 3497 4394 ι
3533 4342 3726 4397 Tenuit

455 4453 541 4491 me
569 4436 852 4506 praelatum
882 4437 935 4491 in
965 4436 1198 4506 populis.
2135 4433 2360 4488 caudam
2381 4475 2395 4498 ,
2421 4448 2686 4502 versaque
2711 4443 2798 4490 est
2821 4435 2876 4489 in
2905 4436 3111 4507 virgam
3136 4436 3204 4500 3',
3237 4457 3256 4488 ι
3283 4437 3424 4507 quod
3470 4437 3634 4492 electi
3673 4439 3723 4491 in

535 4525 758 4582 Vincula
794 4538 921 4583 sunt
961 4527 1306 4583 infirmitates
1348 4529 1700 4584 humanitatis
1741 4538 2030 4599 assumpta:
2134 4539 2242 4579 uno
2285 4524 2584 4595 eodemque
2624 4523 2843 4580 Christo
2885 4518 3056 4582 Deum
3090 4537 3139 4582 ct
3177 4528 3458 4583 hominem
3500 4527 3726 4583 credunt

456 4620 508 4673 in
554 4618 771 4675 Christo
794 4660 809 4686 ,
842 4629 900 4674 ut
929 4619 981 4673 in
1013 4617 1158 4674 Job:
1196 4637 1213 4669 ι
1250 4618 1317 4673 Ει
1355 4619 1568 4674 vincula
1609 4619 1726 4690 ejus
1767 4621 1889 4690 quis
1928 4622 2034 4676 sol-
2058 4624 2112 4684 D
2138 4631 2258 4672 esse
2301 4615 2609 4670 Dominum.
2651 4614 2844 4686 Virga,
2895 4617 3204 4674 humanitas
3250 4618 3458 4674 Christi
3489 4662 3506 4685 ,
3561 4631 3624 4674 ut
3671 4622 3720 4672 in

457 4713 535 4765 vit
564 4713 642 4765 ιιι
676 4732 694 4763 ›
726 4713 868 4782 quod
889 4727 985 4782 per
1024 4713 1510 4778 resurrectionem,
1543 4711 1772 4782 gratiam
1812 4727 2011 4768 omnen

2168 4705 2301 4760 ’aula
2329 4723 2342 4760 :
2373 4725 2392 4757 ι
2411 4705 2478 4760 Ει
2498 4707 2704 4777 virgam
2725 4707 2908 4763 Aaron
2925 4748 2941 4774 ,
2963 4723 3084 4778 qua:
3107 4707 3426 4765 fronduerat
3451 4711 3520 4775 ³³,
3545 4731 3563 4762 ι
3581 4711 3722 4780 quod

457 4802 598 4856 Deus
629 4803 788 4857 Pater
815 4801 1112 4870 inChristo
1136 4805 1168 4839 "
1193 4802 1565 4858 inﬁrmitatem
1593 4803 1901 4858 mutavitin
1927 4803 2032 4856 vir-
2137 4799 2444 4854 humanitas
2500 4797 2736 4860 Christi,
2782 4800 2898 4855 veri
2959 4801 3289 4865 sacerdotis,
3335 4803 3490 4856 omni
3525 4803 3722 4857 sancti.

457 4902 647 4948 tutem.
686 4893 907 4948 Vincula
929 4937 942 4959 ,
971 4906 1192 4964 peccata
1213 4936 1228 4960 ,
1258 4904 1318 4949 ut
1344 4895 1396 4949 in
1421 4893 1649 4950 Psalmis
1677 4913 1689 4948 :
1725 4913 1744 4946 ι
1773 4894 2032 4966 Dirupisti
2139 4891 2268 4946 tatis
2291 4892 2490 4946 decore
2515 4890 2776 4962 fulgebat.
2814 4889 2976 4963 Virga
2994 4933 3008 4956 ,
3037 4901 3280 4962 potestas
3303 4893 3514 4949 Christi
3537 4936 3553 4959 ,
3585 4903 3645 4948 ut
3670 4895 3720 4947 in

458 4984 671 5039 vincula
702 5001 822 5040 mea
850 4985 914 5051 “‘,
949 5006 966 5037 ι
998 4987 1051 5039 id
1077 4995 1190 5051 est,
1221 4985 1510 5041 dissolvisti
1536 4993 1756 5055 peccata
1783 5000 1918 5040 mea.
2137 4981 2367 5036 Psalmis
2396 5000 2407 5034 :
2441 5001 2459 5032 ι
2487 4981 2708 5052 Virgam
2734 4982 2950 5038 virtutis
2976 4991 3082 5038 tuac
3107 4984 3349 5054 (emittet
3369 4983 3636 5040 Dominus
3655 4999 3722 5036 ex

541 5073 727 5145 Vipera
753 5084 834 5131 est
861 5077 1087 5132 tentatio
1109 5077 1334 5140 diaboli,
1361 5076 1498 5130 utin
1523 5074 1624 5130 Job
1651 5093 1665 5129 :
1696 5095 1713 5125 ι
1741 5075 1859 5129 Et"
1881 5089 2032 5131 acce—
2140 5073 2274 5129 Sion
2299 5073 2401 5145 "",)
2437 5094 2454 5124 ι
2489 5073 2544 5126 id
2569 5082 2686 5138 est,
2715 5082 3042 5143 potestatem
3082 5073 3417 5129 fortitudinis
3452 5089 3570 5129 sua:
3601 5088 3721 5144 pra-

459 5171 550 5224 det
570 5170 635 5224 ad
661 5184 784 5224 eum
807 5169 987 5240 lingua
1015 5171 1211 5240 viperae
1233 5171 1300 5235 ιτ,
1324 5190 1343 5223 ι
1365 5169 1420 5223 id
1443 5178 1558 5235 est,
1585 5177 1814 5224 mortem
1839 5168 2034 5223 animae
2141 5167 2301 5222 ducet
2325 5183 2391 5222 ex
2418 5165 2614 5236 populo
2635 5165 2966 5222 Iudaeorum.
3003 5166 3192 5238 Virga,
3219 5169 3481 5224 vexillum
3507 5169 3686 5225 crucis
3703 5209 3720 5230 ,

459 5275 558 5328 per
601 5275 926 5315 consensum
972 5267 1278 5329 prosternet
1323 5274 1448 5313 eum
1495 5259 1766 5328 suggeslia
1812 5257 2028 5315 diaboli.
2140 5265 2200 5312 ut
2239 5258 2293 5311 in
2335 5257 2563 5312 Exodo:
2597 5277 2614 5308 ι
2651 5256 2902 5326 Tulitque
2924 5257 3106 5313 Aaron
3133 5259 3340 5330 virgam
3377 5274 3567 5314 mram
3591 5258 3722 5312 Pha-

535 5440 551 5469 ¹
578 5437 744 5506 Apoc.
773 5453 824 5506 vi
846 5478 860 5500 ,
887 5437 938 5491 6.
980 5437 999 5467 '
1027 5434 1310 5506 Caut._v_m
1332 5474 1348 5506 ,
1376 5433 1428 5488 2.
1465 5433 1499 5506 ξ
1516 5431 1652 5506 Jael_.
1687 5448 1741 5506 1,
1772 5433 1824 5487 5.
1862 5431 1885 5471 β
1911 5432 2071 5506 Prov.

2161 5447 2238 5506 gn
2258 5473 2272 5496 ,
2306 5432 2394 5486 51.
2417 5433 2459 5506 Α⁶
2484 5432 2654 5506 Apoc.
2681 5447 2794 5495 xxv,
2827 5430 2912 5484 10.
2937 5431 3158 5506 ξλεμ-ιιι.
3181 5449 3264 5506 _vu
3282 5475 3297 5496 ,
3329 5433 3428 5506 lg:
3457 5431 3715 5506 '__lIgtth.

463 5527 558 5572 xx,
579 5501 642 5574 4,
667 5508 719 5560 '7.
743 5508 764 5538 ⁸
786 5505 906 5562 Job.
933 5523 1084 5571 χχιιι,
1111 5505 1163 5559 6.
1190 5504 1212 5535 ⁹
1237 5504 1372 5560 Joel.
1403 5520 1442 5568 ι,
1470 5504 1522 5557 7.
1548 5503 1756 5574 “Psal.
1785 5503 2017 5569 Lxxtx,9

2163 5503 2310 5574 Cant.
2338 5520 2380 5566 ι,
2410 5502 2460 5554 6.
2506 5501 2914 5574 ¹²ᾹΡιξενζκκιὴ
2936 5501 3023 5555 '50.
3047 5503 3088 5534 ¹³
3114 5503 3214 5557 Joh
3243 5519 3330 5574 xv.
3359 5503 3449 5557 '53.
3491 5503 3537 5533 ”‘
3561 5503 3717 5557 Cant.

463 5597 509 5642 ι,
539 5571 592 5633 6.
629 5571 810 5631 “Job
840 5593 1029 5634 xxxix.
1057 5576 1110 5629 8.
1143 5575 1187 5606 ¹⁶
1214 5574 1357 5628 Psal.
1389 5591 1515 5640 cxv,
1547 5573 1635 5628 16.
1699 5575 1739 5606 ⁸⁷
1771 5574 1870 5628 Job
1901 5591 1990 5637 xx,

2164 5573 2197 5603 λδ
2228 5573 2327 5625 Isa.
2361 5589 2492 5636 xxx,
2531 5571 2674 5642 6.77"
2726 5571 2834 5626 Jer.
2887 5589 3036 5636 xxxr,
3069 5573 3158 5626 2‘2.
3202 5575 3248 5604 ’θ
3299 5573 3455 5627 Joan.
3503 5591 3580 5637 iv,
3633 5577 3718 5628 ﬂ.

464 5641 507 5681 ’ί
541 5647 679 5703 Gen.
713 5664 809 5706 ιιι,
841 5648 892 5701 6.
935 5649 978 5678 ’⁸
1008 5646 1151 5699 Psal.
1190 5661 1323 5709 cn,
1353 5646 1408 5698 ‘2.
1445 5645 1492 5675 ”
1521 5644 1676 5700 Joan.
1709 5661 1778 5706 ιγ,
1820 5645 1903 5698 IS.
1967 5644 2010 5674 ἠ

2169 5659 2362 5708 xxxvi,
2393 5642 2484 5696 24.
2527 5643 2572 5672 ’⁵
2602 5641 2743 5696 Psal.
2777 5659 3014 5697 cxxxvm
3039 5685 3053 5707 ,
3096 5645 3181 5696 19.
3220 5644 3266 5673 ¹⁶
3305 5643 3461 5698 Joan.
3499 5661 3587 5706 iv,
3631 5647 3718 5699 18.

465 5719 509 5750 ³⁷
543 5718 641 5770 Isa.
673 5717 873 5780 vn,M.
915 5718 959 5748 ’⁸
989 5716 1030 5770 II
1059 5715 1181 5769 Cor.
1208 5731 1285 5778 xl,
1306 5716 1358 5768 2.
1393 5715 1437 5745 ¹⁹
1459 5714 1588 5768 Lev.
1615 5731 1702 5768 χχι
1725 5756 1738 5778 ,
1762 5716 1846 5767 lii.
1888 5716 1930 5744 ³ο
1958 5715 2019 5768 Is:

2163 5731 2260 5777 vn,
2288 5714 2336 5764 1.
2379 5713 2420 5744 ³ι
2446 5713 2610 5766 Amos
2639 5730 2688 5777 ν,
2719 5715 2771 5768 ‘2.
2817 5715 2859 5745 ³³
2885 5715 3050 5768 Exod.
3084 5730 3170 5780 IV,
3200 5713 3254 5767 4.
3298 5714 3342 5745 ³³
3371 5713 3536 5768 Hebr.
3557 5732 3632 5776 is,
3663 5717 3717 5767 ι.

466 5786 676 5838 “'Psal.
699 5801 785 5838 cxx
809 5825 820 5836 .
846 5787 899 5839 “2.
