3936 6328
227 407 355 467 1081

1194 413 1611 473 Αιιεαοιιιῶ
1651 415 1719 472 ΙΝ
1760 412 2039 474 SACRAM
2080 419 2544 478 SCRIPTURAM.

3352 429 3375 482 1
3386 429 3492 485 082

226 540 390 580 raone
418 525 468 589 ⁸,
503 543 523 576 ι
561 525 704 596 quod
725 526 860 582 ordo
899 526 1314 597 prmdicatorum
1343 532 1598 587 vexillum
1626 536 1806 589 crucis
1829 538 1882 598 Α
1908 536 1998 606 qui
2035 537 2090 590 in
2125 539 2487 595 amaritudine
2525 540 2650 596 vita:
2687 551 2812 596 sunt
2847 543 2912 606 ’°,
2954 559 2972 593 ι
3007 543 3059 597 id
3109 551 3212 608 est,
3262 559 3490 614 quorum

227 635 409 675 coram
434 620 654 690 regibus
676 628 731 674 ct
756 621 1088 693 principibus
1113 624 1462 695 prmdicahat.
1497 624 1675 697 Virga,
1701 643 1812 681 ma-

228 720 307 765 ter
331 708 563 774 Christi,
592 718 653 765 ut
683 711 737 766 in
764 711 904 767 Isaia
932 733 944 768 :
978 733 995 765 ι
1017 714 1340 786 Egredietur
1361 717 1511 787 virga
1538 718 1601 772 de
1629 717 1812 774 radice
1847 767 1851 772 .

224 803 372 859 Jesse
397 804 440 869 ³,
473 824 491 854 ι
521 803 576 858 id
616 813 732 871 est,
775 807 1030 876 procedet
1054 807 1223 863 Maria
1248 809 1314 863 de
1358 811 1614 880 progenie
1636 809 1806 868 Jesse.

239 893 424 966 Virga,
457 896 628 962 ﬁdes,
656 904 717 951 ut
749 897 803 951 in
832 898 1020 955 Exodo
1048 918 1062 953 :
1095 920 1113 952 ι
1145 899 1368 970 Virgam
1396 902 1523 958 tolle
1560 904 1612 958 in
1646 920 1809 960 manu

223 995 313 1042 tua
335 1027 351 1054 ,
379 987 436 1043 in
462 1003 568 1058 qua
591 987 834 1045 facturus
877 1006 936 1046 es
971 992 1136 1061 signa
1179 993 1224 1060 ³,
1257 1012 1275 1045 ι
1305 993 1359 1048 id
1388 1003 1472 1050 est
1494 1037 1509 1060 ,
1539 995 1698 1050 ﬁdem
1729 1013 1809 1054 re-

222 1091 363 1138 ctam
386 1082 550 1154 imple
582 1084 636 1137 in
677 1085 1021 1155 operatione,
1051 1100 1150 1157 per
1181 1102 1347 1157 quam
1388 1087 1551 1144 debes
1591 1089 1806 1159 operari

223 1181 507 1237 miracula.
552 1179 748 1254 Virga,
780 1185 1082 1255 correptio,
1118 1193 1180 1239 ut
1206 1184 1262 1239 in
1287 1183 1554 1240 Psalmis:
1590 1206 1608 1237 ι
1641 1185 1805 1257 Virga

225 1284 314 1330 tua
352 1282 408 1330 et
449 1275 673 1331 baculus
713 1284 837 1332 tuus
862 1276 916 1344 ⁸,
952 1298 970 1330 ι
1004 1278 1059 1332 id
1083 1286 1198 1344 est,
1229 1279 1501 1349 correptio
1533 1288 1589 1334 et
1613 1295 1805 1336 conso-

221 1366 350 1422 latio
399 1374 525 1433 tua,
562 1385 580 1418 ι
611 1366 731 1437 Ipsa
767 1384 854 1423 me
894 1370 1173 1426 consolata
1218 1379 1363 1426 sunt.
1399 1391 1416 1422 ι
1461 1369 1646 1441 Virga,
1675 1388 1805 1428 con-

220 1458 461 1528 gregatio
493 1456 800 1526 justorum,
832 1471 893 1514 ut
917 1461 972 1515 in
1001 1461 1231 1517 Psalmis
1263 1481 1276 1515 :
1313 1481 1332 1513 ι
1361 1459 1656 1517 Redemisti
1696 1463 1806 1517 vir-

221 1567 339 1623 gam
368 1552 704 1609 hrereditatis
755 1562 860 1609 tute
888 1555 933 1621 ⁸,
967 1576 986 1608 ι
1017 1556 1071 1610 id
1099 1564 1215 1623 εει,
1246 1572 1277 1610 a
1306 1563 1576 1626 potestate
1603 1555 1802 1611 diaboli

220 1647 414 1701 exuisti
448 1646 693 1704 haeredes
717 1649 870 1720 regni
899 1649 998 1704 tui.
1041 1648 1199 1721 Virga
1223 1693 1237 1717 ,
1267 1651 1554 1722 castigatio
1583 1651 1764 1706 divina
1783 1692 1798 1718 ,

220 1751 280 1798 ut
308 1743 361 1796 in
405 1741 640 1798 Jeremia
671 1762 682 1797 :
723 1763 740 1794 ‹
771 1743 992 1816 Virgam
1043 1745 1357 1816 vigilantem
1387 1761 1489 1817 ego
1518 1746 1676 1800 video
1701 1746 1745 1810 ⁸,
1777 1767 1794 1797 ›

1911 629 2082 701 gloria
2122 631 2401 686 confertur
2441 634 2749 703 temporalis
2787 635 2919 691 viris
2953 637 3188 703 sanctis,
3228 641 3320 708 qui
3357 643 3496 697 assi-

1911 722 2032 778 duis
2082 723 2333 781 lamentis
2379 735 2590 782 vacant.
2635 725 2754 782 Vita
2781 769 2796 794 ,
2845 732 3162 800 approbatio
3207 735 3494 794 exterioris

1909 815 2170 882 actionis,
2207 827 2267 872 ut
2312 819 2366 873 in
2411 819 2690 876 Parabolis
2725 841 2737 876 :
2778 842 2796 873 ι
2833 823 2956 878 Vita
2991 825 3237 882 carnium
3287 830 3494 886 sanitas

1909 908 2091 964 cordis
2137 910 2204 976 ¹ί,
2241 931 2260 962 ι
2295 913 2438 981 quod
2491 913 2864 970 benevolentia
2913 919 3111 974 mentis
3171 921 3491 978 exercitium

1909 1007 2252 1060 commendat
2279 1007 2566 1062 exterioris
2596 1009 2841 1066 actionis.

1992 1097 2129 1154 Vitta
2156 1107 2241 1155 est
2270 1110 2456 1156 sancta
2491 1103 2906 1173 praedicatio,ut
2928 1105 2982 1160 in
3011 1105 3242 1162 Cantico
3268 1124 3281 1162 :
3317 1127 3334 1158 ι
3369 1107 3492 1164 Sic-

1904 1201 1967 1247 ut
2000 1192 2134 1248 vitta
2169 1193 2424 1251 coccinea
2473 1195 2615 1251 labia
2644 1204 2734 1251 tua
2762 1198 2828 1263 ³³,
2863 1217 2883 1250 ι
2914 1198 3058 1269 quod
3095 1213 3194 1268 per
3227 1200 3490 1269 praedica-

1906 1283 2082 1340 tiones
2126 1300 2254 1340 suas
2282 1287 2671 1359 cogitationum
2707 1288 2847 1346 ﬂuxa
2886 1291 2939 1345 in
2978 1291 3253 1347 mentibus
3285 1294 3496 1349 audito.-

1904 1393 2025 1432 rum
2073 1379 2458 1450 prmdicatores
2531 1383 2884 1454 restringunt.
2924 1383 3061 1440 Vitta
3087 1426 3102 1452 ,
3154 1401 3279 1458 spes
3326 1387 3492 1443 caele-

1903 1472 2100 1538 stium,
2153 1481 2214 1527 ut
2263 1473 2318 1528 in
2351 1474 2578 1530 Exodo:
2615 1494 2633 1528 ι
2665 1476 2990 1550 Ligabisque
3012 1494 3135 1534 eam
3180 1479 3314 1534 vitta
3363 1481 3496 1551 hya-

1903 1564 2146 1620 cinthina
2175 1567 2245 1632 ’³,
2279 1587 2299 1619 s
2342 1568 2397 1622 id
2425 1576 2530 1635 est,
2568 1569 2823 1624 virtutem
2867 1585 2964 1640 per
3003 1585 3154 1640 spem
3191 1571 3494 1626 caelestium

1903 1654 2255 1711 conﬁrmabis
2289 1657 2344 1712 in
2379 1669 2564 1714 mente
2597 1667 2708 1714 tua.
2745 1659 2852 1715 Per
2893 1662 3048 1716 vittas
3094 1670 3360 1732 praecepta
3406 1663 3493 1717 di-

1900 1747 2026 1800 vina
2047 1788 2061 1813 ,
2097 1755 2156 1801 ut
2205 1748 2262 1801 in
2307 1748 2447 1803 libro
2499 1749 2724 1806 Numeri
2753 1766 2767 1805 :
2802 1770 2820 1802 ι
2848 1751 3118 1808 Ροιιειιιεε
3147 1753 3199 1807 in
3227 1754 3308 1808 eis
3333 1754 3496 1810 vittas

218 1835 268 1889 id
298 1843 412 1901 est,
443 1836 764 1891 electionem
810 1837 1049 1892 divinam
1093 1838 1294 1894 electos
1344 1847 1655 1910 tangentem
1700 1856 1800 1912 ego
1831 1904 1869 1912 _
1903 1840 2282 1912 hyacinthinas
2313 1841 2379 1908 “,
2413 1862 2430 1894 ι
2464 1843 2518 1899 id
2541 1852 2645 1910 est,
2687 1844 2949 1901 habentes
2991 1846 3046 1901 in
3091 1848 3343 1902 cordibus
3385 1849 3497 1903 suis

218 1930 437 1999 aspicio.
475 1929 668 2002 Virga,
706 1940 886 1986 terror
915 1932 1082 2004 legis,
1111 1941 1171 1988 ut
1202 1934 1258 1989 in
1287 1933 1387 1990 Job
1416 1904 1490 1988 εν*
1522 1954 1541 1986 ι
1575 1904 1800 1992 Auferet
1829 1904 1874 1963 Β
1902 1904 2294 2004 praeceptiones
2323 1904 2552 1993 divinas.
2591 1959 2598 1964 ·

216 2037 245 2075 a
286 2037 373 2077 me
410 2021 618 2093 virgam
658 2029 808 2078 tuam
837 2023 881 2090 ",
915 2043 934 2076 ι
983 2023 1038 2079 id
1087 2033 1205 2091 est,
1247 2025 1477 2096 legalem
1525 2025 1795 2081 timorem.

226 2114 417 2186 Virga,
445 2115 627 2170 divina
654 2115 994 2186 persecutio,
1026 2127 1084 2172 ut
1109 2117 1165 2172 in
1199 2115 1435 2172 Jeremia
1465 2131 1480 2170 :
1514 2135 1533 2168 ‹
1565 2116 1622 2171 1η
1650 2117 1799 2188 virga

216 2208 604 2280 indignationis
651 2207 768 2277 ejus
797 2251 813 2275 ,
850 2228 868 2261 ι
905 2209 959 2264 id
988 2218 1106 2277 est,
1139 2211 1192 2265 in
1222 2209 1572 2280 percussione
1617 2209 1803 2264 distri-

215 2303 408 2357 ctionis
455 2300 588 2370 ejus.
626 2301 823 2374 Virga,
870 2305 1142 2360 sententia
1181 2305 1404 2374 judicis,
1435 2312 1494 2359 ut
1533 2304 1587 2358 in
1611 2305 1748 2359 Isaia
1781 2322 1796 2360 :

220 2416 237 2447 ι
267 2396 335 2450 Ει
359 2398 624 2467 percutiet
654 2404 856 2452 terram
884 2399 1039 2468 virga
1090 2399 1201 2455 oris
1231 2399 1312 2454 sui
1340 2399 1362 2430 ⁸
1384 2419 1401 2449 ι
1430 2399 1485 2453 id
1510 2408 1625 2464 est,
1657 2399 1803 2454 dam-

214 2487 362 2543 nabit
392 2497 706 2558 peccatores
739 2491 1012 2545 sententia
1043 2492 1076 2526 ’*
1095 2489 1298 2560 judicis
1323 2492 1424 2547 sui.

296 2577 509 2650 Virgula
541 2588 625 2636 est
651 2589 840 2636 sancta
867 2581 1210 2648 Ecclesia,ut
1236 2583 1292 2636 in
1321 2581 1548 2637 Cantico
1580 2600 1592 2636 :
1624 2600 1642 2632 ι
1681 2581 1802 2638 Sic-

211 2682 273 2728 ut
310 2673 517 2744 virgula
560 2673 692 2728 fumi
728 2689 796 2730 ex
822 2674 858 2709 ’θ
879 2674 1060 2730 Aaron
1094 2673 1141 2741 ³,
1173 2694 1192 2728 ι
1223 2673 1278 2728 id
1331 2682 1447 2741 est,
1489 2682 1678 2730 sancta
1705 2673 1804 2730 Ec-

211 2763 378 2820 clesia
406 2763 606 2820 famam
632 2780 700 2820 ex
725 2780 785 2821 se
809 2765 1068 2821 emittens
1097 2781 1165 2821 ex
1192 2765 1508 2821 virtutibus.

293 2853 528 2911 Virentia
559 2867 687 2913 sunt
710 2866 914 2914 aeterna
940 2859 1081 2914 bona
1101 2900 1117 2926 ,
1143 2867 1204 2913 ut
1232 2859 1287 2913 in
1311 2857 1412 2915 Job
1444 2877 1456 2913 :
1489 2879 1507 2911 ι
1535 2859 1604 2914 Ει
1627 2859 1804 2916 viren-

214 2950 287 3005 tia
325 2965 552 3022 quarque
591 2952 859 3022 perquirit
885 2952 952 3018 ιθ,
998 2972 1018 3004 ι
1058 2953 1112 3008 id
1143 2960 1258 3019 est,
1310 2967 1376 3008 ea
1435 2967 1557 3022 quae
1598 2961 1802 3009 aeterna

210 3042 354 3097 bona
381 3051 540 3109 sunt,
572 3042 776 3098 habere
805 3043 1006 3100 studet.

297 3133 519 3192 Virtutes
551 3144 680 3191 sunt
705 3136 914 3208 angeli,
942 3146 1002 3192 ut
1027 3139 1082 3193 in
1113 3137 1404 3210 Evangelio
1435 3155 1448 3191 :
1483 3156 1502 3188 ‹
1532 3137 1667 3192 Nam
1700 3138 1804 3192 vir-

210 3241 353 3287 tutes
378 3231 641 3288 caelorum
667 3233 1029 3288 movebuntur
1060 3233 1125 3298 υ,
1159 3252 1177 3283 ι
1212 3230 1266 3286 id
1292 3239 1405 3296 est,
1434 3230 1609 3302 angeli
1636 3231 1689 3286 in
1720 3232 1802 3302 ju-

207 3323 354 3379 dicio
383 3325 782 3380 concutientur.

288 3413 434 3472 Visio
457 3424 541 3497 est
565 3415 843 3482 revelatio,
873 3425 933 3471 ut
961 3416 1018 3472 in
1045 3416 1265 3472 Danielc
1293 3435 1306 3470 :
1337 3435 1353 3466 ι
1374 3416 1525 3470 Visio
1549 3415 1800 3487 apparuit

203 3509 343 3563 mihi
375 3509 441 3575 η,
479 3528 497 3560 ι
531 3509 585 3564 id
610 3515 723 3577 est,
750 3509 1012 3564 revelatio
1049 3518 1386 3564 secretorum
1427 3508 1524 3563 Dei
1567 3507 1800 3562 innotuit

205 3599 364 3655 mihi.
390 3598 556 3665 Visio,
585 3599 698 3653 vita
720 3599 1151 3670 bypocritarum,
1179 3609 1240 3655 ut
1275 3601 1331 3654 in
1363 3597 1490 3654 Job:
1519 3604 1534 3619 ‘
1558 3619 1576 3650 ι
1603 3598 1800 3654 Trans-

205 3694 323 3748 ibat
367 3692 509 3747 sicut
549 3691 687 3746 visio
732 3700 997 3746 nocturna
1022 3691 1091 3758 ¹³,
1125 3712 1143 3745 ›
1175 3692 1228 3747 id
1269 3701 1388 3756 est,
1437 3689 1654 3746 deﬁciet
1707 3691 1800 3747 ob-

204 3800 368 3841 scura
409 3784 820 3855 hypocritarum
849 3784 981 3839 vita.

288 3871 507 3930 Viscera
548 3884 675 3930 sunt
712 3885 922 3931 mentes
968 3874 1279 3939 hominum,
1303 3882 1365 3928 ut
1389 3873 1446 3928 in
1475 3871 1576 3928 Job
1605 3892 1616 3926 :
1647 3887 1668 3924 ι
1695 3871 1798 3940 Qui

203 3968 391 4040 posuit
430 3968 484 4022 in
512 3968 816 4024 visceribus
841 3968 1123 4024 hominum
1152 3965 1218 4033 ⁸⁸,
1253 3986 1272 4019 ι
1306 3966 1360 4020 id
1385 3975 1499 4031 est,
1527 3966 1582 4019 in
1613 3964 1801 4019 menti-

205 4059 313 4114 bus
335 4059 614 4115 hominum
634 4101 650 4125 ,
683 4081 700 4112 ι
725 4060 1082 4131 sapientiam,
1127 4059 1230 4114 nisi
1270 4059 1404 4130 ego?
1427 4079 1446 4110 ι
1469 4056 1696 4122 Viscera,
1723 4055 1802 4110 af-

205 4152 473 4208 fectiones
499 4153 681 4208 cordis
699 4195 712 4218 ,
742 4161 799 4206 ut
824 4153 879 4207 in
903 4151 1004 4208 Job
1033 4167 1085 4206 τι
1107 4150 1310 4207 Eﬁ'udit
1337 4151 1392 4205 in
1420 4159 1564 4204 terra
1591 4150 1800 4205 viscera

203 4260 334 4299 mea
365 4244 426 4308 ‘5,
460 4265 477 4298 ι
508 4245 560 4300 id
589 4254 708 4310 εει,
759 4245 921 4300 dilabi
948 4244 1196 4314 permisit
1224 4244 1279 4298 in
1309 4243 1538 4298 terrenis
1563 4240 1800 4296 aﬁ‘ectio-

206 4355 311 4395 nes
338 4355 505 4396 meas.
545 4338 754 4394 Viscera
774 4381 788 4407 ,
821 4339 1072 4409 superbia
1100 4339 1408 4408 iniquorum
1428 4379 1442 4403 ,
1473 4344 1534 4391 ut
1576 4337 1629 4390 in
1661 4333 1794 4390 Job:

209 4455 229 4487 ι
270 4435 494 4489 Viscera
534 4434 650 4504 ejus
689 4433 844 4503 plena
868 4441 994 4488 sunt
1035 4431 1192 4501 adipe
1223 4430 1288 4496 “,
1321 4449 1342 4482 ι
1377 4429 1432 4486 id
1455 4436 1542 4485 est
1580 4426 1799 4498 superbi

205 4535 392 4582 motus
418 4524 561 4595 pleni
589 4533 719 4579 sunt
741 4524 1084 4594 jucunditate
1109 4531 1352 4579 terrena.

1984 2025 2192 2081 Vitulus
2231 2036 2314 2083 est
2348 2028 2632 2098 Christus,
2669 2040 2729 2086 ut
2761 2031 2817 2086 in
2853 2033 3048 2088 Genesi
3081 2052 3093 2086 :
3128 2052 3146 2085 ι
3182 2034 3326 2088 Tulit
3357 2035 3496 2089 vitu-

1903 2117 2014 2173 lum
2042 2120 2107 2174 de
2136 2129 2381 2174 armento
2407 2122 2471 2186 ”,
2506 2141 2525 2174 ›
2557 2123 2612 2177 id
2640 2132 2754 2190 est,
2781 2122 3056 2179 Christum
3085 2125 3152 2180 de
3178 2138 3377 2195 genere
3405 2139 3496 2194 pa-

1905 2211 2272 2266 triarcharum
2323 2221 2533 2268 natum.
2575 2213 2815 2282 Vitulus,
2871 2215 3123 2286 superbia
3174 2215 3384 2281 cordis,
3437 2224 3497 2270 ut

1903 2303 1960 2358 in
1987 2303 2230 2359 Levitico
2261 2318 2276 2358 :
2311 2323 2329 2356 ‹
2360 2305 2566 2360 Oﬁ'erat
2596 2323 2696 2377 pro
2726 2316 2952 2378 peccato
2983 2323 3080 2363 suo
3103 2307 3332 2362 vitulum
3359 2307 3428 2373 *°,
3465 2327 3485 2360 ›

1902 2396 1958 2451 id
1991 2405 2109 2462 est,
2144 2412 2244 2467 pro
2279 2397 2436 2452 venia
2469 2399 2747 2454 commissi
2782 2399 2866 2454 sui
2901 2399 3193 2470 superbum
3229 2400 3284 2454 in
3321 2399 3487 2454 corde

1902 2502 2001 2542 suo
2035 2487 2284 2542 humilict
2331 2497 2558 2544 motum.
2602 2487 2844 2555 Vitulus,
2893 2489 3225 2560 Redemptor
3266 2505 3492 2560 passus,

1903 2587 1962 2634 ut
2000 2580 2056 2634 in
2091 2579 2426 2652 Evangelio:
2461 2600 2482 2633 ‹
2519 2582 2758 2638 Vitulum
2795 2583 3098 2654 saginatum
3133 2582 3332 2638 occidit
3359 2583 3426 2646 ",
3469 2602 3488 2634 ι

1902 2671 2047 2740 quod
2074 2672 2255 2726 omnis
2286 2673 2590 2728 sanctitatis
2613 2672 2951 2742 plenitudine
2978 2681 3202 2728 ornatus
3231 2673 3494 2728 Dominus

1902 2760 2060 2818 Jesus
2096 2761 2346 2819 Christus
2379 2779 2480 2835 pro
2509 2767 2890 2834 peccatoribus
2925 2772 3173 2820 mortuus
3201 2772 3304 2819 est.
3347 2763 3496 2819 Vitu-

1904 2858 2017 2923 lus,
2057 2857 2335 2923 diabolus,
2367 2868 2426 2914 ut
2463 2859 2518 2914 in
2552 2859 2741 2916 Exodo
2773 2879 2785 2913 :
2824 2878 2842 2910 ι
2878 2860 3146 2915 Fecerunt
3176 2859 3402 2914 vitulum
3441 2868 3496 2914 ct

1904 2951 2264 3004 adoraverunt
2307 2949 2376 3015 ",
2411 2970 2429 3002 ι
2461 2950 2516 3005 id
2563 2959 2679 3016 est,
2726 2960 3082 3022 susceperunt
3117 2952 3172 3006 in
3212 2965 3273 3006 se
3309 2951 3497 3007 diabo-

1903 3039 2014 3093 lum
2039 3079 2054 3106 ,
2091 3047 2146 3094 et
2180 3040 2230 3093 ci
2268 3040 2594 3095 servierunt.
2637 3037 2880 3106 Vitulus,
2923 3055 3051 3097 caro
3086 3051 3306 3106 nostra,
3345 3052 3404 3094 ut
3440 3041 3492 3095 in

1907 3131 2056 3188 libris
2086 3132 2294 3204 Regum
2324 3153 2336 3187 :
2372 3153 2388 3184 ι
2424 3133 2492 3188 Ει
2519 3133 2936 3189 immolaverunt
2964 3133 3223 3200 vitulum,
3256 3142 3312 3189 et
3341 3134 3495 3189 obtu-

1903 3224 2083 3280 lerunt
2109 3239 2336 3296 puerum
2368 3225 2484 3281 Heli
2511 3225 2582 3292 ”,
2615 3245 2634 3277 ι
2665 3225 2806 3296 quod
2839 3234 2968 3280 tunc
2995 3225 3156 3294 digne
3184 3224 3296 3279 Deo
3334 3223 3494 3277 oll‘er-

1905 3328 1993 3374 tur
2029 3319 2240 3390 puritas
2265 3359 2280 3386 ,
2321 3319 2366 3374 si
2401 3319 2554 3389 prius
2587 3327 2862 3376 mactetur
2899 3318 3120 3373 lascivia
3155 3317 3353 3373 carnis.
3394 3317 3496 3370 Per

1903 3412 2091 3467 vitulos
2117 3410 2318 3478 Judaei,
2349 3419 2410 3466 ut
2439 3412 2492 3466 in
2519 3410 2752 3466 Psalmis
2780 3429 2793 3465 :
2838 3430 2856 3462 ι
2892 3409 3378 3466 Circumdederunt
3405 3423 3493 3463 me

1901 3504 2052 3559 vituli
2076 3503 2230 3558 multi
2261 3503 2326 3569 ³ο,
2366 3523 2383 3556 ι
2417 3503 2471 3558 id
2495 3510 2599 3570 est,
2629 3503 2900 3574 persecuti
2935 3510 3061 3557 sunt
3081 3517 3172 3557 me
3197 3499 3366 3556 Judaei
3399 3516 3491 3555 su-

1900 3599 2076 3668 perbi.
2114 3597 2218 3652 Per
2257 3597 2446 3652 vitulos
2483 3597 2827 3652 lascivientes
2866 3597 3048 3653 cordis
3092 3605 3303 3664 motus,
3340 3605 3401 3651 ut
3439 3596 3495 3651 in

1901 3690 2135 3745 Psalmis
2164 3709 2175 3744 :
2212 3709 2229 3741 ι
2265 3689 2418 3744 Tunc
2448 3689 2726 3760 imponan
2764 3703 2925 3759 super
2960 3689 3132 3743 altare
3165 3697 3319 3742 tuum
3350 3688 3495 3742 vitu-

1902 3783 1985 3839 los
2019 3783 2088 3848 ³⁸,
2129 3802 2146 3834 ι
2183 3783 2236 3838 id
2269 3791 2355 3838 est
2380 3823 2394 3848 ,
2433 3783 2488 3837 in
2527 3791 2709 3838 mente
2744 3798 2842 3838 sua
2876 3781 3286 3838 mortiﬁcabunt
3315 3790 3496 3837 motus

1900 3877 2153 3933 lascivos.

1989 3970 2164 4026 Vitula
2189 3980 2274 4026 est
2301 3986 2430 4026 caro
2457 3967 2696 4036 Christi,
2726 3977 2787 4024 ut
2814 3969 2870 4025 in
2897 3970 3038 4025 libro
3065 3967 3290 4025 Numeri
3319 3989 3332 4024 :
3371 3989 3388 4021 ι
3425 3971 3496 4026 Ilt

1904 4064 2179 4120 adducant
2211 4064 2278 4119 ad
2314 4070 2368 4118 te
2402 4062 2626 4118 vitulam
2664 4061 2844 4118 rufam
2873 4063 2955 4129 ³³,
2991 4082 3010 4115 s
3047 4062 3099 4117 id
3131 4072 3214 4118 est
3242 4104 3256 4128 ,
3293 4062 3495 4120 Christi

1905 4174 2122 4214 carnem
2145 4199 2161 4223 ,
2199 4158 2269 4214 ob
2302 4157 2513 4228 peccati
2547 4156 2956 4212 similitudinem
2994 4157 3088 4211 tali
3123 4157 3303 4212 colore
3335 4173 3495 4213 voca-

1905 4258 2035 4304 tam.
2073 4247 2287 4313 Vitula,
2327 4264 2466 4304 uxor
2507 4248 2780 4314 hominis,
2813 4256 2873 4303 ut
2913 4248 2966 4303 in
3020 4247 3156 4302 libro
3197 4247 3490 4302 Judicum:

1909 4360 1929 4393 ‹
1958 4340 2070 4397 Nisi
2099 4342 2358 4398 arassetis
2385 4341 2439 4395 in
2463 4341 2629 4396 vitula
2656 4355 2778 4396 mea
2801 4340 2868 4406 ³³,
2902 4360 2921 4394 ι
2957 4340 3008 4396 id
3033 4352 3146 4406 est,
3175 4340 3278 4395 nisi
3303 4340 3493 4412 acqui-

1904 4433 2114 4490 sissetis
2148 4434 2216 4489 ab
2249 4448 2419 4488 uxore
2465 4447 2602 4488 mea.
2643 4429 2854 4498 Vituta,
2889 4447 3046 4487 mens
3091 4448 3294 4502 prava,
3334 4441 3392 4485 ut
3436 4429 3492 4486 in

1903 4527 2041 4584 Osea
2068 4545 2081 4582 :
2114 4545 2134 4578 ι
2164 4524 2343 4580 Vitula
2372 4524 2629 4596 Ephraim
2655 4525 2812 4580 docta
2841 4524 3063 4593 diligere
3091 4525 3339 4578 trituram
3364 4523 3431 4588 ³⁸,
3468 4542 3487 4577 ι

294 4615 424 4676 Vitis
460 4625 545 4671 est
589 4615 868 4682 Christus,
905 4624 966 4670 ut
1009 4616 1065 4670 in
1100 4615 1391 4687 Evangelio
1420 4629 1434 4667 :
1474 4632 1492 4665 ι
1525 4614 1637 4686 Ego
1678 4630 1796 4669 sum
1831 4653 1882 4714 υ
1906 4621 1958 4676 id
1987 4628 2103 4687 est,
2138 4635 2291 4674 mens
2317 4633 2488 4689 prava
2522 4627 2749 4674 terrenae
2779 4616 3137 4686 inquietudini
3167 4624 3383 4670 assueta

207 4710 338 4765 vitis
373 4710 435 4773 ",
463 4730 481 4762 ι
499 4710 643 4780 quod
671 4711 786 4780 ipse
814 4709 965 4780 origo
984 4708 1036 4773 ⁸,
1061 4707 1226 4762 robur
1253 4715 1337 4763 est
1362 4706 1604 4762 omnium
1633 4705 1801 4762 bono-

205 4822 354 4861 rum.
403 4803 531 4860 Vitis
554 4847 568 4870 ,
601 4805 766 4871 ﬁdes,
798 4815 859 4860 ut
890 4806 945 4860 in
973 4804 1166 4861 Genesi
1200 4823 1212 4858 :
1251 4824 1268 4855 ι
1299 4805 1367 4859 Ει
1394 4805 1461 4858 ad
1491 4803 1688 4868 vitem,
1719 4820 1751 4858 ο
1783 4805 1804 4826 ⁶

204 4900 289 4954 ﬁli
324 4899 431 4965 mi,
471 4900 680 4954 asinam
715 4910 861 4954 tuam
906 4901 969 4964 ",
1007 4919 1025 4951 ι
1061 4899 1114 4953 id
1148 4907 1253 4965 est,
1277 4899 1636 4953 sacramentis
1676 4897 1798 4953 ﬁdei

201 4992 434 5062 alligant
465 4991 767 5048 Ecclesiam
803 5008 976 5047 suam.
1018 4991 1151 5046 Vitis
1173 5034 1186 5056 ,
1217 4992 1444 5064 quilibet
1474 4991 1796 5059 subversus,

202 5094 270 5140 ut
300 5087 356 5140 in
382 5083 619 5142 Jeremia
649 5105 663 5141 :
699 5107 716 5138 ι
752 5086 1032 5154 Quomodo
1061 5102 1322 5141 conversa
1355 5102 1414 5142 es
1446 5086 1500 5140 in
1533 5086 1798 5140 amaritu-

201 5177 395 5234 dinem
423 5177 550 5234 vitis
575 5179 803 5234 alienae?
832 5179 898 5244 ¹⁹,
930 5197 948 5229 ι
973 5179 1152 5245 idest,
1172 5179 1440 5249 quomodo
1462 5179 1541 5234 sic
1565 5194 1632 5234 ex
1657 5179 1799 5234 bono

202 5281 266 5327 et
297 5280 489 5328 sancto
518 5271 691 5327 malus
721 5270 945 5326 effectus
975 5287 1035 5327 es
1063 5280 1118 5325 et
1144 5273 1477 5342 perversus?

273 5360 396 5419 Vita
418 5373 504 5420 est
530 5363 698 5435 gloria
729 5362 1042 5433 temporalis
1061 5403 1075 5428 ,
1105 5372 1166 5418 ut
1192 5361 1379 5418 in‘Job
1407 5381 1419 5416 :
1452 5382 1471 5414 ι
1501 5362 1568 5417 Ει
1594 5363 1705 5417 vita
1733 5361 1800 5417 iis

1984 4711 2190 4766 Vitrum
2219 4719 2303 4766 est
2336 4718 2511 4766 status
2544 4710 2744 4765 civium
2779 4708 3080 4764 caalestium
3111 4748 3125 4772 ,
3162 4717 3224 4762 ut
3259 4708 3312 4762 in
3350 4705 3491 4762 Job:

1909 4824 1926 4855 ‹
1957 4801 2076 4858 Non
2111 4802 2486 4873 adacquabitur
2520 4801 2572 4856 ei
2607 4815 2799 4855 aurum
2836 4798 2920 4854 vel
2952 4798 3155 4852 vitrum
3195 4797 3256 4863 "_
3302 4817 3319 4850 ›
3354 4796 3493 4866 quod

1901 4895 2118 4952 Christo
2140 4894 2446 4966 comparari
2474 4909 2583 4949 non
2608 4899 2835 4964 possunt
2863 4891 2948 4947 vel
2975 4891 3148 4947 sancti
3172 4891 3229 4946 in
3255 4891 3358 4945 hac
3387 4889 3494 4943 vita

1902 4989 2208 5061 fulgentes,
2260 4989 2344 5044 vel
2389 4990 2538 5044 cives
2582 4991 2876 5055 cmlestes,
2929 4995 3146 5042 mutuas
3192 4985 3495 5042 adinvicem

1901 5085 2255 5155 cogitationes
2287 5083 2654 5154 providentes.
2699 5081 2901 5136 Vitrum
2923 5123 2936 5148 ,
2967 5081 3130 5136 fallax
3155 5079 3497 5136 blandimen-

1903 5188 2018 5233 tum
2043 5176 2204 5246 bujus
2229 5175 2439 5240 saeculi,
2469 5184 2529 5230 ut
2554 5176 2607 5230 in
2635 5175 2916 5231 Parabolis
2945 5194 2956 5228 :
2995 5192 3013 5224 ι
3043 5172 3178 5228 Cum
3205 5171 3492 5243 Splendue-

1905 5269 1976 5324 rit
2012 5269 2068 5323 in
2103 5269 2246 5323 vitro
2281 5268 2430 5324 color
2467 5265 2583 5336 ejus
2612 5249 2733 5332 33,":
2768 5267 2823 5322 id
2849 5275 2964 5333 est,
2995 5281 3120 5321 cum
3156 5261 3403 5318 arriserit
3438 5262 3492 5316 in

1903 5360 2082 5417 fallaci
2109 5359 2481 5415 blandimento
2511 5359 2720 5430 species
2745 5359 2948 5413 amoris
2980 5354 3288 5412 mundialis.
3379 5351 3386 5358 ’

287 5503 303 5533 ¹
329 5502 498 5556 Exod.
523 5517 633 5567 vn,
656 5499 745 5555 I0.
785 5500 805 5530 ²
827 5498 1041 5564 Isa.x1,
1065 5499 1117 5552 I.
1160 5497 1182 5528 ³
1208 5497 1377 5552 Exod.
1402 5512 1484 5562 ιν,
1519 5495 1605 5549 17.
1643 5495 1663 5526 ⁸
1689 5496 1801 5551 Psal

1911 5498 2084 5563 “1,4.
2125 5497 2309 5554 'Psal.
2338 5512 2534 5562 Lxxm,
2557 5496 2612 5552 2.
2665 5497 2686 5528 °
2718 5495 2829 5552 Jer.
2865 5512 2923 5560 ι,
2964 5497 3050 5550 11.
3093 5496 3113 5526 "
3137 5493 3246 5567 Job
3282 5510 3362 5567 Ix,
3397 5492 3490 5567 ξιξ.

202 5575 228 5606 ⁸
263 5574 390 5628 Isai.
427 5589 516 5636 χι,
549 5573 634 5626 11.
697 5572 718 5602 ⁹
751 5570 908 5627 Cant.
943 5586 1038 5635 ιιι,
1070 5568 1124 5623 6.
1212 5569 1252 5600 ⁸ο
1282 5567 1383 5622 Joh
1414 5583 1581 5621 xxxnx
1604 5608 1619 5630 ,
1671 5567 1757 5621 11.

1839 5569 1880 5600 ¹¹
1914 5567 2046 5625 Luc.
2078 5586 2201 5635 xxx,
2250 5569 2338 5622 26.
2383 5569 2424 5598 ¹²
2454 5567 2590 5623 Dan.
2624 5585 2754 5628 vm.
2789 5569 2838 5622 1.
2885 5569 2927 5600 ¹⁸
2963 5567 3065 5623 Job
3090 5584 3192 5629 xx,
3226 5565 3278 5620 8.
3322 5564 3366 5596 ”
3393 5564 3496 5620 Job

201 5661 450 5709 xxxviii,
479 5644 568 5698 36.
610 5644 655 5676 "
678 5641 780 5698 Job
807 5658 919 5706 va,
950 5640 1039 5696 14.
1095 5640 1138 5672 ⁸⁸
1167 5638 1266 5694 Job
1293 5655 1407 5704 χχι,
1435 5638 1525 5692 24.
1574 5638 1614 5670 ¹⁷
1646 5636 1801 5693 Joan.

1911 5682 1920 5703 ,
1951 5642 2004 5704 1,
2028 5641 2081 5695 5.
2117 5641 2162 5672 ¹⁸
2183 5639 2318 5696 Gen.
2349 5655 2474 5694 χιιι
2496 5681 2510 5704 ,
2543 5641 2630 5693 11.
2675 5638 2843 5695 “Jer.
2875 5657 2948 5704 ιι,
2979 5639 3068 5692 21.
3108 5638 3152 5669 ³ο
3173 5637 3276 5693 Job
3301 5653 3488 5709 xxxu,

201 5717 304 5771 20.
328 5718 372 5748 ¹¹
399 5708 559 5771 Prov.
584 5732 698 5781 xlv,
719 5714 808 5769 '50.
835 5715 880 5744 ²²
902 5713 1059 5768 Cant.
1086 5727 1160 5777 ιν,
1179 5711 1232 5766 5.
1253 5710 1299 5741 ’³
1323 5710 1494 5766 Exod.
1521 5726 1690 5781 xxvtu
1712 5751 1726 5774 ,
1749 5709 1801 5764 3'.

1911 5728 1915 5738 ’
1941 5712 2101 5767 Νιιιιι.
2126 5728 2216 5776 xv,
2241 5711 2329 5766 58.
2349 5712 2394 5741 ’⁸
2421 5710 2556 5766 Gen.
2582 5728 2715 5766 xvm
2738 5753 2753 5776 ,
2777 5712 2826 5765 7.
2867 5711 2912 5741 ’θ
2934 5710 3062 5764 Lev.
3093 5725 3166 5781 Iv,
3196 5710 3248 5763 '5.
3286 5710 3328 5739 ¹⁷
3356 5708 3487 5781 Luc.

201 5803 306 5853 xv,
338 5787 429 5842 27.
470 5787 515 5818 ⁸⁸
539 5779 709 5843 Exod.
732 5801 886 5840 χχχιι
906 5827 921 5849 ,
952 5785 1006 5840 8.
1041 5783 1086 5814 ’⁸
1118 5782 1296 5852 Ιὶὶεεζ.
1319 5798 1345 5853 ι
1365 5822 1378 5846 ,
1405 5781 1495 5836 25.
1535 5780 1579 5811 ⁸ο
1610 5780 1752 5834 Psal.
1779 5798 1801 5834 x

1937 5784 2021 5840 15.
2063 5783 2104 5815 ³⁸
2133 5782 2276 5838 Psal.
2302 5802 2332 5842 ι.
2352 5824 2366 5844 .
2387 5783 2478 5836 21.
2522 5783 2566 5814 ³³
2594 5782 2752 5838 Num.
2779 5799 2872 5838 XIX
2896 5823 2909 5847 ,
2933 5781 2990 5842 2.
3033 5781 3078 5812 ³³
3106 5779 3227 5838 Jud.
3261 5797 3374 5842 xlv,
3402 5779 3488 5834 18.

207 5859 260 5891 ³⁸
290 5852 416 5916 Ose.
453 5875 484 5914 x
507 5899 522 5922 ,
555 5859 642 5913 11.
680 5856 726 5889 ³⁸
751 5855 850 5912 Job
879 5871 1084 5922 xxvnt,
1117 5855 1204 5910 I7.
1247 5853 1292 5885 ³³
1316 5852 1478 5911 Prov.
1507 5868 1641 5908 χχιιι
1663 5892 1677 5920 ,
1712 5853 1801 5907 51.
