3936 6328
170 426 301 485 1085

1116 422 1536 482 ALLEGORUE
1579 420 1647 481 IN
1688 425 1969 486 SACRAM
2011 427 2473 487 SCRIPTURAM.

3300 428 3436 486 1086

169 545 615 618 permutationem
644 543 1042 617 quodammodo
1066 542 1360 617 loquuntur
1387 543 1442 598 in
1472 543 1755 619 cogitatio-
1780 546 1831 612 Α
1858 547 2002 605 fama
2031 548 2458 607 conversationis
2489 563 2617 603 sum.
2669 546 2772 603 Per
2810 557 3077 619 unguenta
3112 547 3250 605 dona
3277 546 3441 621 Spiri-

171 638 322 694 nibus
351 634 523 708 impii.

242 729 422 786 Ulmus
446 727 777 804 estquilibet
805 728 1105 797 saecularis,
1129 736 1188 784 ut
1209 728 1262 784 in
1286 727 1425 785 Isaia
1452 747 1464 783 :
1502 748 1520 781 ι
1550 727 1753 784 Ponam

172 826 226 882 in
252 826 526 880 desertum
563 821 796 878 abietem
828 831 885 878 et
912 821 1117 878 ulmum
1160 823 1211 890 ί,
1260 842 1277 874 ι
1314 820 1370 877 id
1396 830 1497 889 est,
1533 821 1586 878 in
1619 838 1751 895 gen-

170 910 358 971 tilitate
381 912 707 969 constituam
737 912 1214 984 contemplativum
1252 920 1302 967 et
1344 912 1557 969 ﬁdelem
1586 928 1756 969 εεεειιο

171 1007 333 1062 larem
362 1006 776 1077 prmdicatorem
800 1012 1221 1061 sustentantem.

243 1098 528 1159 Umbih‘cus
556 1106 638 1156 est
665 1099 802 1155 ordo
840 1098 1261 1173 praedicatorum
1302 1094 1581 1163 Ecclesize,
1611 1103 1671 1151 ut
1699 1095 1755 1151 in

171 1190 420 1248 Cantico:
454 1210 473 1243 ι
526 1186 829 1247 Umbilicus
884 1198 1008 1245 tuus
1056 1196 1237 1245 crater
1287 1186 1562 1243 tornatilis
1617 1187 1659 1254 ',
1729 1206 1750 1241 ι

172 1282 311 1356 quod
354 1284 739 1354 praedicatores
785 1282 1041 1338 Ecclesiae
1072 1297 1197 1339 cum
1228 1280 1552 1337 rectitudine
1573 1278 1757 1351 operis

171 1376 420 1449 poculum
477 1374 768 1430 lnfundunt
824 1373 1244 1445 praedicationis.
1296 1369 1604 1439 L'mbilicus,
1675 1368 1757 1426 lu-

172 1471 340 1535 xuria,
390 1476 448 1525 ut
476 1467 531 1523 in
560 1466 696 1547 Job:
734 1486 752 1518 ι
782 1468 851 1522 Et
878 1467 1053 1523 virtus
1082 1463 1200 1534 ejus
1230 1467 1285 1519 in
1320 1464 1574 1520 umbilico
1627 1478 1762 1519 ven-

177 1563 275 1618 tris
300 1561 417 1633 ejus
462 1559 507 1627 ³,
545 1579 564 1613 ι
605 1559 747 1631 quod
799 1558 1044 1615 diabolus
1090 1555 1324 1613 femineo
1355 1556 1499 1613 sicut
1545 1564 1601 1611 et
1638 1571 1757 1611 ma—

173 1655 376 1712 sculino
404 1670 502 1727 per
526 1650 793 1709 luxuriam
826 1653 1059 1709 maxime
1086 1651 1415 1708 dominatur.
1444 1647 1753 1714 Umbilicus,

171 1744 393 1801 allectus
422 1744 678 1809 carnalis,
710 1750 770 1799 ut
799 1744 853 1797 in
888 1740 1202 1799 Ezechiele:
1233 1762 1252 1795 ι
1309 1740 1425 1797 Νοιι
1457 1750 1543 1799 εει
1571 1739 1762 1815 ιιι-ιιιεί-

172 1853 261 1893 ειιε
315 1834 603 1891 umbilicus
650 1840 773 1891 tuus
816 1835 864 1902 ⁵,
905 1855 923 1888 ι
956 1834 1011 1892 id
1039 1842 1143 1902 est,
1176 1850 1285 1890 non
1323 1842 1408 1890 est
1448 1836 1548 1891 abs
1576 1843 1628 1891 te
1660 1834 1760 1890 ah-

172 1929 310 1985 latus
360 1922 598 1985 carnalis
624 1926 867 1983 affectus.

242 2020 441 2076 Umbra
486 2028 571 2077 est
636 2018 971 2086 humanitas,
1024 2019 1165 2077 utin
1217 2015 1488 2075 Jeremia:
1521 2016 1555 2053 ³*
1584 2034 1604 2070 ι
1652 2016 1766 2074 Sub

172 2118 359 2175 umbra
382 2116 662 2172 veniemus
700 2115 842 2171 inter
869 2121 1057 2187 gentes
1112 2114 1153 2180 ⁸,
1188 2132 1209 2167 ι
1241 2112 1294 2169 id
1324 2120 1426 2181 est,
1456 2111 1513 2167 in
1564 2110 1761 2168 Sacra-

173 2210 370 2268 mentis
426 2206 821 2265 incarnationis
858 2205 975 2276 ejus
1006 2205 1200 2261 animae
1233 2212 1433 2261 nostra:
1459 2203 1627 2259 vitam
1676 2219 1768 2259 ac-

172 2304 430 2378 cipiemus
460 2298 515 2357 in
541 2299 793 2373 prtesenti
822 2298 1043 2357 smculo.
1080 2295 1298 2365 Umbra,
1322 2297 1588 2370 protectio
1615 2294 1771 2353 Chri-

173 2398 263 2465 sti,
302 2395 443 2453 utin
485 2393 740 2450 Cantica:
775 2411 794 2445 ι
830 2391 943 2448 Sub
987 2391 1180 2447 umbra
1211 2390 1378 2455 illius,
1410 2406 1573 2465 quem
1619 2389 1763 2446 desi-

174 2488 380 2557 deravi,
407 2486 521 2544 sedi
567 2486 615 2554 ⁶,
647 2507 666 2539 ι
702 2484 757 2541 id
798 2494 901 2551 εει,
925 2485 981 2539 in
1009 2483 1345 2554 protectione
1374 2482 1766 2554 Christi,quem

177 2584 361 2655 diligo,
399 2578 662 2652 requievi.
705 2577 927 2644 Umbra,
971 2576 1315 2649 refrigerium
1356 2576 1767 2645 consolationis,

179 2687 240 2733 ut
268 2677 323 2732 in
349 2672 481 2730 Job:
518 2692 536 2725 ι
578 2671 731 2729 Sicut
770 2674 788 2693 θ
817 2686 1013 2728 cervus
1040 2672 1310 2727 desiderat
1356 2672 1607 2726 umbram
1655 2671 1704 2738 ",
1743 2690 1762 2724 ι

184 2768 263 2824 sic
334 2772 579 2823 tentatus
633 2763 909 2821 desiderat
957 2761 1301 2833 refrigerium
1346 2761 1403 2817 in
1448 2762 1766 2818 tentatioue.

184 2858 407 2925 Umbra,
439 2856 640 2913 duritia
688 2856 847 2929 legis,
872 2862 934 2913 ut
960 2856 1016 2913 in
1045 2853 1180 2913 Job:
1222 2872 1243 2907 ι
1270 2854 1338 2910 Ει
1359 2855 1375 2874 '
1406 2854 1666 2926 perducet
1714 2853 1773 2909 in

179 2952 361 3011 lucem
390 2948 640 3009 umbram
670 2948 789 3021 ejus
835 2948 880 3017 ⁸,
920 2968 939 3001 ι
977 2947 1031 3005 id
1072 2955 1176 3013 est,
1217 2947 1275 3003 in
1301 2945 1772 3003 mansuetudinem

183 3045 377 3117 gratiae
403 3051 621 3099 mutant
646 3041 883 3113 rigorem
929 3040 1086 3112 legis.
1134 3037 1359 3106 Umbra,
1397 3038 1627 3109 quilibet
1669 3038 1777 3094 im~

178 3136 399 3209 pius,ut
420 3134 472 3190 in
491 3133 621 3190 Joh:
654 3150 673 3185 ι
704 3131 1001 3204 Protegunt
1018 3130 1225 3187 umbra:
1246 3131 1497 3187 umbram
1517 3130 1635 3202 eius
1674 3129 1723 3197 θ,
1746 3149 1765 3181 ι

181 3229 329 3301 quod
389 3235 707 3301 peccatores
763 3233 1103 3297 peccatorem
1138 3223 1199 3279 in
1246 3223 1407 3294 culpa
1456 3220 1769 3279 defendunt.

1856 650 1944 698 tus
1977 642 2172 707 sancti,
2201 640 2337 697 utin
2376 639 2631 697 Cantico:
2663 660 2681 691 ι
2728 639 3025 697 Curremus
3056 640 3113 699 in
3137 640 3304 697 odore
3345 656 3434 696 un-

1852 743 2181 807 guentorum
2232 744 2452 793 tuorum
2503 736 2570 803 ",
2613 756 2631 789 ι
2666 735 2719 792 id
2766 743 2872 801 est,
2915 735 3053 793 bene
3092 735 3336 791 vivamus
3392 736 3445 790 in

1853 831 2115 905 exemplis
2144 831 2402 891 virtutum
2436 840 2671 886 tuarum.
2702 829 2802 885 Per
2830 837 3097 901 unguenta
3132 827 3446 886 delectatio-

1854 908 1955 1001 nes
1975 921 2175 987 carnis,
2199 929 2260 977 ut
2292 920 2344 977 in
2378 919 2518 976 libro
2560 919 2879 990 Sapientiaz:
2915 939 2931 973 ι
2962 917 3101 975 Vino
3123 919 3141 937 ‘
3168 916 3448 991 sapientia:

1855 1021 1910 1070 et
1950 1013 2239 1084 unguentis
2294 1010 2616 1083 impleamus
2647 1026 2749 1069 nos
2783 1010 2855 1077 η,
2886 1029 2905 1063 ι
2938 1009 2993 1067 id
3028 1016 3135 1078 est,
3183 1008 3448 1064 suavitate

1855 1092 2043 1167 mundi
2070 1112 2128 1160 et
2160 1103 2523 1179 delectatione
2547 1102 2728 1161 carnis
2772 1101 3083 1161 reﬁciamus
3113 1114 3233 1156 nos.

1884 1254 1888 1259 .
1931 1195 2078 1255 Urna
2120 1176 2205 1254 est
2232 1195 2541 1253 humanitas
2595 1190 2818 1261 Christi,
2848 1202 2909 1251 ut
2940 1193 2994 1249 in
3022 1188 3300 1263 (Epistola
3344 1176 3451 1262 ad)

1862 1290 2150 1347 Hebraeos:
2195 1310 2214 1341 ι
2247 1288 2398 1344 Urna
2420 1303 2583 1343 aurea
2620 1288 2826 1342 habens
2868 1300 3065 1340 manna
3092 1283 3157 1348 ‘9,
3196 1303 3215 1336 ι
3246 1282 3298 1338 id
3343 1290 3449 1346 est,

1858 1380 2173 1441 humanitas
2223 1378 2450 1445 Christi,
2472 1378 2649 1433 omnis
2683 1375 2902 1433 virtutis
2929 1375 3197 1431 suavitate
3222 1372 3402 1443 plena.

1931 1470 2116 1528 Urtica
2163 1480 2248 1527 est
2294 1471 2558 1543 asperitas
2584 1469 2863 1536 vitiorum,
2919 1476 2979 1524 ut
3019 1470 3073 1525 in
3121 1468 3291 1525 Isaia:
3327 1486 3347 1519 ι
3384 1466 3453 1522 Et

1857 1581 1959 1638 pro
1995 1564 2169 1621 urtica
2205 1572 2416 1621 crescet
2439 1570 2653 1633 myrtus
2674 1560 2749 1628 ὀ,
2782 1581 2801 1615 ι
2837 1560 2889 1616 id
2913 1568 3018 1627 est,
3043 1576 3142 1631 pro
3165 1559 3458 1630 asperitate

1858 1644 2115 1715 vitiorum
2174 1656 2279 1713 erit
2340 1652 2699 1725 temperantia
2752 1653 3035 1708 virtutum.
3096 1651 3207 1707 Per
3255 1652 3456 1707 urticas

1862 1750 2178 1839 affectiones
2207 1765 2411 1822 ιιι-εγω,
2470 1756 2533 1803 ιιι
2580 1748 2636 1803 in
2667 1746 2845 1805 lsaia:
2890 1765 2909 1799 ι
2942 1745 3003 1802 In
3049 1744 3300 1802 domibus
3340 1742 3459 1814 ejus

1862 1830 2314 1913 orientur'spina:
2345 1849 2401 1896 et
2427 1839 2617 1896 urtica:
2643 1838 2713 1903 “,
2751 1857 2771 1890 ι
2812 1837 2865 1895 id
2888 1845 2993 1902 est,
3021 1836 3075 1891 in
3104 1830 3453 1908 cogitationi-

1787 1928 1838 1989 B
1864 1936 1968 1997 bus
1999 1933 2118 2005 ejus
2154 1940 2317 1990 erunt
2345 1931 2738 1991 delectationes
2762 1930 2779 1950 ‘
2811 1928 3097 2001 pingentes
3128 1937 3185 1983 et
3209 1925 3454 1982 affectio-

1868 2044 1967 2089 nes
2000 2026 2333 2084 mordentes.

1942 2119 2109 2177 Ursus
2137 2127 2225 2175 est
2272 2116 2503 2189 quilibet
2539 2114 2795 2180 crudelis,
2835 2120 2899 2179 ut
2934 2113 2991 2171 in
3027 2111 3198 2175 isaia:
3240 2130 3263 2165 ι
3305 2108 3462 2167 Vitu-

1868 2217 1959 2275 lus
1981 2225 2037 2273 et
2074 2229 2232 2271 ursus
2262 2211 2645 2285 pascenturf",
2682 2229 2701 2262 ι
2737 2208 2795 2265 id
2821 2215 2923 2273 est,
2961 2206 3054 2278 qui
3076 2205 3311 2264 crudelis
3335 2203 3463 2274 fuit,

1868 2324 2039 2369 sacrm
2073 2306 2368 2377 Scriptum
2389 2302 2565 2374 epulis
2603 2299 2903 2359 reﬁcietur.
2946 2296 3140 2363 Ursus,
3165 2295 3453 2355 immundi-

1870 2403 1968 2468 tia,
2007 2409 2071 2456 ut
2095 2400 2150 2454 in
2177 2397 2337 2454 libris
2362 2396 2609 2468 Regum:
2642 2413 2667 2451 ι
2713 2393 2948 2451 Leonem
2974 2399 3031 2449 et
3056 2406 3245 2447 ursum
3292 2391 3465 2447 inter-

1870 2490 1975 2549 feci
2002 2504 2103 2562 ego
2149 2502 2341 2546 servus
2390 2495 2519 2545 tuus
2545 2485 2616 2551 ",
2651 2504 2669 2537 ι
2705 2484 2759 2541 id
2785 2491 2888 2547 est,
2943 2481 3255 2559 superhipm
3281 2488 3338 2535 et
3372 2480 3458 2555 lu:

1869 2586 2087 2647 suriant
2131 2598 2233 2656 ego
2275 2583 2534 2641 exstinxi.
2581 2580 2689 2641 Per
2725 2596 2909 2639 ursum
2945 2579 3306 2651 imperatores
3352 2575 3467 2633 Bo-

1870 2678 2041 2744 mani,
2081 2686 2145 2733 ut
2171 2677 2229 2733 in
2254 2676 2410 2733 libris
2441 2675 2684 2748 Regum:
2722 2691 2742 2726 ι
2800 2672 3019 2745 Egressi
3052 2680 3180 2731 sunt
3205 2672 3312 2733 duo
3348 2668 3467 2729 ursi

1871 2774 1943 2830 de
1981 2772 2122 2829 saltu
2144 2770 2231 2837 δ’δ,
2263 2791 2284 2825 ι
2325 2770 2469 2841 quod
2518 2770 2881 2840 imperatores
2933 2765 3139 2834 egressi
3183 2764 3253 2821 de
3294 2763 3470 2821 Itonia

1868 2869 2221 2921 vastaverunt
2248 2860 2482 2917 Iudaeos.

1942 2957 2137 3014 Περι-ιιι
2174 2963 2261 3014 εει
2293 2955 2596 3013 substantia
2626 2954 2825 3021 Patris,
2853 2960 2914 3007 ut
2939 2951 2993 3007 in
3023 2949 3287 3007 Psalmis:
3327 2968 3348 3002 ι
3386 2949 3467 3005 Ex

1871 3058 2028 3107 utero
2049 3058 2176 3106 ante
2205 3049 2378 3105 lucem
2406 3046 2564 3118 genui
2583 3054 2637 3102 te
2654 3042 2724 3111 ",
2750 3064 2768 3097 ι
2795 3043 2937 3117 quod
2959 3058 3023 3098 ex
3047 3039 3351 3102 substantia
3374 3053 3472 3095 sua

1872 3144 2039 3200 Pater
2063 3141 2130 3198 ab
2153 3148 2358 3197 aeterno
2386 3138 2572 3210 genuit
2625 3130 2827 3191 Filium
2860 3146 3043 3190 suum.
3100 3128 3311 3196 Utcrus,
3364 3126 3472 3202 Sy-

1874 3248 2105 3308 nagOga,
2131 3240 2192 3288 ut
2220 3233 2277 3288 in
2301 3230 2433 3288 Job:
2473 3249 2492 3282 ι
2524 3228 2590 3283 Et
2619 3227 2843 3283 orabam
2868 3225 3009 3282 ﬁlios
3030 3224 3177 3281 uteri
3210 3223 3318 3279 mei
3341 3221 3414 3289 ",
3446 3241 3466 3275 ι

182 3320 404 3387 Umbra,
444 3318 664 3385 oblivio,
697 3324 759 3373 ut
794 3307 849 3375 in
895 3315 1031 3373 Job:
1063 3334 1082 3371 ι
1110 3315 1419 3373 Obscureut
1457 3328 1587 3375 eum
1630 3322 1780 3372 tene-
1803 3312 1852 3378 C
1882 3328 1935 3384 id
1960 3307 2069 3393 εει,
2097 3323 2376 3380 humiliter
2405 3320 2675 3377 allocutus
2696 3334 2818 3374 sum
2850 3317 3099 3373 hmines
3147 3314 3470 3387 Synagogm.

182 3415 299 3473 bra:
341 3422 397 3469 et
430 3412 622 3475 umbra
655 3408 846 3469 mortis
897 3408 967 3477 1°,
1001 3428 1023 3462 ι
1056 3407 1205 3479 quod
1243 3414 1463 3465 sanctos
1509 3414 1779 3479 martyres

187 3503 308 3560 sola
339 3502 543 3561 occidit
592 3514 742 3559 mors
788 3499 1057 3572 corporis.
1105 3495 1324 3564 Umbra,
1357 3497 1665 3557 obscuritas
1695 3498 1779 3554 in-

182 3595 430 3658 fernalis,
474 3593 614 3657 utin
645 3590 780 3649 Job:
810 3610 828 3644 ι
859 3590 1084 3649 Terram
1131 3589 1364 3647 miseria:
1404 3598 1462 3646 et
1522 3590 1778 3647 tenebra-

181 3705 333 3761 rum,
384 3686 479 3742 ubi
530 3685 725 3745 umbra
740 3672 987 3759 [mortis]
1011 3682 1054 3715 “
1096 3702 1117 3736 ι
1148 3683 1293 3753 quod
1342 3681 1591 3739 ird'emus
1629 3683 1783 3739 omni

180 3795 270 3840 est
318 3779 541 3841 miseria
588 3787 647 3837 et
681 3777 912 3851 caligine
942 3777 1159 3849 plenus,
1188 3776 1281 3833 ubi
1338 3776 1647 3835 obscuritas
1696 3783 1789 3833 est

181 3884 412 3933 arterna:
441 3870 826 3930 damnationis.

260 3964 478 4038 Ungula
513 3972 599 4022 est
626 3962 907 4036 perfectio,
936 3964 1077 4021 utin
1107 3961 1208 4019 Job
1233 3980 1248 4018 :
1277 3980 1297 4016 ι
1333 3962 1563 4020 Terram
1586 3964 1787 4036 ungula

181 4060 352 4126 fodit,
382 4078 401 4109 ι
432 4058 577 4130 quod
622 4058 949 4129 praedicam
990 4067 1213 4115 saeuus
1250 4058 1509 4115 duritiam
1541 4060 1597 4114 in
1650 4061 1784 4117 sub-

175 4153 357 4227 jectis
391 4150 728 4223 perfectione
788 4152 1005 4209 virtutis
1042 4151 1269 4209 ontulit.
1330 4150 1560 4223 lingula,
1592 4154 1783 4210 ultima

181 4260 381 4318 opera,
431 4245 576 4300 utin
620 4244 835 4303 Exodo:
868 4247 889 4267 ‘
923 4264 945 4297 ι
977 4244 1047 4303 Et
1096 4245 1437 4316 permanebit
1475 4255 1537 4301 ut
1589 4246 1785 4317 ungula

182 4339 415 4412 quidem
444 4337 509 4404 η,
538 4357 558 4391 ι
593 4337 737 4407 quod
766 4352 868 4393 nec
894 4337 1081 4393 ultima
1122 4352 1308 4408 opera,
1340 4338 1385 4393 si
1418 4345 1601 4394 tamen
1644 4338 1786 4395 bona

182 4430 427 4501 fuerint,
484 4428 794 4503 relinquere
850 4430 1130 4486 debemus.
1186 4428 1293 4489 Per
1346 4429 1592 4501 ungulas,
1649 4432 1789 4493 ﬁnes

186 4522 360 4595 huius
411 4522 632 4590 mundi,
661 4533 724 4578 ut
780 4522 837 4579 lu
888 4518 1120 4581 Genesi:
1161 4541 1181 4577 ι
1210 4523 1497 4595 ,Μοιάεηε
1555 4524 1791 4596 ungulas

185 4616 324 4689 equi
351 4615 419 4683 ‘3,
438 4635 458 4668 ι
485 4614 631 4685 quod
656 4630 754 4687 per
773 4615 1063 4675 scientiam
1080 4629 1239 4671 suam
1271 4615 1523 4672 diabolus
1535 4632 1789 4674 exsecra-

182 4717 275 4772 bit
306 4717 361 4770 in
390 4713 726 4769 Antichristo
755 4712 809 4766 in
838 4712 945 4767 ﬁne
969 4710 1178 4767 mundi.

266 4810 440 4866 Unica
481 4816 566 4865 est
607 4807 787 4862 anima
834 4814 1041 4871 nostra,
1068 4814 1131 4861 ut
1157 4807 1213 4861 in
1245 4805 1508 4862 Psalmis:
1539 4823 1558 4857 ι
1613 4805 1683 4862 Et
1722 4809 1790 4864 de

190 4921 367 4961 manu
399 4902 552 4959 canis
581 4900 799 4957 unicam
842 4913 1023 4954 meam
1048 4897 1118 4965 “,
1154 4919 1174 4952 ι
1205 4897 1263 4954 id
1287 4906 1394 4965 est,
1425 4898 1492 4954 de
1518 4907 1790 4969 potestate

190 4997 379 5055 hostis
406 4996 642 5051 animam
672 5008 869 5049 meam.

302 5086 642 5159 Unguentum
696 5092 783 5141 est
830 5083 1174 5156 pmnitentia,
1227 5092 1291 5139 ut
1352 5084 1409 5139 in
1466 5084 1791 5156 Evangelio:

196 5201 218 5235 ι
259 5172 465 5236 Attulit
486 5176 819 5232 alabastrum
858 5175 1118 5245 unguenti
1162 5173 1225 5241 ”,
1257 5195 1277 5228 ι
1312 5175 1365 5230 id
1403 5185 1510 5243 est,
1556 5176 1799 5233 devotio-

192 5289 333 5331 nem
360 5268 674 5343 paenitentis
698 5267 886 5322 animi.
915 5263 1267 5337 Unguentum,
1294 5270 1481 5322 sancta
1508 5282 1800 5324 conversa-

197 5372 305 5433 tio,
338 5376 401 5422 ut
439 5366 497 5421 in
575 5360 902 5433 Evangelio:
935 5379 953 5411 ι
991 5359 1058 5414 Ει
1090 5358 1282 5415 domus
1332 5359 1554 5431 impleta
1594 5369 1680 5416 est
1729 5377 1796 5416 ex

196 5475 384 5519 onore
436 5455 701 5531 unguenti
746 5453 813 5518 “,
856 5470 875 5504 ι
922 5449 980 5506 id
1013 5457 1118 5517 est,
1152 5449 1393 5508 Ecclesia
1429 5460 1525 5510 est
1554 5466 1800 5522 respersa

1883 3417 2095 3485 Utetur,
2124 3416 2301 3490 gratia
2339 3414 2458 3480 Dei,
2488 3420 2548 3468 ut
2573 3410 2632 3467 in
2667 3409 2802 3467 Job:
2838 3428 2858 3461 ι
2895 3410 2973 3465 De
2995 3410 3014 3429 '
3044 3416 3201 3464 utero
3248 3419 3471 3477 egressa

1880 3520 1963 3568 est
2006 3510 2207 3583 glacies
2228 3506 2298 3575 ν’,
2340 3526 2365 3563 ι
2407 3506 2551 3579 quod
2579 3506 2648 3563 de
2700 3504 2877 3575 gratia
2912 3502 3007 3560 Dei
3029 3502 3146 3560 exit
3192 3500 3475 3575 Synagoga

1881 3604 2189 3751 mimis:
2221 3702 2408 3750 sancta
2449 3690 2716 3755 Ecclesia,
2762 3697 2822 3745 ut
2858 3689 2915 3743 in
2954 3685 3217 3743 Psalmis:
3262 3704 3283 3737 ι
3334 3684 3476 3739 Con~

1883 3801 2111 3860 gregans
2133 3787 2276 3842 sicut
2314 3786 2371 3840 in
2416 3792 2541 3839 utre
2579 3797 2748 3853 aquas
2771 3780 2941 3836 maris
2967 3779 3041 3846 ³⁸,
3082 3797 3102 3830 ι
3131 3776 3276 3847 quod
3318 3773 3476 3831 Chri-

1882 3888 2001 3936 stus
2023 3878 2280 3934 adunavit
2307 3876 2606 3932 Ecclesium
2646 3888 2801 3929 suam
2834 3870 3029 3943 populo
3059 3868 3265 3940 gentili.
3323 3865 3473 3932 Uter,

1884 3973 2067 4029 littera
2110 3969 2269 4043 legis,
2299 3970 2434 4024 utin
2480 3966 2718 4024 Genesi:
2756 3983 2775 4018 ι
2808 3965 2876 4019 Ει
2904 3963 3098 4019 tollens
3143 3977 3368 4033 puerum
3418 3969 3475 4016 et

1883 4073 2059 4121 utrem
2090 4072 2245 4134 aqua:
2286 4060 2546 4132 imposuit
2578 4056 2814 4130 scapulis
2847 4055 2964 4126 ejus
3003 4054 3075 4122 ”,
3115 4074 3135 4107 ι
3156 4052 3308 4125 quod
3338 4053 3480 4108 Deus

1883 4164 2153 4229 praecepta
2186 4165 2239 4212 et
2262 4156 2500 4209 litteram
2555 4152 2689 4222 legis
2727 4150 2877 4207 dedit
2924 4147 3124 4221 populo
3151 4147 3472 4219 Synagog:e.

1889 4248 2037 4317 Uter,
2073 4262 2231 4304 mens
2260 4260 2455 4317 prava,
2486 4256 2547 4299 ut
2583 4243 2640 4299 in
2686 4240 2943 4298 Psalmis:
2999 4259 3017 4291 ι
3053 4237 3258 4294 Statuit
3304 4249 3475 4305 aquas

1886 4341 2044 4413 quasi
2070 4341 2271 4396 in-utre
2299 4338 2371 4405 '°,
2409 4357 2429 4391 ι
2461 4336 2628 4408 quod,
2671 4348 2743 4390 ne
2767 4333 2838 4389 ad
2882 4331 3133 4388 eﬁ‘eetnm
3185 4327 3477 4401 prodeant,

1885 4435 2124 4495 malitias
2186 4432 2448 4515 Dominus
2494 4442 2887 4499 nonnunquam
2942 4423 3163 4483 inclusit
3205 4422 3260 4477 in
3299 4434 3468 4492 prava

1886 4511 2233 4603 cogitatione.
2273 4525 2421 4593 Uter,
2449 4538 2648 4597 corpus
2678 4525 2781 4579 hoc
2815 4519 3065 4586 mortale,
3101 4524 3163 4573 ut
3210 4518 3266 4571 in
3321 4511 3472 4569 Psal-

1884 4628 2022 4685 mis:
2057 4645 2076 4679 ι
2112 4625 2314 4681 Factus
2340 4639 2460 4680 sum
2505 4622 2647 4679 sicut
2666 4628 2790 4676 uter
2811 4618 2868 4674 in
2896 4616 3095 4688 pruina
3132 4611 3200 4678 ³¹,
3236 4630 3254 4664 ι
3294 4610 3349 4665 id
3370 4615 3481 4675 est,

1815 4700 1872 4763 D
1895 4736 2092 4791 corpus
2112 4733 2294 4775 meum
2330 4715 2547 4772 mortali
2576 4712 2849 4771 subditum
2883 4718 2970 4766 est
2996 4702 3350 4777 corruptioni.
3377 4700 3484 4757 Per

1896 4823 2063 4868 utrem
2094 4811 2257 4868 corda
2287 4807 2670 4879 spiritualium,
2699 4806 2834 4859 utin
2863 4799 3185 4872 Evangelio:
3221 4817 3239 4850 ι
3283 4794 3482 4849 Vinum

1896 4921 2095 4961 novum
2147 4905 2202 4960 in
2237 4911 2391 4957 utres
2431 4914 2601 4957 novos
2636 4898 2860 4952 mittunt
2887 4894 2961 4961 ³²,
3014 4912 3035 4946 ι
3072 4890 3214 4962 quod
3252 4885 3482 4961 gratiam

1899 5000 1993 5054 Dei
2044 4997 2208 5054 corda
2237 4998 2506 5052 bonorum
2556 5006 2660 5062 per
2699 4987 3043 5044 sanctitatem
3095 4987 3353 5038 renuvata
3394 4991 3485 5031 ac-

1900 5089 2124 5159 cipiunt.
2168 5087 2277 5142 Per
2303 5094 2469 5139 utrem
2506 5088 2716 5136 mentes
2740 5091 3054 5149 pravorum,
3088 5081 3150 5129 ut
3190 5073 3245 5127 in
3306 5068 3485 5124 Evan-

1900 5180 2068 5252 gelio:
2107 5196 2126 5231 ι
2174 5177 2363 5247 Neque
2391 5175 2615 5231 mittunt
2656 5171 2842 5227 vinum
2885 5178 3084 5224 noVum
3116 5165 3170 5220 in
3202 5171 3351 5218 utres
3392 5173 3487 5213 ve-

1901 5250 2045 5327 teres
2070 5272 2140 5337 ³³,
2179 5290 2196 5321 ι
2243 5268 2387 5339 quod
2430 5267 2634 5323 donum
2680 5263 2868 5335 gratiae
2896 5275 3008 5316 sua:
3036 5259 3178 5313 Deus
3215 5250 3485 5309 mentibus

1904 5364 1958 5418 in
1990 5359 2384 5417 consuetudine
2408 5355 2616 5428 peccati
2646 5351 2959 5410 inveteratis
2987 5364 3095 5405 non
3121 5343 3374 5402 infundit.

1978 5451 2090 5507 Vas
2132 5458 2217 5507 est
2255 5449 2474 5506 dilectio
2514 5446 2637 5501 vita:
2684 5441 2987 5515 praesentis,
3018 5445 3079 5493 ut
3110 5437 3165 5491 in
3211 5428 3482 5487 Ieremia:

288 5670 307 5701 ί
341 5667 447 5723 Isa.
479 5660 712 5731 “1,19.
739 5612 1115 5731 ‘cant.vtl,_2:
1152 5649 1172 5681 ³
1193 5647 1515 5731 JohnxLLll;
1548 5645 1780 5731 szech.
1808 5644 2062 5731 va/i=3
2076 5643 2277 5731 Ihren.
2310 5640 2500 5731 ιν,
2523 5638 2725 5731 parit.
2757 5654 2819 5704 ιι,
2845 5637 2964 5731 5.]
2994 5634 3095 5731 Jul")
3126 5635 3295 5731 Ἦ,
3351 5630 3488 5731 “Joh

196 5756 314 5807 xu,
348 5737 453 5807 2%.,
482 5736 502 5767 '
532 5734 653 5791 Joh.
683 5747 772 5807 χιε,

351 5786 701 5868 Ῑῖιιιείῖιιι,
735 5786 824 5857 57.
866 5797 915 5869 ‘f
932 5793 1090 5869 Jgan.
1124 5810 1228 5860 xu,
1260 5792 1395 5869 5.3]
1426 5790 1595 5869 Cant;
1635 5806 1683 5869 ι.ἶ
1699 5787 1754 5841 4.

1895 5788 2002 5869 sap

1186 5845 1285 5931 v'u,
1301 5845 1402 5919 '36.
1437 5845 1595 5918 Eli—IV
1648 5845 1773 5929 Reg.

1901 5845 1989 5931 εὶξῖ
2037 5845 2205 5913 ’δῬε.
2255 5845 2694 5931 crx,_3._f‘__Joh
2734 5865 2847 5914 χιιι,
2878 5845 3215 5931 .1]ο·Ϊ⁷“.³ρ1ξ
3256 5862 3485 5931 xxxviii,

207 5864 312 5941 i3.
371 5881 417 5913 "
458 5879 560 5935 Isa.
605 5864 696 5942 ει,
727 5874 781 5928 7.
816 5871 863 5904 ’δ
897 5864 1098 5942 I_Reg.
1146 5881 1183 5935 χ

961 5703 1153 5776 “dub.
1183 5703 1368 5787 lll,75.i
1393 5703 1438 5752 ίί
1485 5703 1608 5778 Joh.
1640 5733 1769 5771 χχχι

1896 5703 1949 5769 4.
1992 5718 2034 5747 ι’
2081 5714 2273 5787 Exod:
2302 5703 2481 5787 ιε’-26.
2534 5703 2970 5787 ημϐειικιιωχ,
3140 5703 3313 5787 ,ίξ-Ρε.
3362 5719 3486 5769 .xv,

2009 5828 2020 5841 .
2049 5803 2108 5851 ιι,
2142 5787 2193 5840 7.
2235 5784 2278 5815 ¹⁹
2302 5783 2435 5839 Ileb.
2476 5799 2553 5847 rx,
2584 5783 2640 5836 4.
2689 5782 2733 5812 ¹⁰
2766 5780 2868 5834 Isa.
2899 5793 2989 5851 ιδ’,
3019 5776 3189 5851 ιβ.ξῖ
3210 5778 3312 5833 Isa.
3340 5792 3488 5841 κων,

361 5951 410 5986 ⁸⁸
853 5917 1334 6010 “suffigit.
1360 5917 1410 5970 λδ
1443 5917 1544 5995 Ps.
1571 5917 1755 6002 mu:

1888 5932 1903 5963 ⁸
1950 5930 2092 5989 Psal.
2121 5942 2313 5998 cxvm,
2342 5917 2433 5984 85.
2474 5924 2521 5958 ³⁸
2544 5922 2736 5983 Matth.
2761 5936 2842 5989 ιι,
2871 5919 2960 5976 l7.
2991 5918 3040 5953 ³³
3068 5917 3259 5979 Matth.
3288 5935 3368 5982 rx,
3398 5917 3463 5974 l7
