3936 6328
235 358 378 414 1(ι89

233 499 1056 532 W

561 503 3184 532 m..~_m-m

1090 519 1190 532 *ια’

910 359 1263 416 COMMENT.
1312 362 1379 416 IN
1419 360 1708 417 CANTICA
1749 359 1914 426 QUAE
1953 361 2043 414 AD
2081 361 2354 417 LAUDES
2393 361 2760 452 DIEUNTUB.

3327 365 3466 420 1090

3185 503 3469 516 Ἥ

812 659 1389 770 ΒΕΔΤῙ
1460 657 2194 768 ΒΔΒΔΠῙ
2267 657 2881 771 ΜΔΠΒΙ

955 865 1340 925 FULDENSIS
1376 864 1671 922 ABBATIS
1708 864 1796 920 ET
1836 863 2222 922 MOGUNTINI
2255 863 2772 922 ARCHIEPISCOPI

537 1049 1920 1184 COMMENTARIA
2043 1051 2228 1176 IN
2351 1044 3164 1178 CANTICA

1772 1285 1939 1354 QUAE

1144 1446 1254 1506 AD
1297 1443 1764 1506 MATUTlNAS
1806 1442 2118 1505 LAUDES
2159 1442 2582 1508 DICUNTUR.

305 1667 540 1744 Domino
558 1657 1008 1718 reverendissimo
1035 1665 1090 1712 et
1119 1657 1175 1712 in
1199 1657 1349 1713 cultu
1362 1674 1506 1714 verre
1535 1658 1811 1727 religionis
1838 1663 1893 1723 Α
1914 1657 2170 1728 baptismi
2199 1665 2599 1713 sacramentum
2619 1658 2965 1728 praedicatur,
2986 1662 3193 1718 cantari
3206 1663 3481 1718 decretum

233 1754 676 1814 strenuosissimo
700 1751 974 1808 Lunovmo
995 1748 1106 1820 regi
1141 1748 1392 1804 RABANUS
1417 1749 1644 1806 devotus
1693 1765 1810 1805 ser-

232 1853 390 1908 vulus
418 1850 475 1906 in
501 1847 718 1904 Christo
740 1835 996 1902 aeternam
1025 1851 1180 1914 optat
1211 1843 1461 1899 salutem.

303 1941 484 2011 Nuper
511 1937 724 2009 quando
745 1936 815 1991 ad
838 1951 935 1991 vos
961 1936 1015 1990 in
1054 1933 1244 1990 cellula
1281 1933 1594 1989 monasterii
1612 1931 1807 1999 nostri,

231 2050 353 2106 quae
376 2039 601 2088 vocatur
621 2029 965 2098 Ratestorph,
997 2035 1218 2084 vocatus
1243 2027 1388 2092 veni,
1411 2035 1467 2082 et
1495 2041 1675 2081 sermo
1710 2023 1814 2080 fuit

233 2128 376 2182 inter
384 2140 483 2181 nos
497 2125 562 2182 de
575 2121 870 2194 Scripturis
883 2121 1072 2187 sacris,
1092 2120 1425 2190 persuadere
1454 2119 1587 2174 mihi
1608 2119 1810 2190 dignati

230 2218 367 2273 estis
410 2223 470 2272 ut
514 2215 725 2272 cantica
753 2229 874 2284 quae
915 2213 970 2268 in
999 2212 1280 2268 matutinis
1330 2211 1580 2268 laudibus
1625 2221 1812 2267 sancta

231 2310 412 2380 psallit
438 2308 680 2364 Ecclesia
715 2306 869 2362 vobis
913 2305 1200 2376 allegorice
1245 2319 1408 2360 sensu
1451 2317 1808 2373 exponerem;

231 2402 300 2456 ad
341 2400 482 2472 quod
512 2409 636 2456 tunc
660 2397 912 2468 respondi
937 2397 993 2452 id
1019 2411 1108 2452 me
1127 2394 1241 2466 jam
1271 2394 1475 2451 factum
1525 2395 1725 2450 habere
1756 2395 1810 2448 in

230 2493 508 2564 opusculis
541 2492 760 2558 nostris,
791 2505 910 2562 qua:
939 2491 994 2546 in
1024 2497 1258 2546 tractatu
1311 2488 1613 2544 divinorum
1642 2487 1807 2543 libro-

233 2602 380 2650 rum,
409 2593 668 2655 quantum
689 2583 858 2655 potui,
889 2581 1112 2646 confeci,
1141 2597 1244 2637 nec
1263 2581 1422 2637 modo
1447 2595 1667 2636 necesse
1691 2594 1810 2635 esse

231 2676 286 2730 id
310 2676 486 2731 denuo
513 2684 788 2746 repetere;
824 2675 918 2730 sed
946 2689 1069 2730 cum
1116 2674 1186 2728 ad
1216 2673 1602 2729 monasterium
1631 2685 1811 2727 rever-

229 2783 328 2822 sus
352 2782 528 2822 essem
549 2775 606 2822 et
633 2767 944 2837 quaesissem
962 2772 1145 2820 utrum
1169 2765 1226 2820 in
1251 2765 1432 2820 omnia
1459 2764 1551 2819 illa
1600 2763 1809 2818 cantica

231 2857 625 2927 expositionem
654 2855 767 2925 jam
789 2855 986 2910 factam
1012 2855 1286 2919 haberem,
1312 2853 1549 2924 comperi
1583 2852 1728 2923 quod
1751 2850 1810 2905 in

231 2945 326 3000 illa
347 2961 468 3016 quae
488 2946 554 3002 de
572 2946 847 3016 prophetis
870 2953 1017 3010 sunt,
1033 2944 1170 3000 Isaia
1188 2943 1441 2999 videlicet
1453 2951 1509 2998 et
1530 2941 1806 3006 Habacuc,

1913 1757 2014 1811 est,
2053 1746 2180 1816 quia
2217 1747 2334 1801 haec
2370 1754 2498 1800 sunt
2533 1745 2686 1801 initia
2710 1747 2899 1804 salutis
2950 1758 3170 1806 nostrae.
3199 1750 3259 1805 In
3317 1751 3480 1805 tertia

1913 1852 2128 1908 quoque
2141 1836 2278 1893 feria
2303 1837 2571 1892 canticum
2601 1837 2716 1892 sive
2739 1839 2916 1894 oratio
2937 1839 3187 1896 Ezechiae
3215 1841 3484 1912 psallitur,

1911 1929 1967 1983 in
2001 1943 2108 1999 quo
2151 1929 2217 1984 de
2255 1927 2572 1984 inﬁrmitate
2616 1945 2714 1984 sua
2760 1931 3138 1990 convalescens
3186 1933 3482 2005 gratiarum

1912 2020 2153 2075 actiones
2173 2035 2271 2090 pro
2297 2020 2471 2075 salute
2491 2035 2586 2075 sua
2611 2021 2724 2077 Deo
2756 2021 3043 2089 referebat,
3067 2025 3362 2081 admonens
3389 2042 3489 2082 nos

1911 2119 1974 2164 ut
2021 2111 2125 2174 ipsi
2156 2119 2279 2182 post
2311 2119 2620 2184 perceptam
2647 2115 2880 2185 gratiam
2925 2117 3022 2172 Dei
3055 2125 3110 2174 et
3151 2117 3481 2174 ablutionem

1883 2261 1886 2264 ,
1913 2201 2056 2256 sacri
2075 2201 2416 2272 baptismatis
2431 2218 2460 2256 a
2484 2195 2674 2259 mortis
2691 2205 2918 2263 vinculis
2937 2207 3190 2277 absoluti,
3207 2225 3306 2280 per
3325 2226 3484 2266 omne

1915 2299 2128 2362 tempus
2155 2292 2282 2348 vitae
2328 2301 2526 2350 nostrae
2560 2295 2674 2351 Deo
2719 2298 2920 2368 gratias
2953 2314 3114 2371 agere
3154 2300 3482 2355 Studeamus.

1911 2381 1970 2436 In
2007 2392 2202 2453 quarta
2230 2393 2408 2440 autem
2440 2385 2576 2441 feria
2617 2389 2886 2445 canticum
2922 2391 3090 2447 Anna:
3133 2391 3488 2463 prophetissa:

1911 2476 2144 2542 canitur,
2180 2476 2236 2532 in
2262 2491 2372 2547 quo
2389 2475 2630 2534 Judaicae
2649 2480 2886 2550 perfidiae
2904 2484 3148 2554 expulsio
3168 2484 3471 2548 denotatur,

1911 2576 1966 2622 et
1995 2566 2188 2622 electio
2213 2567 2467 2624 Ecclesiae
2501 2570 2568 2626 de
2593 2572 2844 2642 gentibus
2870 2574 3290 2632 demonstratur.
3345 2574 3478 2630 Nam

1912 2655 1966 2711 in
1985 2658 2172 2728 quinta
2197 2657 2334 2714 feria
2354 2660 2547 2716 merito
2571 2663 2841 2718 canticum
2862 2665 3227 2722 lsraelitarum
3251 2666 3482 2730 canitur,

1909 2738 2056 2819 quod
2086 2757 2208 2820 post
2241 2751 2455 2820 paschae
2497 2751 2918 2809 celebrationem
2951 2755 3130 2811 educti
3161 2773 3226 2813 ex
3256 2757 3484 2829 Egypto,

1911 2847 1965 2895 et
1991 2855 2088 2910 per
2125 2855 2276 2896 mare
2323 2842 2568 2898 Rubrum
2589 2844 2733 2900 sicco
2757 2846 2982 2918 vestigio
3010 2848 3260 2904 translati
3283 2851 3488 2908 cecine-

1911 2937 2055 2984 runt.
2095 2928 2229 2984 Nam
2269 2937 2320 2986 et
2375 2931 2427 2985 in
2449 2932 2567 3002 ipsa
2607 2932 2742 2988 feria
2790 2935 3036 2992 Salvator
3068 2948 3250 2994 noster
3287 2943 3488 3010 pascha

231 3035 462 3089 necdum
491 3050 710 3089 manum
737 3033 999 3090 miserim.
1031 3033 1184 3090 Unde
1239 3033 1469 3104 cogitavi
1495 3031 1639 3103 quod
1694 3031 1810 3087 haec
1838 3029 1887 3089 Β
1915 3022 2147 3092 ῑΥΡίουω
2174 3037 2295 3077 cum
2335 3023 2611 3094 diSCipuliS
2633 3027 2745 3082 suis
2770 3027 3069 3096 celebrans,
3117 3031 3318 3102 pascha
3345 3050 3490 3105 mys~

231 3123 396 3177 simul
417 3138 538 3178 cum
575 3123 786 3178 caeteris
823 3123 877 3177 in
917 3137 1082 3177 unum
1115 3121 1361 3177 volumen
1385 3129 1721 3191 coaptarem,
1751 3128 1806 3175 et

233 3215 389 3268 vobis
411 3213 476 3268 ad
500 3213 780 3285 legendum
811 3214 1046 3269 maxime
1070 3213 1124 3268 in
1147 3213 1262 3269 istis
1292 3213 1482 3268 diebus
1499 3211 1806 3284 Quadrage-

231 3307 387 3361 simae
411 3306 848 3362 transmitterem.
862 3305 988 3362 Feci
1015 3306 1278 3376 siquidem
1299 3307 1418 3361 haec
1437 3314 1493 3360 et
1519 3314 1806 3377 utramque

229 3395 526 3451 editionem
567 3397 727 3452 simul
754 3397 938 3468 posui;
974 3397 1122 3452 illam
1175 3397 1425 3452 videlicet
1456 3397 1611 3469 juxta
1642 3411 1806 3468 quam

230 3487 477 3543 Romana
492 3489 672 3558 psallit
689 3489 952 3556 Ecclesia,
975 3498 1030 3545 et
1044 3491 1180 3544 hanc
1189 3505 1352 3560 quam
1364 3505 1430 3544 ex
1441 3489 1706 3546 Hebraica
1718 3503 1807 3544 ve-

228 3581 400 3635 ritate
423 3581 742 3635 translatam
767 3589 972 3636 czeteraa
1001 3579 1309 3636 Occidentis
1329 3597 1396 3637 ex
1417 3582 1657 3636 maxima
1682 3596 1811 3652 par-

227 3679 284 3726 te
323 3679 506 3724 tenent
535 3669 806 3734 Ecclesiae,
847 3671 1128 3740 utriusque
1159 3671 1433 3736 editionis,
1461 3672 1550 3726 ubi
1583 3672 1726 3726 inter
1751 3685 1809 3726 se

226 3765 544 3834 discrepare
590 3764 930 3830 videbantur,
965 3778 1182 3819 sensum
1235 3780 1529 3834 exponens,
1578 3774 1632 3818 et
1653 3764 1810 3832 juxta

227 3859 286 3915 id
317 3857 541 3928 quodin
577 3866 888 3913 sanctorum
924 3857 1146 3912 Patrum
1192 3855 1482 3924 dictisjam
1507 3856 1808 3926 expositum

228 3951 436 4018 inveni,
468 3951 553 4007 vel
578 3967 673 4022 per
695 3967 780 4006 me
801 3951 980 4007 divina
1007 3951 1180 4021 gratia
1206 3949 1502 4020 opitulante
1522 3947 1812 4018 investiga-

227 4059 293 4098 re
324 4044 494 4112 potui,
521 4060 656 4115 opus
675 4043 1062 4110 consummavi,
1113 4050 1304 4113 petens
1343 4041 1602 4096 lectorem
1663 4048 1722 4093 ut
1765 4039 1811 4095 si

226 4135 363 4206 quid
399 4135 501 4190 sibi
539 4136 596 4190 in
622 4150 686 4190 eo
732 4135 1032 4205 displiceat,
1059 4149 1168 4188 non
1194 4133 1301 4188 cito
1319 4131 1702 4202 reprehendat,
1717 4129 1812 4184 sed

228 4225 386 4291 prius
409 4227 714 4281 consideret
736 4235 918 4280 utrum
945 4222 1208 4293 majorum
1241 4222 1423 4279 sensui
1451 4221 1743 4277 concordet
1757 4226 1812 4274 et

229 4317 446 4372 veritati
472 4319 802 4374 contrarium
822 4334 929 4374 non
945 4318 1041 4372 sit:
1059 4318 1245 4387 sicque
1259 4316 1596 4372 devotionem
1616 4313 1812 4369 mentis

1909 3111 2075 3166 ticum
2101 3112 2458 3169 continuatim
2493 3115 2546 3169 in
2599 3128 2940 3176 sacramento
2985 3123 3226 3193 corporis
3279 3135 3332 3180 et
3358 3141 3486 3181 san-

1909 3204 2086 3275 guinis
2109 3206 2192 3261 sui
2215 3215 2270 3262 et
2288 3207 2342 3262 in
2372 3208 2738 3268 immolatione
2765 3213 2910 3270 illius
2932 3217 3056 3286 agni
3090 3217 3181 3287 qui
3203 3217 3339 3274 tollit
3361 3236 3489 3290 pec-

1908 3304 2030 3352 cata
2066 3298 2274 3364 mundi,
2306 3303 2662 3358 consecravit.
2688 3302 2815 3360 Ideo
2843 3317 3238 3379 consequenter
3251 3311 3308 3366 in
3336 3322 3490 3368 sexta

1908 3386 2043 3443 feria
2064 3389 2333 3445 canticum
2357 3391 2608 3450 Habacuc
2633 3398 2928 3468 prophetae,
2943 3399 2998 3454 in
3018 3415 3126 3471 quo
3151 3415 3488 3460 sacramenta

1909 3479 2202 3538 Dominicae
2225 3483 2496 3554 passionis
2515 3488 2858 3544 continentur
2885 3499 2940 3546 et
2965 3495 3374 3552 resurrectionis
3399 3505 3482 3551 at-

1909 3587 2016 3644 que
2045 3575 2377 3632 ascensionis
2403 3591 2522 3646 ejus
2550 3579 2606 3633 in
2631 3580 2801 3637 caelos
2840 3583 3096 3654 mysteria
3120 3585 3486 3654 declarantur,

1911 3682 2146 3738 congrue
2168 3668 2223 3722 in
2240 3667 2484 3724 Ecclesia
2507 3671 2773 3740 psallitur,
2798 3682 2858 3728 ut
2887 3675 3135 3731 omnibus
3165 3677 3486 3746 innotescat,

1911 3759 2179 3831 quomodo
2204 3758 2260 3812 in
2303 3767 2455 3814 sexta
2477 3759 2641 3828 feria,
2663 3751 2722 3817 in
2745 3779 2850 3834 qua
2882 3765 3090 3836 primus
3117 3766 3280 3822 homo
3301 3769 3492 3824 condi-

1915 3861 2000 3907 tus
2023 3852 2198 3908 denuo
2228 3859 2333 3921 est,
2375 3851 2669 3909 humanum
2715 3869 2884 3926 genus
2937 3855 3005 3910 ad
3033 3856 3197 3911 vitam
3229 3865 3488 3913 aaternam

1913 3957 2008 4014 per
2034 3943 2304 4002 Christum
2327 3954 2688 4003 restauratum
2716 3947 2806 4002 sit.
2837 3946 3072 4002 Sabbato
3098 3963 3314 4018 quoque
3349 3950 3490 4014 bene

1913 4044 1968 4090 et
1993 4051 2228 4110 congrue
2252 4040 2526 4095 canticum
2551 4038 2950 4094 Deuteronomii
2978 4041 3278 4096 canendum
3298 4043 3496 4097 consti-

1918 4135 2090 4183 tutum
2118 4137 2223 4195 est,
2278 4129 2332 4184 in
2361 4145 2468 4200 quo
2488 4127 2748 4186 beneﬁcia
2790 4129 2886 4184 Dei
2919 4144 3047 4200 erga
3068 4129 3305 4200 priorem
3324 4146 3490 4201 popu-

1913 4217 2026 4274 lum
2058 4221 2518 4287 demonstrantur,
2548 4228 2604 4276 et
2639 4235 2800 4291 quam
2825 4220 3034 4292 ingrate
3080 4220 3221 4277 idem
3257 4222 3488 4294 populus

1915 4328 1978 4367 ea
2015 4314 2332 4384 susceperit,
2362 4313 2555 4384 bisque
2598 4315 2798 4369 abusus
2841 4313 2941 4380 sit,
2973 4314 3274 4370 certissime
3306 4315 3489 4386 expri-

229 4425 367 4466 mea:
394 4411 565 4482 magis
589 4426 751 4481 quam
785 4410 1144 4480 eloquentiam
1168 4408 1454 4464 verborum
1477 4408 1816 4479 perpendens
1842 4409 1886 4473 C
1917 4407 2103 4474 mitur;
2119 4409 2244 4478 quia
2258 4424 2324 4463 ea
2337 4407 2424 4464 die
2446 4409 2741 4478 antiquitus
2762 4409 3112 4464 constitutum
3137 4419 3220 4465 est
3234 4409 3490 4465 Deutero-

227 4517 387 4572 aaquo
407 4499 611 4569 judicio
639 4503 704 4557 de
735 4501 826 4556 illo
847 4500 1065 4570 iudicet,
1091 4499 1268 4556 sciens
1290 4499 1548 4569 scriptum
1572 4516 1586 4551 :
1613 4496 1684 4551 In
1704 4514 1809 4568 qua

228 4609 478 4648 mensura
514 4594 679 4647 mensi
709 4592 913 4662 [ueritis
940 4592 1236 4646 remetietur
1257 4590 1396 4645 vobis
1434 4588 1650 4661 (Matth.
1683 4589 1806 4658 vn).

231 4686 292 4742 Si
318 4701 476 4755 quem
500 4694 680 4740 autem
703 4694 884 4740 movet
903 4685 1048 4754 quod
1069 4685 1184 4754 ipsa
1208 4685 1420 4739 cantica
1437 4697 1544 4737 non
1569 4696 1634 4737 eo
1653 4683 1812 4737 modo

229 4796 340 4851 quo
367 4780 437 4835 ab
465 4780 776 4836 auctoribus
788 4781 900 4836 suis
921 4781 1136 4835 condita
1150 4789 1276 4837 sunt
1299 4780 1544 4836 ordinem
1568 4787 1808 4846 teneant,

230 4873 328 4927 sed
362 4887 426 4926 ea
455 4886 573 4940 quae
601 4879 786 4940 postea
821 4871 962 4926 edita
999 4879 1126 4926 sunt
1167 4872 1347 4942 priore
1377 4871 1493 4925 loco
1521 4879 1808 4941 ponantur,

229 4964 358 5034 quia
379 4963 649 5018 canticum
671 4963 841 5018 Exodi
869 4971 926 5019 et
955 4963 1224 5019 canticum
1247 4963 1647 5018 Deuteronomii
1684 4971 1811 5020 ante

230 5065 428 5111 caetera
447 5055 658 5110 cantica
683 5071 781 5126 per
813 5055 1176 5126 legislatorem
1196 5055 1340 5110 edita
1361 5063 1504 5118 sunt,
1555 5063 1810 5127 agnoscat

230 5149 338 5204 hoc
356 5164 462 5204 non
491 5147 690 5203 frustra
719 5146 940 5211 factum,
963 5149 1058 5202 sed
1085 5147 1296 5202 decenti
1321 5148 1512 5204 ordine
1534 5155 1592 5204 et
1615 5163 1810 5204 secun-

231 5240 361 5294 dum
386 5239 648 5295 rationem
669 5247 849 5293 actum
863 5247 1077 5306 esse,ut
1096 5240 1367 5311 mysteriis
1388 5248 1444 5295 et
1464 5241 1812 5296 institutioni;

230 5329 336 5384 bus
360 5345 456 5400 per
475 5330 656 5386 omnia
683 5329 1036 5386 convenirent
1056 5328 1272 5384 divinis.
1293 5328 1428 5383 Nam
1458 5329 1513 5383 in
1527 5329 1807 5384 Dominica

232 5421 345 5487 die,
379 5437 498 5492 quae
527 5438 622 5492 per
651 5422 832 5476 omnia
876 5419 1206 5476 honorabilis
1250 5429 1303 5474 et
1357 5421 1516 5490 digna
1562 5419 1808 5474 laudibus

231 5523 436 5580 exstat,
462 5515 647 5571 laudes
675 5516 839 5571 trium
860 5529 1148 5586 puerorum
1171 5514 1223 5568 in
1245 5513 1489 5568 Ecclesia
1516 5523 1803 5569 canuntur.

235 5605 294 5662 In
311 5609 704 5678 quibusomnes
724 5617 984 5666 creatura:
999 5609 1066 5663 ad
1080 5608 1405 5663 laudandum
1418 5615 1472 5661 et
1485 5607 1807 5664 benedicen-

235 5701 368 5756 dum
387 5701 699 5759 Creatorem
743 5720 898 5760 suum
935 5711 1314 5774 provocamur.
1341 5703 1397 5756 In
1423 5701 1658 5757 secunda
1679 5715 1808 5757 vero

241 5790 374 5854 feria
418 5797 688 5854 canticum
729 5797 901 5864 Isaiae,
930 5797 1118 5868 inquo
1143 5796 1403 5852 adventus
1429 5793 1724 5850 Salvator-is
1753 5803 1808 5849 et

1914 4501 2154 4556 nomium
2173 4501 2307 4574 legis
2335 4501 2391 4556 in
2416 4517 2680 4573 synagoga
2696 4499 2932 4566 recitari,
2949 4517 3018 4556 ne
3049 4499 3248 4557 oblivio
3286 4517 3489 4570 praece-

1912 4601 2128 4664 ptorum
2157 4594 2254 4650 Dei
2296 4594 2352 4648 in
2383 4593 2576 4665 populo
2611 4593 2784 4660 ﬁeret,
2814 4593 2909 4648 sed
2934 4593 3108 4664 magis
3137 4592 3492 4648 incitarentur

1912 4692 1980 4746 ad
2005 4681 2432 4748 observationem
2459 4698 2849 4760 praeceptorum
2880 4687 3040 4744 illius.
3083 4687 3234 4743 Unde
3258 4687 3314 4742 in
3345 4688 3491 4742 Acti-

1911 4783 2012 4838 bus
2029 4783 2390 4854 apostolorum
2404 4781 2604 4840 Jacobo
2625 4782 2835 4838 dicente
2855 4781 2929 4834 ita
2949 4780 3209 4850 scriptum
3224 4780 3451 4852 legimus
3474 4798 3487 4834 :

1911 4875 2120 4947 Moyses
2147 4877 2282 4931 enim
2307 4894 2339 4930 a
2385 4875 2698 4946 temporibus
2743 4873 2970 4944 antiquis
3005 4873 3156 4928 habet
3191 4873 3247 4927 in
3269 4873 3489 4945 singulis

1911 4967 2222 5032 civitatibus,
2265 4969 2355 5038 qui
2399 4983 2516 5021 eum
2547 4966 2826 5036 prwdicent
2861 4965 2917 5018 in
2946 4965 3240 5038 synagogis,
3264 4965 3354 5020 ubi
3401 4981 3492 5035 per

1911 5073 2061 5113 omne
2083 5058 2354 5112 sabbatum
2399 5057 2588 5129 legitur
2634 5056 2775 5129 (Act.
2797 5057 2922 5128 xv);
2954 5071 3052 5113 nos
3083 5071 3211 5128 ergo
3243 5056 3492 5112 similiter

1911 5147 2098 5202 eodem
2128 5148 2366 5202 carmine
2387 5145 2738 5219 spiritualiter
2756 5147 3095 5214 instruimur,
3116 5156 3176 5202 ut
3194 5163 3300 5202 non
3323 5147 3489 5202 simus

1910 5239 2104 5311 ingrati
2124 5240 2500 5297 beneficiorum
2521 5241 2639 5306 Dei,
2666 5241 2760 5297 sed
2785 5240 2958 5311 magis
2973 5255 3072 5310 per
3099 5255 3257 5296 omne
3280 5248 3489 5311 tempus

1910 5334 2032 5389 vitae
2061 5343 2258 5389 nostrae
2305 5334 2547 5390 laudibus
2569 5333 2686 5404 ejus
2726 5334 3062 5401 insistamus,
3111 5335 3282 5390 donec
3307 5333 3492 5390 veniat

1912 5424 2040 5481 illud
2073 5426 2373 5492 sabbatum,
2412 5427 2468 5480 in
2492 5440 2599 5496 quo
2617 5424 3002 5496 perpetualiter
3021 5439 3143 5480 cum
3164 5423 3379 5479 Christo
3405 5437 3490 5477 re-

1909 5517 2092 5586 quiem
2116 5517 2482 5587 possideamus
2509 5524 2786 5571 aeternam.
2812 5513 3036 5570 Cantica
3061 5528 3190 5568 vero
3227 5512 3294 5567 de
3314 5511 3490 5568 Evan-

1910 5610 2048 5680 gelio
2076 5617 2286 5680 sumpta
2316 5616 2439 5679 apte
2461 5616 2518 5663 et
2547 5605 2930 5664 convenienter
2953 5604 3190 5675 quotidie
3223 5603 3276 5658 in
3305 5602 3490 5658 Eccle-

1910 5703 1990 5758 sia
2019 5701 2294 5758 decantari
2321 5717 2351 5756 a
2372 5701 2643 5772 magistris
2664 5698 2919 5754 Ecclesiae
2945 5697 3222 5752 decretum
3250 5703 3356 5761 est,
3389 5695 3491 5750 hoc

1910 5802 2016 5861 est,
2063 5803 2122 5850 ut
2181 5795 2451 5850 canticum
2486 5791 2761 5849 Zachariae
2809 5789 3102 5860 prophetae,
3154 5787 3246 5844 ubi
3271 5796 3492 5844 exortus
