3936 6328
0 6008 24 6055 l"

410 328 548 391 issi
876 334 879 345 π
1049 320 1114 382 Β.
1152 321 1412 381 eaeam
1446 312 1672 378 mum
1705 312 2029 375 answer.
2068 302 2383 373 uocem.
2418 308 2708 371 orsnuu
2740 297 2924 368 rans
2958 306 3050 368 ιιι.
3442 288 3469 300 '
3578 300 3719 363 me

415 448 552 507 lucis
591 444 645 500 in
684 440 924 499 tenebris
956 447 1311 505 memoratur,
1345 437 1399 492 in
1427 435 1711 492 matutinis
1759 431 2011 489 laudibus
2035 432 2091 495 Α
2114 430 2257 487 sacri
2300 428 2644 502 baptismatis
2668 437 2900 503 erutam
2939 434 2996 484 et
3018 441 3121 499 per
3150 424 3575 482 renovatiouem
3605 419 3723 493 Spi—

415 541 760 603 decantetur,
788 542 845 591 et
876 534 1149 591 canticum
1176 530 1359 586 Maria:
1381 528 1477 584 Dei
1496 528 1798 601 genitricis,
1822 526 1874 582 in
1902 540 2011 596 quo
2114 522 2252 578 ritus
2297 522 2471 578 sancti
2520 522 2576 578 in
2602 520 2901 577 electorum
2943 528 3148 575 sortem
3190 516 3525 573 translatam
3570 528 3725 585 spem

415 645 514 703 per
560 626 847 683 brachium
872 623 1087 681 Domini
1118 622 1382 693 (ἥφθηᾶο
1424 619 1787 689 superborum
1826 627 2011 687 etpe-
2114 618 2321 675 liabeus
2348 618 2474 675 vitae
2510 616 2709 675 futurae
2735 613 3355 687 etgaudiiseuipiterni.
3423 610 3542 667 Sed
3586 608 3731 667 unde

421 721 649 779 teutium
678 718 945 790 depositio
969 714 1363 784 humillumque
1378 712 1645 768 exultatio
1665 710 2011 783 praedicatur,
2114 708 2234 764 haec
2274 707 2450 779 gratia
2485 704 2585 764 sibi
2613 708 2927 779 provenerit
2944 706 3184 762 ostendit
3218 704 3456 760 dicens:

421 821 571 871 recte
594 813 650 867 in
678 809 990 880 vespertino
1018 805 1193 865 cilicio
1220 803 1515 861 novissime
1536 804 1771 859 canitur.
1797 801 1934 871 Quia
1957 801 2015 857 in

420 918 647 975 vespere
670 901 878 968 mundi,
910 900 1014 955 hoc
1032 905 1135 963 est,
1167 897 1223 951 in
1256 892 1364 951 ﬁne
1393 893 1575 950 saeculi
1602 909 1700 965 per
1726 884 2015 949 adventum

427 993 744 1061 Salvatoris,
774 990 990 1062 superbi
1018 990 1074 1045 in
1102 989 1281 1061 ignem
1309 985 1669 1060 projicientur
1719 985 1939 1051 inferni,
1961 992 2020 1040 et

427 1085 663 1143 humiles
686 1078 741 1141 in
766 1082 994 1155 gloriam
1024 1080 1411 1139 exaltabunttlr
1432 1088 1715 1141 aeternam.
1742 1078 1869 1137 Ba:
1888 1094 2018 1150 ergo

422 1180 580 1251 juxta
634 1179 692 1234 id
736 1177 878 1247 quod
927 1173 1197 1232 sensimus
1238 1181 1295 1228 et
1347 1190 1380 1228 a
1427 1171 1704 1244 magistris
1760 1170 2019 1226 traditum

429 1272 759 1344 accepimus,
781 1267 921 1340 stylo
960 1267 1307 1339 protulimus,
1334 1280 1444 1320 non
1491 1261 1911 1335 prmjudicantes
1932 1260 2019 1316 his

430 1366 525 1437 qui
553 1363 748 1419 melius
783 1361 1000 1433 sapiunt
1021 1376 1087 1417 ac
1148 1359 1344 1417 melius
1391 1358 1734 1415 sermonibus
1773 1353 2020 1427 proferre

431 1463 651 1513 norunt.
679 1453 762 1510 Tu
795 1462 996 1521 autem,
1051 1452 1452 1525 sapientissime
1495 1456 1612 1518 rex,
1664 1450 1721 1505 in
1770 1444 2022 1504 omnibus

431 1549 574 1607 bene
596 1548 861 1614 eruditus,
893 1562 958 1603 ea
986 1562 1108 1618 qua:
1157 1546 1259 1601 tibi
1290 1561 1323 1600 a
1348 1545 1544 1601 devoto
1596 1542 1797 1600 famulo
1826 1542 2021 1599 collata

432 1651 581 1710 sunt,
610 1642 842 1713 benigna
865 1648 1051 1697 mente
1068 1640 1306 1710 suscipe,
1318 1639 1534 1709 illisque
1546 1644 1707 1695 utere
1725 1636 2023 1694 secundum

432 1736 576 1809 quod
605 1734 951 1807 perspexeris
985 1732 1080 1788 tibi
1102 1732 1318 1802 tuisque
1366 1732 1644 1803 prodesse.
1700 1729 1815 1802 Ego
1838 1735 2021 1784 autem

2193 818 2212 852 ι
2256 798 2400 855 Ecce
2452 798 2596 855 Deus
2646 798 2900 857 Salvator
2935 813 3087 855 mens
3117 816 3130 852 :
3163 795 3501 853 ﬁducialiter
3554 808 3733 865 agam,

2122 911 2143 945 ι
2186 901 2242 948 et
2266 907 2375 947 non
2414 890 2633 948 timebo.
2671 911 2691 943 ι
2727 886 2917 948 Omnis
2942 890 3088 945 enim
3130 897 3333 945 nostra:
3384 886 3731 955 redemptio-

2120 985 2206 1045 nis
2230 992 2287 1041 et
2311 983 2504 1040 salutis
2533 999 2699 1041 causa
2726 984 2782 1040 in
2808 983 3186 1041 incarnatione
3208 982 3341 1043 Iesu
3364 979 3591 1037 Christi
3628 977 3737 1033 Do-

2119 1076 2252 1135 mini
2274 1076 2446 1133 nostri
2467 1076 2739 1143 consistit,
2796 1074 2927 1148 quia
2956 1088 3066 1131 non
3094 1076 3180 1130 est
3202 1066 3351 1131 aliud
3384 1086 3602 1128 neuneu
3650 1086 3741 1127 su-

2116 1184 2219 1242 per
2255 1180 2454 1226 terram
2492 1170 2677 1226 datum
2706 1169 3040 1237 hominibus,
3096 1176 3332 1225 testante
3376 1167 3557 1223 Petro
3613 1180 3740 1236 apo-

2120 1263 2283 1331 stolo,
2335 1264 2391 1319 in
2422 1278 2531 1334 quo
2558 1270 2808 1335 oporteat
2836 1262 3016 1318 salvos
3045 1260 3183 1326 ﬁeri,
3211 1261 3278 1317 de
3307 1254 3423 1331 quo
3444 1272 3506 1316 et
3534 1258 3741 1314 Paulus

2123 1359 2202 1414 ait
2240 1372 2255 1411 ε
2291 1378 2310 1411 ‹
2345 1356 2533 1414 Gratia
2564 1357 2710 1413 enim
2751 1372 2938 1412 sumus
2968 1355 3161 1412 salvati
3192 1355 3416 1428 (Ephes.
3459 1354 3563 1427 ιι).
3602 1375 3621 1406 ι
3675 1354 3743 1409 Et

2122 1452 2256 1507 item
2281 1468 2295 1506 :
2326 1470 2346 1504 ι
2383 1450 2516 1518 Quis
2543 1466 2652 1517 me,
2678 1449 2878 1520 inquit,
2903 1448 3155 1505 liberabit
3181 1449 3249 1505 de
3273 1463 3513 1520 corpore
3546 1447 3741 1503 mortis

2122 1545 2326 1617 hujus?
2364 1544 2552 1601 Gratia
2606 1544 2701 1600 Dei
2739 1557 2837 1615 per
2872 1540 3071 1598 'lesum
3106 1541 3385 1598 Christum
3431 1540 3738 1598 Dominum

2124 1647 2374 1696 nostrum
2410 1637 2567 1711 (Rom
2598 1636 2719 1710 vn).
2757 1654 2778 1689 ι
2838 1637 2916 1692 De
2946 1650 3061 1706 quo
3092 1650 3308 1691 rursum
3342 1636 3469 1691 ait:
3526 1653 3553 1687 ι
3598 1633 3741 1691 Gra-

2124 1732 2229 1789 tias
2276 1730 2484 1804 agimus
2511 1730 2645 1797 Deo,
2672 1728 3532 1803 quidknosnosfecitiuparse
3570 1730 3739 1786 sortis

414 1791 699 1902 ,ᾇυιειιιῖιιιι
734 1791 951 1885 servitii
1002 1791 1385 1898 possum'ubi'
1417 1826 1652 1882 libenter
1689 1791 2020 1896 impendam,
2048 1791 2101 1854 Β
2129 1791 2441 1880 sanctorum
2480 1823 2538 1879 in
2579 1791 2807 1891 enim,
2845 1791 3172 1894 Ῑιιιίοιιρυιι
3194 1836 3295 1879 nos
3336 1791 3414 1880 ἑο
3450 1830 3739 1896 poemate

435 1922 658 1994 insuper
692 1930 749 1979 et
777 1923 893 1994 ipse
942 1921 1248 1993 impendar,
1305 1922 1474 1976 Deum
1501 1918 1713 1975 orando
1742 1926 1906 1989 atque
1933 1917 2031 1971 ob-

435 2014 702 2070 secrando
723 2028 825 2085 pro
842 2013 1016 2069 subite
1034 2021 1148 2078 tua,
1163 2019 1220 2068 et
1238 2027 1339 2083 pro
1360 2010 1655 2068 stabilitate
1684 2009 1833 2081 regni
1856 2007 1955 2073 tui,
1972 2013 2033 2061 ut

438 2102 530 2159 hic
554 2102 652 2159 diu
676 2117 865 2175 sospes
884 2103 1053 2169 vivas,
1078 2111 1136 2159 et
1152 2113 1275 2173 post
1293 2102 1584 2159 terminum
1611 2100 1894 2173 praesentis
1906 2097 2033 2153 vita

436 2195 495 2251 in
524 2196 733 2253 cmlesti
780 2208 950 2268 regno
975 2196 1087 2252 vita
1134 2195 1333 2252 fruaris
1360 2203 1585 2251 teterna.
1630 2193 1898 2250 Divinitas
1924 2180 2034 2247 De-

438 2286 572 2341 mini
594 2286 769 2342 nostri
787 2286 919 2343 Iesu
967 2286 1170 2342 Christi
1196 2286 1284 2341 hic
1308 2297 1364 2341 et
1390 2285 1617 2357 ubique,
1650 2296 1796 2340 nunc
1823 2290 2036 2340 etsen-

441 2394 540 2451 per
562 2392 758 2435 unum
774 2389 834 2435 et
858 2379 1183 2435 incolumem
1204 2386 1261 2433 te
1274 2390 1605 2434 conservare
1618 2377 1891 2449 dignetur.

1126 2578 1369 2627 INCIPIT

633 2684 1046 2753 CANTICUM
1088 2678 1327 2751 ISAUE
1370 2674 1850 2771 PROPHETAE.

510 2811 678 2870 Isaias
705 2813 969 2885 propheta
1000 2821 1287 2885 postquam
1318 2809 1388 2867 de
1420 2809 1796 2869 incarnatione
1820 2805 2037 2865 Domini

344 2910 353 2917 '
443 2912 500 2963 et
526 2905 595 2962 de
610 2905 1002 2965 convocatione
1029 2904 1287 2963 Ecclesia:
1321 2912 1484 2974 atque
1510 2901 1886 2959 destructione
1922 2900 2038 2956 ido-

438 2995 668 3055 lolatriae
694 2996 941 3069 mysticis
970 2996 1277 3068 disputaret
1307 2996 1560 3066 eloquiis,
1591 2995 1667 3051 ita
1694 3003 1755 3050 ut
1792 2994 1861 3050 de
1902 2990 2039 3051 ﬂore

441 3089 631 3163 virgae,
684 3089 751 3147 de
784 3090 967 3149 radice
992 3087 1145 3147 Iesse
1172 3088 1521 3155 ascendente,
1564 3102 1728 3160 super
1750 3102 1917 3159 quem
1951 3100 2039 3143 se-

2129 1917 2505 1979 tetiebrarum,
2546 1923 2606 1971 et
2642 1914 2918 1971 transuilit
2942 1913 3001 1970 in
3022 1928 3252 1987 regem
3280 1913 3379 1970 lilii

2130 2024 2264 2074 suae,
2305 2009 2360 2063 in
2384 2023 2496 2081 quo
2515 2008 2778 2069 habemus
2808 2009 3241 2079 redemptum
3256 2017 3319 2064 et
3342 2008 3741 2064 naiasin-un

2130 2111 2504 2175 peccatorum,
2554 2103 2646 2173 qui
2664 2110 2757 2159 est
2774 2103 2960 2175 mago
2978 2102 3077 2158 Dei
3106 2098 3416 2160 invisibilis.
3450 2101 3741 2171 πὶιηεε-

2132 2196 2281 2252 nitus
2299 2194 2479 2251 omnis
2502 2202 2795 2261 creaturae,
2827 2194 2955 2264 quia
2980 2192 3035 2248 in
3068 2193 3191 2264 ipso
3212 2192 3432 2249 cndita
3452 2200 3597 2247 sunt
3624 2190 3742 2246 uni-

2133 2286 2564 2345 versaincaelis
2611 2287 2935 2344 etiaterra
2972 2283 3113 2359 (Col.
3150 2285 3214 2358 ι).
3268 2304 3289 2338 ι
3346 2284 3743 2358 lumenque-

2134 2396 2243 2454 que
2274 2381 2601 2438 ﬁducialiter
2621 2381 2734 2455 agit
2752 2382 2941 2439 omnis
2980 2381 3073 2453 qui
3098 2388 3256 2438 recte
3292 2379 3477 2437 credit
3524 2381 3594 2436 in
3644 2379 3747 2436 Bo-

2133 2475 2288 2532 mino
2308 2481 2371 2531 et
2390 2480 2577 2546 sperat
2596 2474 2654 2529 in
2682 2486 2772 2541 eo,
2806 2473 2987 2530 sciens
3022 2473 3153 2545 qua
3198 2472 3320 2544 ipse
3336 2478 3547 2545 potens
3568 2480 3665 2527 est
3682 2471 3750 2527 B—

2134 2567 2335 2624 berare
2356 2572 2415 2621 et
2439 2563 2733 2623 defendere
2758 2580 2857 2623 eos
2888 2565 2983 2637 Qui
3016 2566 3077 2621 in
3102 2564 3226 2638 eius
3268 2564 3638 2637 protection
3662 2578 3755 2617 ve-

2140 2660 2342 2717 raciter
2369 2657 2669 2726 conﬁdat,
2719 2666 2776 2714 et
2794 2658 2869 2715 ob
2888 2659 2995 2715 hoc
3018 2670 3128 2715 um
3158 2658 3315 2714 timet
3334 2658 3751 2721 adversa-ium,

2139 2752 2270 2825 quia
2314 2764 2517 2808 nocere
2558 2751 2635 2807 illi
2658 2766 2769 2807 non
2808 2758 3007 2822 petest,
3048 2750 3157 2807 nisi
3197 2750 3527 2822 paruimus.
3592 2749 3755 2807 [inde

2138 2845 2434 2904 Psalmista
2480 2848 2558 2903 ait
2587 2863 2604 2905 :
2636 2867 2662 2900 ε
2704 2846 2967 2903 Dominus
2994 2846 3128 2903 mihi
3178 2846 3399 2919 adiutor
3426 2855 3547 2911 est,
3570 2854 3636 2901 et
3656 2860 3757 2917 ego

2138 2940 2336 2998 videbo
2394 2940 2648 2998 inimicos
2676 2952 2847 3015 meos.
2885 2937 3059 3013 (Paul.
3092 2939 3294 3013 fcxvn).
3332 2956 3353 2993 ο
3404 2937 3761 2996 Subauditur

2140 3032 2387 3089 inﬁrmos
2434 3028 2573 3098 ﬁeri,
2622 3041 2679 3088 et
2717 3033 3065 3104 impotentes,
3114 3030 3392 3103 spiritales
3446 3031 3605 3095 enim
3664 3046 3757 3085 ne.

2141 3124 2341 3194 quitias
2364 3122 2480 3179 vult
2512 3120 2762 3196 intelligi,
2810 3136 2947 3194 quas
2972 3124 3030 3179 in
3064 3122 3157 3179 illo
3179 3114 3388 3193 judicio
3444 3122 3589 3179 dicit
3635 3135 3758 3177 eme

442 3183 750 3258 ptemplicis
778 3181 1016 3255 Spiritus
1041 3184 1215 3254 gratia
1250 3182 1619 3253 requieaeeret
1642 3182 1880 3254 primum
1906 3196 2032 3237 uar-

2143 3169 2341 3194 η-......,
2377 3169 2480 3179 η--
2514 3169 2682 3178 ...-ν.-.
2725 3169 2762 3191 .,
2811 3169 2946 3194 ,νην
2976 3169 3030 3179 ...
3067 3169 3155 3179 .-.ν
3179 3169 3384 3193 ,πων
3445 3169 3589 3179 νη--
3639 3169 3757 3177 -..-

2139 3212 2419 3282 ridendas,
2456 3214 2549 3271 ubi
2596 3169 2718 3287 jam3
2759 3212 3007 3271 diabolus
3045 3230 3170 3271 cum
3219 3213 3437 3270 caeteris
3481 3213 3759 3268 ministris

444 3284 616 3345 raret,
663 3282 852 3346 postea
878 3275 950 3331 de
974 3275 1265 3331 concordia
1306 3284 1365 3330 et
1386 3275 1789 3332 eoisabitatione
1828 3275 2033 3332 bestia-

445 3382 569 3423 rum
597 3380 722 3421 cum
754 3364 1075 3436 pecudibus,
1108 3365 1217 3421 hoc
1242 3373 1347 3431 est,
1397 3366 1630 3423 divitum
1677 3379 1802 3421 cum
1825 3380 2031 3436 paupe-

445 3457 598 3513 ribus
618 3463 680 3510 et
708 3453 973 3511 ferociam
1000 3462 1164 3526 atque
1189 3457 1544 3527 superborum
1578 3471 1710 3513 cum
1736 3455 2038 3513 mansuetis

447 3555 505 3603 et
540 3546 836 3605 humilibus
878 3548 1231 3605 concordiam
1276 3548 1333 3604 in
1382 3549 1630 3607 Ecclesia
1686 3550 2034 3621 pradicant,

447 3644 505 3694 et
530 3638 743 3709 signum
774 3638 956 3697 erucis
978 3640 1218 3711 undique
1264 3648 1455 3712 gentes
1480 3654 1787 3699 convocare
1820 3641 1891 3698 ad
1918 3642 2040 3697 uni-

447 3737 618 3789 tatem
661 3730 785 3789 ﬁdei
832 3741 1147 3799 testaretur,
1196 3733 1265 3791 ad
1289 3744 1596 3790 extremum
1646 3734 2040 3791 desolationem

446 3823 687 3885 ﬂuminis
710 3826 955 3902 Egypti,
984 3831 1090 3886 hoc
1112 3839 1219 3896 est,
1271 3847 1517 3888 errorem
1545 3833 1810 3905 gentium,
1855 3834 1949 3904 qui
1982 3833 2041 3889 in

450 3920 693 3981 tenebris
722 3922 1059 3981 inﬁdelitatis
1097 3924 1438 3992 habitabant,
1480 3925 1883 3982 dissolvendum
1919 3940 2042 3985 esse

449 4013 838 4082 manifestavit,
875 4017 1061 4087 sicque
1083 4017 1339 4074 Ecclesiae
1371 4018 1604 4090 plebem,
1656 4019 1773 4076 sive
1800 4019 2043 4074 animam

447 4104 664 4161 fidelem
716 4106 786 4161 ad
834 4106 1161 4163 laudandum
1200 4107 1371 4163 Dequ
1428 4118 1711 4180 provocat,
1772 4118 2048 4179 quatenus

448 4194 568 4266 ejus
596 4198 785 4268 gratias
810 4198 915 4254 hoc
944 4199 1189 4269 deputet,
1235 4200 1381 4271 quod
1408 4202 1477 4256 ab
1508 4201 1746 4257 inimicis
1787 4201 2038 4269 liberata,

450 4296 507 4345 et
536 4303 569 4344 a
598 4288 725 4345 ﬁliis
748 4290 845 4344 im
870 4298 1143 4359 separata,
1176 4289 1286 4345 tilia
1314 4291 1774 4348 reconciliationis
1793 4301 1850 4347 et
1872 4292 2039 4349 mise-

451 4379 701 4437 ricordia:
728 4382 802 4437 sit
824 4380 1033 4438 eil‘ecta.
1095 4381 1246 4439 Unde
1278 4384 1446 4440 dicit:

529 4492 549 4525 ι
588 4472 902 4531 Conﬁtebor
942 4475 1061 4542 tibi,
1128 4475 1375 4546 Domine,
1447 4480 1703 4550 quoniam
1757 4480 1927 4536 iratus
1974 4495 2038 4537 es

458 4584 477 4617 ε
522 4565 675 4621 mihi.
720 4564 1028 4623 Conversus
1052 4575 1138 4623 est
1184 4567 1338 4624 l'uror
1364 4580 1486 4626 tuus
1532 4580 1589 4627 et
1616 4572 1934 4628 consolatus
1975 4586 2038 4628 es

450 4672 556 4712 me.
601 4676 621 4710 ι
663 4655 945 4715 Confessio
968 4674 1116 4731 ergo,
1181 4661 1323 4717 sicut
1363 4677 1505 4733 saepe
1536 4663 1791 4729 diximus,
1863 4664 2035 4734 aequi-

450 4762 642 4804 vocum
690 4766 887 4808 nomen
916 4760 1021 4819 est,
1067 4762 1122 4809 et
1154 4769 1255 4825 pro
1292 4754 1535 4811 locorum
1569 4757 1887 4814 diversitate
1916 4772 2037 4815 sus-

448 4840 667 4911 cipitur.
714 4844 1052 4901 Conﬁtentur
1082 4846 1233 4901 enim
1270 4855 1333 4903 et
1366 4849 1462 4918 qui
1487 4859 1708 4920 peccata
1731 4851 2036 4922 deplorant,

450 4932 507 4989 id
546 4943 649 4998 est,
691 4938 782 5006 qui
810 4953 908 5009 pro
936 4939 1069 5009 ipsis
1094 4939 1311 5011 dignam
1337 4944 1709 5012 paenitentiam
1740 4955 1928 5017 agunt,
1980 4956 2037 5004 et

446 5028 541 5097 qui
591 5027 821 5107 Do_mino
842 5031 1047 5101 gratias
1093 5033 1339 5091 referunt
1361 5037 1733 5093 confitentur:
1779 5039 2036 5097 scdillud

450 5117 505 5173 in
534 5119 813 5191 lacrymis,
850 5123 995 5180 istud
1024 5123 1077 5180 in
1108 5126 1304 5198 gaudio
1322 5137 1411 5184 est
1438 5147 1453 5183 :
1485 5129 1613 5186 illud
1643 5131 1697 5185 in
1724 5129 2034 5202 alllictione,

447 5210 593 5267 istud
628 5211 685 5267 in
714 5223 898 5270 sancta
928 5218 1128 5274 mentis
1161 5218 1447 5275 alacritate
1492 5223 1738 5279 miscitur
1774 5226 2039 5282 constitu-

440 5306 583 5359 ωω.
633 5301 785 5359 Unde
806 5304 899 5361 hic
941 5307 1163 5378 profusa
1212 5308 1397 5365 latitia
1444 5312 1680 5369 exsultat
1708 5316 1940 5387 pupulas
1972 5318 2040 5373 li-

448 5392 586 5449 delis
618 5396 909 5465 quamdam
954 5398 1245 5471 imaginem
1284 5400 1457 5458 futuri
1500 5406 1682 5462 εωωυ
1720 5407 2032 5480 designans,

445 5483 538 5539 ubi
572 5500 737 5543 voces
764 5488 1172 5546 iste‘continute
1204 5501 1333 5548 sunt
1358 5505 1419 5549 et
1466 5496 1657 5554 laudes
1685 5497 1899 5557 Domini
1934 5503 2033 5559 de-

445 5582 575 5632 vota
602 5587 785 5636 mente
822 5581 1224 5639 concelebrant.
1282 5584 1519 5645 Grandis
1548 5590 1696 5646 enim
1734 5591 1923 5650 laetitia
1951 5604 2037 5652 est

446 5672 773 5737 peccatricis
818 5675 1091 5743 quondm
1120 5678 1334 5744 animae,
1382 5695 1507 5736 eum
1546 5696 1606 5738 se
1656 5688 1976 5743 recordattu-
2002 5704 2033 5744 a

448 5758 677 5816 vinculis
702 5772 1049 5829 peccatorm
1092 5776 1147 5823 et
1166 5768 1375 5839 laqueus
1400 5784 1651 5830 errorum
1680 5791 1777 5845 per
1801 5781 2034 5851 gratiam

2139 3307 2251 3364 suis
2271 3308 2577 3364 destructus
2598 3316 2762 3365 atoue
2779 3307 3068 3365 damnatus
3082 3308 3340 3364 humanis
3352 3304 3759 3379 conspectibus

2141 3398 2445 3471 apparebit.

2214 3508 2235 3542 ι
2301 3488 2436 3558 Quia
2478 3489 2744 3547 fortitudo
2778 3504 2901 3547 mea
2959 3496 3017 3548 et
3052 3491 3174 3550 laus
3202 3504 3332 3549 mea
3360 3492 3663 3561 Dominus,
3704 3501 3757 3549 et

2147 3596 2167 3634 ι
2204 3580 2385 3637 iactus
2418 3588 2503 3637 est
2526 3582 2658 3637 mihi
2686 3583 2741 3638 in
2771 3582 3020 3640 salutem.
3060 3600 3080 3638 ›
3113 3584 3230 3642 Neu
3258 3594 3448 3658 potest
3484 3585 3757 3657 impulsus

2142 3674 2357 3741 cadere,
2405 3676 2493 3730 cui
2524 3676 2787 3732 auxilium
2818 3676 3031 3734 Domini
3074 3679 3290 3737 videtur
3317 3679 3599 3737 fortitudo
3620 3697 3758 3752 pra:-

2142 3777 2328 3834 Stare;
2357 3768 2452 3824 sed
2482 3783 2552 3824 ne
2570 3777 2856 3841 putaretur
2875 3772 2990 3827 sola
3009 3772 3245 3842 pericula
3270 3773 3555 3831 declinare
3594 3792 3757 3848 quem

2142 3858 2355 3915 Domini
2402 3858 2542 3916 dona
2574 3858 2888 3930 servabant,
2942 3863 3160 3937 adiecit,
3196 3882 3217 3917 r
3266 3863 3450 3923 lactus
3490 3876 3581 3923 est
3626 3867 3758 3923 mihi

2140 3951 2199 4006 in
2234 3950 2486 4019 salutem,
2522 3968 2543 4005 ›
2576 3954 2703 4024 quia
2726 3962 2823 4025 per
2850 3954 3027 4026 ipsum
3061 3966 3323 4013 artemam
3351 3958 3529 4015 vitam
3576 3962 3753 4015 susci-

2142 4043 2319 4113 piunt,
2350 4058 2450 4114 per
2472 4058 2636 4115 quem
2668 4054 2719 4102 et
2750 4047 2933 4103 saeculi
2967 4047 3126 4119 huius
3152 4050 3339 4107 ruinas
3360 4052 3608 4108 evadere
3636 4067 3759 4123 pro-

2144 4140 2443 4190 merentur.
2502 4135 2619 4208 lpse
2656 4138 2800 4193 enim
2859 4148 2945 4195 est
2993 4149 3048 4195 et
3084 4138 3348 4198 fortitudo
3402 4149 3463 4198 et
3514 4142 3759 4200 laudatio

2144 4233 2344 4279 aeterna
2392 4225 2699 4282 beatorum.
2727 4228 2925 4284 Audiat
2955 4231 3377 4289 sceleratissima
3407 4232 3649 4289 haeresis
3678 4234 3755 4288 la-

2144 4322 2290 4370 ctum
2314 4313 2603 4371 Dominum
2650 4317 2737 4373 his
2779 4319 2869 4389 qui
2900 4319 3199 4390 salvantur,
3255 4332 3309 4378 et
3337 4338 3576 4395 quorum
3602 4324 3755 4395 prius

2144 4406 2405 4462 Dominus
2432 4423 2541 4464 non
2565 4418 2705 4477 erat,
2761 4422 2822 4467 ut
2850 4414 3183 4471 creationem
3228 4416 3283 4471 in
3304 4414 3625 4487 Scripturis
3668 4430 3749 4474 at-

2064 4549 2119 4614 D
2145 4514 2251 4571 que
2275 4499 2541 4557 facturam
2572 4516 2677 4559 non
2719 4512 2934 4575 semper
2958 4509 3326 4566 conditionem
3383 4524 3581 4567 eorum
3632 4526 3751 4582 qua:

2142 4604 2247 4614 μ-.
2282 4598 2436 4614 ----.
2515 4592 2604 4614 --λ
2877 4610 2901 4614 ι
2972 4612 2974 4614 ,
3062 4600 3097 4614 _.
3244 4600 3257 4613 .
3576 4604 3589 4614 .

2142 4604 2249 4645 non
2280 4598 2439 4647 erant
2512 4592 2608 4648 sed
2638 4593 2909 4651 interdum
2961 4600 3192 4670 gratiam
3242 4600 3296 4655 in
3336 4616 3435 4657 eos
3499 4604 3593 4674 qui
3648 4620 3749 4657 me

2144 4683 2356 4738 ruerint
2382 4684 2488 4739 sibi
2512 4684 2681 4740 Deum
2712 4688 2850 4752 ﬁeri,
2884 4689 3273 4764 intelligamus.
3305 4693 3435 4750 Post
3464 4696 3585 4752 haec
3616 4695 3746 4751 Pro-

2138 4775 2304 4845 pheta
2326 4774 2428 4829 sub
2450 4775 2622 4849 ligura
2653 4779 2975 4836 exhortatur
3000 4798 3093 4840 eos
3112 4786 3203 4855 qui
3228 4787 3458 4842 credunt
3481 4790 3537 4843 in
3554 4789 3742 4853 Deum.

2140 4874 2201 4921 ut
2230 4868 2348 4939 ejus
2372 4867 2674 4926 doctrinam
2708 4874 2916 4932 intente
2943 4876 3159 4935 discere
3190 4882 3473 4951 studeant,
3509 4885 3603 4957 qui
3630 4884 3744 4955 ejus

2141 4960 2319 5015 sortiti
2350 4970 2476 5015 sunt
2497 4971 2553 5018 et
2588 4961 2772 5032 ﬁdem,
2800 4974 2857 5021 et
2881 4967 3014 5023 dicit
3042 4986 3056 5023 :
3616 4970 3627 4979 ’

2206 5058 2237 5101 1
2256 5049 2538 5108 iisurietis
2559 5067 2728 5123 aquas
2749 5054 2802 5111 in
2824 5059 3020 5129 gaudio
3035 5061 3102 5117 de
3122 5060 3363 5122 fontibus
3382 5062 3703 5123 Salvatoris.
3716 5088 3735 5121 ι

2141 5138 2314 5207 Quem
2338 5154 2499 5213 supra
2519 5140 2861 5215 Emmanuel,
2876 5157 2932 5205 et
2951 5151 3208 5210 Accelera
3232 5157 3405 5227 spolia
3432 5160 3735 5223 detrahere.

2142 5231 2368 5289 Festina
2386 5235 2641 5306 praedari,
2665 5249 2722 5294 et
2749 5238 2973 5312 reliquis
2999 5246 3295 5316 appellaret
3316 5252 3652 5318 nominibus,
3676 5268 3739 5307 ne

2140 5324 2421 5382 videretur
2452 5327 2591 5386 alter
2617 5344 2738 5387 esse
2766 5342 2968 5406 praeter
3013 5344 3137 5394 eum
3169 5356 3332 5412 quem
3366 5338 3593 5400 Gabriel
3618 5344 3739 5399 Vir-

2143 5420 2253 5492 gini
2282 5418 2554 5476 nuntiavit
2581 5424 2767 5481 dicens
2796 5444 2809 5481 :
2846 5446 2865 5480 ι
2906 5426 3140 5488 Vocabis
3161 5449 3363 5490 nomen
3383 5434 3503 5504 ejus
3532 5434 3733 5492 Iesum.

2454 5512 2664 5569 salvum
2689 5514 2852 5573 faciet
2885 5520 3141 5591 populum
3176 5536 3336 5581 suum
3360 5524 3582 5599 (ηοω.
3616 5527 3677 5597 ι),
3712 5544 3731 5577 ι

2143 5616 2291 5661 nunc
2334 5614 2497 5661 vocat
2525 5604 2883 5679 Salvatorem,
2913 5622 2968 5668 et
3019 5612 3085 5671 tie
3132 5616 3250 5687 ejus
3277 5612 3521 5675 lbntibus
3570 5633 3739 5691 aquas

2138 5696 2406 5766 praedicat
2436 5699 2785 5770 hauriendus,
2842 5719 3181 5780 nequaquam
3217 5711 3285 5768 de
3311 5713 3468 5784 aquis
3492 5712 3731 5769 ﬂuminis

2146 5785 2387 5860 Egypti,
2414 5806 2537 5862 quae
2560 5808 2833 5863 percussae
2852 5810 3000 5868 sunt,
3026 5816 3203 5874 neque
3224 5800 3289 5862 de
3311 5806 3468 5875 aquis
3490 5802 3727 5870 ﬂuminis
