3936 6328
220 384 359 448 4093

892 386 1254 449 COMMENT.
1293 388 1365 449 IN
1397 389 1695 451 CANTICA
1732 386 1902 461 QUAE
1935 384 2032 447 AD
2066 384 2346 450 LAUDES
2382 388 2766 449 DICUNTUR.

3355 394 3498 455 i094

221 506 405 569 Rasui,
457 500 553 560 sed
575 492 647 560 de
682 500 923 562 fontibus
960 502 1110 563 Iesu.
1152 506 1267 563 iioc
1287 507 1433 564 enim
1462 505 1814 563 Hebraeorum
1840 506 1895 572 Α
1995 526 2015 559 ι
2059 505 2287 563 Exsulta
2315 514 2372 563 et
2394 506 2573 572 lauda,
2625 506 2890 563 habitatio
2915 504 3066 575 Sion,
3114 508 3240 582 quia
3268 525 3502 584 magnus

220 599 399 672 lingua
434 594 690 654 Salvator
722 598 1069 670 exprimitur.
1123 598 1278 657 Unde
1312 608 1370 657 et
1397 601 1511 671 ipse
1539 598 1804 655 clamabat

222 691 273 747 in
298 690 590 763 Evangelia
616 704 636 744 :
666 706 685 744 α
737 690 840 759 Qui
878 690 1014 758 sitit,
1067 691 1257 749 veniat
1292 692 1363 748 ad
1390 706 1499 760 me,
1536 704 1593 748 et
1630 692 1801 747 bibat.

219 782 317 851 Qui
341 782 518 839 credit
554 781 609 839 in
637 798 745 850 me,
785 784 929 840 sicut
951 783 1087 840 dicit
1123 784 1431 856 Scriptura,
1478 782 1700 841 ﬁumina
1736 784 1805 840 de

216 886 403 937 ventre
430 880 548 953 ejus
572 878 743 936 liuent
767 892 920 950 aqua:
965 881 1121 936 vivas.
1175 878 1291 936 Hoc
1318 888 1523 947 autem,
1560 898 1578 933 ι
1628 880 1806 950 inquit

218 972 583 1044 Evangelista,
617 990 637 1023 ‹
679 971 894 1028 dicebat
922 970 988 1028 de
1011 968 1216 1041 Spiritu
1246 979 1458 1037 sancto,
1486 984 1650 1042 quem
1679 986 1801 1027 cre-

218 1064 402 1122 dentes
428 1065 487 1119 in
508 1077 631 1120 eum
684 1061 960 1133 accepturi
1007 1069 1165 1117 erant
1205 1056 1388 1133 (Joan.
1422 1059 1541 1130 vn).
1589 1079 1608 1113 ι
1642 1059 1712 1114 Et
1746 1058 1802 1114 in

218 1157 321 1215 alio
347 1158 467 1230 ipse
503 1156 743 1228 loquitur
770 1153 1064 1225 Evangelio
1093 1172 1107 1208 :
1146 1172 1164 1205 ι
1192 1152 1295 1224 Qui
1318 1150 1517 1210 biberit
1568 1152 1635 1208 de
1663 1164 1803 1222 aqua

216 1263 375 1321 quam
396 1260 496 1319 ego
531 1247 730 1304 dedero
757 1244 828 1312 ei,
876 1260 986 1301 non
1015 1242 1161 1302 sitiet
1186 1243 1240 1299 in
1261 1252 1548 1311 aeternum,
1584 1242 1683 1300 sed
1710 1243 1805 1297 ﬁet

218 1341 272 1397 in
306 1356 371 1398 eo
398 1340 520 1397 fons
548 1352 703 1412 aquae
726 1338 974 1395 salientis
1028 1338 1084 1393 in
1111 1337 1279 1394 vitam
1311 1345 1570 1393 aeternam
1615 1332 1797 1409 (Joan.

216 1438 309 1513 iv).
370 1454 391 1493 ι
446 1434 650 1494 Fontes
711 1435 1013 1492 Salvatoris
1067 1434 1373 1491 doctrinam
1432 1428 1802 1504 intelligamus

215 1529 600 1603 evangelicum,
624 1528 690 1585 de
714 1540 819 1600 qua
844 1528 898 1584 in
920 1527 1316 1601 septuagesimo
1337 1524 1567 1596 septimo
1594 1523 1801 1595 psalmo

212 1622 440 1697 legimus
475 1641 488 1676 :
535 1640 555 1675 σ
596 1620 658 1677 ln
688 1618 945 1677 Ecclesiis
991 1618 1296 1675 benedicite
1328 1616 1463 1683 Deo,
1509 1612 1679 1672 Deum
1736 1615 1802 1670 de

213 1713 449 1772 fontibus
485 1708 673 1777 Israel,
709 1733 728 1767 ι
791 1727 953 1783 quam
995 1711 1249 1768 videlicet
1282 1706 1507 1782 apostoli
1548 1709 1802 1783 gentibus

213 1805 536 1871 indiderunt,
587 1803 708 1861 fons
735 1804 879 1860 enim
934 1792 1211 1873 religionis
1260 1801 1386 1858 inde
1415 1813 1513 1873 per
1566 1808 1799 1856 caeteras

211 1900 461 1957 nationes
488 1899 779 1956 emanavit.
824 1896 980 1954 Unde
1007 1905 1062 1952 et
1084 1897 1367 1969 sequitur:

282 2012 301 2047 ι
348 1992 551 2048 Dicetis
579 1991 636 2046 in
670 1988 761 2049 illa
785 1988 871 2047 die
902 2029 916 2045 .
964 1986 1310 2045 Conﬁtemini
1348 1986 1579 2042 Domino
1619 1992 1675 2043 et
1706 1986 1792 2041 in-

216 2109 237 2147 ‹
278 2096 474 2145 vocate
501 2103 697 2144 nomen
730 2085 866 2157 ejus.
919 2084 1087 2143 Notas
1119 2080 1283 2141 facile
1314 2086 1369 2140 in
1395 2080 1608 2159 pupulis
1644 2084 1796 2141 adin-

216 2199 238 2234 ο
276 2180 562 2237 ventiones
587 2178 728 2253 ejus,
766 2186 1098 2234 mementote
1127 2176 1387 2248 quoniam
1415 2176 1689 2235 excelsum
1713 2182 1798 2232 est

214 2290 233 2323 ι
275 2286 473 2329 nomen
502 2268 639 2342 ejus.
689 2270 917 2326 Cantate
942 2270 1174 2326 Domino
1217 2270 1475 2341 quoniam
1512 2268 1797 2341 magniﬁce

215 2385 233 2419 ι
276 2362 425 2421 fecit.
478 2362 812 2420 Annuntiate
838 2362 944 2419 hoc
974 2361 1028 2417 in
1063 2361 1316 2417 universa
1344 2370 1510 2419 terra.
1548 2380 1566 2414 i
1618 2361 1794 2418 Adin-

209 2458 492 2516 ventiones
519 2457 665 2514 enim
694 2454 913 2513 Domini
968 2463 1234 2529 prmcepta
1263 2462 1389 2511 sunt
1433 2452 1636 2522 divina,
1676 2469 1798 2526 qua:

205 2564 274 2608 ex
299 2548 528 2609 consilio
553 2563 782 2605 summa:
810 2546 1091 2620 sapientiae
1138 2542 1477 2601 solummodo
1509 2551 1635 2601 sunt
1671 2559 1797 2616 pro-

206 2640 341 2709 lata,
387 2650 444 2697 et
480 2634 758 2699 salutifera
796 2639 877 2695 eis
917 2639 1141 2694 omnino
1187 2637 1345 2704 ﬁunt,
1387 2637 1480 2708 qui
1521 2650 1587 2694 ea
1637 2635 1798 2693 factis

206 2732 504 2804 adimplere
535 2731 775 2787 student.
831 2726 958 2786 Haec
989 2729 1381 2800 praecipiuntur
1426 2728 1495 2783 ab
1539 2726 1797 2797 apostolis

204 2834 261 2881 et
288 2825 515 2897 reliquis
548 2824 864 2883 doctoribus
897 2820 966 2878 de
985 2818 1151 2877 lsrael
1178 2820 1286 2887 his,
1337 2820 1430 2890 qui
1457 2820 1524 2875 de
1548 2819 1797 2891 gentibus

210 2917 581 2983 crediderunt,
618 2923 677 2970 ut
700 2913 801 2970 soli
849 2914 1209 2970 conﬁteantur
1248 2913 1477 2968 Domino
1520 2920 1597 2979 et,
1638 2912 1796 2968 idolis

205 3008 497 3075 derelictis,
531 3008 784 3064 invocent
806 3020 1003 3063 nomen
1024 3005 1161 3076 ejus,
1189 3014 1245 3061 et
1272 3012 1468 3062 cuncta
1487 3002 1606 3074 ejus
1628 3018 1796 3075 opera

202 3102 497 3175 przedicent
528 3100 857 3167 inﬁdelibus,
904 3085 966 3156 ut
995 3099 1173 3155 sciant
1201 3097 1456 3170 quoniam
1490 3097 1605 3169 ipse
1646 3096 1794 3153 solus

201 3196 456 3253 excelsus
492 3203 595 3262 est,
640 3202 694 3250 et
734 3213 754 3248 ι
802 3194 858 3250 ἱη
903 3194 1122 3249 nomine
1149 3190 1269 3263 ejus
1322 3204 1484 3248 omne
1530 3206 1669 3264 genu
1699 3188 1794 3245 ﬁe-

1910 616 1931 653 ι
1974 599 2138 657 estin
2169 600 2349 657 medio
2384 599 2460 655 tui
2490 609 2711 656 sanctus
2732 599 2919 656 Israel.
2958 618 2977 655 ι
3020 600 3265 660 Primum
3308 606 3501 663 dicen-

1904 692 2032 748 dum
2067 690 2224 762 juxta
2257 688 2537 748 litteram:
2576 690 2625 749 0
2660 692 2927 749 habitatio
2968 692 3124 761 Sion,
3177 697 3391 753 exsulta
3435 704 3496 756 et

1904 785 2063 842 lauda
2116 783 2287 841 Deum
2314 792 2488 850 tuum,
2545 785 2689 856 quod
2716 786 2811 856 qui
2854 795 2983 843 tuus
3030 796 3162 845 ante
3209 790 3499 847 videbatur

1904 879 2046 935 Deus
2075 886 2130 934 et
2156 876 2387 935 modicis
2406 877 2605 935 Judaiae
2622 887 2784 936 terra:
2814 880 3173 938 claudebatur
3205 885 3494 954 angustiis,

1902 984 2051 1027 nunc
2090 968 2382 1040 repleverit
2428 984 2647 1026 omnem
2677 976 2878 1026 terram
2912 972 3143 1029 scientia
3176 988 3301 1039 sua,
3346 976 3501 1032 etde

1903 1070 2080 1118 morte
2105 1074 2437 1133 consurgens
2471 1070 2660 1134 regnet
2694 1062 2752 1117 in
2786 1064 3059 1135 gentibus,
3093 1072 3149 1122 et
3196 1066 3376 1138 ipsum
3405 1083 3502 1123 na-

1906 1155 2082 1211 tiones
2116 1158 2478 1227 deprecentur
2508 1165 2675 1226 atque
2708 1158 2956 1225 adorent,
3004 1158 3082 1214 ita
3108 1154 3394 1226 duntaxat,
3438 1165 3503 1217 ut

1904 1248 2122 1320 adjiciat
2148 1248 2386 1305 secundo
2408 1260 2629 1304 manum
2660 1256 2807 1304 tuam
2837 1251 2905 1307 ad
2922 1250 3333 1322 possidendum,
3355 1252 3501 1322 quod

1904 1341 2172 1413 reliquum
2206 1349 2293 1398 est
2336 1340 2520 1412 populi
2556 1341 2665 1409 sui,
2705 1350 2761 1397 et
2796 1350 3189 1415 congregantes
3240 1344 3500 1417 profugos

1902 1436 2071 1494 lsrael
2091 1448 2148 1494 et
2173 1438 2447 1511 dispersos
2481 1438 2618 1496 Juda
2649 1439 2982 1515 colligendos
3005 1458 3037 1498 a
3060 1451 3297 1514 quatuor
3317 1443 3496 1517 plagis

1904 1536 2084 1598 terrae,
2140 1530 2267 1601 quia
2325 1531 2681 1588 seminarium
2728 1532 3005 1606 Evangelii
3060 1544 3160 1605 per
3197 1536 3497 1607 apostolos,

1903 1620 1997 1691 qui
2023 1635 2085 1677 ex
2107 1618 2309 1676 Judaais
2340 1630 2515 1687 erant,
2557 1623 2874 1695 processita
2902 1622 3141 1682 fontibus
3169 1624 3358 1693 lsrael,
3381 1640 3495 1683 me-

1903 1713 2009 1770 lius
2041 1723 2222 1769 antem
2245 1724 2349 1782 est,
2378 1724 2439 1772 ut
2461 1714 2618 1784 Sion,
2654 1714 2710 1773 id
2732 1724 2816 1774 est
2843 1716 3119 1790 speculam
3170 1720 3224 1775 in
3254 1720 3499 1777 sublimi-

1903 1805 2007 1861 bus
2054 1804 2377 1861 collocatam
2416 1806 2839 1880 interpretemur
2884 1810 3188 1868 Ecclesiam
3215 1853 3231 1878 ,
3275 1811 3343 1869 de
3389 1824 3500 1885 qua

1823 1895 1870 1956 B
1898 1906 1956 1953 et
1992 1898 2479 1970 quinquagesimus
2528 1902 2773 1972 psalmus
2812 1904 3004 1959 cauit:
3059 1904 3357 1977 i-Benigne
3412 1900 3502 1962 fac

1898 1987 1954 2043 in
1994 1988 2140 2044 bona
2176 1988 2458 2047 voluntate
2502 1999 2614 2060 tua,
2672 1992 2826 2061 Sion,
2872 2003 2933 2051 ut
2977 1995 3321 2054 aediﬁcentur
3356 1996 3499 2054 muri

1890 2078 2225 2141 Jerusalem.
2263 2102 2284 2136 ι
2334 2082 2407 2139 Ut
2446 2084 2780 2156 acceptabile
2822 2086 2920 2143 ﬁat
2953 2088 3008 2145 in
3039 2102 3101 2145 ea
3136 2089 3369 2148 Domino
3414 2106 3502 2148 sa-

1898 2172 2164 2229 criﬁcium
2195 2171 2447 2245 iustitiae,
2498 2178 2801 2237 oblationes
2846 2188 2902 2236 et
2932 2178 3270 2251 holocausta,
3323 2196 3379 2240 et
3404 2182 3493 2240 vi-

1910 2262 2074 2331 tulus,
2140 2280 2302 2335 quem
2354 2266 2468 2324 tilio
2494 2269 2783 2340 poenitenti
2828 2281 2991 2344 pater
3035 2272 3495 2332 clementissimus

1898 2353 2219 2413 immolavit.

2577 2565 2815 2610 INCIPIT

2273 2666 2691 2733 CANTICUM
2732 2668 3106 2733 EZECHIJE

2486 2788 2668 2868 Regis
2692 2788 2898 2852 ludar.

1969 2906 2254 2965 Canticum
2278 2921 2427 2982 ergo,
2467 2910 2611 2981 quod
2641 2910 2743 2966 sub
2764 2910 3014 2967 Ezechia:
3042 2911 3263 2967 nomine
3286 2922 3498 2982 praeno-

1898 3008 2067 3068 tatur,
2097 3001 2241 3072 quod
2272 3001 2439 3073 aliqui
2466 3002 2825 3073 interpretum
2859 3004 3211 3074 scripturam,
3243 3000 3333 3059 alii
3358 3014 3484 3061 ora-

1898 3095 2102 3151 tionem
2150 3098 2453 3163 nominant,
2516 3098 2733 3154 videtur
2769 3098 2904 3154 mihi
2949 3096 3144 3155 melius
3187 3100 3487 3172 gratiarum

1897 3188 2135 3245 actionis
2203 3189 2797 3263 voeabuloprainotari.
2864 3189 2956 3248 Sic
3026 3192 3174 3248 enim
3227 3188 3491 3264 scriptum

202 3292 376 3351 ctitur
417 3290 744 3359 caelestium,
794 3288 1138 3346 terrestrium
1174 3297 1234 3342 et
1261 3284 1597 3342 inferuerunt
1620 3282 1788 3356 (Phil.
1819 3282 1865 3347 C
1895 3290 1979 3336 est
2008 3281 2063 3336 in
2084 3280 2344 3353 propheta
2376 3280 2512 3356 (Isa.
2546 3284 2777 3355 xxxvm)
2808 3302 2821 3338 :
2865 3303 2884 3337 ι
2932 3282 3216 3356 Scriptura
3242 3280 3495 3342 Ezechlie

202 3383 291 3457 ii),
331 3404 351 3437 ι
405 3384 495 3440 cui
538 3383 866 3440 cantandum
907 3389 1014 3447 est,
1079 3380 1224 3453 quod
1254 3370 1538 3450 magniﬁce
1581 3375 1794 3444 fecerit,

200 3476 336 3534 etin
368 3476 516 3532 omni
541 3476 673 3531 orbe
697 3474 842 3553 illius
874 3471 1246 3529 misericordia
1268 3470 1611 3543 praedicetur.
1659 3467 1796 3524 lluie
1830 3544 1838 3553 .

198 3569 369 3625 etiam
425 3566 544 3624 loco
620 3561 916 3632 codcordat
987 3564 1201 3620 initium
1267 3563 1547 3619 centesimi
1614 3561 1797 3632 quarti

195 3660 421 3733 psalmi,
460 3656 552 3713 ubi
584 3657 659 3713 ita
687 3657 948 3729 scriptum
970 3664 1071 3722 est,
1115 3676 1134 3708 ι
1179 3652 1521 3712 Conﬁtemiui
1568 3654 1798 3710 Domino

196 3760 255 3811 et
312 3752 559 3808 invocate
598 3764 795 3806 nomen
831 3747 970 3818 ejus,
1046 3748 1363 3803 annuntiate
1418 3747 1559 3802 inter
1610 3754 1798 3817 gentes

195 3860 370 3916 opera
407 3840 542 3912 ejus.
586 3860 605 3894 ι
646 3840 704 3895 In
750 3841 854 3896 hoc
898 3852 1028 3910 ergo
1074 3836 1248 3893 tribus
1286 3844 1499 3893 constat
1552 3836 1799 3907 partibus

195 3937 341 3993 ordo
405 3935 696 3990 (lictorum.
772 3930 954 3987 Primo
991 3928 1125 3985 dicit
1168 3947 1183 3984 :
1232 3950 1251 3982 ι
1287 3928 1631 3985 Conﬁtemini
1688 3928 1796 3982 Do-

196 4028 377 4090 mino,
417 4046 435 4078 i
490 4024 541 4081 id
569 4033 673 4092 est,
702 4023 919 4078 laudate
941 4037 1065 4089 eum
1118 4030 1174 4077 et
1191 4020 1352 4076 honis
1382 4020 1536 4075 iactis
1564 4018 1798 4091 gratiam

195 4118 362 4175 vobis
400 4118 697 4174 divinitatis
728 4114 1015 4186 acquirite,
1043 4114 1172 4185 quia
1201 4113 1255 4169 id
1278 4113 1452 4182 ipsum
1474 4121 1558 4167 est
1578 4111 1800 4167 laudare

196 4210 519 4277 Dominum,
568 4216 623 4266 et
651 4224 747 4264 ore
777 4206 851 4263 il‘li
888 4206 1148 4263 honorem
1189 4203 1423 4269 deferre,
1464 4212 1519 4258 et
1542 4202 1798 4272 operibus

196 4302 326 4374 ejus
350 4300 626 4372 jussiones
660 4298 890 4356 efﬁcere.
940 4296 1036 4352 llla
1066 4297 1215 4352 enim
1262 4294 1537 4351 confessio
1593 4293 1681 4348 hic
1710 4293 1798 4348 in.

198 4394 497 4468 telligenda
523 4402 627 4460 est,
674 4406 797 4463 quae
827 4390 1041 4447 Domini
1072 4389 1343 4461 priecOnia
1368 4386 1645 4443 celebrare
1688 4400 1799 4442 non

198 4486 429 4551 desinit,
461 4484 677 4556 quando
714 4490 769 4538 et
800 4480 1183 4552 subsequentia
1233 4478 1339 4536 tale
1384 4486 1570 4533 votum
1624 4476 1798 4533 actio-

196 4596 445 4651 nemque
474 4578 772 4635 declarant.
818 4575 1019 4631 Deinde
1040 4573 1327 4630 Dominum
1378 4579 1689 4628 commonet
1719 4571 1801 4625 in-

1898 3375 2042 3446 regis
2068 3371 2240 3439 Iudae,
2294 3390 2419 3430 cum
2445 3382 2763 3447 aegrotasset
2801 3383 2857 3432 et
2897 3374 3271 3433 convaluisset
3313 3374 3384 3432 de
3406 3374 3495 3432 lu-

1899 3458 2159 3523 ﬁrmitate
2198 3478 2319 3522 sua.
2380 3486 2399 3520 ι
2458 3464 2812 3538 Septuaginta
2855 3483 2989 3524 vero
3027 3469 3102 3524 ita
3145 3474 3492 3539 posuerunt:

1904 3576 1925 3610 ε
1977 3557 2163 3615 Oratio
2204 3554 2451 3615 Ezechiie
2505 3563 2650 3632 regis
2694 3561 2870 3626 Iudae,
2927 3563 3144 3633 quando
3183 3548 3393 3633 languit
3440 3572 3497 3618 et

1898 3652 2138 3708 surrexit
2174 3653 2241 3708 de
2268 3653 2585 3710 inﬁrmitate
2619 3671 2737 3712 sua.
2782 3674 2801 3708 ι
2836 3653 3182 3713 Manifestum
3224 3667 3308 3713 est
3351 3657 3496 3713 enim

1898 3744 2043 3817 quod
2072 3754 2194 3816 post
2218 3746 2482 3801 redditam
2504 3748 2797 3804 sanitatem
2830 3749 2898 3804 de
2925 3749 3242 3805 infirmitate
3268 3764 3495 3806 consur-

1900 3852 2032 3909 gens
2086 3836 2190 3891 ista
2217 3838 2626 3908 conscripserit,
2671 3854 2739 3894 ex
2766 3854 2876 3909 quo
2907 3850 3013 3895 non
3040 3840 3218 3895 oratio
3243 3849 3344 3908 est,
3396 3842 3492 3896 sed

1899 3928 2197 4000 gratiarum
2228 3929 2370 3984 actio
2418 3944 2517 3999 pro
2567 3928 2830 3985 beneﬁcio
2861 3930 3002 4001 quod
3042 3938 3349 4001 acceperat.
3390 3928 3499 3987 Po-

1902 4030 2005 4076 test
2027 4022 2171 4076 enim
2202 4023 2306 4078 hoc
2335 4022 2609 4078 canticum
2636 4022 2773 4078 bene
2818 4023 3111 4079 convenire
3138 4022 3225 4079 his
3251 4025 3341 4095 qui
3369 4034 3496 4095 post

1899 4108 2114 4183 longam
2143 4113 2520 4183 aegritudinem
2554 4111 2859 4168 animarum
2890 4113 3217 4183 resipiscunt
3244 4128 3275 4169 a
3298 4114 3499 4172 diaboli

1898 4204 2129 4277 laqueis,
2175 4214 2229 4263 et
2246 4207 2322 4271 de
2342 4213 2688 4277 peccatorum
2721 4204 3063 4279 gravitudine
3108 4214 3391 4271 sanantur,
3442 4216 3500 4262 et

1900 4298 2121 4355 student
2168 4312 2226 4353 se
2260 4296 2555 4355 virtutibus
2597 4297 2770 4353 sacris
2815 4310 3157 4369 recuperare,
3214 4306 3269 4354 et
3314 4296 3501 4354 laudes

1900 4388 1996 4447 Dei
2046 4405 2156 4446 non
2184 4390 2360 4447 solum
2389 4404 2543 4457 voce,
2602 4388 2698 4445 sed
2731 4389 2898 4445 etiam
2927 4390 3090 4447 corde
3133 4398 3190 4446 et
3217 4396 3339 4446 actu
3373 4404 3501 4461 pro.

1899 4485 2174 4541 nuntiare.

1978 4597 1997 4630 ι
2042 4577 2157 4650 Ego
2199 4578 2310 4634 dixi
2344 4596 2358 4632 :
2389 4576 2450 4632 ln
2487 4577 2712 4634 dimidio
2762 4578 2972 4633 dierum
3018 4588 3263 4632 meorum
3306 4576 3501 4633 vadam

196 4647 420 4739 vocari,
467 4678 528 4726 ut
551 4676 677 4741 post
703 4667 1064 4725 ministerium
1092 4665 1452 4722 sanctissimae
1473 4664 1648 4720 laudis
1677 4678 1799 4733 gra-

1910 4697 1930 4730 ι
1975 4678 2042 4734 ad
2062 4647 2252 4750 portas
2275 4676 2455 4732 inferi.
2492 4696 2510 4729 ι
2542 4676 2739 4732 Narrat
2767 4674 2899 4747 quid
2931 4685 3172 4745 tempore
3200 4676 3500 4746 prementis

200 4774 295 4821 tes
315 4764 366 4819 ei
395 4764 585 4834 dignas
607 4761 898 4817 solvamus.
930 4758 1050 4830 Ipse
1072 4758 1215 4814 enim
1240 4758 1341 4813 rite
1363 4758 1581 4814 invocat
1605 4757 1798 4824 Deum,

199 4856 306 4929 qui
337 4855 514 4927 magis
561 4865 685 4910 actu
721 4868 883 4924 quam
908 4866 1040 4906 voce
1074 4850 1277 4907 clamat
1319 4850 1386 4904 ad
1413 4849 1603 4905 Deum.
1648 4849 1803 4905 Unde

201 4948 468 5006 Salvator
512 4948 567 5002 in
607 4944 899 5016 Evangelio
938 4944 1007 5000 ad
1041 4945 1304 5015 superbos
1348 4950 1403 4998 et
1432 4942 1803 4999 inohedientes

200 5040 316 5096 sibi
340 5039 417 5093 ait
448 5056 462 5093 :
494 5056 515 5089 ι
560 5036 701 5106 Quid
727 5037 871 5093 enim
894 5036 1105 5092 vocatis
1132 5050 1240 5102 me,
1276 5034 1522 5099 Domine,
1554 5036 1801 5102 Domine,

201 5141 268 5189 et
296 5147 404 5188 non
436 5128 614 5187 facitis
636 5145 759 5202 qua:
784 5128 949 5184 dico?
986 5148 1007 5181 ι
1035 5126 1187 5199 (Luc.
1213 5127 1315 5201 vi.)
1342 5127 1409 5183 Et
1436 5127 1563 5183 alibi
1590 5143 1605 5180 :
1642 5144 1662 5178 ς
1683 5125 1801 5182 Non

201 5225 418 5292 omnis,
476 5224 674 5295 inquit,
732 5222 826 5295 qui
875 5221 1007 5277 dicit
1044 5221 1203 5289 mihi,
1259 5219 1507 5285 Domine,
1553 5219 1799 5286 Domine,

202 5317 445 5374 intrabit
477 5316 533 5373 in
562 5326 787 5389 regnum
824 5314 1117 5382 coriorum;
1142 5314 1239 5370 sed
1267 5314 1358 5384 qui
1384 5313 1517 5369 facit
1545 5312 1799 5369 voluntas

204 5421 325 5468 tem
366 5410 546 5467 Patris
580 5410 709 5476 mei,
758 5408 873 5481 ipse
916 5407 1144 5464 intrabit
1182 5406 1239 5463 lu
1274 5420 1501 5479 regnum
1537 5405 1801 5462 cmloruiu

116 5552 127 5561 .
200 5501 438 5577 (Matth.
452 5502 574 5578 vn).
613 5522 632 5557 ι
666 5496 850 5558 Tertio
871 5500 1003 5557 dicit
1030 5518 1044 5555 :
1072 5514 1093 5554 t
1119 5500 1450 5555 Annuntiate
1492 5499 1635 5555 inter
1664 5510 1798 5569 gen-

200 5602 302 5651 tes
326 5606 493 5665 opera
531 5592 670 5665 ejus,
700 5608 719 5645 i
765 5588 909 5664 quod
945 5593 1085 5649 bene
1121 5600 1301 5663 potest
1348 5590 1598 5664 gloriosis
1642 5602 1805 5646 evam

200 5686 430 5759 gelistis
479 5692 536 5742 et
556 5683 916 5742 sanctissimis
960 5684 1239 5755 apostolis,
1296 5691 1354 5740 et
1376 5698 1523 5739 nunc
1550 5684 1803 5740 sacerdo-

206 5777 369 5835 tibus
400 5778 714 5847 convenire,
738 5780 833 5850 qui
858 5792 955 5850 per
994 5786 1185 5852 gentes
1208 5779 1489 5836 universas
1528 5776 1801 5851 magualia

206 5873 340 5945 ejus
366 5875 693 5934 annuntiate
728 5885 1046 5934 noscuntur.

1904 4771 2166 4843 angustiae
2194 4770 2637 4841 iim'ninentisque
2663 4769 2943 4839 languoris
2992 4768 3191 4824 tacitus
3218 4770 3493 4838 cogitarit.

1911 4885 1930 4919 ‹
1968 4862 2109 4929 Dixi,
2135 4865 2327 4934 inquit,
2359 4863 2412 4918 in
2434 4863 2599 4918 corde
2619 4878 2763 4927 meo,
2791 4862 2845 4916 In
2872 4861 3095 4916 dimidio
3118 4861 3327 4917 dierum
3352 4877 3499 4919 meo-

1908 4974 2050 5024 rum,
2086 4976 2104 5008 ι
2151 4957 2285 5021 sive,
2326 4962 2386 5009 ut
2410 4954 2501 5009 alii
2524 4953 2868 5024 interpretati
2896 4962 3041 5020 sunt,
3094 4953 3147 5009 in
3182 4954 3499 5017 inﬁrmitate

1908 5063 1966 5106 et
1989 5049 2204 5105 silentio
2231 5049 2439 5104 dierum
2469 5063 2737 5114 meorum,
2782 5047 2896 5103 sive
2920 5047 2979 5102 in
3003 5048 3264 5120 sanguine
3287 5048 3499 5106 dierum

1907 5155 2171 5205 meorum,
2213 5139 2430 5209 quando
2463 5154 2617 5193 meus
2645 5154 2811 5193 cruor
2855 5153 3115 5209 meusque
3146 5141 3500 5211 spectabatur

1906 5231 2179 5288 interitus.
2224 5230 2411 5300 ltaque
2450 5230 2506 5285 in
2535 5226 2912 5301 desperatione
2955 5230 3100 5287 dixi:
3138 5250 3157 5285 ‹
3196 5232 3400 5288 Vadam
3428 5232 3496 5287 ad

1905 5335 2093 5399 portas
2131 5324 2311 5381 inferi.
2354 5324 2451 5379 Vel
2479 5324 2752 5379 communi
2794 5324 2909 5397 lege
2948 5334 3181 5392 naturai,
3240 5325 3325 5381 vel
3378 5325 3498 5381 illas

1904 5428 2113 5491 portas,
2153 5417 2219 5473 de
2238 5418 2456 5487 quibus,
2502 5417 2645 5488 quod
2676 5416 2935 5472 liberatus
2961 5417 3030 5472 sit
3073 5414 3361 5473 Psalmista
3405 5416 3501 5474 de-

1907 5516 2128 5567 cantat:
2163 5527 2182 5561 i
2227 5508 2331 5575 Qui
2375 5506 2588 5563 exultas
2612 5524 2698 5564 me
2743 5507 2811 5563 de
2840 5506 3012 5579 portis
3037 5508 3251 5573 mortis,
3297 5512 3356 5562 ut
3392 5523 3496 5562 an-

1905 5601 2151 5658 nuntiem
2196 5614 2387 5656 omnes
2410 5598 2746 5656 laudationes
2776 5609 2896 5655 tuas
2929 5601 2981 5655 in
3004 5598 3179 5671 portis
3214 5598 3335 5654 ﬁliai
3367 5598 3501 5656 Sion

1907 5690 2083 5764 (Psal.
2111 5689 2210 5764 ix).
2267 5688 2377 5745 llas
2398 5698 2585 5761 portas
2626 5688 2825 5746 inferni
2878 5702 3004 5744 reor
3049 5696 3170 5759 quae
3210 5686 3501 5745 adversum

1905 5784 2126 5841 Petrum
2158 5780 2600 5853 nonprzevaleut,
2651 5782 2775 5853 quia
2809 5778 3066 5835 dormivit
3089 5778 3140 5833 in
3165 5776 3501 5851 plenitudine

1908 5875 2118 5931 dierum
2174 5884 2419 5930 suorum.
2474 5872 2662 5930 Sancti
2707 5870 2933 5939 implent
2982 5866 3096 5926 dies
3136 5882 3282 5936 suos,
3324 5866 3499 5938 qualis
