3936 6328
176 335 312 396 I097

851 326 1209 386 COMMENT.
1247 321 1653 383 INCANTICA
1690 320 1857 391 ρυλε
1898 322 1991 379 AD
2028 318 2307 379 LAUDES
2341 315 2724 378 DICUNTUB.

3303 315 3327 371 ι
3336 315 3444 374 098

167 448 274 520 jam
309 461 540 505 securus
565 453 672 513 est,
699 460 802 502 nec
825 447 1032 519 patitur
1066 462 1187 516 quae
1227 445 1396 501 refert
1425 442 1495 498 de
1523 443 1759 497 humano
1787 446 1834 505 Α
1863 439 2107 495 cordiam
2154 446 2480 495 consecutus
2523 445 2628 504 est,
2675 434 2854 492 omnis
2877 441 3107 492 ventura
3151 434 3447 506 posteritas

174 550 335 606 statu,
359 541 772 611 philosophatur
803 553 860 596 et
889 541 1021 596 dicit
1054 558 1068 594 :
1103 559 1122 592 ί
1154 540 1402 603 Domine,
1427 538 1505 592 sic
1531 537 1750 602 vivitur,

175 643 228 691 et
251 633 343 690 tali
371 649 560 689 sumus
604 632 919 688 conditione
948 632 1212 705 generati,
1255 652 1274 684 ι
1305 630 1615 701 corripuisti
1643 645 1752 695 me,

176 728 266 784 sed
291 726 579 783 viviﬁcasti
615 741 702 781 me
720 741 1021 797 pacemque
1046 725 1284 781 tribuisti
1331 725 1517 795 fugato
1543 723 1751 794 Asyro;

175 821 264 878 sed
281 837 388 892 pax
430 835 550 875 mea
579 820 727 874 omni
755 820 890 876 mihi
938 819 1302 875 amaritudine
1349 817 1454 874 fuit
1496 817 1753 883 amarior,

173 914 294 986 quia
347 912 740 984 tranquillitate
779 912 962 984 populi
1015 912 1225 968 reddita
1266 919 1324 966 et
1369 911 1503 967 urbe
1543 924 1752 972 secura.

71 1003 86 1019 '
173 1018 269 1076 ego
323 1002 471 1059 solus
525 1002 714 1058 limina
772 1002 966 1058 mortis
1017 1001 1216 1056 intravi
1241 1042 1256 1064 ,
1306 1001 1406 1056 sed
1459 1007 1518 1056 tu
1563 1000 1758 1056 eruisti

175 1095 407 1152 animam
450 1110 646 1159 meam,
688 1103 752 1152 ut
782 1110 893 1150 non
935 1093 1160 1166 periret,
1192 1091 1277 1148 vel
1317 1092 1575 1164 praesenti
1606 1092 1754 1158 vitae,

174 1186 258 1244 vel
283 1186 502 1244 futurae.
1183 1185 1189 1192 ’

243 1295 262 1330 ι
295 1276 578 1347 Projecisti
598 1288 720 1348 post
745 1286 956 1351 tergum
978 1287 1132 1334 tuum
1157 1277 1342 1335 omnia
1363 1283 1588 1349 peccata
1611 1290 1756 1344 mea,

178 1388 198 1423 α
233 1373 354 1441 quia
395 1387 504 1428 non
553 1371 799 1428 infernus
840 1373 1188 1430 conﬁtebitur
1233 1374 1333 1430 tibi
1385 1389 1564 1446 neque
1607 1388 1760 1430 mors

177 1485 196 1517 ι
235 1465 472 1522 laudabit
500 1474 573 1521 te.
619 1485 640 1519 ι
681 1465 989 1537 Projecisti,
1021 1467 1215 1538 inquit,
1256 1475 1380 1537 post
1404 1475 1616 1539 tergum
1643 1481 1760 1521 om-

170 1556 258 1611 nia
283 1566 507 1627 peccata
537 1571 680 1623 mea,
708 1572 778 1612 ne
816 1556 908 1613 illa
939 1557 1110 1614 tristis
1134 1558 1459 1628 aspicerem,
1487 1556 1584 1613 sed
1609 1565 1757 1612 tuam

170 1646 594 1704 misericordiam
619 1648 1018 1718 contemplarer
1042 1669 1056 1703 :
1079 1647 1330 1704 infernus
1351 1648 1497 1703 enim
1525 1654 1582 1702 et
1609 1661 1759 1702 mors

1855 532 1958 588 hoc
1979 545 2308 603 cognoscens
2327 529 2510 586 laudet
2537 529 2654 599 ejus
2685 527 3058 585 incredibilem
3077 527 3444 585 clementiam.

1857 623 2077 679 Salvum
2102 637 2231 694 ergo
2254 621 2468 698 me‘fac,
2494 620 2740 688 Domine,
2764 628 2826 676 ut
2839 635 3027 677 omnes
3045 621 3140 691 qui
3166 621 3221 676 in
3250 629 3303 677 te
3321 634 3446 677 cre-

1856 713 2035 769 dimus
2062 721 2264 784 tuoque
2303 727 2492 769 sumus
2518 711 2722 768 auxilio
2747 711 2986 772 liberati.
3020 710 3234 769 cunctis
3256 711 3449 770 diebus

1855 807 1981 862 vita:
2002 815 2204 863 nostrae
2225 816 2279 862 te
2307 813 2591 864 cantemus
2615 806 2672 862 in
2696 805 2918 878 templo.

2533 1063 2774 1108 INCIPIT

2297 1195 2707 1262 CANTICUM
2737 1198 3006 1275 ANNE,

2174 1317 2408 1382 Matris
2440 1319 2748 1384 Samuelis
2774 1322 3124 1404 praphetw.

1927 1457 2097 1530 Igitur
2122 1456 2408 1516 Canticum
2431 1459 2577 1531 quod
2611 1461 2668 1516 in
2716 1459 2856 1518 libro
2888 1460 3098 1536 Regum
3128 1463 3454 1536 prophetico
3561 1500 3565 1504 -

1858 1552 2052 1622 spiritu
2077 1549 2237 1608 Anna
2269 1561 2442 1609 mater
2469 1553 2619 1609 beati
2657 1552 2930 1611 Samuelis
2965 1557 3244 1628 prophetae
3266 1555 3453 1628 profe-

1858 1645 2037 1712 rebat,
2063 1652 2120 1700 et
2144 1645 2246 1702 sub
2265 1644 2426 1701 titulo
2454 1647 2722 1704 orationis
2750 1655 3110 1718 praenotatum
3147 1656 3252 1717 est,
3281 1649 3452 1706 multa

170 1755 276 1797 non
296 1739 702 1796 conﬁtebuntur
748 1755 926 1811 neque
969 1739 1270 1797 laudabunt
1314 1746 1388 1806 te,
1420 1737 1581 1807 juxta
1625 1736 1758 1794 illud
1858 1745 2198 1792 sacramenta
2225 1736 2293 1792 de
2313 1735 2531 1794 Christo
2550 1746 2606 1793 et
2631 1737 2874 1796 Ecclesia
2895 1737 3011 1808 ejus
3037 1740 3301 1808 continet,
3323 1742 3452 1812 quia

169 1833 308 1904 quod
338 1834 601 1908 scriptum
629 1841 715 1892 est
743 1852 758 1888 :
789 1853 808 1885 i
844 1833 901 1888 In
924 1831 1141 1890 inferno
1169 1841 1352 1890 autem
1376 1833 1500 1903 quis
1525 1832 1753 1888 conﬁte-
1783 1823 1832 1884 B
1860 1830 2030 1900 ipsius
2059 1844 2285 1886 munere
2309 1832 2426 1888 haec
2453 1833 2885 1904 prophetizando
2906 1835 3334 1906 praesagabatur,
3359 1849 3454 1891 cu-

168 1925 310 1980 bitur
340 1926 435 1981 tibi
483 1925 659 2000 (Psal.
700 1925 870 1997 xxx)?
915 1945 934 1978 )
969 1923 1364 1996 Confessioque
1403 1940 1527 1996 quas
1563 1924 1618 1980 in
1649 1924 1758 1981 hoc
1853 1923 1946 1994 jus
1973 1937 2074 1994 ope
2101 1924 2269 1980 totius
2292 1924 2550 1982 Ecclesiae
2581 1925 2830 1982 subsistit
2854 1926 3138 1992 fortitudo,
3166 1937 3224 1982 et
3259 1926 3455 1997 ampli-

166 2015 285 2073 loco
313 2032 421 2073 non
465 2033 566 2088 pro
610 2019 956 2090 poenitentia,
1000 2017 1097 2074 sed
1133 2032 1236 2090 pro
1275 2017 1448 2089 gloria
1491 2025 1548 2075 et
1596 2016 1758 2074 laude

166 2110 450 2181 accipitur,
476 2111 618 2167 sicut
647 2119 706 2169 et
752 2111 809 2167 in
834 2110 1130 2184 Evangelia
1163 2110 1395 2183 legimus
1433 2129 1448 2165 :
1500 2127 1520 2163 ι
1569 2108 1759 2168 Conﬁ-

166 2211 282 2259 teor
309 2203 428 2270 tibi,
452 2203 639 2272 Pater,
675 2205 904 2262 Domine
928 2205 1053 2262 coeli
1074 2212 1132 2262 et
1153 2212 1315 2261 terrae
1345 2203 1563 2277 (Matth.
1591 2202 1696 2276 ιι).
1733 2223 1752 2256 ι

239 2313 260 2347 ‹
292 2294 410 2352 Νοη
435 2300 832 2369 exspectabunt
869 2299 962 2370 qui
995 2297 1332 2355 descendunt
1367 2297 1424 2352 in
1458 2296 1636 2354 lacum
1658 2310 1756 2352 ve-

170 2405 191 2440 ι
221 2387 442 2444 ritatem
466 2398 611 2446 tuam
637 2407 653 2456 ;
685 2390 874 2446 vivens
897 2390 1087 2446 vivens
1106 2390 1224 2460 ipse
1253 2388 1604 2446 confitebitur
1632 2387 1755 2456 tibi,

169 2497 191 2532 ι
224 2478 370 2551 sicut
389 2489 558 2554 etego
583 2481 763 2538 hodie.
799 2502 818 2537 ι
851 2481 970 2540 Non
989 2483 1400 2553 exspectabunt,
1436 2481 1632 2554 inquit,
1663 2483 1759 2554 qui

161 2571 498 2628 descendunt
527 2573 583 2628 in
619 2571 798 2629 lacum
840 2573 1124 2630 veritatem
1159 2582 1334 2641 tuam;
1378 2571 1572 2629 melius
1609 2573 1758 2628 enim

159 2663 269 2720 hoc
315 2665 384 2720 ad
427 2651 763 2722 intellectum
809 2665 1062 2737 pertinet,
1114 2679 1276 2736 quam
1325 2663 1478 2731 illud,
1527 2663 1672 2736 quod
1701 2664 1758 2719 in

157 2756 309 2813 LXX
359 2757 605 2830 legimus,
635 2774 744 2814 non
765 2759 1178 2830 exspectabunt,
1214 2759 1308 2830 qui
1345 2757 1680 2814 descendunt
1702 2757 1758 2814 in

157 2847 367 2916 lacum,
391 2851 821 2908 misericordiam
850 2858 1034 2917 tuam;
1069 2851 1330 2917 maxime,
1358 2865 1483 2906 cum
1507 2848 1760 2906 Salvator

157 2939 229 2994 ad
258 2933 532 2996 infernum
560 2941 926 3008 descenderit,
963 2950 1024 2996 ut
1057 2941 1273 2997 vinctos
1309 2940 1380 2996 de
1407 2939 1600 2994 inferis
1620 2939 1758 2994 libe-

155 3041 330 3088 raret.
362 3029 468 3086 Pro
495 3031 618 3088 lacu
655 3032 999 3089 manifestius
1033 3033 1197 3089 iidem
1236 3031 1445 3088 inferos
1471 3031 1759 3088 transtule-

1857 2017 2052 2074 ﬁcatur
2077 2017 2387 2086 multitudo,
2414 2026 2471 2075 et
2497 2017 2853 2076 confirmatur
2873 2019 3162 2086 stabilitas,
3187 2019 3282 2076 sed
3306 2034 3454 2090 qua:-

1857 2111 2000 2167 ritur
2031 2127 2131 2168 cur
2157 2110 2441 2183 Scriptura
2463 2113 2607 2169 dicat
2631 2111 2847 2168 Annam
2867 2112 3074 2169 orando
3095 2112 3202 2170 hoc
3227 2126 3450 2168 carmen

1857 2202 2124 2274 proferre,
2159 2219 2285 2260 cum
2325 2205 2501 2276 magis
2541 2205 2598 2260 in
2645 2219 2710 2261 ea
2757 2204 3074 2276 praedicatio
3119 2203 3450 2271 futurorum,

1858 2311 2024 2367 quam
2066 2295 2360 2367 postulatio
2409 2295 2636 2367 alicujus
2685 2297 2767 2354 rei
2811 2297 3140 2354 inveniatur.
3185 2297 3277 2354 Sic
3303 2299 3451 2354 enim

1859 2390 2124 2462 scriptum
2165 2398 2270 2457 est,
2292 2390 2360 2446 Et
2384 2390 2560 2446 oravit
2594 2391 2751 2446 Anna
2781 2399 2840 2447 et
2853 2391 2942 2447 ait
2967 2409 2982 2446 :

1935 2503 1955 2536 ι
1995 2481 2301 2540 Exsultavit
2324 2498 2422 2541 cor
2459 2497 2642 2539 meum
2674 2483 2732 2538 in
2768 2482 3020 2550 Domino,
3057 2491 3116 2539 et
3153 2482 3452 2539 exaltatum

1865 2597 1884 2632 ι
1924 2586 2011 2634 est
2031 2592 2204 2634 cornu
2233 2592 2415 2633 meum
2461 2577 2517 2632 in
2557 2576 2674 2634 Deo
2701 2592 2846 2635 meo.
2895 2597 2914 2630 ι
2964 2576 3084 2634 Non
3117 2577 3265 2634 enim
3297 2577 3452 2634 inve-

1859 2670 2010 2726 nitur
2036 2685 2197 2726 orare
2223 2669 2280 2725 in
2313 2670 2421 2725 hoc
2445 2669 2682 2736 cantico,
2724 2669 2831 2726 nisi
2865 2684 2966 2740 per
3003 2669 3109 2724 duo
3131 2669 3299 2725 verba
3327 2678 3452 2724 tan-

1825 2783 1828 2786 ’
1860 2770 1999 2828 tum,
2035 2769 2096 2816 ut
2122 2761 2295 2817 dicit:
2333 2779 2353 2813 ‹
2400 2760 2608 2818 ιωιεῑει
2645 2777 2765 2818 sum
2797 2761 2855 2816 in
2892 2761 3118 2817 salutari
3155 2777 3297 2828 meo,
3343 2781 3364 2814 ι
3397 2768 3454 2817 et

1861 2852 2008 2907 aliud
2039 2860 2143 2918 est,
2180 2873 2199 2904 ‹
2235 2851 2362 2923 quia
2381 2867 2493 2908 non
2523 2860 2606 2908 est
2637 2851 2783 2908 Deus
2814 2859 3015 2923 praeter
3044 2859 3118 2906 te.
3153 2870 3171 2903 ι
3215 2849 3454 2922 Aposto-

1861 2944 1946 3001 lus
1969 2954 2148 3000 autem
2169 2943 2304 2998 dicit
2333 2962 2347 2998 :
2381 2964 2400 2996 ι
2429 2943 2594 2999 Orate
2615 2944 2736 2998 sine
2758 2941 3165 2998 intermissione
3185 2940 3239 3014 (Ι
3264 2939 3447 2997 Thess.

1861 3036 1940 3110 v).
1977 3057 1996 3090 ι
2023 3036 2102 3092 Illi
2136 3037 2283 3093 enim
2320 3037 2413 3108 qui
2444 3037 2498 3092 in
2546 3036 2730 3092 divino
2759 3045 3010 3092 versatur
3048 3035 3245 3103 oﬁicio,
3269 3022 3476 3101 omnia

154 3135 311 3182 runt.
343 3145 363 3178 ι
401 3127 600 3183 Vivens
634 3128 825 3184 vivens
856 3128 972 3199 ipse
1009 3127 1378 3194 confitebitur,
1411 3127 1554 3182 sicut
1579 3135 1635 3181 et
1656 3141 1757 3197 ego
1792 3191 1827 3200 _
1861 3137 2016 3200 gesta
2045 3127 2181 3198 ejus,
2212 3129 2466 3198 dictaque
2499 3143 2602 3198 pro
2641 3129 2890 3184 oratione
2927 3137 3283 3200 reputautur;
3325 3130 3454 3199 quia

153 3218 343 3275 hodie.
384 3238 404 3271 ι
439 3218 508 3275 Et
535 3220 621 3274 hic
662 3191 933 3277 confessio
974 3237 1074 3293 pro
1126 3191 1438 3277 laudatione
1482 3191 1715 3290 ponitur
1737 3237 1752 3274 :
1783 3191 1828 3256 Ο
1851 3191 2034 3292 justus
2210 3221 2326 3277 sine
2357 3191 2782 3289 intermissione,
2817 3235 2940 3293 quae
2972 3191 3120 3290 j-usta
3142 3191 3289 3288 sunt,
3318 3191 3452 3294 agit,

153 3326 339 3382 neque
365 3310 516 3367 enim
544 3327 645 3369 sua
677 3313 884 3384 scelera
917 3315 1230 3383 conﬁtetur,
1263 3317 1358 3371 sed
1399 3315 1606 3388 gratias
1647 3314 1758 3384 agit

152 3405 299 3473 Deo,
329 3414 385 3461 et
410 3421 519 3462 non
551 3414 637 3464 est
674 3408 902 3478 pulchra
939 3409 1176 3465 laudatio
1204 3409 1259 3465 in
1295 3424 1392 3466 ore
1426 3410 1753 3480 peccatoris.

150 3496 407 3568 Cumque
443 3498 690 3556 infernus
716 3509 774 3555 et
798 3517 948 3557 mors
968 3517 1076 3558 non
1105 3500 1488 3569 conﬁteantur,
1511 3517 1612 3558 nec
1646 3501 1760 3557 lau-

149 3589 292 3645 dent
315 3589 508 3656 Deum,
545 3592 854 3648 econtrario
883 3593 990 3647 vita
1013 3600 1178 3662 atque
1199 3592 1444 3648 viventes
1466 3591 1756 3650 Dominum

147 3679 492 3751 gloriﬁcant,
520 3682 773 3752 quodque
793 3685 1038 3752 sequitur
1062 3701 1076 3738 :

233 3791 254 3825 c
280 3771 448 3827 Pater
468 3771 596 3828 filiis
619 3781 800 3830 notam
821 3772 986 3830 faciet
1008 3775 1296 3832 veritatem
1319 3783 1491 3832 tuam.
1510 3776 1757 3845 Domine,

153 3883 178 3917 α
215 3863 435 3919 salvum
481 3879 568 3920 me
619 3864 708 3920 fac
755 3873 812 3920 et
861 3865 1100 3936 psalmos
1143 3873 1360 3923 nostros
1417 3868 1762 3924 cantabimus

153 3976 177 4009 ι
217 3955 440 4012 cunctis
464 3956 657 4012 diebus
685 3956 810 4012 vitae
831 3965 1034 4014 nostra:
1071 3958 1128 4014 iu
1149 3959 1310 4016 domo
1337 3958 1572 4014 Domini.
1611 3979 1629 4012 ι
1659 3958 1762 4016 Pa-

147 4057 248 4104 ter
276 4047 404 4104 filiis
423 4056 608 4105 notam
630 4047 797 4105 faciet
823 4049 1110 4106 veritatem
1133 4057 1304 4106 tuam.
1328 4049 1442 4106 Hoc
1471 4050 1762 4124 signiﬁcat,

1859 3329 1958 3384 per
1991 3314 2096 3369 hoc
2124 3313 2243 3370 sine
2273 3311 2872 3382 intermissionejustus
2893 3312 3093 3368 orabit.
3124 3312 3192 3368 Et
3213 3313 3268 3368 in
3296 3312 3452 3369 Psal-

1859 3405 1965 3461 mis
1989 3405 2121 3462 dicit
2161 3423 2173 3458 :
2216 3424 2235 3457 ί
2271 3405 2517 3461 Elevatio
2543 3419 2803 3461 manuum
2845 3420 3092 3461 mearum
3119 3405 3447 3462 sacrificium

1858 3497 2230 3567 vespertinum
2265 3493 2439 3570 (Psal.
2477 3495 2624 3568 (ιιι).
2676 3515 2694 3546 ι
2743 3495 2934 3550 Elevat
2966 3511 3160 3552 manus
3200 3495 3312 3564 ille,
3357 3497 3450 3568 qui

1859 3589 2033 3645 elevat
2052 3598 2207 3646 actus
2226 3604 2371 3645 suos.
2397 3588 2592 3654 Aliter,
2616 3587 2799 3660 Moyse
2823 3588 3071 3645 elevaute
3093 3603 3308 3656 manus,
3331 3589 3456 3644 vin—

1861 3681 2020 3736 cebat
2038 3680 2224 3746 Israel,
2242 3680 2550 3737 dimittente
2562 3695 2715 3747 vero,
2732 3681 2987 3737 vincebat
3005 3681 3298 3748 Amalech;
3324 3683 3452 3752 quia

1864 3773 2040 3830 donec
2072 3772 2310 3829 famulus
2336 3772 2435 3828 Dei
2461 3772 2643 3828 elevat
2686 3780 2843 3829 actus
2867 3788 2995 3830 suos
3038 3774 3108 3829 ad
3140 3773 3448 3842 Dominum,

1861 3862 2033 3918 vincit
2063 3862 2219 3934 plebs
2245 3863 2364 3929 Dei,
2407 3877 2532 3918 cum
2579 3871 2760 3920 autem
2798 3863 3070 3920 dimiserit
3114 3874 3270 3921 actus
3300 3881 3450 3932 suos,

1861 3955 2032 4011 vincit
2059 3954 2341 4023 Amalech,
2380 3955 2636 4013 inimicus
2657 3956 2776 4014 Dei.
2814 3975 2834 4009 ‹
2873 3958 3196 4026 Exsultavit,
3231 3979 3252 4014 ι
3279 3961 3458 4032 inquit

1861 4045 2042 4114 Anna,
2071 4066 2091 4100 ί
2126 4062 2222 4104 cor
2254 4062 2438 4102 meum
2475 4065 2493 4099 ι
2537 4056 2591 4104 et
2615 4049 2924 4105 necessarie
2954 4047 3182 4117 addidit,
3210 4069 3230 4102 ι
3266 4050 3322 4105 in
3346 4051 3458 4107 Do-

147 4139 314 4212 quod
355 4147 410 4195 et
439 4141 496 4196 in
543 4140 968 4198 Deuteronomio
1010 4141 1215 4198 dicitur
1242 4161 1256 4198 :
1297 4161 1317 4195 ‹
1364 4142 1643 4216 Interroga
1666 4159 1762 4215 pa-
1863 4140 2035 4207 mino,
2062 4157 2084 4192 ι
2114 4146 2175 4194 ut
2199 4138 2401 4196 Paulus
2429 4139 2606 4196 dixit:
2643 4158 2662 4193 ε
2689 4139 2935 4199 Gaudete
2962 4142 3019 4197 in
3049 4141 3282 4199 Domino
3304 4158 3454 4200 sem-

154 4240 318 4286 trem
370 4239 523 4287 tuum
568 4242 626 4288 et
661 4232 1002 4290 annuntiabit
1056 4235 1188 4302 tibi;
1242 4234 1487 4292 seniores
1527 4244 1668 4304 tuos,
1709 4243 1767 4292 et
1861 4246 1961 4303 per
1995 4230 2162 4304 (Phil.
2193 4232 2292 4304 Iv),
2323 4251 2343 4285 ι
2369 4231 2500 4304 quia
2537 4240 2720 4303 potest
2744 4231 2867 4305 quis
2899 4234 3136 4307 gaudere
3170 4235 3226 4290 in
3265 4251 3459 4291 carna—

147 4325 350 4381 dicent
395 4326 493 4382 tibi
523 4327 704 4399 (Deut.
745 4329 942 4403 xxxii),
993 4349 1009 4382 ι
1065 4339 1126 4385 ut
1163 4345 1263 4401 per
1299 4329 1673 4388 successiones
1709 4337 1765 4386 et
1863 4323 2027 4381 libus-
2056 4322 2192 4381 Ctlm
2235 4338 2324 4380 me
2373 4325 2622 4382 homines
2673 4325 2921 4395 laudant,
2964 4343 3075 4383 non
3118 4328 3176 4384 in
3227 4329 3458 4387 Domino

148 4417 408 4490 singulas
434 4421 821 4491 generationes
844 4422 940 4478 Dei
963 4421 1020 4478 in
1036 4431 1290 4494 posteros
1319 4423 1607 4480 clementia
1630 4437 1764 4495 prae-
1863 4413 2090 4487 gaudeo,
2132 4415 2230 4471 sed
2278 4416 2487 4486 gaudeo
2523 4417 2579 4473 in
2615 4417 2902 4474 vanitate:
2947 4419 3078 4475 hinc
3121 4434 3460 4493 compungar

144 4513 400 4577 dicetur,
425 4526 527 4583 pro
578 4528 686 4584 quo
727 4512 871 4570 LXX
915 4523 1232 4585 posuerunt.
1275 4514 1360 4571 Ab
1407 4514 1570 4570 hodie
1611 4514 1759 4570 enim
1787 4567 1837 4585 ﬁ
1863 4515 2084 4582 propter
2107 4508 2336 4566 verbum
2365 4509 2483 4577 Dei,
2521 4525 2646 4566 cum
2698 4511 2834 4568 dicit
2869 4528 2884 4566 :
2932 4531 2952 4563 ι
3008 4511 3316 4568 Exsultavit
3361 4528 3460 4570 cor

145 4607 312 4662 filios
341 4605 560 4673 faciam,
591 4609 685 4678 qui
709 4607 1110 4664 annuntiabunt
1133 4608 1401 4681 justitiam
1428 4616 1596 4672 tuam,
1631 4623 1760 4664 cau-
1783 4599 1840 4629 ν
1863 4616 2044 4656 meum
2071 4601 2128 4656 in
2153 4600 2404 4657 Domino.
2439 4622 2460 4656 ι
2503 4599 2662 4658 Dicat
2689 4618 2820 4677 ergo
2843 4603 3020 4670 Anna,
3050 4619 3171 4676 quae
3193 4604 3460 4677 interpreo

144 4697 320 4763 salis,
371 4713 492 4769 qua:
541 4699 854 4770 conjunctio
898 4700 1182 4771 sequentia
1225 4716 1348 4755 cum
1387 4699 1761 4771 superioribus
1864 4703 2012 4750 tatur
2038 4695 2232 4767 gratia,
2260 4695 2507 4753 Ecclesia
2529 4696 2784 4753 videlicet
2821 4696 3044 4767 Christi,
3093 4698 3287 4756 civitas
3314 4701 3460 4774 regis

147 4788 408 4860 copulat,
442 4790 587 4860 quod
617 4789 870 4846 videlicet
914 4790 1120 4848 idcirco
1164 4791 1410 4848 viventes
1437 4799 1494 4847 et
1524 4791 1640 4862 ipse
1681 4789 1763 4845 vi-

150 4896 306 4938 vens
341 4881 672 4937 benedicant
711 4882 844 4947 Deo,
880 4882 1009 4953 quia
1055 4883 1126 4938 ab
1157 4883 1262 4938 hac
1306 4883 1392 4938 die
1423 4881 1666 4938 facturus
1691 4881 1764 4938 sit

155 4975 336 5041 filios,
375 4975 466 5045 qui
519 4977 842 5032 annuntient
879 4975 1167 5032 veritatem
1211 4977 1330 5048 ejus
1367 4994 1381 5030 :
1423 4975 1569 5046 quod
1610 4983 1762 5032 certe

158 5081 285 5123 suae
308 5080 417 5122 non
441 5075 559 5122 erat
579 5067 886 5138 potestatis,
934 5081 1110 5140 neque
1135 5066 1280 5123 enim
1311 5082 1410 5137 per
1433 5065 1763 5138 Prophetam

158 5159 248 5216 illi
300 5157 461 5214 liberi
501 5159 819 5230 repromissi
861 5169 1029 5228 sunt,
1066 5159 1162 5215 sed
1210 5173 1450 5230 praesens
1483 5159 1592 5214 vita
1628 5174 1761 5215 con—

158 5264 352 5316 cessa,
383 5251 688 5321 praesertim
719 5265 842 5306 cum
886 5251 1264 5323 impiissimum
1301 5251 1472 5307 ﬁlium
1513 5251 1764 5324 genuerit

158 5342 481 5408 Manassen,
501 5343 596 5414 qui
637 5343 924 5414 repleverit
951 5341 1250 5400 Jerusalem
1273 5343 1535 5416 sanguine
1552 5360 1585 5398 a
1606 5353 1765 5415 porta

157 5449 348 5504 usque
376 5433 445 5488 ad
487 5442 724 5505 portam,
761 5443 816 5490 et
861 5451 971 5491 non
1013 5436 1312 5503 benedixit,
1351 5436 1446 5492 sed
1488 5436 1765 5492 maledixit

158 5524 307 5590 Deo,
339 5539 674 5595 persequens
708 5535 928 5583 sanctos
951 5525 1088 5597 ejus.
1113 5526 1412 5585 Possumus
1430 5543 1580 5600 ergo,
1605 5526 1764 5598 juxta

158 5613 342 5682 LXX,
372 5615 475 5671 hoc
502 5616 706 5684 dicere,
735 5619 879 5689 quod
902 5634 1010 5675 non
1038 5620 1235 5676 dixerit
1261 5620 1402 5677 ﬁlios
1428 5619 1646 5687 faciam,
1670 5619 1766 5676 sed

155 5723 343 5774 ιηωΑ,
373 5708 518 5778 quod
543 5710 629 5764 vel
666 5711 942 5781 parvulos,
974 5712 1058 5769 vel
1098 5728 1295 5784 pueros
1326 5714 1441 5770 sive
1474 5713 1764 5770 infantulos

147 5805 215 5855 et
255 5809 508 5872 posteros
530 5801 896 5874 intelligimus,
923 5813 984 5860 ut
1015 5821 1080 5862 ex
1118 5821 1185 5862 eo
1211 5806 1354 5878 quod
1391 5807 1508 5878 ipse
1545 5807 1764 5863 miscri-

580 5897 856 5962 Ρλτιοι..
899 5900 1088 5964 CXII.

1864 4789 2066 4862 magni,
2117 4791 2294 4862 gratia
2341 4789 2522 4861 plena,
2570 4789 2722 4862 prole
2765 4789 3033 4859 fecunda,
3082 4792 3259 4862 dicat,
3307 4795 3456 4865 quod

1865 4889 2020 4936 tanto
2047 4890 2176 4937 ante
2205 4880 2272 4937 de
2299 4896 2360 4937 se
2381 4881 2766 4953 prophetatum
2799 4897 2900 4954 per
2920 4898 2984 4938 os
3013 4881 3174 4952 hujus
3207 4885 3311 4956 pias
3341 4901 3459 4944 ma-

1869 4972 1968 5029 tris
1991 4973 2255 5045 agnoscit.
2300 4991 2320 5025 ι
2352 4971 2657 5028 Exsultavit
2691 4987 2789 5029 cor
2826 4989 3010 5030 meum
3040 4975 3098 5032 in
3126 4976 3378 5046 Domino,
3403 4986 3462 5036 et

1866 5063 2163 5121 exaltatum
2203 5071 2287 5120 est
2343 5059 2516 5120 cornu
2557 5079 2741 5121 meum
2786 5064 2843 5121 in
2883 5065 2997 5123 Deo
3043 5081 3185 5124 meo.
3239 5089 3260 5124 ι
3315 5069 3457 5128 Vere

1867 5158 2160 5215 exsultavit
2183 5172 2300 5225 cor,
2324 5158 2454 5228 quia
2495 5157 2550 5213 in
2596 5157 2848 5227 Domino,
2879 5169 2936 5216 et
2982 5173 3111 5218 vere
3159 5160 3460 5218 exaltatum

1870 5264 2063 5316 cornu,
2093 5249 2221 5320 quia
2242 5264 2350 5305 non
2370 5263 2438 5304 ex
2461 5263 2541 5316 se,
2569 5250 2664 5306 sed
2690 5251 2744 5306 in
2785 5251 3016 5309 Domino
3051 5252 3166 5310 Deo
3193 5269 3292 5310 suo
3312 5254 3460 5311 exal-

1868 5351 2042 5399 tatum
2067 5352 2168 5400 est.
2199 5342 2270 5398 Et
2290 5343 2348 5399 in
2375 5342 2484 5399 alio
2510 5343 2630 5401 loco
2649 5345 2781 5402 dicit
2811 5365 2825 5402 :
2866 5365 2886 5400 t
2917 5347 3317 5404 Exaltabuntur
3337 5362 3460 5404 cor-

1869 5452 1979 5494 nua
2005 5435 2136 5507 justi
2167 5435 2340 5509 (Psal.
2377 5437 2528 5508 xxx),
2559 5457 2578 5492 ι
2616 5439 2743 5510 quia
2767 5442 2834 5496 de
2855 5442 3036 5498 crucis
3065 5439 3268 5498 Christi
3287 5440 3461 5512 apici-

1868 5530 1991 5598 bus,
2010 5527 2178 5599 justis
2197 5528 2554 5587 conferuntur
2574 5531 2692 5588 hzec
2718 5546 2944 5601 cornua,
2977 5533 3033 5588 in
3062 5532 3150 5588 his
3171 5531 3461 5589 ventilabi—

1869 5638 1993 5681 mus
2021 5631 2186 5694 atque
2207 5623 2553 5681 destruemus
2582 5623 2920 5682 adversarias
2940 5631 3240 5696 potestates
3261 5625 3458 5681 animae

1868 5724 2070 5773 nostrae
2101 5715 2439 5773 insidiantes.

1947 5826 1966 5859 α
2005 5805 2297 5864 Dilatatum
2322 5817 2410 5865 est
2437 5823 2500 5865 os
2527 5823 2708 5868 meum
2742 5824 2907 5867 super
2933 5809 3184 5868 inimicos
3213 5825 3382 5870 meos-
3432 5830 3454 5868 ο

2982 5901 3059 5965 85
