3936 6328
380 245 555 325 σὶοεε

1023 249 1404 322 nimum
1434 254 1666 321 mum
1704 258 1993 318 ΑιιοιιιΕι

2101 256 2381 317 IOGUNT.
2423 255 2711 317 OPERUM
2743 252 2928 313 PARS
2965 253 3054 311 Ill.

3550 253 3701 313 HM

413 381 551 451 Quia
575 377 705 436 etin
727 375 992 449 angustiis
1015 388 1397 448 pressurarum
1430 390 1611 432 sermo
1645 376 1741 431 Dei
1770 390 1881 431 non
1908 379 1993 431 est
2017 377 2069 438 Α
2095 373 2306 437 robore,
2340 372 2431 443 qui
2475 380 2681 427 tantum
2713 371 2768 427 in
2809 371 2906 427 Dei
2938 370 3139 442 pietate
3178 368 3487 436 conﬁdunt,
3523 376 3586 426 et
3624 372 3699 428 ab

413 472 683 544 alligatus,
724 485 823 525 nec
851 469 905 524 in
942 470 1279 539 praeconibus
1311 466 1562 537 alligatis.

494 583 513 616 ι
558 562 695 631 Quia
717 563 897 619 laetata
927 576 1045 617 sum
1070 562 1123 615 in
1148 560 1374 616 salutari
1402 568 1513 614 tuo.
1549 580 1567 611 ι
1600 557 1863 615 Salutaris
1887 558 1992 614 iste

415 657 677 715 Dominus
703 662 786 711 est
824 653 1073 711 Christus
1111 651 1287 716 Jesus,
1324 666 1483 721 quem
1522 649 1732 716 Simon,
1760 650 1898 706 sicut
1938 651 1992 705 in

415 747 706 820 Evangelia
743 747 941 818 legitur
983 744 1136 817 (Luc.
1174 744 1257 816 ιι),
1295 758 1461 800 senex
1504 743 1837 812 amplectens
1871 756 1992 812 par-

420 855 573 904 vum,
600 851 901 909 agnoscens
924 850 1179 906 magnum
1208 852 1222 887 :
1272 854 1290 885 ι
1329 830 1483 887 Nunc
1522 832 1770 897 dimittis,
1798 831 1993 905 inquit,

420 930 665 994 Domine,
696 942 912 984 servum
953 936 1100 980 tuum
1133 925 1187 979 in
1216 938 1382 997 pace;
1414 922 1539 992 quia
1572 923 1825 977 viderunt
1854 921 1995 978 oculi

420 1023 525 1075 mei
563 1018 798 1074 salutare
846 1024 1014 1072 tuum.
1061 1036 1079 1066 ι
1126 1010 1186 1070 Si
1231 1013 1444 1069 laetatus
1481 1012 1636 1068 fuero
1677 1013 1730 1067 in
1772 1012 1996 1068 salutari

418 1110 667 1175 Domini,
706 1119 832 1164 tunc
869 1108 1151 1179 dilatatam
1189 1113 1274 1161 est
1309 1120 1369 1163 os
1402 1118 1600 1170 meum,
1638 1119 1736 1174 per
1771 1104 1997 1159 medita-

418 1204 618 1258 tionem
647 1202 831 1271 utique
864 1198 1011 1255 verbi
1051 1197 1144 1251 Dei
1175 1196 1243 1250 ad
1287 1195 1645 1250 elevationem
1682 1194 1864 1251 cordis
1903 1209 1998 1248 ve-

414 1295 643 1348 niemus.
678 1289 832 1347 Unde
880 1285 1166 1359 Apostolus
1201 1285 1333 1341 dicit
1374 1305 1387 1339 :
1447 1304 1464 1335 ι
1513 1284 1586 1341 Os
1632 1295 1875 1339 nostrum
1930 1284 1998 1338 ad

414 1398 513 1439 vos
544 1390 716 1453 patet,
765 1395 798 1435 o
838 1378 1124 1446 Corinthii,
1162 1392 1258 1433 cor
1297 1385 1543 1432 nostrum
1588 1374 1869 1430 dilatatam
1915 1383 1998 1429 est

415 1477 504 1549 (Il
539 1476 663 1533 Cor.
714 1477 812 1545 vi).
864 1496 887 1527 ι
932 1474 1010 1528 Ex
1056 1472 1340 1528 latitudine
1387 1470 1535 1525 enim
1566 1469 1750 1525 cordis
1790 1467 1872 1524 ori
1913 1482 2001 1522 sa-

414 1570 613 1640 pientia
646 1570 1002 1624 ministratur.

491 1687 509 1718 ι
551 1665 669 1721 Νοιι
691 1673 777 1719 est
808 1668 1027 1718 sanctus
1054 1668 1117 1715 ut
1142 1667 1224 1714 est
1252 1657 1532 1712 Dominus.
1582 1677 1598 1709 ι
1640 1656 1999 1713 Distinctione

2094 465 2189 521 illc
2223 463 2415 519 solatia
2441 472 2710 533 quaerunt,
2736 461 2982 519 dicentes
3021 478 3143 518 cum
3177 462 3451 532 Propheta
3483 480 3501 516 :
3538 480 3562 512 ι
3594 460 3699 518 Mi-

2093 570 2279 613 serere
2316 555 2444 621 mei,
2477 555 2728 622 Domine,
2768 556 3026 626 quoniam
3068 555 3316 610 inﬁrmus
3349 570 3477 610 sum
3512 552 3697 624 (Ρωι.

2091 648 2245 719 xxx).
2274 666 2294 699 ι
2323 646 2575 703 Inﬁrmus
2602 650 2723 702 erat
2755 646 2988 717 populus
3021 645 3264 717 gentilis,
3301 647 3535 716 quando
3554 646 3693 702 alie-

2093 754 2198 795 nus
2229 752 2262 792 a
2290 744 2618 794 testamento
2647 739 2742 792 Dei
2785 737 2982 793 fuerat.
3021 736 3180 792 Nunc
3201 754 3335 810 ergo
3358 739 3697 809 praecinctum

2095 839 2178 885 est
2203 831 2417 895 robore,
2438 844 2563 884 cum
2592 830 2810 885 indutus
2848 837 2937 885 est
2963 838 3118 885 scuto
3158 830 3283 885 ﬁdei
3308 840 3365 886 et
3403 831 3567 901 galea
3612 846 3705 886 sa-

2096 921 2248 987 lutis,
2281 930 2337 976 et
2381 920 2565 993 gladio
2607 921 2829 991 spiritus
2884 922 3059 978 hostis
3104 923 3317 993 antiqui
3371 923 3481 979 tela
3540 924 3702 996 ignea

2094 1012 2341 1083 proterit.

2173 1119 2191 1151 ι
2230 1098 2469 1156 Saturati
2491 1102 2643 1172 prius
2668 1117 2765 1172 pro
2792 1116 2933 1173 pane
2956 1118 3015 1158 se
3036 1112 3354 1159 .ocaverunt
3372 1112 3433 1159 et
3460 1102 3706 1161 famelici

2104 1210 2123 1243 ι
2155 1193 2381 1247 saturati
2410 1201 2554 1248 sunt.
2595 1212 2615 1244 ι
2649 1193 2751 1262 Qui
2791 1203 2919 1250 sunt
2957 1195 3290 1265 intelligendi
3326 1198 3577 1251 saturati
3614 1212 3708 1268 pa-

2095 1285 2277 1352 nibus,
2300 1286 2401 1341 nisi
2432 1286 2594 1341 iidem
2624 1286 2750 1356 ipsi,
2789 1286 2945 1357 quasi
2976 1296 3247 1357 potentes,
3287 1289 3341 1343 id
3380 1298 3491 1353 est,
3524 1288 3709 1343 Israe-

2057 1389 2060 1392 ‘
2098 1377 2230 1439 litae,
2259 1378 2457 1448 quibus
2480 1380 2683 1434 credita
2706 1388 2835 1434 sunt
2867 1379 3085 1449 eloquia
3128 1379 3347 1436 Domini
3370 1381 3397 1434 2
3426 1380 3531 1436 sed
3558 1382 3619 1435 in
3640 1395 3709 1437 eo

2096 1471 2297 1543 populo
2327 1472 2540 1527 ancillae
2564 1471 2659 1526 ﬁlii
2692 1472 2945 1527 minorati
2972 1482 3115 1535 sunt,
3150 1487 3273 1528 cum
3309 1488 3371 1529 se
3402 1474 3707 1528 subtraxe-

2097 1571 2246 1631 runt,
2270 1576 2340 1618 ne
2360 1563 2647 1619 crederent
2664 1564 2717 1618 in
2744 1563 3103 1629 Salvatcrem,
3128 1564 3259 1619 etin
3280 1565 3417 1633 ipsis
3438 1564 3712 1634 panibus,

2099 1657 2153 1713 id
2180 1665 2281 1723 est,
2310 1658 2509 1713 divinis
2536 1658 2767 1728 eloquiis
2796 1672 2918 1728 quae
2954 1658 3031 1713 illi
3057 1658 3157 1714 soli
3184 1666 3311 1714 tunc
3336 1674 3412 1713 ex
3440 1660 3713 1716 omnibus

344 1750 353 1755 ⁷
412 1759 601 1822 utitur,
634 1771 740 1812 non
768 1755 926 1819 dixit,
950 1752 1054 1809 nisi
1074 1751 1357 1816 Dominus,
1388 1750 1483 1805 sed
1509 1748 1692 1804 nullus
1729 1756 1833 1816 est,
1856 1748 1996 1804 sicut
2022 1751 2071 1812 B
2097 1750 2349 1822 gentibus
2373 1760 2719 1820 acceperunt,
2746 1758 2964 1808 terrena
2989 1760 3198 1808 tantum
3224 1753 3466 1823 sapiunt.
3494 1752 3715 1810 Gentes

416 1847 677 1904 Dominus
728 1852 948 1902 sanctus
990 1851 1047 1898 et
1092 1840 1471 1905 sanctiﬁcans,
1514 1839 1693 1910 justus
1739 1849 1793 1896 et
1836 1840 1998 1911 justi-

412 1943 605 1998 ﬁcans.

488 2053 506 2084 ι
544 2031 729 2101 Neque
750 2030 897 2086 enim
932 2036 1018 2085 est
1056 2027 1195 2084 alius
1221 2035 1376 2084 extra
1400 2034 1475 2093 te,
1504 2035 1563 2081 et
1588 2040 1697 2081 non
1723 2033 1811 2082 est
1841 2023 1998 2081 fortis

417 2142 435 2175 ι
465 2121 771 2179 sicutDeus
800 2126 1004 2177 noster.
1039 2138 1058 2171 ι
1091 2116 1208 2174 Non
1239 2129 1343 2184 est,
1374 2117 1570 2188 inquit,
1599 2124 1819 2173 sanctus
1852 2132 1995 2187 pne»

412 2223 496 2269 ter
518 2221 589 2279 te,
616 2212 859 2276 Domine,
888 2210 1016 2283 quia
1048 2224 1207 2265 nemo
1228 2208 1309 2273 ﬁt,
1341 2207 1444 2262 nisi
1465 2206 1565 2263 abs
1589 2214 1666 2272 te,
1696 2207 1800 2262 etsi
1848 2214 1995 2272 sunt,

415 2306 507 2376 qui
537 2305 793 2360 dicuntur
832 2303 905 2359 dii
937 2301 1112 2365 multi,
1154 2308 1211 2355 et
1237 2297 1442 2354 domini
1487 2296 1663 2364 multi,
1694 2297 1871 2352 nullus
1912 2307 1996 2352 ta-

413 2413 539 2452 men
568 2408 756 2451 eorum
796 2394 1113 2450 naturaliter
1145 2400 1230 2448 est
1268 2392 1320 2446 id
1378 2391 1522 2460 quod
1560 2391 1701 2446 Deus
1736 2401 1843 2456 est,
1872 2391 1996 2461 quia

412 2488 529 2557 ipse
558 2486 707 2541 solus
725 2494 832 2552 est,
859 2485 949 2555 qui
985 2484 1123 2540 dixit
1152 2484 1223 2539 ad
1262 2482 1480 2554 Moysen
1524 2498 1744 2541 servum
1789 2499 1947 2541 suum
1981 2502 1992 2537 :

420 2598 437 2630 ι
478 2579 591 2650 Ego
628 2593 747 2633 sum
789 2576 883 2648 qui
922 2592 1041 2633 sum
1076 2574 1273 2648 (Exod.
1302 2578 1415 2646 ιιι);
1473 2595 1494 2629 ι
1539 2591 1663 2631 nam
1710 2576 1903 2632 umbra
1930 2577 1998 2631 ad

411 2670 875 2741 comparationem
897 2671 1146 2748 corporis
1176 2684 1283 2725 non
1310 2677 1415 2733 est,
1446 2676 1502 2724 et
1533 2668 1714 2725 fumus
1747 2669 1816 2723 ad
1847 2685 1997 2725 com-

410 2764 748 2833 parationem
774 2763 915 2834 ignis
942 2778 1051 2818 non
1086 2770 1190 2817 est.

489 2876 507 2908 ι
542 2854 715 2911 Nolite
749 2854 1110 2925 multiplicare
1149 2854 1294 2923 loqui
1338 2852 1587 2908 sublimia
1617 2852 1931 2925 gloriantes.
1972 2872 1991 2905 ι

410 2946 480 3002 Et
520 2945 777 3002 Salomon
800 2946 934 3001 dicit
962 2964 977 3000 :
1008 2963 1026 2996 ι
1059 2945 1268 3001 Altiora
1312 2954 1364 2999 te
1403 2960 1473 3001 ne
1502 2946 1779 3015 qmesieris
1807 2944 1994 3016 (Eccli.

411 3037 518 3110 ιιι).
556 3060 573 3091 ι
609 3039 673 3093 Et
694 3038 859 3093 alibi:
898 3057 917 3088 ι
954 3037 1218 3095 Dominus
1246 3039 1301 3091 in
1335 3037 1476 3093 coelo
1510 3047 1566 3092 et
1592 3046 1648 3092 tu
1685 3052 1851 3107 super
1884 3046 1994 3092 ter-

412 3147 553 3197 ram,
579 3131 699 3186 ideo
727 3130 837 3184 sint
858 3130 1016 3199 pauci
1040 3143 1320 3185 sermones
1348 3129 1422 3183 tui
1450 3127 1648 3198 (Eccte.
1674 3128 1750 3199 v).
1783 3148 1803 3181 ι

488 3244 506 3275 ι
542 3221 818 3279 Recedant
844 3230 1025 3277 vetera
1059 3220 1126 3275 de
1149 3235 1248 3275 ore
1285 3229 1486 3275 vestro.
1524 3239 1545 3272 ι
1578 3219 1693 3275 Hoc
1714 3228 1819 3284 est,
1849 3236 1999 3292 mag-

411 3316 712 3385 niloquium
741 3330 848 3369 non
871 3320 1031 3369 exeat
1063 3314 1128 3367 de
1163 3328 1260 3367 ore
1286 3321 1487 3367 vestro.
1538 3329 1558 3362 ι
1598 3311 1791 3368 Omnis
1814 3328 1996 3369 sermo

413 3406 605 3469 malus,
643 3422 664 3458 ι
698 3402 1136 3473 dicitApcstolus
1166 3401 1385 3473 (Ephes.
1411 3401 1512 3470 iv),
1543 3419 1565 3454 ι
1601 3415 1667 3456 ex
1696 3416 1795 3459 ore
1816 3413 1999 3460 vestro

410 3512 519 3552 non
548 3494 826 3567 procedat.
867 3513 885 3547 ι

488 3606 507 3639 ι
545 3587 682 3657 Quia
710 3586 850 3643 Deus
871 3587 1222 3643 scientiarum
1239 3585 1500 3643 Dominus
1527 3592 1631 3651 est,
1658 3592 1715 3639 et
1733 3584 1836 3655 ipsi
1858 3599 1997 3655 prie-

418 3700 436 3733 ‹
474 3688 736 3752 parantur
762 3678 1140 3752 cogitationes.
1176 3698 1197 3731 ι
1230 3676 1351 3749 Ipse
1374 3690 1472 3735 vos
1510 3676 1615 3733 scit
1643 3686 1699 3733 et
1721 3676 1812 3732 ubi
1836 3691 1995 3732 nemo

409 3774 512 3830 scit
544 3793 558 3830 :
588 3773 824 3844 Spiritus
843 3772 988 3829 enim
1009 3771 1191 3827 omnia
1220 3777 1513 3837 scrutatur,
1540 3771 1707 3826 etiam
1726 3768 1993 3840 profunda

408 3856 528 3925 Dei.
555 3866 707 3924 Unde
752 3866 845 3937 qui
871 3874 1026 3937 putat
1066 3880 1126 3921 se
1152 3864 1357 3934 aliquid
1398 3877 1540 3928 esse,
1570 3878 1695 3918 cum
1729 3862 1865 3918 nihil
1898 3863 1987 3928 sit,

409 3960 646 4030 seipsum
690 3957 918 4014 seducit.
955 3956 1081 4012 llaec
1106 3956 1360 4013 dicuntur
1394 3954 1725 4010 adversariis
1756 3953 1993 4011 civitatis

407 4051 503 4107 Dei
548 4050 617 4105 ad
664 4048 1017 4120 Babyloniam
1064 4045 1495 4118 pertinentibus,
1537 4044 1605 4099 de
1650 4060 1749 4101 sua
1790 4045 1992 4101 virtute

403 4143 878 4217 praesumentibus,
906 4142 961 4197 in
996 4155 1078 4207 se,
1124 4156 1231 4196 non
1268 4141 1323 4195 in
1361 4140 1587 4197 Domino
1612 4139 1988 4211 gloriantibus,

405 4252 475 4292 ex
526 4237 722 4306 quibus
775 4243 903 4289 sunt
943 4234 1109 4290 etiam
1168 4232 1416 4291 carnales
1458 4232 1715 4289 Israelita:
1760 4241 1991 4290 terrente

404 4325 741 4389 Jerusalem,
776 4326 925 4381 cives
964 4327 1273 4396 terrigenae,
1331 4325 1446 4394 qui,
1491 4334 1553 4380 ut
1588 4325 1720 4381 dicit
1760 4326 1990 4397 Aposto-

402 4417 489 4473 lus
518 4417 690 4489 (Rom.
725 4417 803 4488 χ),
839 4436 859 4469 ε
912 4415 1249 4487 ignorantes
1278 4415 1372 4472 Dei
1400 4416 1693 4488 justitiam,
1736 4436 1760 4471 ι
1804 4418 1985 4484 idest,

404 4526 567 4581 quam
600 4511 691 4569 dat
726 4509 931 4565 homini
978 4510 1142 4575 Deus,
1183 4508 1274 4579 qui
1306 4509 1452 4565 solus
1490 4518 1575 4566 est
1608 4508 1791 4578 justas
1828 4519 1990 4582 atque

399 4597 725 4672 justiﬁcans,
765 4616 783 4650 ι
817 4606 874 4652 et
909 4613 1063 4653 suam
1096 4597 1338 4655 volentes
1360 4600 1713 4668 constituere,
1745 4622 1765 4656 ι
1795 4601 1853 4658 id
1886 4612 1986 4670 est,

412 4692 552 4748 zelut
599 4707 631 4746 a
673 4707 733 4749 se
775 4691 889 4769 sibi,
924 4701 1198 4763 paratam,
1240 4707 1346 4748 non
1393 4693 1461 4749 ab
1494 4693 1588 4751 illo
1632 4694 1991 4766 impartitam,

404 4805 431 4841 4
457 4782 687 4852 justitize
722 4784 816 4839 Dei
850 4798 961 4841 non
994 4792 1122 4838 sunt
1167 4784 1420 4855 subjecti.
1452 4803 1471 4838 ι
1504 4784 1721 4855 Utique,
1751 4786 1878 4856 quia
1900 4801 1993 4842 su-

402 4878 557 4950 perbi
578 4876 645 4932 de
662 4891 761 4933 suo
781 4885 1057 4947 putantes,
1091 4890 1198 4931 non
1224 4876 1291 4933 de
1316 4875 1414 4932 Dei
1434 4890 1597 4946 posse
1616 4876 1850 4947 placere.
1882 4876 1991 4933 Sed

402 4969 532 5041 quia
551 4978 636 5027 est
656 4969 801 5029 Deus
820 4969 1191 5037 scientiarum,
1210 4980 1373 5040 atque
1401 4969 1525 5025 ideo
1542 4976 1601 5026 et
1624 4968 1830 5025 arbiter
1856 4980 1991 5025 con-

402 5063 773 5128 scientiarum,
805 5064 921 5135 ipse
948 5064 1098 5123 videt
1132 5065 1489 5137 cogitationes
1524 5064 1827 5132 hominum,
1851 5080 1983 5136 quo-

401 5156 553 5212 niam
580 5170 737 5213 vante
765 5165 912 5213 sunt.
943 5155 1099 5213 Unde
1125 5173 1278 5213 vanae
1313 5167 1460 5223 sunt,
1489 5158 1594 5213 nisi
1623 5158 1748 5228 quia
1773 5159 1991 5229 proprie

398 5247 683 5307 hominum
712 5256 856 5313 sunt,
888 5262 920 5303 a
958 5264 1065 5318 quo
1089 5248 1191 5318 ipsi
1232 5249 1480 5305 homines
1506 5259 1654 5307 sunt.
1738 5322 1749 5328 ξ

480 5357 501 5391 ι
531 5338 708 5399 Arcus
734 5338 957 5397 fortium
994 5347 1283 5407 superatus
1302 5348 1387 5395 est
1425 5347 1483 5397 et
1519 5339 1719 5399 inﬁrmi
1758 5342 1992 5399 accincti

408 5446 430 5481 ι
465 5436 592 5485 sunt
619 5430 835 5487 robore.
864 5449 883 5483 ›
912 5427 1221 5486 lnﬁrmatus
1243 5439 1329 5485 est
1345 5444 1527 5498 arcus,
1552 5431 1607 5489 id
1630 5441 1731 5497 est,
1764 5432 1994 5490 intentio

405 5535 618 5587 eorum,
648 5536 757 5591 qua
783 5529 893 5577 tam
915 5526 1169 5592 potentes
1190 5521 1294 5579 sibi
1316 5522 1570 5579 videntur
1602 5539 1745 5590 esse,
1784 5534 1844 5581 ut
1876 5528 1994 5583 sine

406 5612 502 5667 Dei
526 5615 666 5668 dono
694 5600 858 5683 atque
899 5613 1169 5681 adjutorio
1195 5614 1434 5669 humana
1465 5615 1783 5672 suﬁicientia
1806 5618 1991 5677 divina

406 5704 615 5765 possint
664 5703 889 5773 implere
936 5703 1209 5770 mandata,
1250 5714 1309 5761 et
1348 5705 1549 5763 inﬁrmi
1588 5708 1821 5764 accincti
1866 5720 1992 5767 sunt

2012 4468 2067 4531 D

2100 1848 2302 1905 autem,
2345 1840 2543 1910 quibus
2588 1841 2673 1896 lex
2712 1840 2802 1897 illa
2845 1856 2955 1897 non
2987 1850 3107 1898 erat
3140 1844 3285 1909 data,
3330 1854 3713 1915 posteaquam

2098 1944 2197 2001 per
2224 1928 2434 1984 Novum
2460 1928 2885 1987 Testamentum
2908 1933 2974 1986 ad
3007 1931 3221 2003 eloquia
3266 1932 3357 1987 illa
3400 1943 3713 1999 venerunt,

2100 2017 2326 2074 multum
2365 2018 2653 2074 esuriendo
2690 2026 2891 2074 ternm
2938 2021 3305 2087 transierunt;
3346 2023 3477 2091 quia
3534 2025 3599 2077 in
3636 2024 3717 2078 eis

2100 2126 2207 2166 non
2243 2119 2483 2175 terrena,
2527 2111 2623 2166 sed
2657 2110 2901 2167 celestis
2949 2121 3271 2183 sapuerunt,
3307 2124 3367 2169 et
3406 2115 3521 2171 hoc
3564 2115 3715 2171 vela

2099 2208 2441 2270 quaereretur
2467 2214 2631 2255 causa
2660 2216 2759 2255 cur
2782 2200 2986 2257 factum
3012 2203 3103 2256 sit.

2175 2313 2193 2345 ι
2231 2293 2412 2349 Donec
2447 2292 2651 2349 sterilis
2687 2294 2902 2365 peperit
2936 2295 3201 2365 plurimos
3240 2304 3299 2351 et
3334 2310 3463 2367 qua:
3501 2297 3715 2353 mullos

2104 2405 2125 2436 ς
2142 2383 2527 2443 habebatﬁlios
2546 2384 2822 2441 inﬁrmata
2836 2395 2939 2441 est.
2962 2406 2983 2439 ι
3001 2385 3060 2441 1η
3075 2385 3304 2443 Hebraeo
3318 2396 3375 2443 et
3388 2389 3446 2444 in
3469 2389 3713 2461 Septua-

2098 2476 2249 2546 ginta
2271 2475 2625 2533 translatione
2652 2491 2762 2531 non
2788 2477 3031 2546 plurimi,
3062 2481 3157 2535 sed
3182 2489 3393 2551 septem
3417 2481 3713 2553 leguntur.

2097 2567 2271 2624 Judaei
2290 2569 2434 2635 hunc
2458 2568 2637 2624 locum
2660 2570 2735 2625 ita
2756 2569 3088 2642 intelligunt,
3115 2575 3261 2643 quod
3284 2582 3421 2631 nato
3444 2573 3717 2631 Samaeis

2098 2673 2345 2720 mortuus
2376 2666 2447 2721 sit
2464 2665 2609 2722 ﬁlius
2639 2667 3037 2740 primogenitae
3070 2669 3361 2736 Fenennm,
3390 2679 3451 2726 et
3468 2672 3718 2743 singulis

2098 2755 2268 2810 Annae
2298 2756 2421 2811 ﬁliis
2442 2758 2815 2825 nascentibus,
2840 2759 3039 2830 singuli
3069 2759 3338 2815 Fenennae
3358 2763 3579 2817 mortui
3603 2763 3720 2818 sint

2098 2846 2229 2911 ﬁlii;
2261 2848 2355 2903 sed
2389 2849 2741 2919 quaerendum
2769 2860 2856 2906 est
2884 2852 3159 2922 quomodo
3188 2853 3293 2909 hoc
3323 2863 3476 2909 stare
3502 2856 3713 2924 possit,

2097 2954 2220 2994 cum
2258 2940 2513 2997 Fenenna
2545 2950 2778 3013 septem,
2822 2944 2979 3000 Anna
3016 2954 3198 3001 autem
3228 2962 3339 3002 non
3366 2947 3491 3018 plus
3534 2963 3714 3016 quam

2097 3034 2335 3104 quinque
2377 3034 2517 3093 ﬁlios
2561 3038 2830 3093 habuerit.
2882 3038 3037 3096 Hanc
3084 3043 3447 3110 quaestionem
3478 3042 3713 3101 Hebr-ai

2023 3111 2070 3173 C
2100 3127 2372 3183 solventes
2393 3130 2530 3185 duos
2558 3129 2698 3185 ﬁlios
2720 3129 2988 3187 Samuelis
3014 3148 3135 3188 eum
3168 3133 3296 3189 ﬁliis
3320 3134 3497 3191 Anna:
3526 3152 3719 3193 annn-

2098 3228 2313 3275 merant
2353 3234 2369 3273 :
2411 3219 2550 3287 Quia
2594 3223 2817 3287 sterilis,
2870 3223 3064 3293 inquit,
3118 3224 3333 3295 peperit
3384 3236 3608 3297 septem
3659 3236 3721 3286 et

2098 3311 2267 3367 multa
2286 3312 2341 3367 in
2369 3312 2492 3370 ﬁliis
2519 3314 2793 3370 inﬁrmata
2821 3324 2924 3372 est.
2952 3317 3056 3373 Hic
3079 3327 3253 3376 totum
3278 3321 3429 3390 quod
3468 3322 3713 3393 prophe-

2098 3403 2317 3459 tabatur
2344 3404 2517 3459 eluxit
2542 3408 2962 3477 agnoscentibus
2979 3424 3267 3466 numerum
3294 3414 3711 3482 septenas-ium,

2098 3510 2227 3565 quo.
2262 3505 2347 3552 est
2412 3498 2665 3553 universa
2712 3499 2969 3559 Ecclesiae
3023 3502 3327 3573 signiﬁcata
3387 3507 3711 3575 protectio.

2096 3597 2322 3658 propter
2356 3590 2501 3658 quod
2539 3589 2780 3647 Joannes
2817 3592 3094 3662 apostolus
3145 3596 3214 3651 ad
3249 3608 3465 3667 septem
3510 3599 3716 3654 scribit

2097 3678 2391 3747 Ecclesias,
2423 3697 2489 3738 eo
2513 3685 2677 3739 nicdo
2704 3699 2764 3740 se
2788 3688 3086 3742 ostendens
3117 3689 3185 3743 ad
3213 3691 3375 3744 unius
3403 3690 3717 3760 plenitudi-

2096 3785 2224 3827 nem
2253 3772 2493 3829 scribere
2526 3792 2539 3829 :
2570 3784 2628 3831 et
2652 3776 2707 3830 in
2736 3777 3043 3837 Proverbiis
3069 3778 3377 3839 Salomonis
3408 3783 3519 3840 hoc
3543 3795 3713 3841 antea

2093 3864 2467 3936 praeﬁgurans.
2503 3887 2523 3920 ι
2570 3866 2847 3939 Sapientia
2893 3870 3182 3927 aediﬁcavit
3223 3872 3328 3929 sibi
3372 3875 3611 3931 domum
3656 3886 3713 3933 et

2095 3956 2635 4017 suﬁ'ulsit.columnas
2668 3973 2876 4035 septem
2907 3963 3091 4038 (Prov.
3122 3965 3224 4040 is).
3255 3986 3275 4020 ι
3304 3966 3529 4026 Sterilis
3554 3972 3711 4027 enim

2094 4058 2216 4105 erat
2242 4051 2299 4105 in
2319 4052 2576 4109 omnibus
2596 4055 2848 4125 gentibus
2880 4055 2976 4112 Del
3003 4057 3214 4124 civitas,
3252 4068 3554 4129 antequam
3592 4063 3705 4117 iste

2092 4139 2257 4209 fetus,
2279 4156 2442 4213 quem
2467 4144 2761 4213 continua,
2783 4147 3041 4204 oriretur.
3069 4148 3359 4206 Cernimus
3377 4152 3549 4207 etiam
3582 4170 3709 4224 qua:

2094 4232 2267 4287 multa
2295 4233 2350 4288 in
2392 4233 2542 4299 ﬁliis,
2585 4251 2733 4292 nunc
2788 4237 3119 4295 inﬁrmatam
3176 4239 3487 4298 Jerusalem
3528 4254 3707 4302 terre

2092 4338 2219 4379 nam
2250 4342 2267 4379 :
2300 4326 2555 4395 quoniam
2605 4327 2914 4400 quicunque
2954 4329 3051 4386 ﬁlii
3093 4331 3276 4389 libera
3318 4334 3375 4388 in
3405 4350 3479 4390 ea
3516 4348 3702 4406 eram,

2090 4416 2266 4473 virtus
2289 4416 2409 4486 ejus
2430 4427 2608 4475 erant.
2632 4418 2790 4478 Nunc
2818 4436 2948 4479 vero
2970 4424 3067 4493 ibi,
3093 4427 3355 4496 quoniam
3378 4427 3563 4484 Ettcra
3592 4440 3697 4496 est,

2093 4518 2153 4564 et
2173 4510 2400 4581 spiritus
2426 4527 2535 4568 non
2556 4522 2665 4581 est,
2691 4515 2893 4572 amissa
2921 4517 3123 4575 virtute
3146 4519 3427 4578 inﬁrmata
3458 4534 3567 4579 est.

2170 4619 2191 4651 ι
2248 4602 2510 4659 Dominus
2562 4604 2858 4662 mortiﬁcat
2908 4616 2965 4665 et
3004 4608 3267 4667 viviﬁcat.
3316 4631 3339 4665 ι
3397 4612 3701 4669 Ilortiﬁcat

2091 4692 2238 4750 illam
2274 4708 2395 4764 qua
2422 4695 2594 4751 multa
2633 4705 2753 4752 erat
2781 4698 2836 4753 in
2862 4697 3011 4766 ﬁliis,
3047 4709 3103 4756 et
3136 4701 3379 4758 viviﬁcat
3403 4703 3551 4759 hante
3578 4713 3695 4760 ste-

2093 4785 2250 4841 rilem
2298 4801 2419 4856 quae
2445 4788 2659 4858 peperit
2682 4797 2911 4859 septem,
2934 4793 3186 4862 quamvis
3204 4796 3551 4851 conuuodius
3568 4812 3699 4866 pos-

2093 4878 2168 4933 sit
2191 4878 2419 4950 intelligi
2444 4883 2663 4937 eosdem
2693 4882 2995 4951 viviﬁcare,
3014 4898 3157 4956 quos
3176 4886 3615 4953 mortiﬁcaverit,
3637 4889 3693 4944 id

2092 4969 2238 5025 enim
2268 4969 2350 5024 vel
2366 4972 2619 5041 repetivit
2646 4972 2917 5031 addendo.

2169 5080 2189 5112 ι
2235 5062 2463 5119 Deducit
2501 5064 2570 5119 ad
2616 5064 2821 5122 inferos
2863 5075 2919 5123 et
2956 5067 3188 5125 reducit.
3227 5088 3249 5123 ι
3289 5069 3501 5138 Quibus
3540 5071 3690 5126 enim

2091 5154 2225 5211 dicit
2238 5154 2532 5226 Apostolus
2559 5175 2573 5211 :
2606 5177 2627 5209 ε
2667 5156 2727 5214 Si
2757 5161 2959 5216 mortui
2990 5163 3123 5218 estis
3147 5178 3273 5219 cum
3298 5161 3540 5227 Christo,
3566 5176 3689 5233 qu:

2092 5262 2312 5303 sursum
2347 5256 2477 5304 sunt
2514 5249 2763 5320 quaerite,
2808 5252 2902 5308 ubi
2946 5253 3197 5310 Christus
3244 5264 3331 5311 est
3359 5255 3413 5310 iu
3455 5254 3688 5311 dextera

2094 5337 2194 5397 Dei
2238 5341 2434 5397 sedens
2485 5338 2668 5415 (Rom.
2717 5342 2831 5415 vr),
2884 5362 2905 5397 ι
2956 5344 3253 5403 salubriter
3289 5347 3691 5404 mortiﬁcamur

2095 5433 2285 5504 utique
2329 5450 2361 5489 a
2391 5433 2621 5493 Domino
2651 5453 2667 5492 :
2707 5438 2907 5508 quibus
2950 5438 3217 5513 adiungit,
3258 5459 3281 5492 ς
3308 5456 3432 5511 qua
3466 5455 3689 5498 sursum

2096 5536 2227 5582 sint
2249 5527 2444 5598 sapite,
2469 5542 2579 5584 non
2602 5544 2723 5600 quae
2746 5546 2910 5603 super
2936 5541 3155 5597 terram,
3190 5553 3210 5586 ι
3238 5540 3301 5587 ut
3330 5533 3433 5603 ipsi
3460 5534 3577 5589 sint
3604 5533 3689 5589 illi

2096 5620 2189 5689 qui
2210 5621 2515 5676 esurientes
2539 5623 2875 5681 transierunt
2892 5633 3108 5681 terram.
3136 5625 3329 5682 Μοιιυί
3354 5627 3502 5683 enim
3526 5628 3686 5693 estis,

2096 5711 2295 5783 inquit,
2325 5714 2600 5783 quomodo
2628 5716 2920 5773 salubriter
2948 5718 3241 5777 ntortiﬁcat
3283 5719 3455 5785 Deus;
3483 5719 3687 5777 deinde
