3936 6328
272 241 411 298 HO!
950 241 1306 299 COMMENT.
1347 242 1415 299 IN
1453 239 1750 301 CANTICA
1785 243 1953 313 QUAE
1993 246 2086 302 AD
2120 246 2393 305 LAUDES
2431 247 2808 306 DICUNTUR.
3395 251 3538 312 1101

266 361 516 434 sequitur
542 375 557 417 :
587 360 654 417 Et
681 361 793 417 vita
821 370 1002 419 vestra
1030 365 1346 422 abscondita
1377 374 1460 422 est
1486 381 1607 422 cum
1629 365 1850 423 Christo
1877 369 1928 430 A
1949 367 2214 424 Dominus
2243 367 2514 423 intirmum
2553 367 2716 423 faciet
2745 366 3118 426 adversarium
3141 368 3295 442 ejus.
3347 370 3539 430 Potest

264 455 322 511 in
365 455 494 510 Deo.
525 454 664 510 Ecce
693 455 963 525 quomodo
985 457 1204 512 eosdem
1233 457 1378 529 ipsos
1408 459 1644 515 vivificat
1676 459 1850 516 Deus:

263 551 361 606 sed
387 549 630 621 nunquid
658 551 878 606 eosdem
915 553 1138 608 deduxit
1173 555 1240 608 ad
1281 552 1486 610 inferos
1515 562 1569 610 et
1592 553 1856 609 reduxit?

262 639 381 697 Hoc
409 649 699 712 utrumque
724 642 840 698 sine
869 645 1245 700 controversia
1277 645 1516 702 fidelium
1554 645 1611 701 in
1636 646 1730 701 illo
1757 660 1855 716 po-

259 738 370 794 tius
404 737 651 795 videmus
696 739 996 810 impletum,
1036 742 1212 811 capite
1252 741 1460 797 scilicet
1495 751 1700 807 nostro,
1728 757 1852 797 cum

256 845 369 900 quo
393 829 560 883 vitam
589 838 830 885 nostram
860 830 915 884 in
943 829 1054 886 Deo
1081 829 1369 902 Apostolus
1401 831 1535 886 dixit
1564 831 1853 887 abscondi-

258 931 392 976 tam.
427 919 563 975 Nam
613 923 703 992 qui
737 923 957 993 proprio
1004 921 1116 977 filio
1157 938 1264 977 non
1310 923 1578 992 pepercit,
1619 924 1713 978 sed
1751 939 1852 993 pro

255 1012 419 1067 nobis
453 1013 704 1068 omnibus
733 1013 954 1068 tradidit
973 1029 1119 1079 eum,
1149 1014 1252 1070 iste
1291 1016 1451 1069 modo
1481 1015 1667 1084 utique
1698 1029 1851 1071 mor-

256 1101 454 1168 titicat,
495 1111 548 1157 et
579 1103 704 1172 quia
734 1104 1077 1159 resuscitavit
1105 1121 1136 1159 a
1167 1105 1417 1171 mortuis,
1443 1106 1693 1161 eumdem
1723 1121 1848 1161 rur-

257 1208 354 1249 sus
375 1194 686 1250 vivificavit.
716 1195 784 1250 Et
823 1197 950 1266 quia
973 1196 1028 1251 in
1072 1198 1359 1268 prophetia
1397 1213 1502 1253 vox
1534 1196 1653 1266 ejus
1684 1213 1851 1267 agno-

257 1289 472 1347 scitur:
509 1308 528 1340 ‹
561 1289 676 1344 Non
705 1290 1050 1362 derelinques
1078 1293 1314 1346 animam
1339 1306 1518 1346 meam
1546 1293 1602 1346 in
1637 1292 1849 1349 inferno

259 1380 437 1452 (Psal.
467 1379 583 1452 xv),
622 1402 642 1435 ι
670 1383 920 1437 eumdem
949 1383 1171 1438 deduxit
1197 1385 1266 1438 ad
1302 1383 1507 1439 inferos
1532 1392 1588 1439 et
1612 1384 1848 1450 reduxit,

263 1473 370 1529 hac
399 1471 518 1543 ejus
548 1481 867 1544 paupertate
887 1474 1042 1529 ditati
1066 1489 1271 1530 sumus.

337 1583 358 1615 ι
403 1565 665 1620 Dominus
713 1566 861 1621 enim
901 1581 1168 1636 pauperes
1196 1567 1330 1621 facit
1375 1575 1432 1620 et
1461 1567 1616 1621 ditat.
1661 1587 1678 1618 ι
1714 1565 1850 1622 Nam

257 1655 391 1727 quid
420 1657 524 1712 hoc
565 1658 638 1712 sit
675 1666 737 1711 ut
773 1658 1028 1725 sciamus,
1070 1659 1215 1730 quod
1254 1658 1502 1736 sequitur
1544 1659 1846 1716 audiamus.

1960 475 2028 516 ex
2069 460 2322 530 ambiguo
2367 475 2543 531 graeco
2587 460 2813 532 intelligi
2856 469 2911 518 et
2944 463 3312 519 adversarium
3355 479 3537 522 suum.

1958 555 2092 612 Cum
2119 555 2265 610 enim
2293 555 2551 610 Dominus
2573 555 2852 625 possidere
2876 571 2976 612 nos
3001 558 3259 627 cmperit,
3293 555 3538 628 profecto

1956 647 2322 714 adversarius,
2351 646 2442 716 qui
2474 657 2662 703 noster
2687 648 2862 704 fuerat
2886 648 3057 718 ipsius
3084 648 3173 714 fit,
3211 657 3265 704 et
3289 649 3540 706 vincetur

1957 753 1990 794 a
2035 738 2193 794 nobis
2214 779 2230 804 ,
2277 752 2384 794 non
2411 739 2619 795 viribus
2647 739 2882 801 nostris,
2925 738 3052 808 quia
3097 753 3203 792 non
3249 739 3305 792 in
3335 739 3538 794 virtute

1955 832 2176 904 propria
2199 840 2393 902 potens
2414 841 2500 887 est
2516 832 2619 886 vir.
2644 831 2904 888 Dominus
2922 845 3051 902 ergo
3076 828 3352 884 infirmum
3376 829 3542 886 faciet

1956 924 2329 979 adversarium
2360 939 2536 980 suum.
2571 925 2832 979 Dominus
2857 931 3108 989 sanctus,
3139 929 3200 976 ut
3227 922 3477 977 vincatur
3505 937 3539 978 a

1956 1016 2190 1082 sanctis,
2246 1031 2384 1086 quos
2439 1016 2700 1071 Dominus
2743 1024 2963 1070 sanctus
3009 1022 3322 1072 sanctorum
3374 1011 3541 1068 efﬁcit

1955 1118 2211 1174 sanctos,
2264 1125 2327 1163 ac
2367 1125 2464 1179 per
2511 1111 2616 1165 hoc
2655 1125 2759 1164 non
2805 1108 3066 1179 glorietur
3102 1115 3293 1177 potens
3333 1106 3387 1159 in
3442 1121 3541 1161 sua

1954 1202 2194 1272 potentia
2213 1241 2228 1266 ,
2260 1208 2313 1256 et
2343 1215 2450 1254 non
2481 1200 2742 1271 glorietur
2763 1200 2999 1270 prudens
3023 1199 3076 1254 in
3105 1211 3199 1254 sua
3230 1198 3536 1268 prudentia,

1953 1307 2055 1347 nec
2106 1292 2258 1346 dives
2307 1292 2362 1345 in
2410 1291 2616 1346 divitiis
2661 1291 2808 1356 suis;
2861 1289 2956 1346 sed
2989 1291 3044 1345 in
3089 1291 3191 1345 hoc
3241 1289 3540 1361 glorietur.

1953 1385 2044 1455 qui
2087 1385 2349 1455 gloriatur
2378 1385 2676 1455 intelligere
2707 1393 2760 1438 et
2789 1385 2930 1440 scire
2961 1385 3249 1440 Dominum
3276 1391 3331 1438 et
3358 1383 3540 1439 facere
3639 1446 3644 1451 ,

1949 1476 2217 1548 judicium
2245 1487 2300 1532 et
2317 1477 2586 1546 justitiam
2612 1478 2666 1532 in
2694 1477 2872 1532 medio
2899 1485 3059 1532 terrzc
3082 1517 3096 1541 ,
3125 1491 3231 1530 non
3259 1491 3426 1546 parva
3470 1491 3541 1533 ex

1953 1579 2109 1642 parte
2151 1570 2416 1642 intelligit,
2461 1579 2515 1624 et
2543 1571 2648 1626 scit
2686 1570 2993 1634 Dominum,
3025 1569 3118 1638 qui
3150 1568 3432 1640 intelligit,
3485 1575 3543 1640 et

1957 1664 2060 1718 scit
2093 1663 2258 1718 etiam
2299 1664 2404 1718 hoc
2446 1662 2548 1718 sibi
2575 1677 2606 1716 a
2649 1662 2880 1717 Domino
2921 1660 3073 1726 dari,
3107 1669 3168 1716 ut
3193 1660 3456 1731 intelligat
3485 1668 3542 1718 et

334 1769 354 1801 ι
389 1749 646 1804 Humiliat
673 1758 729 1804 et
769 1751 1041 1806 sublimat.
1089 1772 1107 1805 ι
1152 1751 1349 1822 Utique
1380 1752 1642 1824 superbos
1671 1754 1850 1809 humi-
1879 1739 2088 1811 Bsciat
2129 1755 2440 1811 Dominum.
2487 1754 2594 1812 Sed
2641 1755 2768 1825 quia
2821 1754 3104 1810 retributio
3155 1754 3304 1824 justa
3348 1754 3403 1808 in
3452 1754 3538 1809 die

256 1841 359 1898 liat
384 1850 440 1896 et
489 1841 718 1898 humiles
754 1841 995 1909 exaltat;
1041 1843 1188 1914 quod
1234 1844 1380 1899 enim
1431 1843 1560 1898 alibi
1607 1843 1844 1914 legitur:

259 1954 282 1992 ι
319 1937 464 1993 Deus
492 1936 740 2007 superbis
777 1937 1000 2000 resistit,
1045 1936 1342 1993 humilibus
1375 1947 1566 1998 autem
1603 1937 1696 1991 dat
1721 1952 1848 2008 gra—

258 2029 400 2088 tiam
461 2031 608 2104 (Jac.
644 2033 753 2102 iv);
811 2052 830 2086 ι
891 2034 996 2089 hoc
1045 2040 1190 2089 totus
1235 2032 1403 2088 habet
1446 2047 1650 2098 sermo,
1693 2030 1850 2099 cujus

253 2138 457 2180 nomen
507 2125 896 2196 interpretatur
944 2125 1118 2196 gratia
1165 2123 1308 2195 ejus.
1357 2123 1478 2180 Jam
1519 2139 1673 2189 vero,
1701 2123 1848 2194 quod

256 2215 607 2288 adjungitur:

337 2329 356 2362 ‹
399 2309 640 2366 Suscitat
668 2325 699 2364 a
735 2319 880 2366 terra
928 2325 1242 2382 pauperem,
1285 2331 1304 2362 ι
1355 2311 1423 2367 de
1461 2311 1609 2367 nullo
1651 2311 1846 2368 melius

255 2419 423 2476 quam
448 2403 517 2458 de
553 2403 644 2459 illo
673 2403 918 2475 intelligo
944 2405 1036 2474 qui
1065 2412 1289 2474 propter
1308 2419 1410 2460 nos
1437 2419 1644 2475 pauper
1669 2403 1845 2460 factus

253 2505 366 2563 est,
395 2513 516 2552 cum
541 2497 696 2554 dives
717 2504 880 2561 esset,
911 2505 971 2550 ut
997 2495 1112 2564 ejus
1137 2504 1478 2566 paupertate,
1507 2497 1651 2551 sicut
1680 2495 1844 2566 paulo

252 2598 385 2644 ante
414 2588 617 2644 dictum
665 2597 770 2653 est,
801 2587 1128 2653 ditaremur;
1174 2588 1352 2657 ipsum
1402 2588 1546 2643 enim
1591 2588 1658 2642 de
1696 2596 1844 2641 terra

251 2683 544 2739 suscitavit
581 2693 690 2738 tam
735 2683 870 2748 cito,
899 2688 960 2736 ut
1003 2697 1133 2737 caro
1166 2681 1284 2750 ejus
1333 2698 1441 2738 non
1479 2682 1690 2737 videret
1724 2698 1845 2738 cor-

251 2777 589 2846 ruptionem,
637 2791 740 2832 nec
791 2775 923 2830 illud
975 2777 1043 2830 ah
1099 2776 1190 2831 illo
1233 2775 1504 2844 alienabo,
1543 2775 1688 2846 quod
1733 2775 1843 2831 dic-

251 2876 375 2923 tum
403 2875 487 2923 est
517 2885 531 2921 :
1165 2887 1168 2892 -

335 2981 354 3013 ‹
397 2962 465 3016 Et
497 2962 565 3017 de
595 2970 835 3018 stercore
877 2961 1040 3031 erigit
1077 2963 1311 3030 inopem.
1363 2979 1381 3011 ι
1434 2959 1591 3029 inops
1643 2959 1841 3030 quippe

249 3055 400 3114 idem
448 3055 540 3125 qui
581 3070 818 3126 pauper;
867 3062 1074 3108 stercus
1105 3068 1264 3119 vero,
1310 3052 1454 3108 unde
1495 3059 1711 3107 erectus
1735 3061 1840 3116 est,

241 3147 558 3203 rectissime
622 3147 994 3217 intelliguntur
1047 3153 1424 3215 persecutores
1478 3142 1648 3198 Judaai
1709 3156 1722 3195 :
1787 3142 1840 3196 in

249 3256 487 3311 quorum
517 3253 776 3304 numero,
822 3252 945 3292 cum
973 3252 1032 3292 se
1067 3236 1292 3291 dixisset
1330 3233 1622 3304 Apostolus
1656 3230 1844 3288 Eccle-

247 3337 394 3391 siam
439 3343 784 3404 persecutum
840 3349 853 3386 :
901 3351 920 3382 ‹
975 3330 1106 3397 Quae
1145 3329 1310 3394 mihi,
1367 3327 1574 3397 inquit,
1621 3325 1845 3382 fuerunt

248 3427 406 3482 lucra
425 3469 440 3492 ,
473 3429 588 3482 haec
614 3431 835 3495 propter
861 3422 1137 3478 Christum
1164 3421 1362 3475 damna
1391 3433 1512 3475 esse
1540 3418 1703 3483 duxi,
1741 3432 1844 3472 nec

248 3518 432 3575 solum
469 3518 821 3583 detrimenta,
847 3531 1038 3570 verum
1065 3515 1228 3569 etiam
1263 3523 1505 3568 stercora
1535 3511 1842 3568 existimavi

248 3625 404 3675 esse,
428 3618 489 3664 ut
508 3608 783 3664 Christum
807 3606 1184 3663 lucrifacerem
1212 3604 1380 3677 (Phil.
1409 3605 1514 3676 ιιι).
1553 3624 1571 3655 ι
1600 3603 1676 3658 De
1700 3612 1846 3657 terra

245 3715 389 3772 ergo
417 3699 712 3754 suscitatus
737 3705 842 3762 est,
871 3697 958 3750 ille
985 3712 1146 3766 supra
1185 3709 1374 3750 omnes
1418 3695 1613 3749 divites
1643 3707 1848 3763 pauper

251 3801 478 3852 erectus
524 3800 640 3858 est,
689 3801 745 3847 et
789 3791 856 3845 de
886 3789 978 3844 illo
1007 3797 1251 3844 stercore
1279 3801 1443 3856 super
1478 3800 1670 3841 omnes
1707 3799 1845 3853 opu-

251 3886 436 3943 lentos
470 3884 560 3939 ille
595 3885 769 3955 inops.

337 3995 355 4028 ι
396 3976 464 4032 Ut
513 3973 698 4030 sedeat
743 3988 869 4029 cum
910 3971 1290 4043 principibus,
1332 3979 1389 4024 et
1428 3968 1623 4024 solium
1663 3967 1848 4037 gloria:

259 4087 286 4124 ε
321 4078 520 4124 teneat.
561 4087 580 4119 ι
613 4067 820 4135 Quibus
861 4066 937 4121 ait
979 4082 991 4119 ε
1029 4084 1048 4117 ‹
1085 4063 1356 4120 Sedebitis
1377 4077 1539 4134 super
1565 4061 1848 4118 duodecim

253 4161 418 4218 sedes
444 4158 655 4226 (Matth.
705 4157 844 4230 nx);
891 4177 910 4210 ι
955 4165 1011 4212 et
1034 4155 1218 4212 sedem
1263 4154 1447 4227 gloria:
1477 4151 1846 4209 haereditatem

254 4251 396 4306 dans
414 4251 514 4306 eis.
549 4268 567 4302 ι
590 4249 800 4306 Domini
820 4248 965 4304 enim
990 4255 1117 4303 sunt
1137 4248 1390 4302 cardines
1409 4254 1570 4301 terra:
1590 4253 1646 4302 et
1669 4245 1852 4317 posuit

263 4359 289 4394 ε
325 4355 487 4411 super
519 4354 614 4396 eos
658 4339 866 4394 orbem.
903 4357 922 4390 ι
955 4337 1091 4406 Quia
1138 4337 1254 4408 ipse
1295 4336 1609 4394 dominatur
1648 4352 1681 4391 a
1713 4336 1849 4391 mari

256 4449 433 4505 usque
455 4433 523 4488 ad
548 4446 719 4498 mare,
743 4441 798 4488 et
829 4447 859 4486 a
887 4430 1109 4486 flumine
1130 4443 1302 4501 usque
1326 4429 1393 4484 ad
1415 4429 1679 4485 terminos
1700 4428 1849 4484 orbis

261 4539 424 4586 terrae
453 4526 626 4600 (Paul.
675 4527 847 4600 Lxxr).
886 4545 906 4578 ι
942 4526 1186 4591 Domini,
1213 4525 1419 4595 inquit,
1447 4530 1574 4578 sunt
1598 4520 1849 4576 cardines

259 4629 425 4676 terrae
458 4639 470 4675 π
512 4640 529 4672 ι
566 4621 671 4676 hoc
697 4627 802 4685 est,
832 4627 1068 4689 quatuor
1094 4617 1264 4689 plagae
1293 4615 1511 4679 mundi,
1553 4614 1609 4668 in
1651 4611 1848 4682 quibus

259 4711 513 4767 dilatabit
535 4712 721 4767 orbem
745 4710 1002 4766 Ecclesiae
1021 4724 1150 4774 suae,
1179 4724 1302 4780 quae
1322 4723 1353 4762 a
1379 4706 1512 4762 solis
1528 4713 1651 4761 ortu
1674 4719 1846 4774 usque

258 4805 331 4861 ad
359 4820 613 4861 occasum
646 4804 832 4870 laudat
857 4818 1056 4860 nomen
1079 4800 1216 4872 ejus.

335 4917 356 4949 ι
389 4896 562 4953 Pedes
591 4906 904 4953 sanctorum
945 4909 1168 4950 suorum
1211 4892 1471 4948 servabit.
1508 4909 1528 4944 ι
1565 4888 1679 4946 Hoc
1719 4898 1843 4956 est,

255 4987 556 5047 electorum
584 5006 805 5046 suorum
844 5003 1007 5060 opera
1032 4988 1087 5042 in
1113 4987 1198 5042 via
1218 4985 1442 5055 justitize
1465 4983 1671 5055 dirigit.

335 5102 357 5136 ‹
395 5083 463 5139 Ει
487 5084 638 5155 impii
661 5084 714 5139 in
746 5083 984 5138 tenebris
1005 5081 1393 5136 conticescent.
1433 5097 1453 5130 ι
1487 5078 1590 5146 Qui
1617 5078 1837 5132 mitten-

256 5183 352 5231 tur
376 5176 428 5230 in
462 5176 716 5231 tenebras
749 5173 1083 5237 exteriores,
1113 5172 1204 5226 ubi
1232 5171 1339 5227 erit
1363 5168 1524 5225 fletus
1563 5178 1618 5225 et
1645 5169 1844 5225 stridor

258 5268 525 5324 dentium.
572 5267 674 5324 Ubi
725 5267 1131 5330 conticescent,
1177 5263 1231 5318 id
1279 5271 1396 5327 est,
1438 5263 1506 5316 ab
1535 5261 1846 5333 arrogantia

258 5362 532 5435 Superbiae
557 5377 667 5418 suae
697 5360 1004 5416 cessabunt.

338 5472 360 5506 ‹
401 5454 536 5522 Quia
567 5470 676 5509 non
707 5454 760 5508 in
793 5450 1110 5506 fortitudine
1137 5449 1482 5506 roborabitur
1507 5447 1612 5502 vir.
1665 5467 1683 5498 ι
1735 5444 1848 5500 Hoc

259 5553 366 5614 est,
393 5561 498 5602 non
523 5548 576 5602 in
603 5545 920 5602 fortitudine
946 5546 1164 5616 propria
1184 5586 1198 5610 ,
1233 5544 1324 5598 sed
1350 5545 1401 5597 in
1427 5543 1628 5596 virtute
1667 5539 1847 5594 divina

259 5650 459 5714 potens
482 5649 564 5694 est
594 5641 705 5705 vir,
741 5639 792 5693 id
823 5647 902 5693 est
927 5681 938 5700 ,
972 5631 1220 5708 populus'
1242 5635 1596 5710 credentium.

342 5755 358 5788 ί
401 5735 681 5792 Dominum
731 5731 1094 5788 l‘orntidabtmt
1131 5728 1424 5783 adversarii
1477 5725 1612 5795 ejus.
1657 5745 1671 5774 ι
1716 5725 1849 5792 Quia

1869 3103 1916 3168 C

1944 1846 2134 1917 judicii
2163 1846 2344 1903 futura
2381 1856 2466 1903 est
2495 1863 2526 1902 a
2555 1847 2784 1902 Domino
2833 1861 2996 1917 super
3021 1846 3160 1902 filios
3203 1845 3366 1913 Adre;
3409 1847 3536 1901 inde

1951 1941 2202 2011 sequitur
2230 1958 2242 1993 :

2027 2054 2046 2087 ‹
2085 2036 2260 2106 Super
2297 2035 2442 2106 ipsos
2471 2035 2527 2090 in
2568 2034 2720 2089 caelis
2758 2031 2988 2088 tonabit.
3041 2050 3059 2083 ι
3115 2030 3230 2100 lpse
3269 2029 3535 2102 judicabit

1947 2137 2252 2187 extremum
2301 2137 2480 2194 terrae,
2509 2129 2636 2199 quia
2672 2126 2851 2195 justus
2875 2133 2986 2190 est,
3016 2140 3242 2196 prorsus
3285 2124 3536 2181 ordinem

1949 2220 2124 2276 tenuit
2148 2219 2508 2275 confessionis
2531 2217 2769 2273 fidelium
2793 2218 2908 2274 haec
2938 2216 3277 2287 prophetissa
3302 2256 3316 2282 ,
3343 2231 3538 2272 ascen-

1946 2314 2022 2369 dit
2048 2313 2192 2370 enim
2221 2313 2276 2366 in
2309 2312 2506 2367 malum
2537 2311 2797 2367 Dominus
2837 2309 3084 2366 Christus
3105 2351 3118 2373 ,
3151 2320 3207 2364 et
3236 2310 3360 2364 inde
3400 2325 3533 2366 ven-

1944 2412 2102 2460 turus
2129 2413 2214 2460 est
2258 2404 2324 2458 ad
2355 2397 2707 2471 iudicandum
2755 2403 2904 2457 vivos
2949 2409 3005 2454 et
3041 2410 3305 2456 mortuos.
3345 2419 3364 2452 ι
3401 2399 3537 2456 Nam

1945 2499 2068 2570 quis
2107 2496 2374 2562 ascendit,
2413 2517 2432 2549 ι
2467 2496 2608 2552 sicut
2662 2494 2790 2551 dicit
2835 2493 3126 2565 Apostolus
3171 2493 3388 2567 (Ephes.
3435 2492 3533 2564 tv),

1949 2612 1968 2644 ι
2004 2592 2109 2648 nisi
2131 2600 2186 2646 et
2206 2592 2299 2661 qui
2323 2589 2672 2648 descenditin
2698 2588 2984 2644 inferiores
3012 2597 3196 2658 partes
3219 2585 3414 2642 terrae?
3431 2585 3540 2654 Qui

1944 2684 2242 2748 descendit,
2274 2683 2389 2753 ipse
2417 2692 2501 2737 est
2521 2683 2612 2752 qui
2643 2681 2888 2737 ascendit
2916 2696 3080 2750 super
3108 2696 3299 2735 omnes
3329 2679 3533 2746 cmlos,

1943 2783 2003 2830 ut
2029 2773 2349 2844 adimpleret
2372 2773 2575 2828 omnia.
2612 2792 2630 2824 ι
2677 2774 2780 2827 Per
2803 2773 2976 2827 nubes
3002 2787 3134 2842 ergo
3175 2785 3302 2826 suos
3328 2770 3531 2834 tonuit,

1942 2881 2082 2938 quas
2118 2875 2306 2921 sancto
2351 2849 2556 2935 Spiritu
2605 2879 2730 2920 cum
2777 2864 3114 2920 ascendisset
3157 2863 3419 2932 implevit.
3454 2864 3531 2917 De

1943 2959 2140 3030 quibus
2183 2956 2386 3012 carnali
2429 2957 2728 3012 Jerusalem
2750 2997 2762 3021 ,
2794 2957 2897 3010 hoc
2933 2964 3044 3020 est,
3079 2955 3309 3026 ingratae
3353 2953 3527 3009 vinea:

1946 3051 2307 3108 comminatus
2335 3058 2419 3105 est
2453 3049 2594 3119 apud
2619 3049 2812 3104 Isaiam
2847 3049 3204 3118 prophetam,
3234 3061 3302 3102 ne
3337 3046 3532 3116 pluant

1945 3155 2109 3208 super
2133 3155 2254 3194 eam
2281 3141 2532 3194 imbrem.
2563 3139 2654 3194 Sic
2676 3149 2854 3194 autem
2883 3139 3088 3192 dictum
3120 3145 3237 3191 est:

2021 3252 2038 3282 ι
2077 3230 2622 3298 Dominusjudicahit
2649 3231 2782 3286 ﬁnes
2813 3240 2989 3284 terrae.
3029 3249 3046 3280 ι
3079 3230 3158 3283 Ac
3185 3230 3228 3282 si
3259 3228 3536 3284 diceretur

1945 3324 2207 3380 Dominus
2230 3323 2497 3394 judicabit
2523 3331 2764 3378 extrema
2801 3321 3036 3376 hominis
3071 3338 3084 3373 :
3124 3321 3380 3390 quoniam
3425 3334 3537 3374 non

1940 3416 2348 3488 iudicabuntur,
2385 3429 2508 3485 quae
2536 3415 2592 3469 in
2621 3413 2842 3478 melius,
2890 3413 2974 3468 vel
2999 3411 3056 3466 in
3097 3412 3336 3468 deterius
3359 3412 3540 3467 medio

1947 3519 2191 3582 tempore
2231 3519 2656 3574 commutantur,
2695 3511 2788 3565 sed
2823 3509 2878 3564 in
2913 3508 3111 3578 quibus
3148 3508 3410 3564 extremis
3450 3508 3536 3562 iu-

1946 3612 2141 3656 ventus
2169 3599 2347 3655 fuerat
2374 3601 2466 3670 qui
2510 3598 2860 3669 judicabitur.
2899 3619 2916 3650 ‹
2960 3599 3025 3653 Et
3053 3597 3201 3652 dabit
3246 3597 3535 3668 imperium

1953 3709 1974 3743 ι
1997 3693 2109 3762 regi
2123 3707 2238 3756 suo,
2254 3712 2272 3744 ι
2283 3694 2498 3757 hocest,
2513 3693 2708 3762 populo
2721 3691 3047 3748 christiano:
3066 3691 3156 3746 dat
3169 3691 3249 3744 eis
3260 3691 3537 3756 virtutem,

1950 3799 2055 3854 qua
2081 3800 2302 3841 carnem
2335 3786 2477 3841 sicut
2501 3800 2657 3856 reges
2680 3796 2893 3854 regant,
2915 3785 3038 3839 etin
3061 3784 3175 3851 illo,
3200 3785 3290 3854 qui
3315 3796 3538 3856 propter

1949 3889 2044 3930 eos
2079 3875 2216 3931 fudit
2261 3876 2574 3948 sanguinem
2624 3891 2806 3940 suum,
2849 3876 3110 3931 mundum
3138 3875 3377 3931 vincant.
3429 3873 3528 3932 Se-

1949 3968 2138 4038 quitur
2164 3984 2177 4020 :

2030 4079 2048 4112 ι
2083 4059 2150 4114 Et
2193 4058 2508 4116 sublimabit
2557 4074 2726 4114 cornu
2770 4057 2974 4113 Christi
3022 4058 3126 4112 sui.
3183 4077 3202 4109 ι
3254 4056 3536 4125 Quomodo

1949 4152 2204 4209 Christus
2230 4150 2491 4208 exaltabit
2516 4165 2686 4206 cornu
2709 4148 2912 4205 Christi
2956 4148 3082 4204 sui?
3105 4146 3306 4204 Omnes
3337 4147 3537 4218 quippe

1949 4255 2144 4303 unctos
2198 4245 2315 4317 ejus
2362 4246 2694 4309 chrismate,
2751 4252 2898 4298 recte
2949 4242 3195 4298 Cbristos
3248 4256 3536 4312 possumus

1947 4342 2135 4398 dicere
2163 4382 2178 4406 ,
2229 4341 2372 4410 quod
2413 4349 2595 4396 tamen
2631 4347 2801 4394 totum
2845 4352 2970 4394 cum
2998 4351 3096 4390 suo
3125 4334 3301 4404 capite
3342 4348 3540 4403 corpus

1951 4449 2092 4490 unus
2126 4443 2211 4489 est
2264 4432 2533 4489 Christus.
2566 4429 2692 4486 Haec
2735 4430 2889 4484 Anna
2931 4425 3277 4498 prophetavit
3317 4424 3537 4479 Samuel

1899 4515 1925 4544 "
1947 4533 2130 4580 mater
2155 4523 2328 4579 sancti
2347 4522 2471 4588 viri,
2495 4521 2833 4590 multumque
2852 4517 3076 4584 laudati,
3100 4517 3156 4570 in
3183 4530 3292 4586 quo
3315 4515 3532 4586 quidem

1951 4625 2080 4671 tunc
2113 4615 2340 4687 ﬁgurata
2371 4622 2454 4670 est
2481 4613 2708 4668 mutatio
2735 4611 2936 4666 veteris
2959 4607 3272 4677 sacerdotii,
3307 4616 3361 4662 et
3393 4621 3535 4662 nunc

1951 4708 2211 4778 impleta,
2259 4706 2474 4776 quando
2522 4704 2796 4758 infirmata
2823 4710 2940 4768 est,
2987 4716 3107 4772 qua:
3147 4698 3314 4754 multa
3340 4707 3457 4754 erat
3481 4699 3568 4758 in:
3628 4715 3630 4717 ‘

1952 4799 2109 4867 ﬁliis,
2158 4807 2219 4854 ut
2262 4813 2462 4853 novum
2508 4796 2737 4852 haberet
2777 4795 2830 4849 in
2873 4793 3092 4848 Christo
3136 4792 3530 4858 sacerdotium,

1951 4891 2158 4948 sterilis
2184 4905 2306 4962 quae
2332 4888 2544 4960 peperit
2568 4896 2798 4958 septem.

2626 5071 2866 5114 INCIPIT

2366 5153 2778 5218 CANTICUM
2824 5155 3103 5218 EXOD].

2026 5282 2045 5313 ε
2077 5261 2370 5318 Cantemus
2397 5256 2667 5313 Domino:
2706 5256 2940 5330 gloriose
2978 5259 3124 5314 enim
3157 5256 3534 5328 magnificatus

1955 5375 1974 5408 ι
2007 5365 2108 5410 est.
2141 5373 2159 5406 ι
2192 5352 2358 5407 Multa
2383 5351 2600 5421 quidem
2623 5350 2834 5407 cantica
2863 5349 2980 5406 fieri
3007 5351 3237 5421 legimus
3259 5350 3311 5403 in
3341 5348 3531 5418 Scrip.

1947 5449 2089 5503 turis
2118 5446 2346 5510 divinis,
2374 5447 2567 5501 horum
2599 5453 2778 5500 tamen
2822 5444 3065 5499 omnium
3111 5443 3345 5512 primum
3388 5436 3534 5494 istud

1950 5551 2033 5595 est
2060 5540 2330 5595 canticum
2352 5539 2518 5607 quod,
2547 5535 2814 5609 rEgyptiis
2839 5546 2894 5589 et
2921 5536 3202 5588 Pharaone
3227 5532 3530 5592 submerso,

1952 5631 2179 5701 populus
2227 5630 2320 5683 Ι)ρί
2369 5639 2487 5697 post
2526 5629 2808 5682 victoriam
2859 5624 3100 5677 cet-init:
3143 5622 3307 5678 moris
3337 5619 3534 5689 quippe

1927 5733 2262 5777 sanctorum
2311 5733 2424 5784 est,
2460 5722 2546 5778 ubi
2603 5718 2944 5772 a:.lvcrs::rius
2989 5714 3241 5776 Vincitur,
3279 5720 3535 5784 umquam

3905 5283 3923 5402 ξ

3903 5395 3923 5502 ἓξ

3901 5657 3918 5688 ξ.

3905 5697 3920 5734 ‘i

3900 5749 3918 5792 ἕ

3899 5797 3923 5848 5;

3899 5843 3916 5880 ἒ.

3903 5889 3923 5911 ί
