3936 6328
535 277 678 339 H05

1184 274 1246 331 B.
1284 269 1543 328 BABANI
1581 270 1802 330 MAUR]
1840 272 2161 330 ABCHIEP.
2204 272 2512 334 MOGUNT.
2551 271 2836 332 OPERUM
2872 271 3050 328 PARS
3084 272 3167 328 lli.

3563 289 3660 349 ΗΜ

531 399 626 471 qui
653 396 851 463 sciant,
879 410 989 450 non
1028 407 1124 449 sua
1148 391 1372 455 virtute,
1397 390 1492 445 sed
1517 389 1610 444 Dei
1638 390 1812 461 gratia
1835 389 2118 444 victoriam
2147 393 2200 454 Α
2230 408 2249 440 α
2285 387 2515 457 Adjutor
2543 395 2600 444 et
2621 395 2896 458 protector
2918 386 3093 444 factus
3115 395 3194 443 est
3215 388 3332 445 mihi
3357 391 3403 446 in
3435 396 3621 458 salutem.
3645 428 3658 459 ι

531 497 783 561 paratam
801 527 816 553 ,
846 486 1107 557 hymnum
1141 483 1252 538 Deo
1277 481 1659 554 gratulationis
1690 479 1884 535 oll‘erre
1914 498 1926 534 :
1977 481 2122 535 acci-
2220 478 2506 535 Fortitudo
2528 493 2661 549 ergo
2694 488 2749 533 et
2778 478 2895 534 laus
2930 493 3200 534 servorum
3224 496 3415 537 suorum
3442 497 3510 542 est
3535 491 3661 550 Domi-

531 581 691 654 piunt
734 588 917 635 tamen
955 578 1214 650 hymnum
1247 583 1534 632 cantantes
1584 573 1750 628 etiam
1779 582 2034 645 tympana
2062 573 2118 627 in

532 675 826 740 manibus,
891 673 1033 728 sicut
1081 672 1147 726 de
1191 669 1362 725 Maria
1403 683 1590 724 sorore
1625 667 1794 739 Moysi
1837 675 1892 722 et
1937 666 2118 721 Aaron

533 766 788 830 refertur,
836 775 894 820 et
935 773 991 818 tu
1023 778 1158 835 ergo
1198 763 1244 818 si
1279 776 1430 817 mare
1459 761 1703 816 Rubrum
1735 759 2038 823 transieris,
2071 758 2118 814 si

531 857 820 930 Egyptios
841 855 1112 926 submergi
1137 853 1358 918 videris,
1378 860 1433 908 et
1454 850 1723 922 exstingui
1746 849 2080 904 Pharaonem
2097 889 2114 916 ,

531 960 696 1022 atque
725 951 780 1005 in
807 948 992 1020 abyssi
1020 945 1346 1018 profundum
1370 944 1740 1016 praecipitari,
1776 953 1929 1015 potes
1955 944 2115 1015 hym-

531 1057 661 1096 num
691 1047 915 1096 cantare
959 1037 1103 1103 Deo,
1133 1047 1287 1108 potes
1316 1051 1505 1091 vocem
1537 1033 1916 1106 gratulationis
1959 1033 2118 1088 emit-

531 1139 648 1187 tere
672 1138 727 1184 et
759 1129 944 1184 dicere
976 1147 989 1183 :
1025 1146 1045 1180 ι
1079 1126 1372 1183 Cantemus
1404 1125 1672 1180 Domino:
1709 1124 1942 1196 gloriose
1971 1125 2114 1179 enim

529 1219 923 1278 honoriﬁcatus
948 1230 1066 1285 est,
1098 1234 1298 1289 equum
1339 1226 1394 1274 et
1432 1230 1776 1273 ascensorem
1805 1215 2034 1286 projecit
2059 1215 2116 1270 in

529 1330 702 1370 mare.
739 1334 759 1368 ι
789 1313 978 1369 Melius
1000 1322 1182 1367 autem
1207 1319 1262 1368 et
1283 1311 1498 1382 dignius
1519 1311 1636 1366 haec
1655 1309 1814 1375 dicis,
1839 1309 1886 1365 si
1914 1310 2118 1364 habue-

529 1408 608 1464 ris
638 1418 953 1480 tympanum
981 1407 1036 1461 in
1071 1421 1236 1462 manu
1281 1412 1402 1470 tua,
1427 1404 1481 1459 id
1509 1410 1614 1469 est,
1644 1403 1690 1458 si
1719 1416 1939 1458 carnem
1968 1410 2116 1456 tuam

530 1504 869 1560 cruciﬁxeris
896 1519 1016 1558 cum
1045 1503 1193 1558 vitiis
1220 1509 1276 1558 et
1304 1499 1781 1572 concupiscentiis,
1810 1508 1866 1555 et
1900 1498 1945 1554 si
1971 1513 2117 1554 mor-

531 1595 824 1653 tiﬁcaveris
865 1595 1108 1651 membra
1137 1603 1249 1660 tua,
1277 1609 1398 1666 quae
1439 1600 1566 1649 sunt
1594 1607 1756 1664 supra
1791 1599 1990 1648 terram
2010 1631 2026 1657 ,
2061 1596 2118 1646 et

527 1697 710 1744 tamen
736 1689 1019 1744 videamus
1061 1688 1189 1759 quid
1235 1686 1370 1742 dicit
1401 1700 1416 1740 :
1457 1705 1476 1738 ε
1509 1684 1802 1740 Cantemus
1841 1683 2108 1740 Domino:

527 1782 762 1854 gloriose
791 1763 936 1837 enim
966 1780 1356 1836 ltonorilicatus
1385 1784 1497 1845 est,
1529 1794 1552 1831 ι
1582 1777 1737 1847 quasi
1766 1790 1876 1832 non
1897 1773 2109 1830 sulIice-
2137 1765 2188 1828 B

525 1884 611 1932 ret
645 1873 980 1947 gloriﬁcatus
1022 1881 1105 1930 est
1130 1913 1146 1939 ,
1191 1873 1265 1928 ita
1293 1871 1499 1928 addidit
1523 1871 1756 1942 gloriose
1783 1866 2114 1940 glorificatus

525 1983 628 2038 est,
650 1981 704 2028 et
724 1973 963 2044 quidem,
987 1978 1252 2042 quantum
1271 1983 1561 2040 possumus
1585 1964 1876 2037 conjicere,
1895 1964 2113 2020 videtur

527 2066 674 2121 enim
703 2065 858 2132 mihi,
903 2065 1046 2136 quod
1075 2061 1223 2120 aliud
1250 2062 1321 2119 sit
1346 2059 1661 2134 gloriﬁcari,
1695 2058 1839 2114 aliud
1878 2057 2112 2128 gloriose

525 2153 842 2228 gloriﬁcari.
875 2155 1011 2210 Nam
1044 2155 1303 2210 Dominus
1324 2167 1476 2207 meus
1503 2149 1658 2206 Jesus
1686 2148 1954 2215 Christus,
1986 2162 2111 2204 cum

526 2265 748 2306 carnem
773 2265 839 2306 ex
860 2248 1086 2321 Virgine
1110 2263 1209 2320 pro
1235 2245 1410 2303 salute
1436 2253 1624 2300 nostra
1659 2243 1912 2314 suscepit,
1946 2239 2113 2314 glori—

527 2347 724 2403 ﬁcatus
745 2357 828 2402 est
876 2346 1113 2417 quidem,
1152 2345 1279 2416 quia
1307 2343 1457 2398 venit
1485 2355 1727 2413 quaerere
1763 2340 1905 2412 quod
1933 2339 2112 2410 perie-

525 2448 638 2506 rat,
660 2455 769 2494 non
795 2447 979 2493 tamen
1005 2435 1238 2507 gloriose
1262 2433 1596 2505 gloriﬁcatus
1616 2441 1720 2496 est,
1747 2430 1946 2486 dicitur
1964 2429 2111 2485 enim

527 2532 595 2589 de
640 2531 793 2602 ipso,
830 2550 849 2582 ι
885 2530 1010 2600 quia
1037 2527 1272 2584 vidimus
1299 2541 1446 2592 eum,
1493 2532 1550 2581 et
1595 2539 1703 2580 non
1729 2523 1963 2580 habebat
1989 2537 2112 2592 spe-

525 2623 666 2678 ciem
703 2635 881 2691 neque
915 2620 1164 2675 decorem
1190 2660 1205 2684 ,
1235 2626 1290 2673 et
1316 2617 1497 2672 vultus
1521 2615 1640 2687 ejus
1676 2613 1925 2686 ignobilis
1949 2627 2112 2684 super

524 2713 671 2770 ﬁlios
699 2712 978 2768 hominum
1008 2709 1342 2782 gloriﬁcatus
1369 2715 1453 2764 est
1475 2706 1618 2782 (Ιειιᾖ
1637 2705 1714 2779 v);
1760 2725 1780 2758 ι
1811 2714 1869 2762 et
1894 2719 2018 2760 cum
2040 2703 2110 2759 ad

525 2819 744 2860 crucem
768 2803 916 2857 venit
942 2809 996 2856 et
1025 2801 1248 2872 pertulit
1269 2809 1530 2866 mortem;
1563 2800 1677 2880 sed,
1705 2805 1766 2854 ut
1793 2798 1867 2854 ita
1894 2797 2107 2864 dicam,

523 2896 824 2960 humiliter,
855 2909 964 2949 non
988 2892 1224 2965 gloriose
1258 2892 1594 2964 gloriﬁcatus
1619 2899 1724 2948 est.
1754 2889 1954 2945 Verum
1981 2889 2109 2960 quia

527 3013 545 3043 c
590 2993 707 3047 haec
756 2989 1044 3060 oportebat
1095 2987 1207 3059 pati
1246 2984 1522 3040 Christum
1556 2992 1612 3040 et
1658 2984 1740 3040 sic
1775 2982 2004 3039 introire
2049 2981 2109 3037 in

523 3084 753 3157 gloriam
787 3097 938 3138 suam
989 3079 1141 3151 (Luc.
1172 3077 1343 3149 μιν).
1381 3097 1400 3132 ι
1440 3076 1576 3132 Cum
1604 3075 1816 3132 venerit
1841 3076 1897 3130 in
1937 3073 2109 3145 gloria

521 3176 699 3231 Patris
744 3182 802 3230 et
847 3181 1158 3229 sanctorum
1214 3169 1565 3241 angelorum,
1617 3183 1739 3222 cum
1789 3166 2001 3222 venerit
2050 3165 2106 3220 in

522 3269 806 3339 majestate
849 3281 945 3320 sua
990 3261 1238 3334 judicare
1292 3269 1495 3315 terram
1520 3299 1535 3324 ,
1572 3259 1789 3329 quando
1823 3267 1879 3313 et
1917 3271 2107 3312 verum

515 3360 889 3420 Pharaonem,
915 3355 968 3410 id
996 3363 1080 3410 est
1097 3394 1112 3418 ,
1138 3352 1412 3408 diabolum
1449 3351 1742 3407 interficiet
1774 3350 1968 3422 spiritu
1995 3349 2109 3406 oris

521 3452 626 3507 sui.
654 3451 790 3506 Cum
831 3461 960 3516 ergo
987 3444 1274 3516 refulgebit
1303 3444 1358 3499 in
1404 3443 1688 3514 majestate
1719 3437 1902 3497 Patris
1931 3441 2014 3496 sui
2053 3447 2108 3497 et

518 3554 646 3618 post
668 3544 957 3599 adventum
987 3537 1343 3596 humanitatis
1358 3537 1656 3594 secundum
1681 3534 1837 3592 nobis
1857 3535 1910 3589 in
1937 3533 2108 3604 gloria

519 3637 761 3694 ostendit
809 3634 1136 3697 adventum,
1184 3637 1312 3686 tunc
1366 3645 1474 3684 non
1517 3629 1690 3684 solum
1747 3626 2105 3698 gloriﬁcatur.

519 3731 655 3788 Cum
681 3744 872 3786 omnes
915 3727 990 3783 ita
1019 3723 1386 3782 honoriﬁcam
1417 3721 1638 3788 Filium,
1669 3721 1813 3777 sicut
1841 3717 2105 3775 honoriﬁ-

519 3830 646 3878 cant
675 3822 916 3877 Patrem.

597 3932 617 3965 ι
657 3911 870 3982 Equum
904 3917 960 3964 et
1004 3921 1352 3964 ascensorem
1382 3902 1576 3974 dejecit
1622 3904 1678 3960 in
1713 3917 1884 3960 mare.
1931 3923 1950 3958 ι
1992 3902 2105 3960 Ho-

517 4005 695 4063 mines
707 4004 800 4075 qui
824 4017 923 4058 nos
945 4001 1304 4070 insequuntur
1325 3997 1450 4068 equi
1470 4004 1616 4062 sunt,
1644 4003 1700 4050 et
1719 4003 1778 4050 ut
1800 3996 1875 4050 ita
1903 3995 2104 4061 dicam,

517 4115 728 4164 omnes,
759 4097 850 4168 qui
876 4096 929 4150 in
953 4109 1120 4151 carne
1147 4092 1263 4148 nati
1290 4099 1434 4155 sunt,
1465 4089 1762 4160 figuraliter
1783 4089 1909 4158 equi
1936 4095 2064 4142 sunt
2089 4104 2101 4140 :

519 4193 613 4248 sed
661 4191 754 4262 qui
786 4181 988 4244 habent
1033 4190 1554 4248 ascensores'suos,
1600 4189 1726 4236 sunt
1751 4181 1876 4252 equi
1902 4197 1931 4246 ,'
1969 4194 2106 4249 quos

515 4283 781 4340 Dominus
825 4279 1100 4345 ascendit,
1136 4286 1192 4334 et
1234 4277 1575 4332 circumeunt
1616 4289 1833 4329 omnem
1863 4281 2102 4338 terram,

519 4375 587 4431 de
611 4374 808 4446 quibus
833 4369 1036 4427 dicitur
1067 4386 1080 4423 :
1117 4387 1137 4421 ι
1169 4367 1240 4424 Et
1264 4366 1544 4438 equitatus
1563 4373 1688 4420 tuus
1709 4363 1876 4419 salus.
1915 4381 1934 4414 ι
1967 4361 2106 4418 Sunt

519 4473 703 4522 autem
749 4462 907 4534 equi,
959 4460 1049 4531 qui
1115 4471 1433 4516 ascensores
1477 4456 1680 4512 habent
1725 4453 2000 4511 diabolum
2048 4460 2105 4510 et

516 4557 738 4628 angelos
775 4522 912 4624 ejus.
939 4522 1107 4610 ludas
1135 4567 1310 4622 equus
1335 4558 1484 4614 erat,
1513 4549 1606 4605 sed
1646 4549 1819 4604 donec
1845 4561 2102 4604 ascenso—
2128 4522 2182 4583 D

519 4663 635 4704 rem
667 4646 855 4702 habuit
880 4644 1193 4709 Dominum,
1215 4642 1280 4698 de
1301 4643 1546 4713 equitatu
1586 4641 1779 4697 salutis
1801 4638 1923 4695 fuit.
1966 4637 2103 4694 Cum

516 4740 730 4797 caeteris
761 4739 962 4795 etenim
1005 4736 1263 4808 apostolis
1307 4735 1507 4791 missus
1535 4734 1752 4806 mgrotis
1789 4732 2018 4789 salutem
2049 4740 2106 4788 et

516 4833 805 4887 sanitatem
829 4829 1208 4900 languentibus
1241 4827 1527 4898 praestitit;
1571 4825 1667 4881 sed
1690 4823 1780 4878 ubi
1808 4838 1867 4878 se
1889 4823 2104 4879 diabolo

515 4923 815 4980 substravit
842 4963 856 4988 ,
912 4929 1035 4992 post
1082 4919 1378 4976 buccellam
1427 4917 1574 4972 enim
1603 4915 1847 4970 introivit
1887 4915 1942 4968 in
1977 4928 2101 4968 eum

516 5018 786 5080 Satanas,
829 5028 1087 5069 ascensor
1136 5013 1306 5084 ipsius
1358 5010 1582 5067 ellectus
1631 5017 1714 5063 est
1762 5007 1997 5062 Satanas
2049 5013 2104 5061 et

514 5107 660 5163 illius
686 5105 912 5161 habenis
941 5105 1136 5160 ductus
1160 5105 1422 5158 adversus
1451 5100 1738 5156 Dominum
1769 5106 1826 5152 et
1853 5096 2104 5152 Salvam-

516 5211 634 5252 rem
662 5202 908 5250 nostrum
932 5193 1096 5263 erepit
1121 5193 1387 5263 equitare.
1417 5191 1618 5247 Omnes
1660 5205 1792 5260 ergo
1811 5228 1826 5254 ,
1857 5187 1950 5258 qui
1981 5202 2106 5257 pcr-

516 5295 819 5359 sequuntur
842 5293 1080 5347 sanctos,
1111 5283 1237 5354 equi
1263 5289 1390 5339 sunt
1415 5284 1746 5348 hinnientes,
1775 5281 1870 5336 sed
1903 5280 2106 5336 habent

516 5394 838 5438 ascensores
873 5377 1072 5451 quibus
1100 5384 1336 5448 aguntur
1373 5375 1594 5448 angelos
1637 5374 1843 5440 malos,
1875 5380 1933 5429 et
1979 5372 2103 5429 ideo

515 5471 728 5534 feroces
772 5483 918 5531 sunt.
951 5473 1212 5530 Dominus
1250 5487 1383 5544 ergo
1423 5487 1622 5543 equum
1656 5481 1712 5528 et
1757 5485 2103 5528 ascensorem

515 5567 746 5639 projecit
771 5568 826 5623 in
846 5581 998 5623 mare
1021 5575 1077 5621 et
1105 5563 1279 5620 factus
1307 5573 1392 5620 est
1419 5565 1553 5620 mihi
1577 5565 1630 5619 in
1656 5565 1909 5620 salutem.

479 5719 484 5724 _
583 5678 612 5736 ⁸ι
653 5660 936 5716 Fortitudo
954 5674 1074 5716 mea
1093 5657 1401 5714 etlaudatio
1413 5671 1534 5711 mea
1557 5656 1836 5722 Dominus,
1851 5665 1907 5712 et
1925 5655 2101 5712 factus

523 5765 547 5804 ο
579 5758 663 5808 at
709 5751 842 5810 mihi
895 5753 949 5808 in
979 5749 1230 5809 salutem.
1265 5765 1283 5803 δ
1326 5749 1442 5805 Alia
1473 5755 1654 5806 autem
1681 5749 1848 5806 editio
1886 5749 2051 5806 habet
2081 5764 2096 5804 :

2217 585 2343 637 nus,
2375 570 2470 642 qui
2510 584 2606 625 eos
2632 570 2853 640 adjuvat
2874 569 2928 624 in
2955 569 3373 639 tribulationibus,
3396 585 3662 648 ctprotegita

2218 664 2429 720 cunctis
2477 663 2742 728 hostibus,
2791 661 2958 733 ﬁtque
3012 677 3191 718 eorum
3229 664 3359 720 salus
3393 669 3466 738 qui
3499 671 3541 724 in
3563 673 3664 733 illum

2217 761 2440 826 sperant
2471 772 2484 808 :
2515 754 2642 824 quia
2669 752 2826 822 juxta
2851 752 2998 809 Petri
3022 752 3239 824 apostoli
3271 758 3567 816 sententiam:
3588 762 3663 821 Non

2215 859 2302 907 est
2332 850 2387 905 in
2425 849 2532 904 alio
2560 848 2744 920 aliquo
2771 848 2936 913 salus,
2960 847 3053 904 sed
3093 847 3203 918 ipse
3239 847 3455 907 Salvator
3472 858 3664 928 omnium,

2217 948 2454 1004 maxime
2482 954 2664 1002 autem
2691 944 2950 1000 ﬁdelium.

2293 1081 2314 1114 ‹
2349 1061 2457 1117 Iste
2485 1060 2628 1115 Deus
2656 1073 2810 1114 meus
2835 1065 2890 1114 et
2919 1057 3224 1128 gloriﬁcabo
3241 1074 3369 1115 eum.
3401 1063 3515 1120 Deus
3548 1065 3665 1126 Patris

2217 1155 2346 1219 mei,
2372 1151 2625 1209 exaltabo
2648 1166 2792 1206 eum.
2833 1170 2851 1202 ι
2888 1149 2989 1206 Hic
3017 1166 3142 1224 ergo
3167 1159 3220 1207 et
3261 1167 3398 1208 meus
3434 1164 3500 1209 est
3517 1156 3618 1212 Deus
3632 1167 3668 1213 et

2216 1245 2394 1300 Patris
2446 1243 2573 1299 mei.
2631 1242 2794 1297 Pater
2823 1249 3031 1307 noster,
3059 1242 3149 1311 qui
3190 1256 3283 1297 nos
3319 1241 3430 1298 fecit
3449 1253 3493 1299 et
3527 1249 3666 1317 genuit,

2215 1334 2467 1391 Christus
2494 1341 2597 1389 est.
2626 1331 2695 1387 Et
2722 1332 2839 1401 ipse
2868 1331 3001 1390 dicit
3032 1347 3046 1386 :
3079 1351 3098 1382 ι
3127 1329 3271 1387 Vado
3283 1333 3344 1388 ad
3361 1333 3533 1390 Patrem
3549 1353 3667 1395 meum

2215 1436 2270 1484 et
2315 1426 2382 1481 ad
2410 1425 2632 1480 Patrem
2674 1435 2940 1490 vestrum,
2970 1424 3136 1480 Deum
3182 1440 3344 1480 meum
3382 1438 3428 1482 et
3457 1427 3582 1484 Deum
3607 1447 3666 1486 ve-

2222 1525 2395 1574 strum
2429 1515 2609 1588 (Joan.
2649 1516 2786 1586 xvi).
2830 1535 2848 1568 ›
2903 1515 2962 1571 Si
2997 1531 3126 1587 ergo
3161 1531 3418 1587 agnoscam
3450 1521 3558 1589 quod
3577 1522 3668 1579 Deus

2215 1625 2370 1666 meus
2398 1609 2471 1665 sit
2512 1610 2674 1674 Deus,
2709 1607 3026 1678 gloriﬁcabo
3049 1623 3201 1672 eum;
3231 1609 3272 1664 si
3297 1624 3412 1665 vero
3432 1611 3557 1665 etiam
3576 1613 3666 1669 istud

2216 1718 2540 1775 agnoscam,
2589 1701 2862 1774 quomodo
2907 1700 3090 1766 Patris
3129 1701 3232 1758 mei
3270 1701 3444 1758 Christi
3477 1704 3533 1760 sit
3561 1703 3665 1773 Dens,

2216 1796 2466 1853 exaltabo
2491 1811 2636 1851 eum.

2289 1907 2309 1942 ι
2344 1888 2605 1944 Dominus
2627 1887 2783 1958 quasi
2811 1887 2896 1942 vir
2919 1894 3207 1959 pugnator,
3226 1887 3518 1959 omnipotens
3539 1903 3666 1946 nomen

2218 2000 2239 2034 ι
2274 1981 2410 2052 ejus.
2449 1999 2470 2033 ι
2495 1980 2592 2036 Vel
2602 1980 2758 2051 juxta
2781 1980 2943 2035 aliam
2967 1980 3254 2036 editionem
3278 1997 3291 2032 :
3320 1998 3337 2031 ι
3362 1981 3566 2035 Dominus
3583 1995 3665 2035 oon-

2215 2083 2396 2129 terens
2422 2071 2583 2138 bella,
2618 2071 2879 2128 Dominus
2928 2086 3130 2128 nomen
3157 2080 3239 2128 est
3280 2071 3367 2126 illi.
3401 2090 3417 2123 t
3444 2071 3550 2126 Vere
3577 2071 3666 2126 enim

2212 2167 2556 2237 omnipotens
2597 2175 2680 2222 est
2723 2165 2990 2221 Dominus
3035 2173 3246 2229 noster,
3293 2165 3376 2235 qui
3409 2163 3536 2237 fortis»
3562 2164 3666 2218 estin

2211 2235 2420 2330 praelii),
2449 2267 2505 2313 et
2523 2265 2769 2313 conteret
2792 2257 2978 2312 hostes
3003 2271 3151 2320 suos,
3174 2269 3270 2311 nec
3288 2264 3362 2310 est
3379 2254 3495 2310 ullus
3512 2235 3578 2326 qni
3592 2269 3666 2324 pos-

2212 2351 2285 2405 sit
2310 2349 2389 2404 illi
2435 2349 2710 2405 resistere.
2744 2348 2878 2404 Nolo
2914 2355 3106 2420 putes,
3144 2349 3266 2420 quia
3308 2357 3484 2403 tantum
3512 2347 3666 2402 visibiles

2211 2459 2421 2516 pugnas
2447 2444 2682 2515 conterit
2709 2442 2970 2499 Dominus
2986 2483 3002 2510 ,
3033 2443 3126 2500 sed
3149 2451 3202 2498 et
3225 2443 3338 2500 illas
3359 2449 3572 2506 conteret,
3593 2456 3664 2510 qua

2211 2538 2370 2593 nobis
2395 2545 2521 2593 sunt
2542 2553 2650 2592 non
2674 2537 2964 2592 adversum
2995 2552 3211 2593 carnem
3231 2545 3284 2591 et
3305 2531 3664 2606 sanguinem,.sed

2213 2629 2502 2684 adversum
2549 2628 2890 2700 principatus
2930 2637 2988 2684 et
3039 2637 3360 2700 potestates,
3403 2634 3451 2682 et
3475 2625 3664 2680 adversum

2212 2717 2399 2772 mundi
2441 2715 2601 2786 hujus
2627 2727 2867 2773 rectores
2896 2717 3242 2773 tenebrarum
3278 2717 3462 2772 harum.
3499 2714 3665 2768 Dominus

2211 2809 2356 2866 enim
2385 2824 2581 2866 nomen
2627 2820 2712 2866 cst
2753 2811 2828 2866 illi
2853 2852 2868 2878 ,
2896 2821 2952 2867 et
2978 2827 3088 2867 non
3116 2820 3200 2867 est
3224 2811 3322 2867 ulla
3348 2818 3546 2868 creatura
3573 2805 3666 2876 unus

2212 2903 2477 2959 Dominus
2504 2921 2612 2959 non
2641 2906 2732 2959 sit.

2238 3019 2242 3022 ·
2292 3013 2311 3047 ε
2349 2995 2554 3052 Currus
2578 2998 2882 3054 Pharaonis
2911 3007 2966 3055 et
3005 3000 3300 3057 exercitum
3325 2998 3426 3070 ejus
3447 2993 3609 3068 projecit
3631 2992 3663 3047 il

2221 3109 2240 3143 ι
2280 3105 2464 3155 mare,
2494 3091 2652 3147 electi
2675 3093 2948 3162 principes
2983 3093 3103 3164 ejus
3128 3092 3378 3150 submersi
3399 3089 3556 3146 suntin
3581 3083 3665 3141 mari

2217 3201 2236 3234 ε
2275 3183 2482 3239 Rubro.
2537 3203 2554 3235 ι
2603 3182 2775 3239 Simul
2803 3201 2930 3256 ergo
2958 3187 3172 3256 praelati
3221 3193 3273 3240 et
3315 3182 3484 3240 subditi
3516 3191 3662 3238 currus,

2210 3276 2422 3347 equites
2463 3285 2519 3331 et
2566 3277 2812 3348 pedites,
2857 3288 2913 3334 et
2961 3280 3142 3335 omnis
3185 3277 3434 3335 exercitus
3466 3266 3665 3329 Pharaoni

2210 3368 2477 3424 submersi
2504 3377 2632 3425 sunt
2657 3370 2712 3424 in
2744 3369 2929 3427 Rubro
2957 3373 3129 3437 mari,
3167 3372 3231 3428 de
3254 3386 3353 3441 quo
3373 3367 3573 3438 scriptum
3590 3369 3663 3425 εει»

2219 3478 2238 3511 t
2265 3460 2410 3530 quod
2427 3476 2528 3516 nec
2542 3477 2684 3516 unus
2699 3463 2916 3531 quidem
2935 3463 3337 3534 superfueritex
3355 3460 3449 3524 eis;
3468 3457 3540 3513 ﬁlii
3553 3463 3663 3510 autem

2209 3551 2378 3608 lsrael
2405 3564 2770 3623 perrexerunt
2811 3571 2910 3627 per
2937 3558 3178 3614 medium
3207 3556 3330 3613 sicci
3358 3552 3496 3610 maris
3513 3558 3553 3605 et
3573 3557 3664 3616 aqua

2211 3647 2292 3703 eis
2336 3655 2496 3704 erant
2535 3649 2691 3718 quasi
2741 3665 2842 3720 pro
2878 3666 3038 3707 muro
3065 3666 3096 3706 a
3146 3650 3342 3707 dextris
3376 3655 3424 3704 et
3456 3660 3481 3699 a
3516 3637 3664 3698 sinistris

2212 3734 2412 3808 (Exod.
2451 3738 2587 3806 xw).
2626 3757 2646 3790 ›
2695 3738 2835 3806 Quia
2862 3725 3044 3797 omnis
3070 3741 3166 3812 qui
3204 3737 3478 3797 contrarius
3493 3723 3665 3788 exstiterit

2209 3826 2476 3883 voluntati
2507 3829 2622 3894 Dei,
2651 3839 2706 3884 et
2744 3845 2917 3902 usque
2937 3832 3006 3886 ad
3036 3832 3197 3888 linem
3225 3832 3274 3887 in
3302 3827 3478 3886 malitia
3500 3829 3662 3894 perseve-

2210 3919 2444 3984 raverit,
2502 3921 2718 3976 aeternis
2765 3923 3051 3978 tormentis
3099 3923 3412 3986 involvitur;
3454 3915 3524 3988 qui
3554 3919 3663 3966 autem

2210 4011 2456 4080 sequitur
2477 4026 2669 4066 verum
2695 4012 2936 4085 Moysen,
2962 4015 3068 4070 hoc
3088 4024 3191 4079 est,
3214 4014 3371 4086 legem
3405 4009 3499 4073 Dei,
3522 4011 3663 4060 secum

2209 4102 2395 4157 hostes
2435 4104 2648 4170 evadet,
2672 4113 2726 4160 et
2753 4121 2850 4177 per
2875 4107 3079 4164 siccum
3114 4109 3376 4180 graditur,
3415 4103 3516 4174 quia
3547 4090 3663 4152 mundi

2210 4194 2482 4250 illecebris
2532 4212 2640 4250 non
2669 4198 3051 4265 permiscetur.
3099 4198 3315 4270 Cogitur
3337 4211 3447 4266 ergo
3471 4191 3609 4246 ﬂuctus
3631 4181 3663 4236 il

2209 4287 2487 4342 cumulum
2537 4297 2592 4343 et
2633 4290 2779 4343 unda
2816 4291 2869 4345 in
2898 4292 3186 4363 semetipsa
3233 4301 3454 4361 repressa
3479 4285 3662 4339 curvatur.

2209 4377 2540 4436 soliditatem
2568 4380 2761 4450 recipit
2803 4381 2982 4453 liquor
3005 4392 3063 4438 et
3097 4383 3266 4440 solum
3295 4380 3442 4438 maris
3477 4364 3663 4430 arescitit

2207 4469 2486 4540 pulverem
2531 4489 2544 4525 :
2573 4472 2872 4528 bonitatem
2896 4473 2992 4530 Dei
3029 4475 3288 4531 creatoris
3312 4469 3538 4536 intelligo.
3557 4462 3663 4516 Si'o'

2207 4563 2400 4619 luntati
2428 4565 2544 4634 ejus
2566 4567 2930 4639 obtemperes.
2958 4569 3006 4624 si
3043 4569 3214 4643 legem
3245 4569 3354 4640 ejus
3374 4559 3580 4635 sequaris.
3596 4555 3662 4621 il)“

2207 4657 2305 4714 tibi
2331 4657 2598 4714 elementa
2621 4660 2786 4715 etiam
2812 4674 3005 4717 contra
3030 4663 3111 4720 sui
3137 4672 3370 4718 naturam
3396 4654 3556 4714 servire
3574 4656 3664 4700 com-

2205 4747 2374 4818 pellit.
2388 4747 2677 4820 Apostolus
2689 4766 2841 4824 ergo,
2857 4754 2986 4824 quid
3002 4755 3262 4826 signiticet
3278 4749 3500 4808 transitus
3511 4740 3661 4798 ﬁliorum

2205 4839 2371 4895 lsrael
2407 4855 2506 4910 per
2537 4857 2687 4897 mare
2715 4842 2980 4911 Rubrum,
3011 4845 3245 4902 ostendit
3273 4843 3468 4900 dicens:
3495 4852 3510 4885 ι
3535 4828 3662 4911 omne?

2206 4908 2427 5002 quidem
2452 4948 2604 4990 mare
2629 4908 2986 5004 transierunt,
3011 4946 3066 4993 et
3087 4951 3272 4994 omnes
3289 4932 3474 5005 quidem
3491 4908 3660 4991 bapliﬂli

2209 5033 2335 5077 sunt
2363 5023 2416 5076 in
2444 5023 2648 5096 Moyse,
2679 5027 2732 5080 in
2761 5027 2902 5082 nube
2923 5036 2978 5082 et
3001 5028 3057 5082 in
3083 5028 3216 5082 mari
3241 5024 3290 5096 (1
3317 5022 3424 5077 Cor.
3451 5017 3513 5088 ι).
3539 5031 3552 5061 ι
3575 5007 3660 5070 ΒΨ·

2210 5112 2429 5169 tismum
2480 5131 2610 5187 ergo
2657 5118 2758 5172 hoc
2806 5118 3091 5188 mysticum
3141 5117 3370 5188 designat
3403 5124 3482 5182 per
3516 5101 3658 5169 Ιοϊδθθ

2208 5203 2610 5276 ρηείίευνειιιιη]
2639 5207 2692 5260 in
2721 5207 2861 5262 nube
2890 5221 2946 5264 et
2984 5209 3038 5264 in
3068 5209 3234 5278 mari,
3258 5216 3311 5262 ut
3335 5213 3383 5260 et
3407 5209 3471 5262 tu,
3494 5189 3658 5278 qui“?

2209 5274 2398 5348 tizaris
2430 5295 2483 5349 in
2505 5296 2721 5353 Christo
2747 5298 2801 5352 in
2830 5313 2972 5368 aqua
3000 5308 3056 5356 et
3092 5300 3146 5354 in
3172 5275 3358 5370 Spiritu
3389 5274 3658 5348 sanctumas

2211 5391 2266 5440 te
2287 5385 2540 5442 insectari
2562 5388 2781 5459 quidem
2808 5398 3105 5460 potestates
3130 5388 3418 5463 Egyptias,
3442 5390 3488 5438 et
3506 5372 3657 5469 velle."

2209 5491 2464 5534 revocare
2491 5481 2557 5536 ad
2583 5481 2865 5538 servitium
2893 5499 3072 5550 suum,
3121 5491 3347 5540 rectores
3369 5474 3534 5533 scilicet
3555 5466 3656 5550 nulli

2207 5571 2392 5628 mundi
2415 5579 2471 5628 et
2497 5573 2772 5644 Spiritales
2798 5547 3088 5647 nequitias,
3110 5576 3296 5647 quibus
3313 5579 3420 5626 ante
3439 5547 3653 5651 desertisfiv

2206 5681 2328 5736 quae
2355 5675 2622 5722 conantur
2651 5668 2868 5737 quidem
2908 5669 3148 5740 insequi,
3191 5664 3279 5724 sed
3319 5673 3367 5718 tu
3387 5647 3652 5740 descendit!in

2206 5773 2427 5828 atIllam,
2451 5767 2506 5815 et
2534 5760 2731 5818 evades
2759 5737 3060 5819 incolumis
3089 5770 3245 5833 atque
3284 5752 3450 5813 ablatis
3480 5737 3651 5803 sordibIl
