3936 6328
276 340 420 396 1105

956 343 1312 402 COMMENT.
1354 343 1420 401 IN
1458 345 1757 404 CANTICA
1795 346 1962 415 ρυλε
1999 347 2093 405 AD
2132 347 2407 408 LAUDES
2446 342 2827 407 DlCUNTUR.

3406 351 3550 412 HOC

270 462 619 528 peccatorum
655 452 820 512 homo
863 471 1036 513 novus
1078 461 1328 516 ascendis
1358 469 1583 530 paratus
1621 460 1690 516 ad
1733 476 1862 517 can-
1889 475 1939 529 Α
1966 464 2166 519 struxit
2189 478 2338 532 eum,
2377 463 2469 533 qui
2502 462 2738 518 habebat
2765 461 2957 518 mortis
2981 460 3266 533 imperium
3289 503 3305 532 ,
3348 464 3404 520 id
3443 473 3550 538 est,

269 551 499 608 tandum
549 550 823 606 canticum
878 567 1098 607 novum.
1149 553 1392 628 Egyptii
1449 570 1579 611 vero
1629 563 1754 626 post
1811 565 1866 612 te

269 643 623 714 insequentes
669 646 1054 718 demergentur
1096 649 1151 704 in
1197 651 1496 722 Abyssum,
1539 651 1752 706 etiamsi
1784 652 1865 708 vi-

269 739 472 794 dentur
493 753 686 809 rogare
711 737 918 805 Iesum,
943 757 1012 798 ne
1040 757 1135 798 eos
1157 742 1374 798 interim
1412 745 1594 798 mittat
1621 745 1676 798 in
1704 744 1866 816 abys-

269 845 414 886 sum.
450 829 758 888 Notandum
783 847 914 888 vero
940 875 954 900 ,
1004 835 1146 906 quod
1187 835 1344 906 juxta
1373 835 1533 890 aliam
1569 837 1864 893 editionem

266 920 472 994 legitur
497 940 510 978 :
539 923 842 993 Quadrigas
867 924 1166 981 Pharaonis
1198 936 1253 981 et
1280 913 1580 984 exercitum
1602 928 1718 998 ejus
1741 945 1863 1001 pro-

259 1012 403 1082 jecit
450 1014 505 1070 in
555 1031 724 1071 mare.
775 1016 990 1073 Electos
1030 1034 1348 1096 ascensores
1395 1029 1581 1076 ternos
1629 1030 1864 1079 statores

269 1104 532 1160 demersit
554 1106 607 1160 in
625 1107 870 1164 Rubrum
901 1125 1071 1166 mare.
1098 1110 1309 1166 Pharao
1333 1128 1483 1179 vero,
1499 1113 1647 1170 velut
1665 1123 1864 1184 'poten-

269 1195 379 1250 tior
408 1196 464 1251 in
495 1197 704 1252 malitia
731 1208 786 1255 et
811 1215 1034 1271 regnum
1059 1203 1315 1272 nequitia:
1335 1212 1544 1269 tenens,
1573 1205 1864 1277 quadrigas

267 1286 384 1357 agit
414 1303 428 1340 :
453 1303 560 1342 non
588 1288 663 1344 illi
696 1290 830 1346 satis
858 1301 941 1346 est
978 1293 1068 1347 uni
1098 1309 1238 1364 equo
1262 1297 1580 1363 ascendere,
1603 1297 1866 1367 plurimos

267 1374 435 1431 simul
462 1378 669 1447 agitat,
706 1380 971 1450 plurimos
1000 1383 1160 1438 simul
1189 1383 1361 1455 plagis
1389 1387 1516 1441 torti
1547 1387 1863 1445 verberibus

269 1468 448 1537 cogit,
478 1481 835 1541 quoscunque
863 1473 1068 1529 videris
1104 1475 1158 1529 in
1205 1475 1417 1531 luxuria
1452 1479 1754 1549 turpiores,
1807 1480 1863 1535 in

269 1561 654 1620 incredulitate
699 1567 972 1636 saeviores,
1007 1569 1060 1624 in
1089 1572 1318 1627 avaritia
1358 1575 1606 1631 tetriores
1626 1617 1640 1642 ,
1671 1576 1726 1630 in
1758 1575 1862 1631 im-

266 1653 472 1722 pietate
514 1654 928 1727 ﬂagitiosiores,
971 1662 1108 1717 scito
1159 1663 1256 1716 hos
1301 1665 1368 1719 de
1426 1667 1704 1737 quadrigis
1742 1683 1863 1724 esse

265 1742 570 1802 Pharaonis
592 1747 723 1818 ipsis
749 1752 874 1806 :sed
891 1761 946 1806 et
969 1753 1114 1823 ipsos
1141 1756 1326 1811 currui
1352 1773 1450 1812 suo
1474 1757 1779 1832 subjungit,
1808 1760 1860 1814 in

266 1835 404 1907 ipsis
430 1837 606 1894 fertur
625 1850 681 1895 et
722 1842 942 1911 volitat,
979 1855 1033 1900 et
1059 1861 1155 1916 per
1179 1860 1396 1917 apertos
1418 1849 1681 1906 scelerum
1710 1867 1858 1907 cam-
1886 1838 1934 1897 Β

263 1945 369 2003 pos
397 1931 584 1989 eﬂusis
627 1950 723 1991 eos
757 1939 868 2010 agit
898 1939 1143 1996 habenis.
1182 1941 1321 1996 Sunt
1366 1941 1454 1997 alii
1485 1943 1643 2000 electi
1671 1961 1860 2001 ascen-

231 2029 458 2092 ‘sores,
508 2026 665 2082 electi
715 2029 833 2085 sine
876 2030 1040 2086 dubio
1077 2033 1145 2088 ad
1189 2033 1474 2088 malitiam.
1506 2033 1614 2090 Sed
1642 2033 1757 2105 jam
1793 2037 1862 2094 de

263 2118 654 2175 ascensoribus
697 2136 860 2192 supra
904 2122 1172 2190 diximus,
1218 2140 1362 2180 nunc
1391 2127 1578 2193 etiam,
1619 2128 1710 2198 qui
1752 2129 1861 2185 sint

267 2211 417 2266 terni
445 2220 675 2269 statores
701 2215 1001 2272 videamus.
1028 2217 1157 2273 Mihi
1183 2219 1436 2275 videntur
1457 2221 1609 2300 terni.
1626 2231 1860 2279 statores

261 2315 370 2371 pro
391 2317 454 2357 eo
480 2303 606 2370 dici,
623 2307 766 2375 quod
794 2307 990 2378 triplex
1013 2319 1097 2366 est
1117 2311 1428 2370 hominibus
1453 2317 1711 2386 peccandi
1737 2317 1854 2374 via:

265 2401 367 2448 aut
391 2395 536 2450 enim
569 2397 623 2452 in
671 2396 837 2464 facto,
887 2411 984 2455 aut
1014 2401 1070 2456 in
1097 2403 1242 2458 dicto
1264 2445 1280 2469 ,
1329 2414 1422 2460 aut
1450 2407 1506 2462 in
1533 2407 1859 2480 cogitatione

265 2499 568 2559 peccatur;
597 2500 653 2547 et
675 2493 796 2548 ideo
821 2495 946 2550 trini
971 2505 1205 2553 statores
1224 2514 1321 2568 per
1349 2500 1588 2572 singulos
1613 2517 1859 2572 quosque

265 2583 550 2650 dicuntur,
579 2585 673 2654 qui
703 2594 813 2642 tres
843 2587 974 2644 istas
1000 2589 1054 2644 in
1091 2591 1249 2646 nobis
1285 2593 1543 2662 peccandi
1574 2594 1859 2651 obsideant

267 2676 412 2743 vias,
442 2685 497 2734 et
518 2678 869 2748 speculentur
895 2696 1110 2753 semper
1137 2689 1300 2753 atque
1330 2683 1382 2739 in
1417 2685 1626 2741 insidiis
1663 2693 1856 2756 agant,

268 2776 337 2822 ut
376 2777 468 2823 aut
493 2767 583 2823 ille
611 2785 679 2824 ex
716 2771 916 2827 misero
943 2772 1163 2829 homine
1191 2789 1501 2830 sermonem
1532 2774 1734 2830 malum
1762 2776 1860 2831 eli-

265 2861 404 2925 ciat,
433 2870 526 2916 aut
548 2861 637 2916 ille
663 2862 908 2933 iniquum
930 2879 1069 2936 opus
1095 2874 1450 2937 extorqueat,
1481 2876 1573 2923 aut
1605 2867 1692 2924 ille
1713 2869 1861 2940 cogi-

265 2952 537 3009 tationem
567 2956 860 3026 pessimam
894 2958 1091 3026 rapiat.
1121 2958 1364 3030 Denique
1400 2968 1455 3016 et
1495 2976 1679 3016 semen
1705 2961 1858 3018 verbi

266 3041 393 3109 Dei,
420 3043 510 3099 ubi
557 3045 704 3103 cadit
729 3055 784 3102 et
810 3047 1036 3118 deperit,
1068 3049 1263 3121 triplex
1307 3051 1634 3107 describitur
1669 3052 1818 3109 locus
1840 3094 1856 3121 ,

231 3133 414 3193 'unus
456 3153 614 3195 secus
647 3140 791 3195 viam
828 3140 1084 3210 refertur,
1128 3144 1222 3214 qui
1267 3144 1622 3200 conculcatur
1647 3147 1717 3201 ab
1763 3146 1862 3202 ho-

263 3227 545 3297 minitas;
578 3229 718 3288 alius
744 3231 800 3287 in
847 3233 1037 3304 spinis,
1068 3233 1206 3291 alius
1235 3235 1290 3290 in
1324 3235 1579 3307 petrosis.
1608 3237 1675 3292 Et
1698 3252 1862 3294 econ-

263 3320 446 3376 trario
485 3330 632 3378 terra
670 3323 811 3379 bona
851 3322 1045 3381 aﬂ'erre
1069 3325 1268 3382 dicitur
1320 3327 1586 3398 triplicem
1624 3327 1863 3385 fructum

261 3409 357 3466 vel
382 3414 737 3470 cenwsimum
761 3455 778 3483 ,
809 3415 895 3471 vel
927 3419 1348 3488 sexagesimum,
1379 3418 1465 3475 vel
1492 3419 1854 3476 tricesimum.

260 3501 366 3557 lsti
387 3517 516 3575 ergo
536 3504 664 3560 trini
688 3513 920 3563 statores
940 3517 1067 3564 sunt
1081 3509 1257 3581 angeli
1281 3526 1514 3582 nequam
1531 3513 1598 3568 de
1617 3512 1862 3568 exercitu

259 3593 598 3661 Pharaonis,
623 3595 717 3666 qui
740 3603 885 3651 stant
907 3597 961 3652 in
989 3598 1360 3670 hujuscemodi
1386 3603 1488 3658 viis
1509 3602 1862 3659 observantes

261 3699 718 3756 unumquemque
765 3695 1009 3742 nostrum
1057 3705 1152 3759 per
1208 3690 1322 3745 haec
1368 3706 1528 3762 agere
1573 3692 1627 3746 in
1672 3708 1862 3762 pecca-

265 3784 414 3842 tum,
456 3792 592 3848 quos
634 3778 912 3851 demerget
939 3779 1198 3836 Dominus
1225 3782 1278 3836 in
1308 3782 1555 3838 Rubrum
1596 3799 1782 3848 mare,
1808 3793 1865 3840 et

265 3870 461 3942 ignitis
478 3887 573 3928 eos
599 3873 650 3928 in
669 3872 862 3944 judicii
885 3873 972 3930 die
999 3875 1254 3933 ﬂuctibus
1276 3877 1455 3934 tradet
1488 3894 1554 3936 ac
1576 3893 1862 3950 poenarum

265 3962 466 4036 pelago
502 3973 664 4036 teget.

354 4073 371 4106 ι
409 4053 606 4126 Abyssi
654 4065 988 4127 operuerunt
1041 4072 1171 4124 eos,
1217 4057 1616 4116 descenderunt
1655 4060 1708 4116 in
1737 4077 1863 4133 pro-

275 4163 300 4199 ι
339 4143 560 4202 fundum
585 4149 737 4217 quasi
765 4147 920 4219 lapis.
953 4169 971 4204 ›
990 4149 1184 4221 Abyssi
1203 4145 1560 4221 utiqueillide
1579 4153 1777 4223 quibus
1806 4151 1862 4207 in

268 4236 401 4307 Job,
426 4240 515 4294 ubi
531 4239 596 4296 de
611 4238 1197 4310 Leviathannarratur,
1225 4244 1484 4315 scriptum
1507 4253 1609 4300 est.
1641 4265 1657 4294 ι
1693 4243 1865 4300 ΑΞειὶ-

271 4333 451 4391 mabit
476 4335 729 4406 abyssum
767 4337 922 4407 quasi
952 4345 1324 4392 senescentem
1355 4335 1476 4408 (Job
1502 4337 1634 4408 xu).
1665 4358 1682 4390 ι
1716 4337 1782 4392 Ει
1807 4336 1863 4392 in

269 4425 569 4499 Evangelia
620 4427 883 4500 rogabant
921 4429 1193 4485 daemones
1219 4428 1405 4484 Jesum
1454 4445 1522 4485 ne
1569 4429 1861 4500 imperaret

1966 556 2266 623 diabolum,
2304 577 2321 609 ι
2367 556 2594 628 alligans
2616 556 2812 612 fortem
2853 563 2909 612 et
2946 571 3077 611 vasa
3124 558 3243 628 ejus
3291 555 3556 629 diripiens

1965 649 2180 722 (Matth.
2212 648 2330 721 xu),
2371 670 2391 703 ι
2434 659 2599 720 atque
2623 649 2942 715 draconem,
2964 658 3272 720 serpentem
3297 649 3557 707 videlicet

1964 741 2248 811 antiquum
2272 781 2289 808 ,
2329 740 2424 810 qui
2471 739 2642 796 cauda
2671 755 2769 794 sua
2807 737 3046 794 detraxit
3079 739 3293 794 tertiam
3341 746 3554 812 partem

1964 831 2201 886 siderum
2229 839 2285 888 et
2321 830 2468 886 misit
2511 831 2566 884 in
2591 838 2843 901 stagnum
2868 828 3010 899 ignis
3035 827 3300 894 ardentis,
3341 827 3434 901 qui
3456 843 3556 899 pa-

1965 930 2118 978 ratus
2147 933 2233 978 est
2257 921 2360 976 sibi
2384 930 2440 977 et
2463 920 2668 992 angelis
2689 920 2836 991 ejus;
2869 919 3014 974 unde
3045 917 3293 988 sequitur
3323 935 3337 973 :

2038 1037 2057 1068 ι
2093 1015 2160 1070 Ει
2189 1016 2242 1070 in
2269 1014 2612 1070 multitudine
2649 1011 2834 1084 gloriae
2887 1021 2993 1066 tua:
3033 1010 3334 1082 deposuisti
3362 1010 3556 1066 adver-

1971 1133 1990 1166 ι
2010 1115 2182 1170 sarios
2196 1128 2364 1168 meos.
2387 1132 2404 1164 ι
2425 1110 2608 1167 Gloria
2625 1111 2811 1181 utique
2824 1107 3243 1166 resurrectionis
3259 1095 3556 1163 Dominica:

1965 1205 2209 1262 confusio
2232 1204 2335 1260 fuit
2353 1212 2515 1274 atque
2543 1202 2800 1258 contritio
2824 1199 3049 1268 diaboli,
3079 1199 3319 1271 quicum
3348 1197 3555 1254 Judaeis

1965 1294 2258 1351 meditatus
2278 1301 2363 1349 est
2392 1301 2621 1350 mortem
2646 1291 2870 1347 Christi.

2041 1411 2060 1443 ι
2097 1391 2287 1446 Misisti
2313 1391 2449 1445 iram
2474 1399 2645 1455 tuam,
2669 1405 2788 1459 quae
2807 1388 3085 1444 devoravit
3106 1403 3200 1443 eos
3216 1388 3357 1444 sicut
3381 1386 3555 1457 stipuo

1971 1507 1989 1539 ι
2025 1485 2154 1542 lam.
2191 1505 2209 1538 ι
2233 1485 2377 1542 Ultio
2401 1485 2714 1549 novissima,
2740 1499 2861 1554 qua:
2884 1482 3099 1538 diabolo
3120 1491 3175 1538 et
3200 1482 3410 1553 angelis
3435 1482 3554 1551 ejus

1966 1575 2258 1647 inﬂigitur,
2315 1574 2528 1629 videtur
2573 1572 2904 1642 patientibus
2951 1586 3073 1625 eam
3117 1571 3196 1626 ira
3243 1585 3397 1636 esse,
3457 1571 3554 1628 sed

1966 1682 2146 1728 tamen
2170 1671 2238 1726 ab
2255 1671 2363 1735 illo,
2389 1669 2480 1740 qui
2504 1668 2757 1724 universa
2781 1683 2902 1722 cum
2920 1664 3552 1737 tranquillitatejudicat,

1966 1763 2083 1818 sine
2104 1761 2512 1833 perturbatione
2537 1759 2707 1815 animi
2736 1759 2819 1813 sui
2841 1758 2988 1828 juste
3015 1757 3396 1828 peccatoribus
3418 1756 3556 1812 irro-

1961 1864 2141 1927 gatur,
2165 1872 2286 1926 quae
2315 1870 2412 1910 eos
2437 1853 2581 1909 sicut
2623 1850 2878 1921 stipulam
2909 1850 3154 1915 devorat,
3183 1848 3311 1920 quia
3338 1847 3556 1905 fortiter

1962 1949 2230 2014 devastat,
2259 1956 2314 2004 et
2339 1963 2406 2002 ex
2431 1946 2578 2002 omni
2605 1953 2760 2017 parte
2791 1942 3018 1999 cruciat.
3109 1986 3131 1997 -

2037 2059 2058 2092 ι
2096 2040 2163 2095 Ει
2187 2040 2242 2095 in
2269 2039 2461 2110 spiritu
2493 2036 2693 2093 furoris
2715 2035 2792 2092 tui
2815 2041 3155 2107 congregatae
3176 2041 3302 2090 sunt
3321 2047 3496 2106 aquae.
3528 2053 3547 2085 ι

1962 2129 2228 2203 Stagnum
2255 2132 2442 2199 utique
2467 2127 2746 2198 sulphuris
2767 2125 3094 2198 condignum
3122 2125 3334 2181 meritis
3362 2140 3553 2180 eorum

1960 2221 2309 2292 impenditur,
2342 2221 2440 2276 sub
2469 2234 2578 2289 quo
2603 2217 2824 2274 dimersi
2853 2223 3077 2287 gemunt
3105 2216 3160 2270 in
3206 2223 3548 2286 perpetuum.

1961 2312 2068 2370 Sed
2097 2313 2222 2384 quia
2253 2313 2367 2368 haec
2398 2326 2561 2384 poena
2591 2310 2659 2366 ad
2686 2309 2956 2381 integrum
2991 2308 3046 2363 in
3083 2307 3382 2363 novissimo
3418 2320 3552 2362 exa-

1960 2405 2104 2460 mine
2131 2403 2486 2480 persolvenda
2515 2401 2651 2467 erit,
2694 2409 2750 2456 et
2787 2402 2919 2458 hora
2942 2399 3195 2455 vindictae
3221 2399 3401 2454 adhuc
3425 2412 3554 2468 pro-

1963 2497 2196 2563 telatur,
2243 2495 2490 2552 hostibus
2535 2493 2752 2550 videtur
2794 2493 3137 2549 occasionem
3187 2489 3554 2564 persequendi

1960 2591 2224 2654 tribuere,
2252 2590 2343 2661 qui
2366 2589 2625 2659 patientia
2649 2587 2744 2642 Dei
2787 2587 3083 2642 abutuntur
3117 2585 3554 2642 thesaurizantes

1959 2680 2060 2736 sibi
2089 2680 2223 2736 iram
2253 2680 2308 2735 in
2331 2679 2417 2736 die
2447 2680 2564 2745 irae,
2595 2688 2650 2734 et
2673 2678 3024 2734 reve.ationis
3040 2675 3174 2746 justi
3205 2674 3398 2746 judicii
3431 2675 3550 2734 Dei.

1959 2772 2095 2829 Cum
2111 2773 2225 2844 ipse
2249 2781 2429 2829 tamen
2453 2772 2759 2827 certissime
2773 2771 2955 2825 veniet
2977 2770 3182 2825 sanctis
3196 2770 3310 2825 suis
3324 2768 3555 2824 reddere

1959 2865 2182 2938 prazmia
2203 2873 2421 2921 aeternae
2443 2863 2812 2926 beatitudinis,
2845 2870 2900 2917 et
2923 2861 3257 2917 adversariis
3280 2859 3397 2917 suis
3419 2859 3553 2916 dare

1960 2957 2256 3013 vindictam
2282 2957 2336 3012 in
2362 2956 2581 3012 ﬂamma
2614 2955 2786 3027 ignis;
2817 2954 2959 3009 unde
2986 2954 3262 3024 sequitur:

2037 3067 2056 3099 ι
2095 3047 2258 3104 Stetit
2298 3047 2443 3103 unda
2482 3046 2683 3112 ﬂuens,
2741 3053 3080 3116 congregata:
3119 3051 3245 3100 sunt
3287 3042 3468 3116 abyssi
3496 3041 3555 3099 in

1972 3160 1989 3193 ι
2026 3139 2202 3196 medio
2228 3139 2385 3194 mari.
2416 3138 2560 3194 Dixit
2583 3137 2864 3192 inimicus:
2889 3135 3194 3206 Persequar
3223 3142 3278 3190 et
3308 3149 3556 3206 compre-

1971 3251 1990 3282 ι
2027 3230 2279 3298 hendam,
2327 3231 2562 3286 dividam
2608 3228 2797 3299 spolia,
2837 3227 3151 3299 implebitur
3176 3227 3357 3283 anima
3393 3241 3551 3294 mea,

1969 3342 1988 3376 ι
2023 3323 2320 3395 evaginabo
2368 3321 2605 3394 gladium
2637 3333 2839 3386 meum,
2888 3318 3181 3374 interﬂciet
3221 3333 3318 3376 cos
3359 3333 3554 3375 manus

1967 3434 1987 3470 ι
2023 3429 2177 3470 mea:
2202 3414 2351 3470 ﬂavit
2375 3414 2598 3484 Spiritus
2627 3421 2751 3469 tuus
2776 3420 2831 3468 et
2856 3411 3070 3483 operuit
3101 3425 3196 3467 eos
3222 3425 3396 3475 mare,
3423 3409 3553 3465 sub-

1968 3525 1986 3560 ι
2023 3506 2188 3562 mersi
2235 3514 2361 3563 sunt
2385 3506 2542 3577 quasi
2585 3504 2864 3577 plumbum
2908 3503 2962 3559 in
3013 3502 3170 3574 aquis
3214 3501 3555 3557 vehementi-

1967 3617 1987 3650 ι
2024 3598 2144 3654 bus.
2190 3617 2209 3651 ι
2259 3618 2277 3650 ι
2309 3597 2525 3664 Misisti,
2558 3597 2756 3667 inquit,
2789 3595 3040 3666 spiritum
3068 3602 3220 3650 tuum
3267 3601 3322 3650 et
3358 3608 3557 3666 coope-

1965 3693 2074 3746 ruit
2123 3707 2219 3747 eos
2271 3707 2439 3746 mare.
2479 3711 2497 3742 ι
2526 3691 2667 3746 Ecce
2705 3689 2817 3760 jam
2857 3690 3049 3761 quinto
3093 3697 3551 3745 commemoratur

1964 3785 2186 3854 Spiritus
2198 3785 2314 3851 Dei,
2341 3793 2402 3840 ut
2424 3785 2474 3839 in
2499 3785 2604 3840 hoc
2627 3800 2854 3839 numero
2876 3783 3207 3853 accipiamus
3228 3791 3283 3839 et
3305 3781 3446 3854 quod
3473 3781 3549 3837 di-

1964 3885 2109 3931 ctum
2139 3885 2220 3931 est
2246 3894 2260 3932 ε
2291 3895 2310 3928 ι
2343 3876 2552 3948 Digitus
2574 3875 2670 3932 Dei
2695 3883 2778 3931 est
2799 3875 2888 3930 hic
2911 3873 3109 3947 (Exod.
3140 3873 3312 3946 νιιι).›
3347 3873 3555 3940 Primo,

1972 3969 2057 4024 ubi
2075 3970 2334 4040 scriptum
2357 3978 2440 4024 est
2468 3988 2480 4023 :
2506 3989 2524 4020 ι
2548 3969 2786 4040 Spiritus
2809 3969 2901 4023 Dei
2917 3966 3195 4024 ferebatur
3209 3981 3554 4038 superaquas

1967 4058 2120 4132 (Gen.
2150 4059 2212 4130 ι).
2267 4081 2284 4111 ι
2334 4057 2588 4115 Secundo
2628 4059 2716 4114 ubi
2759 4059 2991 4114 dicitur:
3019 4076 3036 4108 ι
3067 4057 3183 4124 Non
3215 4055 3557 4127 permanebit

1967 4150 2020 4204 in
2051 4149 2169 4205 istis
2219 4148 2529 4204 hominibus
2575 4148 2810 4218 Spiritus
2838 4163 3027 4210 meus,
3072 4147 3332 4218 quoniam
3357 4159 3552 4200 carnes

1966 4251 2111 4300 sunt.
2164 4265 2182 4297 ›
2217 4243 2431 4309 Tertio,
2461 4243 2550 4298 ubi
2581 4242 2793 4298 Pharao
2819 4242 2954 4298 dicit
2983 4241 3051 4298 ad
3077 4240 3276 4314 Joseph
3307 4259 3319 4296 :
3357 4260 3376 4293 ‹
3415 4242 3555 4310 Quo-

1965 4337 2109 4392 niam
2141 4336 2372 4409 Spiritus
2390 4337 2484 4392 Dei
2503 4345 2586 4392 est
2609 4336 2661 4390 iu
2689 4335 2760 4392 te.
2786 4356 2802 4387 ι
2824 4335 3049 4404 Quarto,
3069 4335 3158 4391 ubi
3183 4337 3552 4391 incantatores

1966 4427 2341 4499 :Egyptiorum
2365 4428 2580 4483 dicunt:
2604 4447 2621 4479 ι
2643 4427 2852 4498 Digitus
2874 4428 2965 4484 Dei
2993 4429 3196 4484 esthic.
3221 4448 3239 4480 ι
3269 4426 3468 4495 Quinto
3495 4427 3552 4485 in

271 4517 383 4575 illis
405 4527 465 4574 ut
489 4520 542 4575 in
559 4520 818 4592 abyssum
846 4521 1007 4589 irent,
1031 4520 1428 4578 descenderunt
1447 4522 1501 4577 in
1531 4521 1859 4594 profundum
1889 4558 1940 4618 Β
1966 4521 2069 4578 hoc
2097 4521 2338 4577 cantico:
2359 4538 2377 4571 ι
2409 4519 2598 4574 Misisti
2624 4519 2886 4589 Spiritum
2907 4530 3057 4575 tuum
3080 4527 3136 4576 et
3155 4519 3436 4589 cooperuit
3457 4533 3555 4576 eos

275 4618 534 4681 tanquam
589 4611 780 4683 lapis:
825 4626 995 4682 quare
1047 4613 1362 4669 ceciderunt
1423 4613 1478 4668 in
1529 4613 1856 4684 profundum

272 4710 533 4772 tanquam
578 4701 748 4772 lapis?
796 4703 924 4774 quia
968 4719 1078 4759 non
1121 4712 1278 4759 erant
1330 4704 1466 4760 tales
1510 4703 1745 4775 lapides,
1791 4705 1859 4762 de

269 4795 473 4866 quibus
508 4797 761 4852 suscitari
811 4805 1032 4869 possent
1075 4797 1173 4852 filii
1206 4798 1518 4864 Abraham,
1548 4799 1642 4853 sed
1691 4798 1856 4866 tales,

269 4889 368 4958 qui
398 4898 648 4945 amarent
673 4888 1000 4961 profundum
1031 4899 1088 4945 et
1125 4889 1392 4961 liquidum
1421 4889 1710 4962 diligerent
1751 4891 1860 4949 ele-

273 4991 544 5050 mentum,
593 4983 646 5039 id
666 4992 771 5049 est,
797 4983 890 5054 qui
935 4999 1179 5039 amaram
1204 4991 1260 5039 et
1281 4982 1479 5039 ﬂuxam
1508 4984 1860 5055 praesentium

271 5089 460 5130 rerum
489 5083 750 5145 cuperent
770 5076 1122 5147 voluptatem.

352 5183 373 5218 ι
409 5163 642 5221 Dextera
656 5175 767 5232 tua,
794 5165 1041 5232 Domine,
1061 5166 1405 5240 magniﬁcata
1417 5169 1572 5224 estin
1590 5166 1862 5226 fortitudi-

277 5275 298 5310 ι
335 5255 675 5322 ne;dextera
704 5257 1078 5324 tua,Domine,
1097 5259 1709 5328 percussitinimicum.»
1730 5259 1862 5328 Quae

272 5357 360 5404 est
386 5348 490 5404 ista
515 5349 758 5416 dextera,
791 5349 897 5404 nisi
925 5347 1014 5404 illa
1043 5349 1110 5405 de
1134 5365 1241 5420 qua
1262 5350 1316 5404 in
1345 5351 1555 5420 psalmo
1595 5353 1861 5422 scriptum

271 5445 390 5495 est:
428 5456 446 5490 ι
484 5436 714 5492 Dextera
760 5437 972 5492 Domini
1015 5435 1142 5493 fecit
1185 5438 1464 5505 virtutem,
1509 5439 1732 5496 dextera
1764 5440 1863 5495 Do-

273 5527 409 5583 mini
452 5527 708 5582 exaltavit
755 5543 839 5583 me
886 5527 1286 5600 (Psal.cxvtt)?
1318 5549 1336 5582 ι
1373 5528 1500 5585 Haec
1542 5531 1596 5585 in
1638 5532 1856 5597 virtute,

266 5618 427 5688 juxta
465 5619 624 5675 aliam
660 5621 975 5686 editionem,
1009 5621 1306 5693 gloriﬁcata
1347 5631 1452 5688 est,
1479 5625 1694 5694 quando
1721 5626 1864 5680 anti-

275 5727 445 5782 quum
475 5712 682 5767 hostem
709 5721 764 5767 et
809 5712 1085 5767 inimicum
1109 5728 1293 5767 verum
1327 5731 1424 5784 per
1455 5715 1631 5770 crucis
1663 5725 1862 5787 myste-

243 5802 421 5858 ‘riutn
461 5803 727 5877 confregit
751 5812 913 5876 atque
949 5803 1252 5874 interfecit,
1277 5812 1332 5861 et
1366 5820 1464 5877 per
1491 5813 1720 5863 mortem
1769 5807 1863 5866 de-

1089 6019 1116 6040 ο

1971 4625 2142 4666 mare.
2175 4629 2193 4661 ι
2222 4609 2625 4666 Meminerimus
2648 4619 2828 4666 autem
2847 4611 3095 4680 spiritum
3117 4611 3235 4676 Dei,
3254 4627 3358 4685 non
3375 4609 3554 4668 solum

1967 4703 2034 4757 ad
2049 4701 2330 4768 beneficia,
2346 4717 2532 4758 verum
2545 4703 2708 4758 etiam
2722 4703 2787 4757 ad
2800 4703 3093 4758 vindictam
3105 4705 3555 4774 commemorari;

1965 4809 2091 4849 nam
2107 4793 2235 4862 quid
2247 4793 2391 4848 aliud
2406 4793 2570 4848 etiam
2593 4808 2754 4864 supra
2769 4792 2940 4848 dixit?
2955 4791 3058 4848 Per
3071 4793 3321 4865 spiritum
3338 4795 3432 4850 ira:
3450 4805 3556 4851 tua:

1965 4885 2136 4942 divisa
2165 4892 2248 4940 est
2275 4901 2434 4956 aqua.
2457 4885 2562 4942 lste
2584 4885 2766 4956 itaque
2787 4885 3010 4956 spiritus
3039 4885 3136 4943 Dei
3168 4886 3221 4942 in
3243 4885 3559 4960 Egyptios.

1965 4995 2095 5034 nam
2125 4977 2352 5048 spiritus
2376 4979 2471 5033 ira:
2505 4975 2643 5046 ejus,
2668 4977 2866 5048 quibus
2897 4979 3084 5035 nocuit
3117 4995 3381 5054 aquarum
3409 4980 3555 5036 divi-

1961 5069 2064 5134 sio,
2091 5077 2151 5124 ut
2184 5070 2454 5124 intrantes
2489 5077 2714 5139 possent
2749 5069 2908 5140 aquis
2957 5071 3314 5128 redeuntibus
3340 5071 3500 5127 obrui
3531 5090 3550 5126 ι

1962 5161 2088 5217 ﬁliis
2129 5177 2257 5217 vero
2297 5161 2481 5228 Israel,
2509 5163 2707 5233 quibus
2751 5161 2975 5234 profuit,
3009 5166 3155 5234 quod
3195 5181 3335 5236 aqua
3371 5165 3548 5221 divisa

1961 5263 2065 5320 est,
2091 5269 2198 5309 non
2239 5252 2339 5308 fuit
2369 5253 2458 5308 ille
2485 5253 2710 5325 spiritus
2731 5255 2826 5310 ira:
2859 5254 2992 5310 Dei?
3021 5254 3178 5312 Unde
3209 5256 3553 5328 significatur:

1962 5354 2182 5418 propter
2217 5345 2464 5400 diversas
2505 5346 2871 5416 operationes,
2925 5356 2982 5404 et
3020 5347 3246 5404 effectus
3289 5347 3545 5418 spiritum

1965 5437 2061 5492 Dei
2102 5435 2440 5492 dissimiliter
2469 5435 2748 5507 appellari,
2772 5451 2896 5493 cum
2919 5438 2992 5494 sit
3013 5453 3153 5493 unus
3183 5446 3346 5509 atque
3378 5435 3548 5506 idem.

1963 5529 2052 5584 ille
2079 5530 2358 5595 duntaxat,
2395 5530 2487 5600 qui
2519 5530 2684 5588 etiam
2723 5541 2946 5587 sanctus
2970 5529 3207 5603 Spiritus
3253 5531 3308 5586 in
3337 5531 3550 5588 unitate

1964 5620 2248 5676 Trinitatis
2303 5620 2588 5691 accipitur.
2633 5620 2866 5676 Proinde
2914 5635 3020 5676 non
3072 5618 3316 5675 arbitror
3352 5619 3550 5687 alium.

1965 5731 2127 5786 quam
2176 5717 2425 5771 eumdem
2481 5714 2816 5786 significari,
2867 5713 2958 5768 ubi
3012 5711 3144 5767 dicit
3202 5711 3546 5783 Apostolus:

1971 5824 1991 5861 ι
2024 5806 2145 5865 Non
2181 5808 2326 5866 enim
2353 5807 2644 5877 accepistis
2674 5805 2922 5877 spiritum
2953 5803 3232 5862 servitutis
3271 5804 3550 5878 iterumin
