3936 6328
430 284 567 342 1107

1016 285 1108 349 Β.
1150 283 1402 341 RABANl
1441 284 1661 343 MAURi
1696 282 2017 340 ARCHIEP.
2053 271 2367 339 HOGUNT.
2405 279 2692 338 OPERUM
2724 279 2907 337 PARS
2944 278 3031 335 111.

3563 273 3718 331 nos

428 400 657 487 timore;
701 403 796 457 sed
844 402 1133 473 accepistis
1159 402 1411 474 spiritum
1453 401 1777 473 adoptionis,
1802 401 1858 456 in
1895 415 2003 469 quo
2026 400 2079 462 Α
2105 397 2217 454 dixi
2247 416 2259 455 :
2292 397 2378 454 Dii
2401 398 2535 455 estis
2557 397 2741 472 (Joan.
2771 397 2849 465 x).
2882 417 2899 447 ι
2931 396 2997 451 Et
3023 395 3222 450 iterum
3256 411 3268 444 :
3309 410 3329 444 ι
3375 391 3524 448 Deus
3546 391 3719 448 stetit

426 493 727 551 clamamus
753 512 765 548 :
796 492 982 562 Abba,
1021 494 1189 552 Pater
1211 494 1389 567 (Rom.
1415 494 1572 565 vni);
1605 514 1623 547 ι
1660 492 1789 564 quia
1816 493 2006 549 eodem

425 585 618 657 spiritu
647 584 766 652 Dei,
789 585 846 642 id
873 594 977 654 est,
1004 586 1173 659 digito
1214 585 1332 653 Dei,
1363 599 1474 657 quo
1508 584 1595 640 lex
1617 572 1673 640 in
1707 583 1904 641 tabulis
1928 582 2008 639 la-

425 675 599 750 pideis
647 678 960 748 conscripta
1004 660 1138 744 est,‘
1164 677 1329 732 timor
1376 676 1628 732 incussus
1658 682 1742 730 est
1786 674 1867 731 eis
1913 672 2007 744 qui

362 763 375 839 ξ
424 767 656 838 gratiam
683 768 921 824 nondum
945 767 1341 839 intelligebant,
1384 776 1444 824 ut
1468 768 1534 825 de
1556 783 1655 824 sua
1683 765 2008 821 inﬁrmitate

377 886 383 894 -
425 867 589 931 atque
617 861 856 931 peccatis
880 861 1174 934 per.legem
1201 862 1671 926 convincerentur,
1703 868 1762 916 et
1790 859 1879 914 lex
1898 856 2008 917 illis

426 949 583 1006 ﬁeret
622 951 978 1025 paedagogus,
1026 968 1135 1024 quo
1173 955 1597 1025 perducerentur
1643 952 1711 1007 ad
1746 950 2004 1024 gratiam,

426 1056 549 1113 qua:
581 1052 665 1099 est
694 1044 746 1097 in
779 1044 884 1100 ﬁde
913 1043 1042 1101 Jesu
1086 1045 1311 1102 Christi.
1348 1046 1425 1100 De
1452 1046 1557 1102 hoc
1591 1052 1769 1099 autem
1810 1042 2008 1115 spiritu

426 1134 736 1205 ad0ptionis
762 1143 818 1190 et
859 1136 1068 1206 gratiae,
1102 1136 1155 1192 id
1202 1146 1303 1201 est,
1334 1136 1401 1192 de
1444 1137 1548 1191 hoc
1588 1150 1753 1209 opere
1783 1132 2006 1206 spiritus

426 1219 548 1288 Dei,
578 1239 687 1294 quo
728 1224 1036 1295 impertitur
1080 1228 1257 1298 gratia
1291 1236 1347 1284 et
1376 1228 1719 1300 regeneratio
1744 1227 1800 1282 in
1820 1224 2009 1303 {itam

426 1319 687 1368 aeternam
712 1355 728 1381 ,
773 1314 974 1371 dicitur
1003 1333 1016 1370 :
1049 1335 1068 1368 ι
1122 1315 1358 1389 Spiritus
1396 1326 1578 1374 autem
1621 1316 1863 1372 viviﬁcat
1910 1313 2009 1388 (II

405 1399 554 1483 ιον.
580 1403 665 1477 ιιι)
686 1445 701 1471 ,
733 1424 753 1457 ι
782 1421 905 1461 cum
929 1421 1090 1479 supra
1117 1408 1411 1475 diceretur,
1448 1428 1467 1461 ι
1496 1408 1677 1464 littera
1703 1407 1947 1471 occidit,
1980 1424 2001 1461 ι

429 1494 483 1551 id
510 1504 612 1564 est,
644 1498 952 1569 conscripta
979 1502 1352 1558 tantummodo
1368 1501 1566 1573 jubens
1593 1502 1711 1558 sine
1733 1498 2008 1570 adjutorio

427 1585 637 1654 gratiae.
664 1585 904 1643 Demersi
934 1598 1076 1654 sunt,
1125 1590 1318 1660 inquit,
1360 1600 1615 1663 tanquam
1646 1590 1923 1663 plumbum
1951 1590 2008 1645 in

426 1690 626 1747 aquam
666 1679 1087 1749 validissimam;
1120 1690 1433 1753 peccatores
1454 1698 1649 1755 graves
1669 1692 1818 1747 sunt,
1851 1682 2004 1738 deni-

2109 490 2165 547 in
2191 490 2605 562 congregatione
2625 490 2871 546 deorum.
2902 507 2921 541 ›
2950 487 3059 542 Sed
3084 485 3162 552 hi,
3187 484 3444 556 quamvis
3471 496 3719 554 capaces

2109 581 2218 637 sint
2236 580 2355 648 Dei,
2389 589 2445 637 et
2474 582 2577 637 hoc
2599 581 2821 638 nomine
2862 580 3052 636 donari
3078 594 3179 650 per
3212 579 3445 650 gratiam
3472 577 3713 633 videam-

2111 666 2237 741 tur,’
2264 672 2446 729 nullus
2470 681 2655 729 tamen
2679 673 2791 730 Deo
2827 672 3022 728 similis
3062 670 3356 736 invenitur,
3384 668 3477 724 vel
3506 669 3567 724 in
3609 684 3715 740 po-

2109 764 2296 831 tentia,
2324 764 2410 821 vel
2438 765 2489 821 in
2514 774 2746 835 natura;
2784 776 2839 823 et
2866 765 2994 821 licet
3023 762 3261 822 Joannes
3312 761 3606 834 apostolus
3634 762 3715 820 di-

2109 864 2197 912 cat
2230 876 2243 911 :
2275 877 2293 909 c
2326 857 2524 923 Filioli,
2549 859 2789 915 nondum
2814 859 3015 915 scimus
3054 857 3183 928 quid
3211 855 3380 912 futuri
3409 870 3615 911 sumus
3642 870 3705 921 ;ι

2109 946 2354 1003 siautem
2388 949 2659 1005 revelatus
2702 949 2853 1005 nobis
2881 948 3066 1015 fuerit,
3107 947 3176 1004 de
3215 947 3453 1004 Domino
3498 945 3721 1002 scilicet

2110 1035 2314 1105 dicens,
2334 1039 2537 1095 similes
2555 1039 2606 1094 ei
2638 1039 2862 1096 erimus.
2888 1038 3196 1095 Similitudo
3225 1046 3405 1094 tamen
3434 1039 3586 1101 haec,
3604 1053 3721 1093 non

2110 1129 2178 1184 ad
2203 1136 2473 1196 naturam,
2498 1130 2595 1185 sed
2626 1130 2695 1187 ad
2722 1131 2952 1203 gratiam
2982 1136 3304 1186 revocatur:
3327 1128 3489 1184 verbi
3518 1143 3715 1194 causa,

2109 1229 2171 1276 ut
2197 1220 2536 1289 si‘dicamus,
2586 1221 2852 1294 picturam
2898 1220 3132 1277 similem
3184 1236 3307 1277 esse
3345 1220 3504 1291 ejus,
3556 1217 3721 1289 cujus

2110 1311 2287 1383 imago
2314 1311 2367 1366 in
2396 1312 2606 1382 pictura
2632 1313 2844 1368 videtur
2873 1326 3130 1388 expressa
3154 1328 3170 1379 ;
3190 1321 3459 1383 quantum
3483 1309 3555 1365 ad
3584 1325 3717 1379 gra-

2110 1405 2241 1461 tiam
2263 1404 2499 1477 pertinet
2522 1406 2671 1462 visus
2701 1405 2894 1462 similis
2914 1405 3138 1472 dicitur,
3168 1414 3435 1476 quantum
3482 1402 3555 1458 ad
3584 1402 3721 1458 sub-

2112 1496 2390 1565 stantiam,
2408 1498 2566 1570 longe
2582 1498 2878 1555 dissimilis.
2893 1497 2987 1553 Illa
3002 1498 3147 1553 enim
3172 1497 3387 1569 species
3409 1496 3607 1553 carnis
3633 1503 3721 1552 est

2111 1599 2168 1646 et
2196 1592 2439 1662 corporis
2479 1590 2607 1657 vivi,
2630 1590 2735 1647 ista
2764 1591 3003 1647 colorum
3032 1589 3187 1647 fucus
3214 1598 3335 1656 est,
3367 1597 3426 1646 et
3457 1604 3593 1645 cera
3636 1596 3721 1643 ta-

2109 1683 2251 1741 bulis
2275 1698 2437 1740 sensu
2485 1685 2800 1741 carentibus
2848 1684 3211 1757 superposita.
3246 1682 3443 1741 Nullus
3471 1697 3611 1754 ergo
3662 1682 3720 1736 in

427 1782 533 1840 que
557 1778 612 1826 et
636 1770 897 1843 iniquitas
934 1788 1099 1844 super
1129 1774 1389 1830 talentum
1409 1773 1614 1846 plumbi
1638 1775 1828 1830 sedere
1856 1789 2013 1829 mon-
2037 1758 2087 1822 Β
2115 1775 2218 1832 diis
2242 1775 2435 1832 similis
2472 1774 2723 1842 Domino,
2765 1774 2945 1832 nullus
2972 1775 3119 1830 enim
3166 1765 3485 1840 invisibilis,
3538 1771 3720 1828 nulla

426 1871 652 1930 stratur,
675 1865 818 1921 sicut
860 1866 1155 1923 Zacharias
1188 1869 1453 1940 propheta
1481 1869 1651 1925 dicit:
1696 1888 1716 1921 ι
1755 1867 1899 1934 Vidi,
1933 1867 2011 1923 in-

426 1954 564 2024 quit,
588 1956 873 2013 mulierem
898 1959 1177 2014 sedentem
1223 1975 1390 2031 super
1418 1960 1679 2017 talentum
1704 1959 1934 2031 plumbi,
1956 1967 2012 2015 et

394 2044 585 2129 .dixi,
619 2063 739 2118 qua:
778 2056 863 2105 est
892 2050 1044 2107 haec?
1086 2059 1141 2108 et
1167 2053 1466 2123 respondit,
1519 2053 1781 2124 iniquitas
1807 2050 2007 2127 (Zach.

424 2136 515 2212 v).
552 2158 571 2192 ι
615 2139 745 2212 lnde
782 2152 866 2198 est
901 2159 1051 2215 ergo,
1079 2146 1223 2215 quod
1271 2145 1443 2217 iniqui
1492 2146 1725 2203 demersi
1779 2153 1906 2202 sunt
1955 2147 2011 2202 in
2086 2216 2093 2220 ν

423 2230 784 2299 profundum,
834 2234 973 2290 sicut
1015 2237 1292 2307 plumbum
1350 2238 1405 2293 in
1460 2254 1601 2310 aqua
1638 2239 2008 2295 validissima:

425 2323 598 2377 sancti
639 2334 818 2380 autem
851 2344 959 2383 non
991 2328 1400 2400 demerguntur,
1432 2331 1530 2387 sed
1551 2330 1831 2387 ambulant
1849 2346 2012 2401 super

392 2464 399 2490 ί
429 2429 623 2485 aquas,
648 2417 777 2485 quia
801 2416 948 2473 leves
978 2428 1125 2487 sunt,
1156 2430 1210 2475 et
1240 2423 1451 2492 peccati
1490 2423 1727 2493 pondere
1758 2438 1865 2479 non
1890 2438 2014 2493 gra-

426 2512 643 2561 vantur.
693 2506 934 2579 Denique
979 2510 1242 2568 Dominus
1266 2522 1322 2569 et
1361 2513 1611 2571 Salvator
1652 2530 1815 2586 super
1844 2530 2013 2586 aquas

424 2594 739 2652 ambulavit.
770 2597 891 2670 Ipse
926 2601 1069 2657 enim
1093 2612 1202 2672 est,
1240 2604 1333 2674 qui
1353 2620 1481 2660 vere
1501 2614 1787 2675 peccatum
1817 2606 2007 2662 nescit.

421 2684 735 2747 Ambulavit
761 2702 818 2745 et
851 2690 1148 2764 discipulus
1168 2694 1286 2766 ejus
1313 2694 1527 2763 Petrus,
1572 2694 1702 2753 licet
1731 2693 2012 2768 paululum

388 2770 394 2863 ς
425 2777 781 2846 trepidaverit
809 2799 822 2834 :
848 2796 958 2838 non
998 2783 1143 2839 enim
1171 2792 1353 2842 tantus
1378 2795 1500 2842 erat
1525 2793 1581 2841 et
1628 2787 1771 2850 talis,
1803 2786 1896 2854 qui
1924 2787 2010 2841 ni-

425 2868 504 2925 hil
539 2873 763 2929 omnino
807 2874 873 2930 de
919 2876 1103 2947 specie
1163 2877 1371 2949 plumbi
1421 2880 1477 2935 in
1527 2896 1587 2937 se
1638 2880 1863 2937 haberet
1921 2877 2014 2933 ad-

430 2960 674 3019 mistum.
707 2962 927 3033 Habuit,
958 2966 1086 3023 licet
1110 2983 1323 3039 parum,
1352 2980 1573 3043 propter
1601 2972 1747 3043 quod
1786 2969 1917 3026 dicit
1945 2969 2014 3024 ad

424 3066 548 3108 eum
595 3055 856 3113 Dominus
889 3076 902 3112 :
939 3078 959 3111 ‹
993 3058 1217 3117 Modica:
1240 3061 1389 3129 ﬁdei,
1436 3078 1607 3134 quare
1650 3063 1950 3119 dubitasti?
1987 3084 2005 3117 ι

426 3145 648 3219 (Matth.
704 3150 842 3225 xiv.)
888 3151 1098 3209 Idcirco
1153 3153 1348 3226 igitur,
1400 3156 1492 3226 qui
1542 3156 1723 3212 salvus
1768 3156 1862 3223 ﬁt,
1915 3171 2015 3227 per

425 3239 605 3311 ignem
633 3241 813 3298 salvus
856 3242 937 3311 fit,
969 3253 1030 3300 ut
1057 3245 1105 3301 si
1130 3246 1261 3316 quid
1286 3246 1431 3303 forte
1472 3247 1541 3302 de
1578 3248 1760 3318 specie
1809 3246 2012 3318 plumbi

427 3331 683 3391 habuerit
711 3336 1027 3406 admistum,
1054 3338 1109 3394 id
1135 3339 1277 3411 ignis
1304 3341 1570 3413 decoquat
1595 3351 1649 3398 et
1674 3342 1930 3409 resolvat,
1953 3352 2013 3398 ut

424 3420 727 3479 efficiantur
751 3442 943 3485 omnes
961 3446 1154 3487 aurum
1182 3433 1381 3489 bonum
1417 3452 1430 3488 :
1457 3435 1584 3506 quia
1612 3449 1805 3489 aurum
1850 3443 2013 3490 terra:

426 3512 572 3570 illius
596 3516 802 3579 bonum
830 3534 953 3576 esse
978 3521 1179 3579 dicitur
1220 3538 1385 3595 quam
1414 3525 1710 3581 habitaturi
1740 3533 1868 3581 sunt
1892 3540 2016 3582 san-

429 3608 534 3677 cti;
565 3618 620 3666 et
647 3611 789 3668 sicut
834 3611 1029 3692 fornax
1064 3617 1261 3688 probat
1300 3634 1515 3686 aurum,
1543 3620 1618 3675 ita
1645 3621 1894 3678 homines
1929 3620 2014 3693 ju-

428 3710 542 3758 stos
609 3705 854 3762 tentatio.
911 3707 1245 3764 Veniendum
1309 3718 1393 3767 est
1453 3726 1584 3784 ergo
1631 3711 1881 3769 omnibus
1943 3713 2013 3769 ad

426 3793 604 3866 ignem
623 3835 642 3862 ,
671 3798 997 3855 veniendum
1022 3809 1107 3857 est
1147 3802 1217 3858 ad
1255 3802 1653 3862 conﬁatorium.
1683 3804 1846 3861 Sedet
1866 3805 2010 3861 enim

425 3885 686 3944 Dominus
713 3900 769 3945 et
796 3888 1017 3960 conﬁat,
1043 3901 1099 3949 et
1144 3904 1341 3967 purgat
1382 3894 1521 3953 ﬁlios
1550 3894 1709 3951 Juda.
1740 3894 1848 3953 Sed
1885 3896 2013 3952 illuc

423 3993 551 4035 cum
576 3980 814 4049 venitur,
844 3983 891 4039 si
916 3984 1007 4054 qui
1035 3984 1203 4042 multa
1234 4002 1401 4058 opera
1422 3988 1587 4054 bona,
1618 3995 1675 4043 et
1693 4002 1883 4058 parum
1912 3986 2013 4042 ali-

426 4071 557 4142 quid
624 4073 928 4145 iniquitatis
986 4076 1267 4145 attulerit,
1328 4077 1459 4133 illud
1511 4093 1705 4149 parum
1755 4086 2011 4149 tanquam

420 4165 701 4238 plumbum
727 4168 851 4240 igne
880 4169 1170 4226 resolvitur
1213 4185 1279 4226 ac
1311 4179 1594 4243 purgatur,
1622 4178 1678 4227 et
1709 4178 1880 4227 totum
1917 4186 2009 4226 re-

422 4268 608 4315 manet
637 4274 832 4315 aurum
863 4276 1081 4331 purum,
1108 4263 1229 4333 etsi
1256 4262 1346 4333 qui
1388 4262 1511 4333 plus
1534 4262 1664 4319 illuc
1686 4260 1891 4334 plumbi
1919 4264 2011 4318 de-

420 4348 631 4417 tulerit,
671 4350 793 4421 plus
831 4352 1098 4419 exuritur,
1140 4361 1202 4408 ut
1225 4351 1456 4424 amplius
1485 4353 1839 4425 decoquatur,
1876 4360 1937 4408 ut
1961 4354 2010 4410 si

2110 1866 2488 1938 incorporeus,
2518 1866 2893 1935 immutabilis,
2923 1866 3103 1923 nullus
3128 1867 3247 1923 sine
3276 1867 3438 1923 initio
3498 1874 3555 1921 et
3599 1865 3721 1920 sine

2110 1958 2238 2025 ﬁne,
2268 1958 2446 2015 nullus
2470 1968 2684 2015 creator
2712 1960 2981 2027 omnium,
3002 1960 3109 2016 nisi
3129 1958 3294 2016 Pater
3331 1975 3465 2017 cum
3496 1958 3643 2016 Filio
3666 1968 3723 2016 α

2110 2052 2314 2125 Spiritu
2340 2061 2553 2119 sancto,
2586 2054 2679 2124 qui
2707 2052 2840 2109 facit
2868 2053 3137 2109 mirabilia
3173 2052 3344 2109 solus.

2186 2165 2205 2198 ι
2242 2144 2547 2201 Extendisti
2572 2161 2792 2201 manum
2816 2155 2966 2202 tuam
2994 2153 3052 2201 et
3075 2144 3359 2201 devoravit
3377 2159 3480 2201 eos
3504 2152 3711 2200 terra.»

2111 2239 2278 2295 Terra
2306 2254 2402 2310 pro
2430 2253 2569 2309 aqua
2592 2238 2846 2293 nimirum
2866 2244 2951 2294 est
2972 2238 3171 2310 posita,
3212 2245 3328 2293 tota
3357 2236 3569 2308 quippe
3590 2250 3717 2307 pars

2110 2332 2214 2388 ista
2245 2340 2512 2398 extrema,
2538 2331 2623 2387 vel
2649 2330 2865 2387 inﬁrma
2908 2329 3097 2387 mundi
3142 2339 3303 2385 terra:
3332 2329 3565 2384 nomine
3592 2342 3716 2385 cen-

2112 2438 2284 2490 setur,
2337 2423 2635 2479 secundum
2681 2423 2735 2478 id
2780 2422 2925 2494 quod
2978 2437 3121 2493 saepe
3165 2421 3389 2487 dicitur,
3421 2420 3599 2487 Deus,
3626 2420 3713 2491 qm'

2112 2514 2242 2575 fecit
2267 2514 2465 2571 ccelnm
2501 2521 2556 2570 et
2591 2525 2817 2570 terram.
2852 2512 2919 2569 Et
2944 2513 3001 2568 in
3029 2512 3178 2569 illius
3215 2511 3417 2584 psalmi
3457 2511 3715 2567 distribu—

2114 2607 2260 2661 tione
2292 2588 2731 2661 commemoratis
2776 2602 3125 2660 cmlestibus:
3154 2621 3173 2654 ο
3202 2600 3481 2669 Laudate,
3520 2596 3710 2672 inruit,

2113 2696 2401 2755 Dominum
2432 2698 2497 2752 de
2528 2704 2672 2752 terra
2706 2692 2878 2769 (Psal.
2909 2692 3163 2766 cnvm),
3202 2713 3220 2746 ι
3267 2701 3324 2748 et
3364 2707 3431 2748 ea
3460 2692 3715 2763 exsequi-

2113 2800 2204 2846 tur
2228 2789 2285 2844 in
2312 2788 2489 2854 laude,
2513 2802 2633 2859 qute
2655 2787 2822 2842 etiam
2852 2786 2919 2841 ad
2944 2800 3115 2856 aquas
3136 2785 3483 2856 pertineant.
3514 2782 3711 2854 Impias

2086 2876 2093 2879 ⁷
2115 2883 2330 2954 quidem
2353 2890 2408 2937 et
2434 2880 2595 2965 hodie
2619 2881 2841 2936 devorat
2866 2886 3041 2947 terra;
3068 2887 3165 2934 aut
3185 2895 3293 2934 non
3318 2878 3420 2933 tibi
3443 2878 3661 2933 videtur
3680 2891 3713 2931 a

2114 2984 2261 3032 terra
2289 2974 2533 3031 devorari
2566 2973 2675 3038 ille,
2713 2974 2807 3044 qui
2836 2988 3053 3044 semper
3079 2972 3146 3027 de
3172 2980 3320 3026 terra
3362 2968 3597 3041 cogitat,
3620 2968 3710 3038 qui

2116 3083 2329 3138 semper
2356 3075 2601 3122 terrenos
2624 3064 2789 3121 habet
2814 3074 2988 3132 actus,
3018 3064 3110 3134 qui
3154 3064 3219 3119 de
3262 3071 3411 3119 terra
3444 3060 3710 3132 loquitur,

2117 3160 2184 3215 de
2226 3168 2373 3214 terra
2409 3156 2602 3228 litigat,
2636 3164 2839 3213 terram
2872 3155 3179 3223 desiderat,
3207 3161 3265 3210 et
3291 3169 3522 3211 omnem
3561 3167 3708 3224 spem

2116 3266 2270 3309 suam
2294 3243 2451 3321 ponit
2482 3249 2536 3305 in
2565 3259 2730 3313 terra,
2758 3247 2851 3319 qui
2887 3246 2952 3303 ad
2978 3246 3177 3302 ccelum
3201 3263 3307 3303 non
3346 3244 3598 3316 respicit,
3621 3242 3711 3316 qui

2114 3342 2295 3397 futura
2320 3354 2430 3396 non
2458 3340 2677 3412 cogitat,
2693 3339 2786 3410 qui
2802 3337 3069 3408 judicium
3103 3337 3199 3393 Dei
3226 3353 3333 3394 non
3364 3337 3591 3401 metuit,
3614 3352 3713 3392 nec

2086 3438 2091 3443 ’
2114 3432 2274 3490 beata
2301 3430 2419 3501 ejus
2453 3430 2721 3503 promissa
2762 3429 3071 3497 desiderat,
3103 3429 3201 3488 sed
3229 3444 3459 3500 semper
3484 3429 3556 3485 de
3581 3444 3711 3499 pra-

2113 3526 2357 3584 sentibus
2385 3525 2584 3597 cogitat
2610 3533 2666 3581 et
2706 3533 2919 3580 terrena
2950 3524 3230 3595 suspirat?
3256 3522 3449 3580 Talem
3484 3539 3613 3580 cum
3634 3523 3713 3579 vi-

2080 3618 2284 3701 deris,
2334 3618 2519 3685 dicito,
2553 3617 2679 3687 quia
2721 3616 3002 3673 devoravit
3045 3631 3171 3672 eum
3221 3622 3409 3685 terra;
3443 3617 3545 3672 sed
3591 3616 3711 3672 etsi

2115 3724 2276 3781 quem
2301 3707 2499 3764 videris
2517 3708 2748 3764 luxuria:
2771 3708 2953 3763 carnis
2970 3716 3028 3764 et
3048 3706 3427 3778 voluptatibus
3462 3706 3710 3778 corporis

2115 3801 2380 3867 deditum,
2430 3801 2483 3856 in
2526 3816 2634 3872 quo
2666 3799 2879 3856 animus
2908 3798 3043 3856 nihil
3086 3799 3262 3867 valet,
3301 3800 3402 3856 sed
3450 3810 3629 3857 totum
3658 3799 3714 3855 li-

2113 3893 2240 3951 bido
2263 3893 2445 3949 carnis
2471 3893 2723 3959 obtinuit,
2746 3891 2910 3948 dicito
2932 3899 2987 3947 et
3009 3892 3076 3948 de
3094 3891 3221 3957 hoc,
3256 3893 3391 3963 quia
3431 3893 3713 3949 devoravit

2112 4001 2235 4041 eum
2263 3994 2427 4042 terra.
2448 3983 2640 4041 Adhuc
2666 3998 2753 4040 me
2775 3992 2975 4052 movet,
2998 3983 3140 4055 quod
3163 3983 3240 4039 ait
3269 4000 3287 4039 :
3329 4003 3350 4038 ί
3400 3984 3709 4041 Extendisti

2113 4077 2391 4135 dexteram
2415 4082 2561 4131 tuam
2583 4081 2640 4130 et
2661 4073 2938 4130 devoravit
2966 4087 3060 4130 eos
3086 4082 3252 4140 terra,
3278 4093 3297 4126 ι
3326 4074 3491 4145 quasi
3536 4083 3601 4131 ut
3624 4077 3711 4132 de-

2112 4174 2373 4224 vorentur
2410 4181 2441 4221 a
2486 4173 2651 4230 terra,
2702 4167 2820 4221 haec
2849 4178 3012 4221 causa
3052 4164 3235 4233 fuerit,
3284 4166 3437 4238 quod
3467 4166 3708 4224 διιευῶ

2112 4264 2374 4322 Dominus
2413 4262 2696 4318 dexteram
2747 4276 2939 4316 suam:
2975 4261 3020 4317 si
3063 4260 3403 4329 consideres,
3430 4259 3707 4334 quomodo

2112 4354 2376 4413 Dominus
2402 4352 2674 4410 exaltatus
2703 4350 2759 4408 in
2787 4366 2950 4409 cruce
2976 4360 3089 4408 tota
3128 4351 3216 4408 die
3238 4354 3494 4409 extendit
3518 4368 3706 4409 manus

418 4454 612 4512 parum
648 4443 853 4515 aliquid
888 4444 1006 4500 auri
1053 4446 1268 4518 purgati
1310 4454 1490 4500 tamen
1542 4444 1812 4513 resideat;
1864 4446 2009 4517 quod
2039 4499 2090 4519 ἢ
2114 4464 2243 4505 suas
2262 4447 2329 4504 ad
2353 4446 2609 4519 populum
2639 4459 2746 4501 non
2776 4444 3086 4501 credentem
3110 4453 3165 4501 et
3212 4446 3702 4511 contradicentem,

417 4533 463 4589 si
491 4534 688 4606 aliquis
722 4536 851 4593 illuc
889 4546 1034 4593 totus
1071 4536 1359 4609 plumbeus
1387 4537 1620 4604 venerit,
1669 4535 1759 4593 ﬁet
1806 4537 1875 4592 de
1911 4537 2007 4595 illo

418 4622 524 4681 hoc
562 4627 707 4697 quod
745 4628 1007 4699 scriptum
1030 4636 1114 4683 est
1140 4648 1155 4681 :
1185 4647 1204 4679 ‹
1240 4626 1585 4700 Demergitur
1636 4627 1693 4684 in
1737 4627 2006 4699 profundo

418 4721 677 4786 tanquam
710 4717 988 4790 plumbum
1010 4719 1065 4775 in
1094 4733 1235 4790 aqua
1259 4716 1615 4775 validissima.
1652 4739 1672 4773 ι

363 4806 367 4815 ⁷
497 4827 516 4859 ε
547 4808 678 4876 Quis
718 4811 912 4866 similis
944 4811 1022 4866 tui
1050 4811 1105 4867 in
1136 4810 1386 4878 fortibus,
1422 4808 1682 4867 Domine?
1705 4809 1829 4882 quis
1853 4810 2004 4867 simi-

420 4920 440 4952 a
480 4900 548 4955 lis
592 4900 669 4956 tui
716 4902 1035 4976 magniﬁcus
1065 4905 1120 4961 in
1169 4904 1477 4971 sanctitate,
1524 4904 1785 4962 terribilis
1838 4913 2001 4976 atque

392 5015 439 5067 Δι
481 4996 805 5064 laudabilis,
859 5006 916 5055 et
970 4997 1177 5056 faciens
1222 4998 1525 5056 mirabilia?
1557 5019 1575 5053 ›
1610 4998 1729 5055 Alia
1786 4997 1999 5056 editio:

419 5107 441 5143 ι
476 5090 610 5159 Quis
637 5090 831 5147 similis
857 5091 949 5147 tibi
990 5093 1046 5148 in
1076 5092 1197 5160 diis,
1240 5091 1496 5159 Domine,
1522 5090 1647 5163 quis
1688 5089 1880 5147 similis
1906 5089 2001 5148 tibi

411 5276 564 5333 ciens
597 5276 877 5349 prodigia?
905 5297 924 5329 ι
955 5275 1108 5345 Quod
1135 5275 1268 5333 dicit
1303 5294 1315 5331 :
1355 5294 1373 5327 ι
1401 5274 1534 5343 Qnis
1584 5273 1779 5331 similis
1812 5272 1911 5331 tibi
1947 5274 2002 5330 in

408 5366 536 5435 diis,
566 5388 584 5422 ι
612 5371 728 5427 sive
752 5370 806 5425 in
837 5368 1091 5437 fortibus,
1118 5384 1227 5425 non
1255 5366 1562 5425 simulacris
1586 5369 1826 5440 gentium
1852 5382 2000 5425 com-

404 5470 567 5537 parat
594 5462 784 5530 Deum,
818 5477 920 5518 nec
938 5462 1295 5528 daemonibus,
1326 5460 1420 5532 qui
1450 5460 1554 5516 sibi
1600 5458 1740 5518 falso
1772 5460 1996 5518 deorum

407 5553 525 5611 sive
554 5552 776 5611 fortium
808 5570 1005 5611 nomen
1035 5562 1335 5625 usurpant;
1381 5551 1477 5610 sed
1520 5553 1652 5609 deos
1691 5552 1811 5609 illos
1842 5541 1999 5620 dicit,

390 5636 502 5715 'qui
523 5660 621 5714 per
648 5648 1056 5717 generationem
1087 5655 1142 5702 et
1176 5646 1648 5718 participationem
1678 5644 1775 5701 Dei
1814 5647 2000 5717 appel-

411 5731 595 5793 lantur
623 5739 720 5805 dii,
750 5739 816 5796 de
841 5740 1036 5815 quibus
1064 5748 1118 5795 et
1142 5739 1269 5797 alibi
1303 5739 1584 5810 Scriptura
1615 5742 1746 5798 dicit
1775 5762 1787 5797 :
1826 5764 1843 5795 ‹
1884 5745 1995 5813 Ego

2039 4499 2091 4561 D

2115 4550 2171 4598 et
2191 4539 2427 4612 qualiter
2449 4536 2723 4593 inﬁdelem
2754 4535 3141 4609 populum,qui
3164 4535 3449 4605 clamavit,
3470 4555 3490 4589 ι
3523 4537 3705 4594 Cruci.

2108 4631 2233 4705 ﬁge,
2250 4629 2507 4702 cruciﬁge
2520 4643 2668 4696 eum,
2692 4648 2712 4681 ι
2733 4644 2877 4685 mors
2908 4627 3129 4684 admissi
3158 4627 3387 4684 sceleris
3410 4627 3700 4699 oppressit,

2105 4725 2387 4783 evidenter
2410 4722 2654 4787 invenies
2677 4722 2946 4793 quomodo
2965 4721 3211 4781 extendit
3229 4721 3521 4778 dexteram
3552 4736 3702 4779 suam

2104 4826 2161 4877 et
2183 4816 2461 4879 devoravit
2488 4815 2607 4872 illos
2658 4822 2825 4872 terra.
2871 4812 2983 4871 Nec
3028 4823 3205 4872 tamen
3260 4815 3483 4886 penitus
3517 4815 3700 4887 despe-

2078 4896 2335 4965 randum
2369 4913 2495 4962 est:
2532 4905 2791 4978 possibile
2829 4920 3063 4978 namque
3092 4916 3178 4962 est
3216 4914 3299 4972 ut,
3344 4906 3392 4962 si
3434 4905 3579 4962 forte
3621 4922 3699 4962 re-

2104 5001 2348 5073 sipiscat,
2377 5000 2468 5072 qui
2488 5000 2780 5058 devoratus
2806 5008 2907 5067 est,
2934 5016 3149 5057 rursum
3173 5001 3570 5073 possitevomi,
3600 5003 3697 5059 sic-

2104 5102 2168 5151 ut
2196 5091 2380 5151 Jonas.

385 5182 680 5256 .gloriosus
721 5183 778 5239 in
804 5184 1040 5250 sanctis,
1071 5184 1337 5240 mirabilis
1384 5183 1439 5239 in
1482 5180 1876 5251 majestatibus,
1918 5179 2001 5237 fa-

2183 5206 2201 5241 ι
2234 5186 2355 5243 Dux
2379 5184 2528 5242 fuisti
2548 5184 2603 5241 in
2633 5182 3011 5241 misericordia
3043 5194 3132 5241 tua
3159 5184 3378 5256 populo,
3410 5200 3577 5258 quem
3611 5202 3694 5242 re-

2110 5299 2131 5335 c
2166 5280 2398 5345 demisti,
2436 5288 2492 5337 et
2527 5279 2759 5352 portasti
2783 5292 2906 5335 eum
2934 5280 2990 5335 in
3013 5276 3335 5337 fortitudine
3368 5292 3463 5335 tua
3490 5282 3561 5337 ad
3603 5282 3693 5336 ba-

2110 5390 2131 5427 (
2164 5371 2462 5428 bitaculum
2510 5380 2758 5428 sanctum
2800 5380 2973 5427 tuum.
3015 5390 3035 5424 ι
3067 5371 3175 5427 Pro
3201 5387 3310 5443 quo
3333 5372 3492 5444 juxta
3536 5372 3691 5427 aliaat

2100 5464 2393 5522 editionem
2416 5463 2613 5536 legitur
2639 5481 2654 5519 :
2683 5482 2703 5516 ι
2728 5462 3054 5520 Gubernasti
3078 5461 3290 5532 justitia
3324 5472 3416 5519 tua
3439 5461 3689 5536 populum

2102 5566 2253 5614 tuum
2298 5558 2463 5623 hunc,
2498 5572 2661 5627 quem
2707 5555 3002 5612 redemisti.
3039 5554 3373 5611 Exhortatus
3406 5570 3470 5611 es
3502 5556 3557 5610 in
3584 5554 3687 5608 viro

2101 5660 2215 5706 tute
2262 5658 2372 5717 tua,
2421 5659 2478 5706 et
2523 5650 2576 5704 in
2626 5628 2921 5706 refectione
2969 5658 3161 5704 sancta
3215 5658 3327 5704 tua.
3368 5668 3387 5701 ι
3434 5647 3689 5704 Dominus

2100 5740 2375 5815 populum,
2394 5756 2555 5813 quem
2569 5740 2820 5797 liberavit
2837 5754 2935 5811 per
2947 5737 3225 5801 lavacrum
3237 5736 3684 5811 regeneraqu
