3936 6328
243 325 392 386 1109

943 326 1301 385 COMMENT.
1344 330 1413 387 IN
1451 332 1745 390 CANTICA
1783 333 1950 402 QUAS
1985 333 2078 387 AD
2116 331 2389 389 LAUDES
2428 333 2803 390 DICUNTUR.

3377 338 3513 394 1110

238 443 457 501 deducit
498 443 551 499 in
577 444 806 514 justitia.
834 444 1154 504 Consolatur
1173 450 1338 506 etiam
1364 452 1479 507 sive
1501 454 1676 509 reﬁcit
1699 468 1824 508 eum
1850 455 1905 516 Α
1930 459 2169 508 transeat
2191 453 2420 523 populus
2444 463 2585 509 tuus.
2614 475 2632 505 ι
2681 454 2799 522 Quo
2828 454 3037 511 scilicet
3067 464 3190 525 post
3222 434 3511 531 transitum

234 552 339 613 per
376 536 801 595 consolationem
838 537 1076 611 Spiritus
1107 542 1279 597 sancti
1302 543 1501 599 virtute
1526 558 1658 608 sua,
1683 553 1735 598 et
1770 543 1824 597 in

238 630 431 702 requie
459 646 588 698 sua;
628 628 934 688 futurorum
964 649 1200 704 namque
1226 636 1433 707 species
1456 637 1826 693 laborantibus

238 721 486 793 requiem
508 723 669 793 parit,
700 723 842 780 sicut
866 732 922 779 et
950 724 1002 779 in
1032 740 1205 797 agone
1231 726 1422 798 positis
1443 726 1680 784 dolorem
1708 726 1826 781 vnl-

236 830 431 870 nerum
460 815 672 885 mitigat
697 830 824 887 spes
850 831 1082 872 coronae.

315 928 335 962 ι
368 908 744 964 Ascenderunt
762 908 945 981 populi
967 916 1021 963 et
1041 909 1164 963 irati
1185 916 1330 973 sunt,
1346 909 1561 966 dolores
1579 909 1827 964 obtinue-

242 1021 262 1056 α
301 1009 431 1057 runt
452 1002 787 1058 habitatores
815 1001 1177 1058 Philisthiim:
1212 1011 1340 1059 tunc
1361 1004 1667 1059 conturbati
1694 1010 1821 1061 sunt

241 1112 263 1147 ι
298 1095 576 1167 principes
605 1094 809 1163 Edom,
840 1097 1091 1151 robustos
1131 1096 1286 1151 Moab
1332 1096 1567 1153 obtinuit
1598 1107 1821 1163 tremor,

240 1206 261 1239 ι
298 1187 654 1258 obriguerunt
699 1203 887 1243 omnes
936 1187 1270 1245 habitatores
1323 1188 1602 1245 Chanaan.
1650 1210 1667 1242 ι
1705 1189 1824 1246 Alia

234 1284 420 1333 autem
470 1277 634 1333 editio
677 1278 757 1333 sic
812 1276 979 1334 habet
1030 1297 1043 1333 :
1099 1298 1119 1330 ς
1170 1279 1473 1335 Audierunt
1532 1290 1721 1352 gentes
1769 1291 1826 1338 et

232 1368 390 1425 iratas
442 1378 585 1435 sunt,
615 1368 830 1425 dolores
864 1371 1409 1441 ‘comprehendcrunt
1462 1372 1825 1428 inhabitantes

228 1459 563 1517 Philisthiim
590 1479 603 1515 :
632 1470 760 1517 tunc
791 1459 1183 1517 festinaverunt
1221 1462 1385 1518 duces
1407 1462 1573 1518 Edoni
1596 1470 1650 1517 et
1678 1464 1826 1533 prin-

229 1552 382 1625 cipes
423 1551 817 1619 Moabitarum,
867 1553 1224 1623 apprehendit
1252 1568 1347 1609 eos
1394 1553 1591 1621 timor,
1632 1553 1821 1609 tabue-

229 1651 365 1698 runt
403 1658 591 1699 omnes
642 1642 1008 1698 inhabitantes
1055 1642 1332 1699 Chanaan.
1374 1664 1392 1697 ι
1430 1643 1702 1712 Quantum
1754 1646 1824 1701 ad

230 1735 519 1791 historiam
572 1733 829 1805 pertinet,
858 1733 1066 1789 nullum
1114 1748 1181 1789 ex
1231 1734 1316 1791 his
1363 1734 1612 1807 gentibus
1653 1735 1822 1790 inter-

1926 541 2109 613 populi
2134 559 2241 599 non
2268 542 2378 599 sint
2424 551 2683 615 tanquam
2712 545 2941 617 lapides,
2974 546 3027 600 in
3054 560 3163 616 quo
3200 549 3337 605 mihi
3365 550 3514 608 vide-

1926 643 2020 690 tur
2042 636 2343 706 prophetiae
2377 637 2579 708 aliquid
2617 638 2809 694 latere.
2850 636 3019 695 Video
3043 641 3189 696 enim
3215 643 3341 712 quia
3364 645 3515 715 prior

1926 726 2176 798 populus,
2208 728 2299 799 qui
2326 726 2427 785 fuit
2453 737 2580 786 ante
2606 744 2727 795 nos,
2753 729 2930 787 factus
2947 738 3035 787 est
3057 740 3316 804 tanquam
3352 736 3512 808 lapis,

1926 820 2097 877 durus
2120 828 2177 889 et
2206 819 2536 876 incredulus.
2566 820 2768 877 Verum
2810 836 2919 879 non
2948 830 3176 879 eatenus
3224 834 3289 880 ut
3332 825 3386 880 in
3436 825 3516 881 le-

1925 912 2066 985 pidis
2091 921 2283 967 natura
2302 920 2640 984 permaneat,
2669 912 2765 969 sed
2804 913 2979 969 donec
3010 921 3258 970 transeat
3280 914 3515 986 populus

1927 1004 2039 1072 hic,
2068 1004 2297 1076 populus
2332 1020 2491 1076 quem
2530 1005 2833 1077 acquisivit.
2860 1004 3087 1063 Caecitas
3105 1007 3250 1063 enim
3272 1023 3340 1063 ex
3362 1017 3520 1080 parte

1926 1098 2191 1169 contingit
2218 1099 2273 1153 in
2296 1094 2461 1153 Israel
2489 1098 2581 1153 illo
2606 1100 2901 1155 secundum
2933 1115 3177 1168 carnem,
3208 1102 3379 1158 donec
3402 1102 3518 1173 ple-

1928 1189 2117 1244 nitudo
2168 1189 2406 1261 gentium
2464 1188 2874 1258 subintroierit;
2941 1198 3073 1245 tunc
3121 1191 3289 1247 etiam
3335 1193 3517 1249 omnis

1926 1278 2114 1344 Israel,
2139 1279 2232 1349 qui
2262 1295 2360 1350 per
2388 1278 2784 1335 incredulitatis
2811 1280 3067 1335 duritiam
3107 1280 3283 1337 factus
3314 1282 3516 1349 fuerat,

1927 1371 2067 1425 sicut
2088 1369 2223 1440 lapis
2246 1370 2564 1425 salvabitur.
2594 1370 2661 1425 Et
2690 1371 2773 1426 vis
2797 1371 2980 1427 videre
3004 1382 3081 1438 tu,
3105 1374 3379 1443 quomodo
3405 1373 3517 1430 sal-

1925 1458 2180 1513 vabitur?
2207 1477 2224 1509 ‹
2256 1456 2456 1515 Potens
2487 1467 2592 1525 est,
2621 1461 2814 1530 inquit,
2844 1460 2987 1517 Deus
3010 1464 3078 1518 de
3103 1462 3374 1534 lapidibus
3399 1479 3517 1521 sub

1926 1550 2095 1604 citare
2144 1548 2282 1605 filios
2323 1549 2574 1607 Abrahae.
2611 1571 2629 1603 ι
2662 1551 2882 1608 Manent
2920 1568 3052 1625 ergo
3100 1554 3306 1625 lapides
3332 1570 3517 1624 nunc,

1926 1643 2097 1698 donec
2127 1651 2368 1698 transeat
2398 1644 2626 1715 populus
2657 1654 2781 1700 tuus
2818 1646 2939 1711 hic,
2980 1661 3142 1716 quem
3193 1648 3516 1717 acquisisti;

1926 1734 2022 1789 sed
2072 1733 2186 1804 ipse
2234 1734 2495 1789 Dominus
2533 1744 2751 1791 creator
2788 1744 2874 1791 est
2923 1738 3188 1793 omnium.
3215 1736 3516 1796 Videndum

228 1825 401 1882 fuisse
448 1824 792 1881 mirabilibus
845 1841 965 1896 quae
1009 1824 1154 1881 facta
1203 1834 1330 1882 sunt
1387 1835 1617 1882 constat.
1676 1826 1821 1895 Quo-
1843 1808 1895 1871 Β
1922 1834 2026 1887 est.
2043 1826 2313 1895 quomodo
2330 1826 2421 1881 hic
2447 1828 2747 1898 acquisisse
2767 1829 2999 1897 dicatur,
3015 1846 3135 1900 qua:
3155 1847 3252 1887 sua
3273 1846 3395 1888 esse
3408 1848 3517 1889 non

226 1920 393 1976 modo
434 1933 563 1991 ergo
595 1917 920 1975 videbuntur
966 1925 1201 1974 tremore
1246 1908 1524 1975 deterrita:
1549 1962 1563 1987 ,
1600 1919 1686 1975 vel
1739 1921 1819 1975 fc-

225 2012 497 2077 stinasse,
548 2018 610 2067 ut
653 2010 818 2077 dicit,
860 2009 943 2066 vel
996 2010 1149 2065 iratze
1201 2024 1360 2076 esse,
1418 2008 1704 2067 festinasse
1764 2022 1820 2066 et

228 2101 481 2159 Moabitae
509 2110 563 2158 et
594 2101 764 2157 Edom
795 2110 851 2159 et
900 2101 1142 2172 reliqum,
1175 2117 1312 2171 quas
1363 2111 1670 2169 enumerat,
1721 2118 1817 2158 na-

224 2194 426 2249 tiones.
461 2192 567 2250 Sed
613 2194 659 2249 si
697 2191 982 2249 redeamus
1028 2193 1095 2248 ad
1136 2193 1547 2265 intelligentiam
1599 2195 1820 2265 spirita-

223 2285 357 2351 lem,
402 2284 642 2341 invenies
675 2284 800 2356 quia
828 2283 1179 2351 Philisthiim,
1210 2285 1263 2339 id
1301 2292 1404 2351 est,
1437 2285 1694 2341 cadentes
1722 2301 1820 2356 po-

222 2377 374 2448 pulo,
405 2384 461 2433 et
507 2376 696 2442 Edom,
733 2377 823 2448 qui
878 2377 1270 2447 interpretatur
1322 2388 1604 2445 terrenus,
1659 2380 1818 2451 trepi-

223 2467 362 2523 dant
390 2475 445 2523 et
468 2468 663 2523 horum
691 2468 932 2522 omnium
947 2467 1222 2540 principes
1247 2470 1514 2524 cursitant
1538 2478 1593 2525 et
1612 2480 1813 2542 pavent

223 2562 505 2618 constricti
548 2562 846 2629 doloribus,
877 2579 1001 2621 cum
1040 2563 1298 2621 videntur
1342 2579 1509 2635 regna
1543 2579 1661 2631 sua,
1694 2581 1817 2635 quae

223 2653 283 2708 in
336 2651 551 2710 inferno
578 2662 724 2721 sunt,
767 2663 1047 2724 penetrata
1077 2655 1147 2710 ab
1171 2670 1269 2722 eo,
1317 2657 1410 2727 qui
1441 2656 1720 2712 descendit
1760 2656 1813 2711 in

223 2744 489 2802 inferiora
537 2755 714 2811 terrae,
744 2755 804 2802 ut
849 2748 1087 2819 eriperet
1129 2764 1225 2805 eos
1273 2749 1366 2820 qui
1394 2749 1817 2820 possidebantur

222 2850 256 2892 a
285 2844 492 2902 morte,
547 2836 633 2893 hic
671 2852 764 2893 eos
810 2838 1223 2908 comprehendit
1272 2839 1434 2894 timor
1485 2848 1540 2895 et
1591 2848 1813 2906 tremor,

223 2927 357 2999 quia
401 2936 688 2983 senserunt
729 2929 1156 2998 magnitudinem
1216 2928 1425 2986 brachii
1484 2929 1619 3000 ejus.
1674 2931 1817 2987 Hinc

221 3019 395 3075 etiam
422 3021 710 3076 tabuerunt
731 3035 921 3076 omnes
948 3020 1256 3078 habitantes
1277 3022 1555 3089 Chanaan,
1576 3025 1668 3096 qui
1697 3041 1818 3079 mu—

223 3110 425 3167 tabiles
473 3112 903 3183 interpretantur
931 3121 985 3168 et
1034 3113 1288 3181 mobiles,
1326 3130 1450 3171 cum
1487 3115 1671 3172 vident
1694 3132 1814 3171 mo-

1924 1918 2146 1975 dubium
2172 1928 2274 1975 est.

1999 2029 2019 2062 ι
2046 2010 2364 2070 Introduces
2383 2027 2476 2069 eos
2494 2009 2522 2079 ,’
2553 2020 2609 2068 et
2634 2013 2905 2084 plantabis
2932 2015 2987 2069 in
3014 2023 3197 2072 monte
3227 2017 3516 2074 hzeredita-

1928 2120 1949 2153 ι
1989 2102 2060 2158 tis
2088 2098 2214 2159 tuae.
2255 2122 2274 2156 ι
2304 2103 2422 2183 Non
2457 2106 2575 2162 vult
2596 2122 2694 2161 nos
2724 2104 2867 2163 Deus
2892 2106 2949 2161 in
2978 2106 3218 2180 Egypto
3244 2109 3514 2180 plantare,

1922 2208 2024 2248 nec
2048 2194 2101 2249 in
2128 2194 2353 2267 deiectis
2381 2204 2435 2251 et
2456 2198 2750 2255 humilibus
2778 2200 2932 2266 locis,
2966 2184 3061 2257 scd
3091 2201 3147 2256 in
3188 2211 3373 2258 monte
3404 2204 3515 2259 hae-

1922 2285 2171 2340 reditatis
2195 2300 2308 2341 suae
2344 2287 2457 2342 vult
2498 2289 2767 2358 plantare,
2798 2306 2934 2361 quos
2980 2291 3209 2361 plantat.
3238 2290 3515 2363 Propheta

1920 2375 2054 2431 dicit
2084 2393 2098 2430 :
2138 2394 2157 2427 c
2193 2376 2418 2433 Vineam
2443 2393 2510 2434 ex
2535 2378 2770 2452 [Egypto
2800 2381 3149 2446 transtulisti,
3172 2391 3227 2437 et
3252 2382 3511 2454 expulisti

1919 2476 2129 2539 gentes,
2156 2478 2213 2525 et
2238 2469 2493 2540 plantasti
2528 2486 2649 2527 eam
2677 2488 2690 2538 ;
2722 2472 2969 2543 pervium
3021 2472 3124 2527 iter
3150 2472 3331 2528 fecisti
3381 2480 3513 2529 ante

1918 2575 2077 2624 eam,
2135 2561 2392 2632 plantasti
2442 2563 2656 2619 radices
2724 2565 2841 2634 ejus
2890 2571 2947 2620 et
3001 2564 3231 2635 replevit
3286 2574 3510 2621 terram.

1918 2650 2145 2723 Operuit
2168 2661 2381 2710 montes
2408 2655 2600 2711 umbra
2632 2654 2751 2724 ejus
2788 2663 2844 2710 et
2894 2655 3117 2711 arbusta
3156 2653 3273 2724 ejus
3318 2655 3513 2711 cedros

1919 2744 2016 2800 Dei
2046 2742 2231 2816 (Psal.
2290 2745 2505 2819 usu).
2543 2765 2561 2797 ι
2606 2745 2859 2801 Advertis
2888 2743 3023 2814 jam,
3057 2746 3329 2816 quomodo
3364 2745 3516 2816 plan-

1922 2844 2000 2891 tat
2050 2834 2227 2902 Deus,
2267 2844 2321 2892 et
2366 2835 2457 2891 ubi
2510 2835 2718 2906 plantat
2762 2850 2777 2889 :
2829 2850 2936 2891 non
2994 2836 3207 2906 plantat
3249 2836 3305 2890 in
3353 2834 3511 2891 valli-

1917 2929 2059 2995 bus,
2098 2929 2193 2984 sed
2238 2929 2295 2983 in
2347 2929 2659 2995 montibus,
2708 2931 2761 2984 in
2811 2928 3038 2985 excelsis
3086 2936 3145 2983 et
3192 2929 3515 2985 sublimibus

1917 3018 2070 3076 locis.
2105 3019 2251 3087 Quos
2286 3020 2429 3076 enim
2474 3018 2657 3075 educit
2695 3036 2761 3074 ex
2812 3019 3080 3091 zEgypto,
3120 3034 3259 3091 quos
3302 3021 3370 3075 de
3408 3033 3512 3076 ste-

1924 3111 2046 3167 culo
2086 3111 2303 3167 adducit
2337 3110 2404 3166 ad
2434 3110 2618 3176 ﬁdem,
2646 3125 2757 3165 non
2799 3109 2915 3164 vult
2940 3124 3035 3166 eos
3081 3109 3280 3166 iterum
3310 3109 3365 3166 in
3404 3109 3510 3165 hu-

222 3202 345 3257 veri
376 3217 537 3274 regna
568 3177 686 3269 sua,
715 3204 925 3275 alligari
957 3204 1151 3261 fortem
1201 3215 1256 3262 et
1274 3177 1413 3262 vasa
1467 3206 1587 3277 ejus
1631 3208 1814 3280 diripi.
1846 3177 1894 3242 ο
1924 3201 2141 3257 milibus
2184 3201 2478 3267 collocare.
2533 3200 2630 3256 sed
2679 3200 3148 3256 conversationem
3180 3214 3370 3256 eorum
3398 3198 3515 3255 vult

309 3310 329 3344 ‹
364 3292 542 3349 lrruat
570 3310 734 3367 super
760 3311 857 3353 eos
889 3295 1151 3352 fortitudo
1180 3305 1235 3352 et
1267 3313 1437 3369 pavor
1462 3297 1521 3354 in
1544 3299 1818 3372 magnitm

226 3402 247 3437 ι
294 3385 421 3441 dine
450 3385 659 3443 brachii
689 3388 783 3443 tui.
830 3407 849 3441 ι
885 3387 1026 3456 Quid
1071 3388 1267 3444 timent
1321 3389 1626 3459 daemones,
1684 3391 1819 3461 quid

220 3478 507 3532 tremunt?
532 3478 651 3534 sine
696 3480 858 3535 dubio
887 3493 1104 3536 crucem
1134 3478 1359 3547 Christi,
1387 3481 1442 3535 in
1488 3496 1595 3552 qua
1628 3481 1818 3537 trium-

215 3568 383 3640 phati
423 3577 569 3635 sunt,
610 3570 665 3625 in
701 3586 807 3641 qua
836 3570 985 3627 exuti
1014 3580 1139 3627 sunt
1166 3573 1504 3644 principatus
1530 3588 1720 3630 eorum
1762 3582 1820 3632 et

217 3666 552 3730 potestates.
593 3658 780 3715 Timor
806 3676 936 3731 ergo
968 3670 1025 3716 et
1066 3670 1273 3717 tremor
1302 3664 1462 3720 cadet
1509 3679 1672 3735 super
1699 3682 1814 3732 eos,

217 3763 355 3805 cum
377 3748 594 3820 signum
619 3749 674 3805 in
714 3751 869 3809 nobis
894 3753 1072 3808 crucis
1099 3752 1333 3808 viderint
1360 3752 1592 3811 fideliter
1628 3754 1816 3824 fixum,

219 3850 285 3899 et
330 3842 759 3915 magnitudinem
784 3843 993 3899 brachii
1040 3844 1204 3912 illius,
1233 3846 1375 3915 quod
1427 3845 1688 3904 Dominus
1714 3864 1815 3904 ex-

218 3934 418 4006 pandit
443 3934 501 3990 in
524 3949 705 4000 cruce,
732 3935 875 3991 sicut
894 3934 1026 3991 dicit
1060 3952 1074 3991 :
1115 3955 1134 3988 ι
1163 3935 1301 3992 Tota
1328 3934 1416 3992 die
1446 3939 1680 4009 expandi
1708 3954 1819 3995 ma.

222 4041 336 4084 nus
360 4041 513 4083 meas
535 4028 603 4082 ad
628 4026 883 4098 populum
929 4042 1037 4082 non
1081 4027 1393 4087 credentem
1436 4037 1495 4085 et
1540 4030 1818 4086 contradi-

223 4128 445 4176 sentem
474 4118 608 4174 mihi
631 4117 804 4177 (Rom.
827 4120 907 4193 ι).
932 4137 952 4171 ι
982 4117 1099 4174 Νοη
1122 4128 1181 4181 te
1195 4135 1326 4192 ergo
1346 4120 1507 4177 aliter
1527 4122 1814 4192 timebunt,

224 4225 339 4267 nec
362 4209 522 4266 aliter
547 4217 752 4269 tremor
778 4219 904 4267 tuus
926 4212 1106 4268 veniet
1134 4226 1299 4284 super
1318 4228 1434 4279 eos,
1460 4214 1565 4268 nisi
1597 4214 1820 4273 videant

226 4306 291 4362 in
320 4310 373 4360 te
400 4317 617 4361 crucem
643 4303 864 4370 Christi,
892 4304 996 4360 nisi
1022 4312 1077 4360 et
1103 4313 1158 4360 tu
1183 4307 1388 4377 poteris
1410 4306 1624 4363 dicere:
1647 4328 1667 4362 ι
1686 4308 1819 4365 Mihi

227 4407 415 4455 autem
444 4397 583 4454 absit
606 4397 849 4468 gloriari,
880 4398 985 4454 nisi
1028 4398 1083 4453 iu
1118 4413 1281 4456 cruce
1307 4398 1523 4455 Domini
1552 4400 1661 4458 mei
1688 4399 1819 4458 Jesu

225 4481 571 4562 Christi,per
595 4505 757 4562 quem
779 4489 914 4547 mihi
940 4490 1173 4547 mundus
1196 4490 1491 4549 cruciﬁxus
1515 4500 1619 4561 est,
1633 4500 1689 4551 et
1715 4508 1817 4567 ego

227 4579 437 4636 mundo
463 4578 609 4650 (Gal.
641 4578 741 4653 vr).
780 4599 801 4634 ι

313 4689 331 4723 ι
363 4669 521 4726 Fiant
542 4669 845 4727 immobiles
872 4669 1027 4741 quasi
1050 4666 1187 4743 lapis
1207 4712 1222 4739 ,
1247 4668 1421 4729 donec
1446 4679 1688 4728 transeat
1716 4687 1816 4742 po-

235 4779 259 4815 ι
297 4760 459 4832 pulus
471 4770 615 4829 tuus,
629 4760 877 4829 Domine,
891 4762 1064 4817 donec
1079 4770 1421 4832 pertranseat
1438 4764 1668 4834 populus
1694 4774 1820 4821 tuus

236 4876 257 4911 ι
293 4857 418 4923 iste,
448 4870 609 4927 quem
650 4854 959 4927 possedisti.
996 4873 1016 4907 ι
1060 4854 1205 4910 Fieri
1256 4864 1516 4927 tanquam
1562 4856 1819 4928 lapidem,

231 4964 347 5007 non
375 4955 459 5005 est
494 4950 684 5005 natura
720 4962 842 5005 esse
873 4945 1140 5018 lapidem;
1187 4962 1296 5003 non
1342 4949 1488 5004 enim
1514 4947 1690 5015 ﬁeret,
1715 4950 1823 5006 nisi

230 5044 383 5119 quod
420 5059 528 5101 non
553 5052 692 5100 erat.
725 5038 839 5099 Hoc
855 5050 1079 5112 propter
1107 5042 1226 5098 illos
1252 5042 1514 5110 dicimus,
1544 5045 1635 5114 qui
1666 5043 1822 5100 malae

233 5148 447 5195 natura:
473 5135 833 5202 Pharaonem,
863 5135 949 5190 vel
992 5133 1281 5209 IEgyptios
1310 5136 1496 5192 dicunt
1530 5136 1720 5204 fuisse,
1766 5145 1823 5193 et

232 5246 345 5288 non
367 5244 437 5285 ex
459 5227 672 5284 arbitrii
691 5227 941 5283 libertate
963 5226 1017 5281 in
1047 5227 1162 5282 haec
1187 5241 1308 5283 esse
1328 5226 1619 5295 deductos;
1653 5228 1746 5284 sed
1767 5235 1825 5283 et

232 5329 460 5395 propter
482 5334 577 5376 eos
607 5319 698 5391 qui
724 5326 1026 5374 creatorem
1053 5317 1222 5373 Deum
1248 5327 1529 5385 accusant,
1564 5328 1822 5389 tanquam

234 5426 461 5476 saevum,
509 5410 655 5482 quod
692 5406 938 5465 homines
983 5414 1158 5464 vertat
1205 5406 1263 5462 in
1310 5406 1534 5480 lapides.
1573 5406 1640 5463 Hi
1691 5423 1820 5479 ergo

234 5503 555 5577 priusquam
598 5501 992 5572 blasphement,
1029 5497 1371 5555 considerent
1412 5514 1620 5554 summa
1658 5499 1819 5555 libra-

237 5598 410 5662 tione,
435 5610 557 5667 quae
582 5593 784 5665 scripta
831 5600 976 5648 sunt.
1004 5587 1123 5645 Non
1161 5588 1305 5644 enim
1338 5589 1493 5653 dixit,
1542 5588 1676 5644 fiant
1701 5598 1819 5646 tan-

236 5704 403 5762 quam
432 5688 588 5761 lapis,
617 5696 674 5744 et
701 5684 889 5751 tacuit,
914 5683 1008 5740 sed
1035 5693 1247 5752 tempus
1291 5680 1478 5737 statuit
1505 5690 1563 5737 et
1604 5697 1820 5740 mensu-

148 5846 157 5857 ,
236 5800 358 5844 ram
402 5781 872 5843 condemnationis
920 5776 1201 5837 decernit:
1234 5775 1313 5833 ait
1361 5775 1540 5843 enim,
1593 5796 1611 5827 ι
1648 5777 1819 5833 donec

1920 3308 2044 3349 esse
2105 3291 2390 3348 sublimem
2416 3333 2431 3359 ,
2481 3292 2598 3348 vult
2627 3307 2728 3349 nos
2794 3292 2851 3347 in
2914 3290 3189 3348 montibus
3232 3291 3510 3358 habitare;

1920 3383 2017 3440 sed
2047 3392 2102 3440 et
2126 3383 2180 3437 in
2222 3382 2355 3452 ipsis
2398 3382 2747 3438 nihilominus
2789 3382 3066 3438 montibus
3105 3398 3215 3438 non
3254 3383 3370 3439 vult
3414 3398 3514 3439 nos

1918 3490 2020 3546 per
2069 3484 2270 3530 terram
2318 3488 2536 3546 repere,
2578 3489 2680 3531 nec
2722 3473 2867 3529 ultra
2924 3474 3045 3530 vult
3094 3475 3307 3535 vineam
3355 3491 3510 3533 suam

1920 3565 2072 3620 humi
2097 3563 2337 3635 dejectos
2364 3565 2568 3620 habere
2592 3563 2832 3630 fructus;
2859 3554 2959 3621 sed
2981 3564 3093 3621 vult
3116 3566 3369 3636 palmites
3392 3563 3511 3635 ejus

1922 3670 2137 3714 sursum
2163 3657 2307 3723 duci,
2328 3657 2385 3712 in
2410 3657 2519 3712 alto
2541 3656 2814 3723 collocari,
2843 3658 3099 3713 traduces
3124 3658 3262 3725 ﬁeri,
3306 3666 3366 3715 et
3398 3666 3511 3713 tra-

1922 3749 2088 3803 duces
2119 3762 2228 3803 non
2254 3748 2310 3802 in
2336 3747 2747 3818 quibuscunque
2766 3746 3061 3803 humilibus
3080 3748 3389 3815 arboribus,
3415 3749 3513 3805 sed

1923 3839 1978 3894 in
2001 3838 2233 3894 excelsis
2249 3846 2305 3894 et
2331 3836 2610 3894 altissimis
2635 3839 2815 3895 cedria
2855 3838 2970 3894 Dei.
2998 3839 3207 3897 Cedros
3254 3842 3352 3897 Dei
3378 3856 3510 3913 ergo

1918 3929 2214 4000 prophetas
2249 3935 2305 3985 et
2351 3927 2624 3999 apostolos
2667 3936 2829 4000 puto,
2856 3928 3055 3999 quibus
3084 3945 3219 3998 nos,
3245 3931 3292 3987 si
3326 3931 3513 4003 adjun-

1922 4036 2116 4092 gamer
2162 4022 2317 4087 vitis,
2367 4036 2531 4093 quam
2590 4022 2658 4077 de
2706 4020 2945 4095 Egypto
2990 4022 3267 4081 transtulit
3322 4023 3470 4080 Deus
3492 4063 3510 4093 ,

1920 4126 1979 4173 et
2016 4131 2116 4189 per
2146 4128 2333 4172 ramos
2369 4128 2559 4172 eorum
2598 4117 2773 4172 nostri
2818 4116 3071 4187 palmites
3118 4116 3508 4185 diffundantur,

1923 4216 2089 4278 atque
2142 4208 2196 4263 in
2250 4208 2384 4278 ipsis
2416 4207 2579 4262 innisi
2624 4208 2875 4263 traduces
2925 4207 3172 4278 quaedam
3213 4205 3512 4263 eﬁciamur

1922 4297 2211 4356 charitatis
2246 4298 2312 4354 ad
2362 4298 2595 4353 invicem
2623 4296 2853 4366 vinculis
2900 4297 3056 4364 nexi,
3108 4295 3346 4353 fructum
3391 4296 3512 4353 sine
3608 4293 3618 4303 ’

1923 4390 2088 4447 dubio
2113 4390 2408 4461 plurimum
2436 4388 2734 4445 afferimus.
2759 4389 2895 4444 Nam
2929 4408 2949 4441 ε
2974 4388 3154 4446 omnis
3173 4389 3361 4456 arbor,
3389 4402 3511 4459 qua:
3608 4396 3619 4403 ’

1922 4496 2033 4537 non
2079 4479 2212 4536 facit
2258 4479 2492 4537 fructum
2537 4481 2761 4547 bonum,
2786 4479 3066 4536 excidetur
3115 4486 3172 4534 et
3216 4479 3274 4534 in
3328 4478 3510 4550 ignem

1842 4538 1898 4605 Ῑ)
1921 4573 2168 4629 mittetur
2186 4571 2402 4644 (Matth.
2422 4571 2531 4643 ιιι).
2560 4590 2580 4624 ι

1998 4693 2017 4725 ι
2037 4672 2376 4728 Firmissimo
2399 4671 2708 4729 habitacqu
2736 4680 2852 4737 tuo,
2868 4669 3016 4742 quod
3028 4678 3286 4742 operatus
3305 4684 3388 4738 es,
3406 4670 3510 4728 Do-

1926 4783 1946 4818 r
1972 4764 2136 4821 mine.
2164 4785 2183 4814 ι
2204 4764 2335 4819 Vide
2357 4760 2648 4819 clementis'
2666 4763 2879 4818 Domini
2908 4763 3208 4818 bonitatem
3231 4778 3371 4818 :non
3391 4762 3515 4821 vult

1923 4867 1977 4915 te
2002 4858 2261 4913 inducere
2302 4858 2369 4913 ad
2396 4857 2658 4923 laborem,
2687 4874 2793 4913 non
2822 4856 2938 4911 vult
2982 4862 3042 4911 ut
3068 4855 3184 4927 ipse
3208 4856 3306 4913 tibi
3334 4856 3509 4913 facias

1927 4950 2313 5016 habitaculum,
2334 4950 2445 5022 jam
2474 4957 2528 5005 te
2553 4950 2620 5004 ad
2650 4952 3010 5020 praeparatam
3050 4948 3272 5005 deducit
3298 4949 3510 5005 habita-

1925 5046 2149 5100 tionem.
2198 5042 2336 5096 Audi
2376 5041 2661 5096 Dominum
2717 5041 2774 5096 in
2820 5038 3113 5110 Evangelio
3164 5040 3434 5096 dicentem
3488 5058 3505 5096 :

1932 5154 1951 5186 ι
1988 5134 2095 5189 Alii
2136 5132 2518 5187 laboraverunt
2535 5138 2592 5186 et
2612 5147 2710 5188 vos
2736 5130 2978 5186 laborem
3004 5146 3194 5187 eorum
3238 5130 3508 5189 introistis

1926 5223 2111 5298 (Joan.
2142 5222 2238 5294 ιν).
2270 5238 2287 5273 ι

2003 5332 2022 5367 ι
2059 5313 2460 5379 Sanctuarium,
2486 5313 2733 5379 Domine,
2765 5314 2907 5384 quod
2930 5313 3284 5371 ﬁrmaverunt
3311 5326 3507 5370 manus

1931 5427 1952 5461 ε
1984 5416 2106 5463 tuae.
2140 5427 2160 5461 ι
2196 5406 2580 5463 Sanctuarium
2610 5409 2725 5465 sive
2753 5409 3171 5465 sanctimoniam
3191 5407 3389 5463 dicitur
3416 5414 3503 5462 ta-

1923 5498 2277 5554 bernaculum
2312 5498 2407 5554 Dei
2434 5497 2579 5553 velut
2611 5499 2864 5569 templum
2894 5500 2963 5554 ab
2996 5516 3093 5563 eo,
3126 5498 3270 5569 quod
3299 5495 3505 5553 sancti.

1926 5591 2054 5648 ﬁcat
2077 5591 2411 5657 accedentes,
2427 5590 2531 5647 hoc
2545 5606 2651 5647 non
2669 5592 2800 5647 dicit
2824 5606 2986 5646 manu
3015 5588 3254 5644 hominis
3278 5587 3504 5657 factum,

1925 5684 2020 5740 sed
2042 5698 2202 5738 manu
2233 5681 2464 5750 Βοὴ(ὶυί
2490 5698 2623 5754 ergo
2650 5692 2870 5757 prapter
2892 5691 2944 5736 te
2974 5680 3116 5736 Deus
3129 5689 3181 5735 et
3209 5680 3434 5751 plantat,
3450 5688 3509 5739 et

1925 5773 2175 5843 aedificat,
2192 5774 2424 5847 agricola
2440 5772 2687 5838 efﬁcitur,
2702 5783 2937 5831 structor
2957 5772 3200 5840 efficitur,
3216 5788 3284 5829 ne
3300 5773 3396 5830 tibi
3413 5771 3510 5831 alii
