3936 6328
593 379 729 444 illi

1230 387 1290 443 Β.
1335 375 2163 444 ΙίΑΒΑΝ1ι’ΜΑΙ]ΒΙ”ΑΒΟΗΙΕ1

2247 383 2560 442 MOGUNT.
2602 384 2890 443 OPERUM
2927 382 3103 442 PARS
3139 385 3218 442 ill.

3608 401 3694 460 illi

590 507 721 579 quid
743 508 900 564 desit.
926 505 1064 562 Audi
1086 515 1141 562 et
1173 507 1399 564 Paulum
1425 509 1635 566 dicere:
1658 509 1790 566 «Dei
1819 509 2170 580 agricultura,
2199 512 2253 571 Α
2277 508 2373 565 Dei
2399 551 2413 575 ,
2458 529 2477 562 ι
2511 517 2564 566 ει
2601 510 2654 566 in
2683 509 2978 567 centesimo
3023 511 3192 581 primo
3217 529 3228 564 :
3263 529 3279 561 ι
3311 509 3465 567 Oratio
3502 524 3694 588 pauperis,

592 599 695 657 Dei
709 599 995 658 aediﬁcatio
1011 600 1144 656 estis
1166 599 1219 673 (Ι
1250 599 1373 656 Cor.
1405 600 1514 672 ιιι.)
1547 621 1566 654 ι
1596 600 1751 669 Quod
1775 616 1906 673 ergo
1927 601 2069 657 istud
2093 609 2176 656 est

591 691 1187 761 sanetimonium,quod
1215 706 1322 746 non
1349 707 1508 746 manu
1537 692 1816 748 hominum
1845 690 2044 748 factum
2070 701 2172 758 est,

590 785 688 840 sed
719 783 970 839 manibus
993 782 1088 838 Dei
1131 791 1400 853 paratum,
1440 782 1564 838 audi
1611 782 1942 854 Sapientiam
1995 784 2176 840 dicen-

593 885 721 942 tem,
749 875 875 947 quia
909 894 928 927 ‹
957 875 1241 930 aediﬁcavit
1271 876 1372 931 sibi
1402 877 1622 932 domum
1648 873 1829 948 (Prov.
1856 877 1955 938 rx).
2007 896 2025 928 ι
2063 877 2174 947 Ego

587 975 770 1022 autem
821 968 924 1021 hoc
952 965 1017 1020 de
1065 966 1442 1020 incarnatione
1475 964 1691 1021 Domini
1738 966 1938 1021 rectius
1973 965 2170 1021 intelli-

588 1060 820 1131 gendum
840 1066 1001 1129 puto;
1035 1073 1141 1114 non
1164 1059 1308 1113 enim
1339 1074 1503 1113 manu
1531 1058 1808 1114 hominum
1836 1059 2036 1114 factum
2065 1065 2172 1123 εει,

588 1148 643 1204 id
667 1158 772 1215 est,
798 1163 905 1204 non
925 1163 1087 1219 Opere
1113 1149 1350 1204 humano
1374 1149 1632 1218 templum
1672 1149 1855 1203 carnis
1875 1147 2174 1203 aedificatur

585 1241 642 1295 in
673 1239 900 1310 virgine,
922 1239 1017 1294 sed
1045 1239 1182 1294 sicut
1223 1255 1385 1310 supra
1414 1239 1674 1309 scriptum
1709 1249 1792 1296 est
1825 1240 1878 1294 in
1910 1239 2129 1295 Danicle
2154 1257 2166 1292 :

590 1351 610 1384 ι
650 1332 812 1404 Lapis
841 1333 958 1388 sine
1001 1332 1251 1386 manibus
1286 1331 1502 1387 excisus
1540 1331 1740 1387 crescit
1781 1339 1838 1386 et
1884 1330 2059 1386 factus
2089 1339 2172 1386 est

585 1438 742 1478 mons
791 1438 1017 1493 magnus
1051 1421 1213 1494 (Dan.
1252 1422 1336 1493 ιι).
1373 1442 1392 1474 ι
1421 1421 1567 1476 Istud
1617 1429 1701 1478 est
1753 1421 2171 1478 sanctimonium

583 1514 766 1569 carnis
799 1521 1089 1582 assumpta:
1128 1523 1182 1567 et
1227 1513 1344 1568 sine
1387 1512 1670 1578 manibus,
1709 1512 1765 1566 id
1815 1521 1919 1578 est,
1968 1512 2172 1581 absque

583 1621 749 1676 opere
793 1606 1075 1662 hominum
1103 1605 1170 1660 de
1197 1613 1380 1660 monte
1420 1605 1670 1660 humanae
1711 1613 1919 1660 naturae
1948 1613 2003 1660 et
2039 1605 2168 1660 sub—

583 1697 785 1753 stantia
811 1697 993 1754 carnis
1021 1696 1286 1752 excisum.

664 1809 683 1842 ‹
716 1788 977 1844 Dominus
1000 1787 1248 1859 regnabit
1274 1787 1327 1841 in
1353 1795 1616 1842 :eternum
1637 1797 1692 1843 et
1709 1787 1870 1843 ultra.
1897 1807 1915 1840 ›
1936 1787 2054 1843 Alia
2076 1803 2171 1843 au-

2278 614 2402 654 cum
2439 601 2630 655 anxius
2660 599 2844 666 fuerit,
2873 617 3054 656 coram
3082 601 3291 656 Domino
3324 601 3525 658 elfudcrit
3556 623 3694 676 precem

2244 707 2467 758 .suam;
2500 712 2519 745 ι
2554 699 2610 748 ει
2657 692 2829 748 sicubi
2875 693 3002 748 alibi
3052 706 3235 748 nomen
3277 694 3495 751 orationis
3533 699 3696 772 infertur,

2263 790 2514 856 attamen
2547 783 2695 840 nullo
2737 784 2856 840 loco
2891 800 3014 840 cum
3055 785 3252 840 cantico
3287 785 3476 857 legitur,
3511 800 3552 844 et
3586 797 3697 852 uestio

2277 891 2345 930 an
2396 877 2593 933 decens
2639 877 2709 933 sit
2748 892 2908 934 orare
2949 894 3073 934 cum
3101 879 3331 944 cantico,
3357 880 3443 935 nisi
3480 881 3581 938 forte
3605 885 3698 953 juxta

2279 965 2631 1038 Septuaginta
2667 983 2824 1023 orare
2853 968 3080 1023 dicimus
3128 968 3414 1039 Prophetam
3442 987 3520 1040 pro
3553 976 3697 1031 adventu

2275 1054 2516 1120 Christi,
2565 1065 2621 1112 et
2665 1058 2768 1114 hoc
2814 1058 2990 1128 ipsum
3036 1074 3155 1114 cum
3202 1059 3505 1117 delectatione
3543 1074 3582 1118 et
3613 1066 3698 1135 psal-

2275 1147 2380 1202 mis
2409 1155 2464 1202 et
2491 1149 2706 1204 cantico
2731 1150 3077 1219 prophetare,
3104 1159 3161 1203 ut
3186 1151 3237 1204 in
3258 1165 3334 1216 eo,
3357 1153 3476 1220 quod
3498 1157 3620 1210 oratio
3636 1166 3696 1222 est,

2274 1235 2596 1306 deprecetur
2619 1239 2859 1306 Patrem,
2892 1249 2948 1294 et
2984 1241 3038 1295 in
3077 1256 3142 1296 eo
3168 1241 3298 1311 quod
3324 1243 3565 1308 canticum,
3592 1243 3698 1302 Patris

2275 1329 2368 1399 qui
2398 1330 2607 1384 miserit
2637 1329 2856 1396 Filium,
2884 1339 2940 1386 et
2973 1330 3094 1386 Filii
3113 1331 3203 1403 qui
3223 1333 3423 1398 venerit,
3452 1333 3696 1390 iausditatur.

2277 1421 2384 1478 Sed
2408 1423 2600 1478 melius
2610 1423 3107 1494 juxta-Hebraicam
3129 1426 3387 1480 veritatem
3403 1425 3698 1497 legitur:0ratio

2276 1511 2532 1569 Habacuc
2559 1515 2840 1585 prophetae
2861 1531 2960 1584 pro
2988 1516 3406 1588 ignorationibus.
3426 1516 3698 1588 Contemplatus

2275 1605 2422 1660 enim
2465 1605 2736 1676 Propheta
2765 1615 2967 1663 statum
3003 1606 3185 1662 saeculi
3221 1608 3467 1676 praesentis
3486 1608 3698 1678 videratpa.

2276 1713 2398 1754 cem
2443 1708 2812 1769 peccatorum,
2851 1709 2910 1756 et
2957 1699 3266 1756 atilictiones
3289 1700 3555 1771 proborum;
3577 1703 3698 1757 rident

2274 1789 2470 1859 impios
2505 1789 2780 1845 abundare
2816 1791 3054 1857 divitiis,
3095 1799 3150 1847 et
3187 1792 3466 1847 innocentes
3490 1791 3697 1862 quotidiani:

583 1889 694 1936 tem
719 1880 886 1936 editio
913 1881 992 1935 sic
1020 1880 1183 1934 habet
1207 1895 1222 1933 :
1258 1896 1276 1930 ι
1299 1877 1400 1945 Qui
1427 1893 1621 1949 regnas
1649 1879 1703 1935 in
1729 1888 2014 1946 aeternum,
2032 1889 2088 1934 et
2115 1878 2171 1934 in
2199 1893 2248 1954 Β
2275 1877 2546 1948 subjectos
2565 1895 2687 1936 esse
2711 1879 2971 1951 ﬂagellis;
2995 1883 3201 1938 viderat
3225 1882 3275 1936 in
3301 1882 3405 1937 loco
3423 1883 3566 1954 judicii
3585 1885 3696 1953 impie-

583 1971 842 2028 steculum
887 1980 944 2028 et
980 1971 1178 2025 adhuc.
1239 1989 1258 2022 ›
1304 1969 1532 2038 Quoties
1573 1970 1627 2025 in
1676 1970 1929 2027 saeculum
1973 1971 2173 2026 dicitur

584 2062 864 2135 longitudo
893 2063 1110 2135 quidem
1139 2063 1420 2132 temporis,
1454 2064 1548 2120 sed
1577 2079 1698 2120 esse
1725 2065 1851 2122 finis
1873 2065 2066 2135 aliquis
2092 2066 2171 2121 in-

583 2145 819 2224 dicatur,
849 2157 951 2214 etsi
996 2156 1051 2212 in
1096 2155 1244 2212 aliud
1273 2156 1529 2211 saeculum
1565 2156 1799 2224 dicatur,
1829 2158 2024 2227 aliquis
2052 2157 2172 2214 sine

577 2247 741 2305 dubio
778 2248 990 2320 longior
1016 2247 1257 2318 quidem,
1290 2255 1473 2302 tamen
1517 2249 1726 2316 potitur
1754 2248 1900 2314 finis,
1931 2256 1986 2304 et
2030 2264 2168 2319 quo-

576 2343 683 2398 ties
736 2341 930 2398 saecula
976 2340 1294 2427 saeculorum
1341 2339 1718 2407 nominantur,
1759 2341 2012 2406 fortasse,
2041 2341 2170 2398 licet

579 2433 798 2502 ignotus
826 2432 1006 2497 nobis,
1035 2441 1218 2486 tamen
1261 2446 1292 2484 a
1319 2430 1432 2485 Deo
1459 2438 1695 2487 statutus
1739 2431 1936 2502 aliquis
1975 2431 2166 2487 termi-

578 2541 683 2580 nus
717 2525 1030 2593 indicatur;
1059 2527 1204 2597 quod
1230 2543 1363 2583 vero
1411 2528 1618 2584 addidit
1665 2527 1719 2581 in
1770 2526 1874 2580 hoc
1903 2525 2022 2582 loco
2059 2545 2077 2578 ι
2112 2534 2169 2582 ει

577 2613 752 2682 ultra,
790 2636 809 2668 ι
838 2617 981 2683 sive,
1016 2626 1070 2672 et
1093 2618 1292 2684 adhuc,
1325 2619 1532 2674 nullum
1559 2633 1781 2675 sensum
1808 2618 2030 2674 termini
2068 2617 2168 2673 ali-

577 2703 736 2775 cujus
763 2715 860 2762 aut
892 2707 1017 2763 finis
1044 2709 1280 2778 reliquit.
1314 2709 1684 2780 Quodcunque
1722 2710 1868 2764 enim
1909 2710 2042 2766 illud
2069 2725 2164 2767 co-

572 2799 852 2870 gitaveris,
879 2799 936 2854 in
972 2815 1080 2870 quo
1104 2800 1268 2855 finem
1307 2811 1466 2871 putes
1491 2815 1652 2873 posse
1679 2801 2001 2867 consistere,
2026 2816 2166 2856 sem-

570 2906 671 2961 per
700 2892 797 2948 tibi
830 2891 962 2948 dicit
989 2907 1170 2948 sermo
1194 2894 1544 2964 propheticus
1562 2935 1578 2961 ,
1607 2912 1627 2946 ι
1655 2902 1711 2950 ει
1741 2894 1939 2960 adhuc,
1972 2913 1991 2946 ι
2018 2895 2168 2950 velut

571 2984 620 3038 si
651 2984 903 3056 loquatur
926 2987 995 3042 ad
1035 2993 1086 3040 te
1123 2994 1180 3040 et
1201 2987 1346 3042 dicat
1375 3005 1388 3040 :
1416 2985 1584 3044 Putas
1607 2987 1662 3043 in
1697 2987 1953 3044 saeculum
1983 2986 2164 3043 saeculi

570 3074 860 3131 Dominum
904 3087 1286 3148 regnaturum,
1342 3086 1400 3134 et
1435 3079 1612 3134 adhuc
1653 3087 1814 3150 putas
1857 3079 1914 3134 in
1962 3079 2164 3135 saecula

571 3167 927 3235 saeculorum,
959 3177 1016 3224 et
1041 3169 1238 3236 adhuc,
1267 3179 1324 3224 et
1367 3171 1726 3241 quodcunque
1774 3170 1905 3226 illud
1959 3171 2163 3227 dixeris

2272 1977 2464 2038 tatem,
2491 1979 2547 2027 et
2574 1971 2632 2026 in
2662 1971 2781 2028 loco
2797 1973 3032 2043 Justitiae
3058 1974 3406 2044 iniquitatem;
3429 1975 3586 2029 viderat
3598 1974 3697 2046 hcq-

2271 2080 2390 2121 mas
2435 2064 2789 2121 innocentum
2809 2107 2826 2132 ,
2875 2075 2930 2122 et
2965 2067 3348 2124 consolatorem
3389 2068 3616 2134 neminem,
3645 2084 3698 2123 nec

2267 2163 2432 2220 posse
2460 2150 2716 2207 resistere
2752 2151 3206 2208 calumniatorum
3237 2153 3472 2209 violentiae
3497 2162 3696 2208 cunctorum

2272 2239 2473 2296 auxilio
2501 2241 2822 2310 destitutos;
2848 2243 3160 2314 sciensque,
3181 2246 3317 2316 quod
3338 2245 3437 2302 haec
3458 2254 3504 2301 et
3524 2246 3696 2302 innumera

2269 2344 2615 2400 nequaquam
2645 2332 2850 2404 absque
2887 2334 3074 2391 divina
3105 2337 3396 2406 provisione
3419 2337 3696 2408 pomissentac-

2269 2423 2471 2492 cidere,
2499 2425 2825 2482 turbabatur
2849 2427 3060 2495 animo,
3087 2438 3142 2486 et
3171 2429 3350 2488 intimo
3372 2446 3430 2487 ex
3453 2431 3574 2487 corde
3595 2430 3696 2502 gravi-

2270 2523 2355 2568 ter
2382 2515 2664 2586 suspirans
2693 2517 3026 2574 exclamavit
3051 2521 3120 2575 ad
3141 2519 3439 2577 Dominum:
3466 2520 3694 2588 «Usqueqno.

2268 2604 2518 2671 Domine,
2549 2606 2828 2672 clamabo,
2858 2617 2914 2665 et
2960 2626 3073 2667 non
3114 2613 3376 2679 exaudies,
3401 2608 3696 2668 vociferaborad

2269 2698 2452 2753 tevim
2477 2698 2715 2768 patiens,
2748 2711 2804 2756 et
2839 2717 2947 2758 non
2976 2701 3211 2760 salvabis
3243 2703 3448 2776 (Hahae.
3473 2702 3566 2774 1)?»
3590 2710 3624 2755 et
3644 2701 3698 2752 ite-

2269 2802 2428 2841 rum:
2456 2804 2476 2838 ι
2504 2787 2686 2845 Mundi
2723 2797 2849 2846 sunt
2890 2792 3038 2848 oculi
3083 2794 3193 2860 tui,
3230 2809 3296 2849 ne
3318 2793 3477 2848 videas
3500 2790 3698 2853 malum,et

2231 2917 2237 2922 -
2268 2879 2541 2948 respicere
2561 2880 2628 2936 ad
2659 2881 3005 2954 iniquitatem
3031 2900 3141 2942 non
3160 2895 3325 2957 potes.
3343 2883 3493 2953 Quare
3509 2898 3583 2938 non

2268 2968 2347 3024 cis
2391 2985 2553 3041 super
2585 2971 2770 3042 iniqua
2816 2983 3042 3046 agentes
3084 2985 3142 3034 et
3185 2986 3325 3033 taces
3363 2971 3697 3041 devoranteimpio

2223 3087 2226 3090 -
2260 3059 2547 3132 iustiorem
2573 3065 2672 3122 se?
2695 3074 2751 3122 et
2779 3065 2950 3124 facies
2975 3069 3228 3126 homines
3255 3069 3394 3139 quasi
3417 3068 3554 3138 pisces
3579 3062 3696 3124 maris,

2266 3153 2422 3222 quasi
2446 3155 2638 3224 reptile
2661 3170 2770 3211 non
2789 3157 2999 3214 habens
3025 3159 3317 3231 principem
3347 3155 3520 3230 (lbid.).
3545 3174 3558 3206 ι
3581 3152 3696 3206 terum

572 3259 640 3313 de
671 3259 823 3331 regni
855 3257 974 3329 ejus
1001 3261 1212 3331 spatiis,
1237 3277 1454 3333 semper
1475 3261 1573 3318 tibi
1593 3262 1726 3319 dicit
1751 3263 2044 3334 Propheta,
2065 3283 2085 3316 ί
2103 3272 2162 3322 ει

2215 3262 2235 3326 ι
2265 3241 2410 3300 inter
2436 3245 2553 3301 haec
2581 3247 2798 3304 reduxit
2830 3251 3110 3322 extemplo
3135 3251 3202 3308 ad
3226 3249 3503 3306 memoriam
3525 3245 3696 3334 ἀίενεπδὲ·

571 3351 773 3406 adhuc.
804 3369 824 3402 ι

652 3459 673 3494 ι
709 3439 988 3512 Ingressus
1033 3450 1119 3499 est
1167 3443 1311 3500 enim
1367 3443 1582 3502 Pharao
1624 3461 1749 3503 cum
1803 3445 2052 3502 curribus
2108 3455 2164 3504 et

578 3548 598 3582 ι
633 3530 907 3601 equitibus
931 3530 1049 3602 ejus
1070 3533 1126 3588 in
1154 3549 1324 3602 mare,
1353 3546 1410 3592 et
1434 3536 1652 3592 reduxit
1672 3551 1837 3606 super
1862 3551 1958 3594 eos
1980 3537 2163 3594 Domi-

579 3637 599 3672 ¢
635 3636 739 3678 nus
765 3637 933 3694 aquas
959 3625 1126 3680 maris
1153 3643 1170 3692 ;
1199 3625 1295 3682 filii
1324 3637 1508 3684 autem
1542 3628 1705 3685 Israel
1745 3629 2163 3688 ambulaverunt

579 3731 599 3766 ι
632 3729 732 3784 per
759 3715 965 3772 siccum
992 3718 1048 3774 in
1076 3719 1256 3776 medio
1269 3720 1406 3794 ejus.
1430 3741 1450 3775 ι
1468 3723 1538 3779 Ει
1559 3732 1640 3791 ιιι,
1663 3724 1708 3779 si
1724 3719 1867 3780 ﬁlius
1891 3724 2058 3782 lsrael
2077 3740 2158 3794 es,

573 3814 728 3878 potes
756 3809 1036 3866 ambulare
1063 3826 1162 3883 per
1189 3811 1394 3870 siccum
1419 3814 1475 3869 in
1515 3815 1696 3870 medio
1724 3816 1888 3884 mari,
1915 3817 1963 3872 si
1986 3816 2158 3874 fueris

575 3897 631 3954 in
657 3900 837 3956 medio
879 3901 1116 3958 nationis
1146 3918 1330 3976 pravae
1375 3914 1432 3960 et
1469 3919 1760 3976 perversae,
1806 3907 1949 3964 sicut
1973 3908 2158 3966 lumen

573 3990 705 4048 solis
727 3992 952 4050 verbum
982 3995 1108 4050 vitae
1126 3995 1370 4053 contines
1392 3996 1461 4052 ad
1495 3998 1743 4070 gloriam.
1781 3999 1970 4057 Potest
2015 4001 2156 4071 fieri,

511 4127 514 4132 .
573 4082 713 4138 utin
735 4083 916 4141 medio
942 4093 1291 4156 peccatorum
1315 4088 1654 4146 incedentem
1680 4098 1734 4147 te
1771 4087 1880 4148 non
1911 4092 2159 4150 infundat

575 4174 772 4231 humor
801 4177 1047 4247 peccati;
1080 4186 1261 4248 potest
1283 4179 1422 4246 ﬁeri,
1465 4187 1527 4236 ut
1554 4189 1924 4239 transeuntem
1972 4191 2027 4240 te
2061 4199 2160 4255 per

575 4263 721 4320 hunc
749 4266 1005 4322 mundum
1031 4268 1175 4323 nulla
1201 4268 1440 4326 libidinis
1482 4273 1625 4328 unda
1652 4283 1950 4345 respergat,
1976 4276 2158 4332 nullus

573 4355 888 4427 cupiditatis
905 4365 1069 4414 aestus
1095 4359 1364 4416 verberet.
1381 4360 1484 4430 Qui
1510 4363 1654 4419 enim
1682 4363 1972 4436 Egyptius
1999 4374 2085 4423 est
2102 4375 2160 4423 et

575 4446 820 4516 sequitur
830 4447 1189 4516 Pharaonem,
1210 4450 1300 4506 ille
1317 4453 1570 4508 vitiorum
1584 4453 1838 4510 fluctibus
1853 4455 2117 4528 mergitur
2138 4471 2156 4512 :

575 4535 666 4604 qui
697 4551 827 4592 vero
853 4537 1104 4607 sequitur
1129 4539 1404 4596 Christum
1429 4552 1486 4597 et
1529 4542 1671 4598 sicut
1705 4543 1795 4598 ille
1820 4544 2154 4614 ambulavit,

2270 3336 2473 3393 tionem
2503 3338 2799 3397 Dominicae
2828 3341 3222 3399 incarnationis
3241 3357 3301 3398 ac
3323 3339 3557 3413 passionis,
3575 3347 3650 3405 qua!
3667 3331 3696 3383 ill

2268 3428 2465 3498 spiritu
2510 3431 2810 3500 prophetiae
2853 3443 3206 3504 cognoverat,
3255 3431 3566 3499 intellexitque
3595 3423 3698 3479 acrius

2267 3520 2457 3586 multo,
2480 3536 2642 3592 quam
2681 3531 2992 3594 oporteret,
3036 3534 3284 3597 questum
3310 3523 3456 3579 fuisse
3485 3513 3696 3575 deadictio-

2265 3609 2426 3666 nibus
2469 3611 2525 3666 in
2565 3613 2668 3668 hac
2693 3614 2804 3669 vita
2845 3625 3194 3682 sanctorum,
3232 3616 3412 3687 quibus
3445 3622 3591 3668 aeterna
3618 3611 3697 3659 esset

2264 3705 2535 3775 promissa
2566 3707 2782 3777 requies
2809 3707 2864 3763 in
2895 3709 3122 3776 futuro;
3157 3726 3277 3766 cum
3297 3724 3390 3764 nec
3414 3697 3696 3777 ipseoeil‘ilim

2265 3794 2322 3850 in
2347 3809 2512 3852 carne
2537 3810 2805 3868 apparens
2830 3797 2950 3854 sine
2974 3815 3136 3870 paena
3159 3799 3332 3856 crucis
3353 3803 3475 3855 esset
3489 3787 3696 3848 exitumdt

2265 3887 2487 3954 mundo,
2523 3887 2617 3959 qui
2643 3888 2712 3944 de
2740 3887 2946 3961 Spiritu
2976 3901 3172 3947 sancto
3197 3907 3260 3948 ac
3289 3890 3482 3961 Virgine
3507 3891 3624 3940 matre
3642 3889 3696 3930 ua-

2265 3976 2502 4033 sciturus
2549 3984 2604 4031 et
2642 3975 2846 4048 absque
2888 3979 3037 4035 omni
3084 3989 3304 4052 peccato
3342 3985 3446 4035 erat
3483 3975 3648 4029 vicmrus
3667 3963 3696 4016 il

2265 4067 2486 4149 mundo,
2517 4074 2574 4122 et
2597 4081 2698 4138 pro
2726 4068 3162 4140 ignorationibus
3187 4071 3300 4129 suis
3314 4069 3494 4128 faciens
3511 4063 3697 4122 oratioet!l

2263 4155 2495 4215 Domino
2521 4160 2600 4216 sic
2623 4159 2848 4232 incipit:

2340 4278 2360 4311 ι
2389 4259 2615 4316 Domine
2634 4301 2649 4328 ,
2673 4261 2851 4317 audivi
2881 4263 3215 4321 auditionem
3253 4275 3395 4322 tuam
3419 4271 3466 4319 et
3490 4255 3618 4318 timui;
3639 4249 3697 4303 Do-

2270 4366 2291 4401 ι
2324 4350 2491 4415 mine,
2513 4365 2649 4422 opus
2680 4359 2830 4407 tuum
2856 4353 2910 4407 in
2948 4355 3129 4410 medio
3159 4369 3415 4411 annorum
3436 4347 3596 4407 viviﬁca
3614 4334 3697 4396 illud.

2270 4460 2290 4496 ι
2325 4441 2510 4500 LXX:
2553 4445 2803 4514 Domine,
2850 4449 3031 4505 audivi
3077 4451 3317 4508 auditum
3363 4460 3490 4506 tuum
3527 4452 3568 4500 et
3596 4432 3696 4494 timui-

2269 4551 2290 4584 ι
2319 4531 2568 4601 Domine,
2601 4537 2938 4594 consideravi
2961 4555 3127 4611 opera
3155 4551 3242 4597 tua
3269 4550 3321 4598 et
3345 4536 3567 4609 obstupui,
3587 4532 3621 4587 in
3640 4537 3699 4581 ωε·

571 4623 646 4678 ita
689 4634 746 4680 et
787 4627 900 4694 ipse
944 4629 1202 4697 ambulat,
1249 4646 1403 4703 aquae
1443 4633 1495 4688 ei
1531 4649 1720 4690 murus
1746 4635 1884 4691 fiunt
1929 4636 2153 4694 dextera

2215 4647 2235 4704 ι
2267 4641 2288 4674 ι
2319 4622 2409 4678 dio
2436 4623 2664 4680 duorum
2684 4628 2996 4684 animalium
3015 4634 3372 4703 cognosceris.
3401 4651 3418 4683 ι
3441 4618 3698 4706 Ηεῢτωίὶπξίξ

570 4709 812 4782 laevaque
839 4731 853 4769 :
887 4715 1000 4785 ipse
1020 4726 1201 4774 autem
1234 4721 1407 4776 media
1437 4723 1524 4778 via
1555 4723 1756 4779 incedit
1801 4740 1900 4795 per
1928 4726 2154 4796 siccum,

570 4816 679 4856 non
699 4803 935 4862 declinat
951 4807 1019 4862 ad
1041 4809 1336 4879 dexteram,
1355 4828 1529 4884 neque
1553 4817 1622 4871 ad
1643 4817 1946 4884 sinistram,
1965 4835 2158 4890 usque-

571 4908 679 4963 quo
701 4906 862 4952 exeat
886 4899 955 4954 ad
981 4899 1286 4959 libertatem
1305 4914 1362 4960 et
1378 4907 1634 4978 hymnum
1657 4909 1896 4964 victoriae
1925 4911 2154 4969 Domino

570 4987 824 5042 concinat
851 4989 1034 5049 dicens
1065 5010 1081 5048 :
1119 5014 1139 5047 ι
1166 4994 1408 5054 Cantabo
1445 4999 1694 5069 Domino,
1729 5002 1962 5075 gloriose
2004 5005 2153 5061 enim

571 5077 963 5140 honorificatus
989 5094 1073 5142 est
1103 5087 1300 5160 (Exod.
1335 5091 1445 5163 xv).
1481 5112 1500 5146 ι

565 5195 2140 5235 ________________________

1247 5291 1485 5338 INCIPIT

688 5410 1096 5475 CANTICUM
1137 5415 1508 5481 HABACUC
1551 5419 2024 5486 PROPHETJE.

644 5549 663 5582 ι
693 5531 881 5589 Oratio
915 5533 1166 5591 ﬂabacuc
1203 5540 1478 5609 prophetae
1507 5558 1604 5612 pro
1637 5545 2086 5615 ignorationibus.
2122 5567 2143 5600 ι

569 5620 711 5675 LXX
757 5641 770 5678 :
822 5643 841 5676 ι
879 5624 1066 5681 Oratio
1096 5628 1347 5685 Habacuc
1381 5635 1656 5702 propheta:
1697 5652 1819 5691 cum
1852 5639 2085 5694 cantico.
2122 5660 2141 5692 ι

567 5709 822 5782 Legimus
852 5715 908 5769 in
936 5726 1092 5772 sexto
1112 5719 1324 5776 decimo
1343 5722 1553 5791 psalmo
1583 5744 1594 5778 :
1625 5745 1643 5777 ι
1679 5726 1862 5784 Oratio
1899 5728 2088 5798 David,
2121 5750 2143 5784 ι

569 5809 624 5856 et
664 5801 718 5856 in
755 5807 1085 5879 octogesimo
1125 5826 1314 5869 nono:
1372 5830 1393 5865 ι
1447 5813 1637 5871 Oratio
1686 5815 1855 5888 Moysi
1908 5819 2149 5878 hominis
2183 5811 2244 5904 Δι’

2265 4713 2549 4770 historiam
2577 4717 2653 4772 ita
2684 4719 2825 4774 [tunc
2845 4719 3024 4775 locum
3047 4700 3356 4794 explanant.
3379 4718 3573 4776 Domine,
3595 4700 3698 4764 amitti

2262 4807 2594 4864 auditionem
2638 4817 2785 4864 tuam
2814 4819 2869 4866 et
2902 4812 3086 4879 timui,
3134 4813 3342 4878 audivi,
3373 4810 3545 4881 inquit,
3565 4809 3697 4892 ρωωῆν

2261 4914 2397 4969 quas
2431 4897 2926 4958 Nabuchodonosor
2950 4913 3008 4960 et
3031 4906 3247 4962 diabolo
3269 4898 3559 4977 praeparasti,
3585 4893 3698 4956 imi”

2259 4989 2361 5044 bus
2385 4989 2568 5046 dixisti
2594 4991 2675 5056 ei,
2716 5006 2798 5046 vae
2841 4994 2935 5062 qui
2983 4995 3303 5066 multiplicat
3349 5008 3442 5050 non
3476 4989 3697 5072 ειιεινειεεῖ

2261 5081 2468 5146 eundo,
2512 5097 2592 5138 vae
2628 5085 2720 5154 qui
2761 5097 3054 5159 congregat
3090 5090 3365 5144 avaritiam
3405 5083 3562 5142 malam
3591 5075 3697 5168 Ml"

2260 5189 2396 5243 suae,
2425 5184 2480 5230 et
2514 5177 2706 5242 tertio,
2737 5192 2819 5233 vae
2857 5179 2948 5248 qui
2978 5180 3211 5236 aedificat
3235 5181 3480 5246 civitatem
3503 5175 3544 5228 in
3569 5176 3698 5231 5309'“

2259 5273 2439 5340 nibus,
2468 5283 2523 5328 et
2546 5283 2814 5344 praeparat
2852 5275 3040 5331 urbem
3080 5277 3136 5332 in
3182 5277 3468 5345 iniquitate,
3494 5265 3696 5331 θῐαππίθι

2261 5380 2342 5420 vm
2379 5365 2470 5435 qui
2513 5373 2697 5435 potum
2740 5366 2832 5420 dat
2872 5367 3047 5423 amico
3083 5383 3182 5423 suo
3212 5369 3416 5422 mittens
3452 5359 3510 5416 fel
3546 5347 3698 5410 suum“

2257 5454 2555 5522 inebrians,
2571 5467 2626 5512 et
2645 5456 2856 5528 quinto,
2870 5473 2950 5512 vae
2967 5459 3057 5528 qui
3086 5458 3218 5512 dicit
3235 5454 3570 5527 expergiscere,
3587 5445 3696 5502 ευπόθν

2255 5547 2420 5618 lapidi
2455 5549 2674 5613 tacenti,
2697 5556 2753 5604 et
2776 5550 2915 5604 sicut
2941 5549 3135 5603 timore
3152 5548 3463 5619 perterritus.
3479 5533 3587 5609 quod
3601 5529 3699 5619 dum

2256 5653 2482 5707 magnus
2515 5640 2676 5694 tantis
2703 5638 3016 5695 vulnerilms
3049 5637 3418 5694 confodiendus
3439 5640 3537 5687 est:
3567 5623 3627 5714 Si?

2253 5745 2464 5802 precor,
2492 5732 2737 5800 Domine,
2761 5733 2987 5803 utquod
3013 5732 3299 5805 promisisti
3327 5726 3528 5797 expleas.
3549 5723 3588 5771 et
3607 5710 3698 5805 fini!"

2215 5800 2498 5896 ..έθηιροΐθ
2544 5826 2738 5886 reddas
2779 5800 3056 5884 Christum
3105 5833 3274 5901 tuum.
3323 5800 3694 5877 Tueniltdiliﬂii
