3936 6328
217 242 360 299 {illi
912 245 1270 302 COMMENT.
1313 249 1382 304 IN
1421 249 1720 309 CANTICA
1757 253 1924 322 QUAE
1967 257 2060 310 AD
2096 255 2372 315 LAUDES
2412 259 2790 320 DICUNTUR.
3362 267 3501 328 1114

217 374 241 408 ι
278 352 408 424 quia
454 350 630 453 adhuc
673 351 834 456 visu‘s.
861 357 1050 456 procul
1081 368 1137 413 et
1162 363 1446 431 apparebit
1485 365 1538 420 in
1581 366 1711 434 ﬁne,
1755 375 1812 423 et
1839 374 1885 432 Α
1917 369 2130 425 riﬁcato
2155 373 2306 428 vultu
2333 373 2448 443 ejus
2481 374 2654 432 instar
2683 377 2813 434 solis
2839 389 2894 434 et
2918 382 3256 441 vestimentis
3277 386 3393 456 ejus
3419 391 3503 446 ni-

212 460 327 501 non
366 441 680 498 mentietur.
717 461 738 496 ι
774 443 1000 500 Viviﬁca
1027 463 1188 520 ergo,
1223 452 1366 521 quod
1407 454 1678 523 pollicitus
1711 473 1810 526 es,

211 541 322 595 hoc
351 545 456 603 est,
488 545 640 592 tuum
667 537 830 610 imple
858 542 1209 610 promissum,
1250 562 1355 601 non
1392 549 1656 604 moriatur
1685 550 1812 606 irri-

213 640 301 686 tus
331 645 512 686 sermo
548 639 695 697 tuus,
723 629 819 686 sed
847 647 1011 702 opere
1033 635 1398 705 compleatur:
1423 640 1568 709 quod
1594 642 1812 708 quidem

200 721 366 792 juxta
392 737 492 777 nos
513 731 571 778 et
596 723 664 778 de
703 725 1106 780 resurrectione
1137 725 1436 784 Salvatoris
1465 731 1688 804 intelligi
1709 748 1809 802 po-

211 821 338 876 test,
369 822 441 877 _ut
464 813 574 880 ille,
611 814 702 884 qui
737 829 836 884 pro
864 816 1022 872 nobis
1050 828 1296 874 mortuus
1323 829 1428 886 est,
1461 833 1753 896 consurgat
1779 841 1811 881 a

214 907 473 975 mortuis,
507 920 561 963 et
589 907 912 965 vivificetur.
941 907 1099 965 Juxta
1124 911 1268 965 LXX
1305 913 1488 970 autem
1513 917 1687 972 multo
1715 918 1810 972 ali-

210 1011 300 1059 ter
339 1012 422 1060 est
469 1019 683 1060 sensus.
734 1022 753 1055 ‹
803 1003 1060 1071 Domine,
1093 1006 1302 1077 inquit,
1347 1008 1527 1064 audivi
1563 1011 1811 1067 auditum

208 1102 368 1150 tuum
410 1103 465 1149 et
503 1094 691 1160 timui,
737 1095 1078 1151 consideravi
1110 1113 1271 1168 opera
1308 1106 1398 1153 tua
1433 1108 1490 1155 et
1531 1103 1742 1172 expavi.
1783 1122 1803 1154 ›

206 1187 448 1241 Auditus
475 1197 655 1242 autem
687 1187 902 1242 Domini
931 1187 1230 1246 Salvatoris
1266 1202 1380 1258 est,
1417 1210 1578 1265 quem
1604 1197 1810 1252 audivit

207 1297 243 1335 a
269 1280 456 1347 Patre,
492 1289 551 1335 ut
577 1281 809 1346 veniret,
833 1281 886 1334 in
913 1297 1133 1338 carnem
1156 1295 1491 1350 nasceretur,
1524 1288 1578 1341 in
1608 1288 1808 1345 mundo

206 1380 656 1438 conversaretur,
692 1373 835 1427 inter
861 1373 1108 1432 inﬁrmos
1134 1377 1497 1448 omnipotens,
1527 1380 1667 1436 inter
1687 1398 1808 1452 pec-

203 1474 429 1520 catores
445 1465 646 1535 justus,
676 1467 822 1521 inter
843 1467 1092 1524 homines
1111 1470 1256 1526 Deus
1283 1471 1490 1529 faceret
1507 1456 1674 1544 opera
1697 1490 1806 1531 ca:-

206 1557 392 1624 lestia,
423 1558 642 1614 doceret
666 1568 937 1629 praecepta
973 1561 1239 1628 coelestia,
1266 1573 1589 1631 tentaretur,
1615 1566 1804 1638 ﬂagel-

201 1647 436 1717 laretur,
467 1665 616 1706 mors
657 1661 844 1706 nostra
888 1663 1062 1708 morte
1095 1654 1240 1710 illius
1283 1657 1679 1726 destrueretur,
1719 1675 1806 1716 re-

1915 464 2152 518 tentibus
2177 464 2229 518 in
2254 467 2656 524 similitudinem
2681 471 2840 526 nivis.
2867 471 2942 527 lbi
2967 474 3358 548 innotescebat,
3374 483 3506 552 quia

1911 553 2085 610 Filius
2100 556 2193 611 Dei
2219 567 2356 626 erat,
2373 559 2584 617 dicente
2606 565 2673 618 ad
2692 580 2815 619 eum
2829 565 2896 621 de
2922 567 3075 624 caelis
3095 585 3229 626 voce
3251 582 3501 644 paterna,

1917 667 1935 698 ε
1971 648 2068 704 Hic
2106 659 2190 706 est
2232 651 2403 708 Filius
2427 669 2579 711 meus
2601 656 2829 715 dilectus
2848 699 2862 725 ,
2894 660 2947 715 in
2973 677 3081 731 quo
3111 664 3242 720 mihi
3265 669 3501 738 compla-

1911 746 2021 811 cui,
2050 747 2226 816 ipsum
2277 749 2462 805 audite
2490 750 2703 822 (Matth.
2737 752 2840 826 tu).
2877 772 2895 804 ›
2923 753 3108 810 Potest
3127 756 3288 812 etiam
3317 759 3372 814 in
3397 775 3504 817 me-

1912 839 2001 895 dio
2049 841 2276 897 duorum
2324 842 2594 900 latronum
2650 861 2754 901 non
2806 847 3246 906 inconvenienter
3291 855 3498 924 accipi,

1911 931 2055 986 inter
2098 949 2234 1002 quos
2273 935 2562 991 cruciﬁxus
2611 938 2892 994 moriendo
2939 939 3338 1010 innotescebat,
3377 947 3501 1016 quia

1911 1023 2074 1079 homo
2102 1034 2238 1080 erat.
2272 1025 2575 1082 Obscurato
2609 1038 2788 1084 autem
2828 1030 2964 1097 sole,
3011 1040 3157 1088 terra
3196 1045 3504 1104 commota,

1911 1122 1966 1168 et
1993 1115 2224 1182 cazteris,
2257 1132 2376 1186 quae
2404 1117 2756 1190 Evangelium
2784 1131 2972 1176 narrat
2998 1123 3142 1180 circa
3169 1141 3390 1182 crucem
3418 1127 3501 1182 fa-

1910 1207 2012 1262 ctis
2043 1209 2322 1264 miraculis
2352 1210 2743 1280 innotescebat,
2765 1215 2888 1283 quia
2916 1215 3058 1272 Deus
3077 1227 3216 1284 erat,
3246 1219 3502 1290 interpel¢

1909 1298 2069 1356 lando
2109 1302 2223 1371 ipse
2267 1302 2482 1358 Patrem
2528 1321 2628 1375 pro
2673 1307 3114 1366 interfectoribus
3154 1312 3296 1378 suis,
3340 1331 3501 1384 quam

1908 1393 2028 1462 pius
2049 1402 2193 1448 esset
2209 1393 2606 1474 innotescebat,
2631 1413 2738 1466 quo
2759 1399 2920 1453 etiam
2942 1402 3188 1472 exemplo
3208 1402 3500 1475 Propheta,

1908 1485 2002 1554 qui
2027 1485 2144 1540 hazc
2162 1487 2481 1555 providebat
2517 1489 2569 1542 in
2601 1489 2816 1559 spiritu,
2855 1492 3249 1549 admonebatur
3274 1511 3380 1551 non
3413 1512 3502 1551 so-

1908 1576 2022 1632 lum
2065 1580 2334 1649 patienter
2363 1596 2645 1651 pressuras
2678 1581 2822 1638 ferre
2865 1584 3164 1651 malorum,
3210 1587 3305 1643 sed
3340 1596 3396 1644 et
3423 1589 3503 1646 eis

1907 1677 2363 1753 persequentibus
2392 1677 2621 1747 gratiam
2651 1695 2761 1734 sua:
2787 1679 3138 1752 benignitatis
3169 1682 3496 1753 impendere.

204 1757 440 1846 5}"‘3‘395
472 1759 510 1846 ξι
550 1746 1136 1817 mortuisascenderet
1178 1749 1236 1804 Ῑη
1282 1749 1480 1818 W108»
1525 1768 1606 1816 ac,
1636 1753 1804 1811 misso
1832 1745 1878 1808 Β
1907 1744 2140 1825 ΙδΧΧλλ
2177 1766 2312 1822 Cum
2356 1744 2910 1840 appropinquaverint
2949 1773 3075 1828 anni
3122 1763 3500 1846 cognosceris,

203 1836 443 1908 desuper
470 1837 697 1909 Spiritu,
733 1841 993 1897 mundum
1017 1845 1193 1914 gratia
1216 1846 1460 1902 veritatis
1485 1846 1798 1905 illustraret.

201 1928 373 1998 Cujus
394 1933 610 1988 auditus
635 1933 752 2002 ipse
777 1935 974 2005 saepius
1013 1936 1066 1990 in
1103 1935 1393 2008 Evangelio
1424 1942 1697 2008 meminit,
1723 1943 1804 1998 di.

201 2037 375 2079 cens:
419 2045 437 2076 ι
478 2023 584 2080 Sed
629 2028 720 2096 qui
758 2027 906 2082 misit
949 2045 1035 2084 me
1061 2046 1229 2086 verax
1258 2039 1371 2097 est,
1419 2043 1475 2088 et
1520 2050 1648 2105 ego,
1681 2053 1803 2106 qua:

200 2118 385 2174 audivi
415 2119 484 2174 ab
513 2134 601 2186 eo,
626 2121 743 2176 haec
773 2121 966 2192 loquor
990 2123 1042 2177 in
1071 2126 1274 2180 mundo
1305 2124 1487 2195 (Joan.
1514 2129 1652 2199 vm).
1688 2149 1708 2181 ›
1736 2130 1804 2185 Et

199 2210 404 2265 iterum
429 2227 443 2264 :
483 2231 500 2262 ι
537 2210 644 2268 Vos
674 2221 853 2268 autem
885 2214 995 2269 dixi
1035 2216 1264 2284 amicos,
1294 2219 1419 2287 quia
1447 2221 1628 2275 omnia
1656 2237 1804 2290 quae-

199 2319 419 2373 cunque
446 2305 625 2360 audivi
658 2321 688 2360 a
715 2305 878 2362 Patre
906 2323 1060 2374 meo,
1109 2318 1236 2364 nota
1279 2309 1380 2366 feci
1411 2311 1563 2368 vobis
1601 2313 1799 2386 (Joan.

196 2401 353 2470 xv);
401 2419 419 2451 ι
456 2401 522 2454 de
565 2417 672 2472 quo
699 2413 754 2456 et
781 2400 1020 2458 Joannes
1046 2403 1326 2473 Baptista:
1363 2424 1380 2456 ‹
1416 2405 1515 2473 Qui
1558 2407 1625 2462 de
1662 2410 1802 2465 coelo

200 2494 374 2558 venit,
409 2493 605 2565 inquit,
636 2510 798 2565 supra
835 2512 1025 2551 omnes
1047 2504 1150 2561 est,
1177 2506 1231 2552 et
1259 2499 1403 2568 quod
1431 2500 1568 2555 vidit
1601 2509 1657 2556 et
1701 2518 1799 2556 au-

200 2585 361 2652 divit,
395 2588 498 2642 hoc
526 2595 759 2643 testatur
789 2588 972 2658 (Joan.
1003 2588 1108 2660 lll).
1147 2608 1167 2641 ι
1203 2588 1359 2644 Hunc
1387 2606 1516 2661 ergo
1555 2592 1799 2648 auditum

199 2675 419 2733 Domini
463 2680 670 2735 audivit
699 2681 751 2735 in
793 2681 988 2752 spiritu
1017 2680 1312 2753 Pr0pheta,
1341 2692 1396 2737 et
1427 2683 1626 2751 timuit,
1672 2685 1801 2754 quia

197 2780 432 2841 questus
458 2771 624 2828 fuerit
650 2775 716 2829 de
739 2774 1298 2844 pressurisjustorum
1331 2779 1386 2832 in
1415 2778 1633 2844 mundo,
1676 2795 1800 2834 cum

197 2871 259 2916 et
286 2861 456 2933 ipsius
485 2863 721 2931 Domini,
755 2865 848 2935 qui
876 2881 1198 2936 prosperum
1237 2869 1342 2924 iter
1378 2867 1504 2924 facit
1533 2869 1689 2925 nobis
1715 2886 1802 2926 sa-

199 2953 333 3010 lutis
361 2963 415 3012 et
435 2956 562 3040 vita:
584 2958 765 3014 exitus
789 2968 974 3016 essent
1004 2961 1198 3016 mortis
1219 2962 1286 3018 de
1314 2963 1537 3018 mundo.
1573 2963 1797 3029 Timuit,

195 3047 332 3120 quia
363 3050 430 3105 de
463 3050 900 3109 tribulationibus
939 3065 1257 3110 sanctorum
1291 3057 1687 3126 querimoniam
1719 3057 1798 3113 fe-

1906 1874 2028 1915 cum
2075 1859 2358 1916 advenerit
2399 1867 2613 1930 tempus
2660 1860 2978 1914 ostenderis.
3026 1881 3045 1912 ι
3085 1863 3219 1918 Cum
3260 1865 3499 1931 venerit,

1906 1952 2101 2023 inquit,
2131 1960 2342 2021 tempus
2371 1960 2428 2007 et
2457 1967 2621 2022 opere
2641 1951 2914 2022 promissa
2942 1953 3315 2025 compleveris,
3343 1971 3502 2011 mon-

1906 2045 2105 2100 slrabis
2135 2059 2260 2098 vera
2296 2059 2438 2110 esse,
2476 2059 2597 2113 qua:
2643 2043 2914 2114 pollicitus
2945 2060 3044 2112 es;
3088 2045 3222 2116 sive,
3255 2063 3377 2103 cum
3406 2063 3500 2118 ap-

1905 2136 2350 2207 propinquaverit
2374 2137 2796 2201 consummatio,
2820 2145 2876 2191 et
2907 2137 2962 2191 in
2989 2147 3233 2194 extrema
3263 2139 3396 2194 hora
3432 2139 3500 2194 ad

1905 2228 2234 2283 destruenda
2277 2237 2498 2298 peccata
2543 2229 2753 2284 venerit
2777 2227 2948 2283 Filius
2980 2237 3127 2296 tuus,
3162 2230 3501 2285 manifestius

1903 2322 2271 2392 cognosceris.
2320 2321 2492 2376 Aliter
2517 2320 2674 2390 juxta
2719 2321 3002 2377 historiam
3041 2323 3167 2376 anni
3199 2330 3254 2377 et
3289 2311 3500 2392 tempus

1903 2422 2130 2485 possunt
2161 2413 2305 2468 illam
2352 2413 2740 2482 plenitudinem
2779 2413 3037 2483 temporis
3081 2413 3399 2484 designare,
3432 2412 3500 2470 de

1903 2523 2009 2576 qua
2059 2506 2190 2562 dicit
2236 2504 2564 2576 Apostolus:
2613 2524 2632 2556 ‹
2688 2503 2981 2574 Postquam
3030 2505 3179 2560 venit
3223 2503 3500 2574 plenitudo

1905 2597 2195 2668 temporis,
2235 2597 2386 2651 misit
2420 2597 2562 2650 Deus
2605 2593 2799 2650 Filium
2841 2610 3000 2651 suum
3041 2593 3244 2650 factum
3276 2610 3342 2650 ex
3380 2610 3501 2650 mu-

1903 2687 2064 2752 liere,
2107 2687 2308 2742 factum
2340 2688 2442 2743 sub
2484 2687 2631 2759 lege,
2663 2694 2724 2741 ut
2751 2701 2878 2752 eos,
2909 2686 3001 2757 qui
3024 2685 3135 2742 'sub
3163 2685 3281 2758 lege
3308 2695 3500 2754 erant,

1902 2777 2193 2833 redimeret
2222 2773 2364 2849 (Gal.
2399 2776 2511 2847 1v):
2549 2796 2568 2827 ι
2612 2791 2731 2847 quae
2758 2776 3013 2832 videlicet
3034 2785 3302 2846 tempora,
3334 2793 3498 2848 quos-

1901 2885 2006 2940 que
2033 2885 2206 2925 annos
2232 2869 2388 2941 longe
2418 2869 2596 2924 adhuc
2618 2869 2756 2924 vidit
2789 2884 2910 2925 esse
2927 2909 2941 2936 ,
2975 2877 3138 2942 atque
3165 2887 3195 2925 a
3223 2869 3380 2942 longe
3405 2886 3499 2927 sa-

1902 2963 2097 3018 lutavit
2120 2961 2422 3032 Propheta:
2455 2961 2586 3032 quia
2605 2961 2733 3016 dum
2761 2962 3148 3032 appropiarent
3171 2964 3325 3030 anni,
3347 2969 3498 3018 dum-

1902 3069 2008 3124 que
2030 3055 2309 3109 adveniret
2332 3063 2564 3124 tempus,
2595 3053 2979 3109 ostenderetur
2997 3063 3054 3109 et
3078 3065 3500 3125 cognosceretur

195 3141 373 3209 cerit,
420 3143 514 3214 qui
553 3159 658 3199 non
697 3144 872 3201 solum
913 3148 980 3203 de
1023 3148 1462 3205 tribulationibus
1506 3153 1732 3208 eruendi
1763 3168 1796 3208 a
1823 3127 1870 3191 C
1903 3149 2184 3204 Dominus.
2213 3145 2348 3202 Nam
2379 3155 2434 3202 et
2461 3146 2707 3217 superius
2734 3146 2961 3212 audivit,
2990 3147 3202 3204 dicente
3238 3148 3342 3204 sibi
3386 3149 3490 3207 Do-

194 3233 454 3302 Domino,
497 3237 591 3292 sed
622 3249 883 3310 perpetuo
907 3249 1034 3298 sunt
1066 3243 1362 3298 coronandi
1392 3258 1516 3299 cum
1543 3244 1792 3301 Domino.

198 3348 218 3378 ι
262 3324 617 3387 Consideravi
656 3347 820 3404 Opera
856 3343 948 3391 tua
979 3345 1035 3393 et
1075 3339 1304 3408 expavi,
1350 3358 1369 3391 ›
1412 3339 1502 3394 illa
1534 3339 1796 3396 nimirum

191 3439 400 3496 opera,
431 3429 630 3498 quibus
660 3432 918 3487 mundum
958 3433 1208 3500 redemit,
1265 3454 1284 3486 ‹
1331 3435 1507 3491 factus
1539 3437 1796 3494 obediens

189 3520 349 3577 Patri
379 3538 551 3594 usque
579 3524 646 3578 ad
678 3535 930 3593 mortem,
959 3535 1191 3583 mortem
1220 3539 1399 3583 autem
1431 3530 1632 3595 crucis,
1658 3539 1742 3596 ut,
1769 3551 1788 3584 ι

189 3613 344 3669 sicut
367 3613 564 3668 iterum
594 3615 725 3670 dicit
748 3616 1056 3687 Apostolus,
1080 3639 1096 3669 ι
1117 3634 1216 3689 per
1237 3629 1465 3675 mortem
1488 3621 1798 3678 destrueret

189 3721 325 3762 eum
349 3704 444 3774 qui
467 3705 706 3761 habebat
725 3709 917 3764 mortis
942 3709 1230 3780 imperium
1247 3707 1414 3783 (Phil.
1434 3727 1494 3774 ll.
1512 3711 1646 3766 Heb.
1664 3713 1746 3784 ll),
1772 3732 1790 3765 ι

188 3799 253 3855 id
282 3806 384 3865 est,
427 3798 700 3855 diabolum
721 3841 735 3866 ,
765 3816 884 3876 qua;
909 3801 1162 3857 videlicet
1199 3817 1363 3874 opera
1383 3843 1398 3868 ,
1434 3811 1638 3873 quanto
1676 3805 1798 3874 quis

189 3889 465 3946 intentius
491 3891 829 3959 considerat,
874 3899 1025 3948 tanto
1069 3894 1138 3949 de
1165 3894 1420 3965 operibus
1455 3911 1565 3950 sua:
1595 3895 1800 3968 fragili-

163 4039 166 4042 .
193 3981 331 4039 tatis
355 3982 590 4055 amplius
619 3985 1014 4040 contremiscit.
1043 3985 1198 4053 Quod
1224 4001 1356 4042 vero
1371 3987 1528 4058 juxta
1555 3986 1700 4042 LXX
1728 3987 1799 4044 le-

191 4075 384 4148 gitur:
432 4094 451 4128 ι
497 4075 555 4130 In
600 4077 781 4132 medio
822 4077 1054 4132 duorum
1115 4072 1434 4133 animalium
1493 4079 1798 4136 innotesce-

191 4167 302 4234 ris,
340 4186 361 4221 ι
393 4167 497 4224 hoc
520 4169 741 4239 quidam
769 4169 836 4226 de
865 4169 1074 4226 duobus
1102 4170 1365 4226 cherubin
1407 4172 1458 4226 in
1489 4171 1678 4227 Exodo
1699 4187 1799 4243 per

185 4259 421 4332 Moysen
454 4260 614 4318 factis
650 4262 1098 4332 interpretantur,
1127 4278 1246 4333 qua:
1265 4263 1420 4334 juxta
1459 4279 1646 4320 arcam
1683 4274 1797 4320 sta-

183 4359 350 4423 bant,
374 4366 425 4414 et
455 4357 509 4412 in
539 4358 717 4413 medio
745 4357 1017 4412 habebant
1043 4357 1342 4413 oraculum.
1370 4356 1476 4412 Alii
1501 4359 1566 4412 de
1591 4357 1798 4413 duobus

188 4452 453 4522 seraphin
488 4450 646 4521 juxta
677 4451 872 4507 lsaiam
914 4451 1154 4506 velantia
1183 4459 1346 4522 caput
1381 4459 1434 4506 et
1469 4452 1633 4522 pedes
1665 4453 1793 4518 Dei,

153 4598 156 4600 γ
188 4545 343 4616 quod
381 4545 437 4600 in
471 4545 722 4616 praesenti
752 4553 962 4599 tantum
994 4543 1190 4600 smculo
1218 4542 1440 4598 volant:
1480 4552 1535 4598 et
1561 4543 1698 4598 alter
1727 4543 1795 4598 ad

189 4637 429 4694 alterum
461 4637 779 4710 mysterium
807 4635 1064 4691 inclamat
1090 4633 1392 4690 Trinitatis.
1448 4635 1676 4702 Quidam
1705 4651 1797 4691 au-

189 4741 308 4787 tem
338 4729 407 4783 de
433 4729 606 4800 prima
643 4727 886 4784 Ecclesia
923 4729 1023 4782 hoc
1068 4727 1270 4782 dictum
1297 4735 1525 4798 putant;
1570 4742 1689 4796 qua:
1727 4729 1796 4784 de

189 4820 612 4879 circumcisione
646 4817 770 4884 fuit,
797 4827 852 4874 et
890 4819 956 4874 de
980 4818 1243 4889 praeputio
1268 4827 1614 4888 congregata,
1649 4819 1792 4888 quod

190 4913 408 4970 duobus
434 4911 648 4983 populis
678 4927 737 4967 se
771 4911 898 4965 hinc
935 4909 1060 4965 inde
1103 4909 1443 4981 cingentibus
1485 4907 1792 4966 intellectus

189 5007 268 5063 sit
294 5004 569 5070 Salvator,
596 5014 653 5060 et
683 5003 943 5060 creditus.
974 5001 1113 5057 Sunt
1143 5003 1234 5072 qui
1266 5001 1373 5057 duo
1399 5002 1655 5058 animalia
1681 5004 1786 5058 duo

190 5099 501 5172 intelligunt
542 5099 912 5164 Testamenta,
960 5096 1170 5151 Novum
1201 5104 1256 5152 et
1286 5097 1484 5163 Vetus,
1516 5114 1637 5168 qua:
1661 5114 1788 5154 vere

191 5193 492 5248 animantia
520 5191 630 5246 sint
662 5199 826 5260 atque
856 5189 1060 5255 vitalia,
1087 5204 1208 5258 quze
1236 5188 1464 5259 spirent,
1501 5197 1556 5243 et
1579 5189 1633 5243 in
1655 5205 1789 5260 quo-

193 5302 319 5343 rum
361 5287 542 5344 medio
590 5285 850 5341 Dominus
897 5294 1274 5356 cognoscatur.
1323 5284 1454 5340 Item
1503 5295 1683 5357 potest
1729 5287 1788 5342 in

195 5381 376 5436 medio
406 5381 634 5436 duorum
673 5379 1023 5445 animalium,
1056 5377 1112 5432 in
1155 5377 1335 5434 medio
1363 5377 1532 5448 Moysi
1570 5386 1626 5432 et
1660 5377 1790 5432 Elia:

196 5473 444 5545 intelligi.
481 5473 557 5530 lbi
595 5474 736 5528 enim
784 5473 1155 5528 innotescebat
1199 5469 1475 5542 discipulis
1517 5470 1688 5526 tribus
1735 5471 1789 5526 in

197 5578 382 5624 monte
426 5577 653 5633 sancto,
690 5568 815 5638 quia
863 5566 1160 5620 moriturus
1201 5573 1344 5619 esset
1380 5563 1683 5618 dicentibus
1712 5563 1790 5618 eis

195 5675 320 5731 qua:
343 5676 604 5732 passurus
635 5669 780 5716 esset
822 5659 874 5713 in
908 5657 1244 5722 Jerusalem;
1286 5655 1359 5711 ibi
1397 5649 1787 5724 innote'scebat,

165 5755 327 5826 -quia
359 5765 764 5814 resurrecturus
791 5762 956 5824 esset,
983 5762 1039 5810 et
1068 5749 1391 5810 immortalis
1418 5750 1652 5822 futurus,
1675 5751 1788 5809 cla—

1897 3241 2085 3296 mino:
2133 3259 2150 3291 ι
2182 3239 2320 3306 Quia
2362 3239 2540 3294 adhuc
2582 3237 2732 3293 visus
2776 3236 2964 3306 procul
3010 3248 3066 3293 et
3113 3239 3394 3310 apparebit
3439 3241 3497 3297 in

1898 3332 2085 3398 ﬁnem,
2107 3339 2163 3386 et
2196 3346 2305 3386 non
2335 3330 2648 3397 mentietur,
2667 3329 2712 3384 si
2741 3344 2952 3384 moram
2987 3327 3210 3398 fecerit,
3239 3341 3497 3403 exspecta

1897 3422 2070 3489 illum,
2101 3422 2230 3492 quia
2262 3420 2488 3477 veniens
2520 3421 2706 3476 veniet
2740 3429 2796 3475 et
2832 3435 2940 3476 non
2986 3421 3242 3477 tardabit.
3275 3441 3294 3474 ι
3325 3421 3497 3492 Hujus

1897 3517 2118 3587 quidem
2143 3516 2386 3571 auditum
2416 3515 2664 3580 audiens,
2695 3514 2851 3586 cujus
2882 3529 3048 3586 opera
3074 3514 3344 3586 passionis
3368 3531 3495 3572 con-

1898 3611 2162 3675 siderans,
2197 3611 2379 3666 timuit
2404 3618 2460 3665 et
2485 3609 2723 3680 expavit,
2753 3609 2880 3679 quia
2905 3620 3211 3666 commotus
3239 3612 3400 3668 fuerit
3428 3615 3496 3670 de

1862 3763 1864 3766 ,
1899 3700 2158 3757 felicitate
2181 3701 2495 3756 transitoria
2516 3700 2801 3765 malorum,
2819 3710 2874 3755 et
2898 3701 3182 3771 temporali
3205 3701 3494 3761 alﬂictione

1898 3792 2184 3849 bonorum.
2230 3793 2515 3858 Attamen,
2573 3791 2664 3846 ubi
2703 3791 2920 3862 digtiam
2963 3807 3064 3864 pro
3107 3793 3220 3848 suis
3270 3793 3491 3864 ignora-

1901 3884 2143 3940 tionibus
2173 3882 2556 3954 paenitentiam
2589 3879 2826 3947 fecisset,
2863 3897 2987 3938 mox
3012 3897 3072 3939 se
3102 3882 3314 3938 veniam
3345 3899 3496 3940 erra-

1903 3979 1973 4034 tis
1999 3978 2258 4049 consequi
2299 3991 2461 4048 posse
2499 3975 2737 4032 conﬁsus
2765 3983 2870 4032 est.
2908 3974 3062 4032 Unde
3099 3986 3495 4048 consequenter

1899 4071 2144 4143 adjungit
2164 4088 2178 4126 :

1976 4185 1996 4218 ‹
2028 4165 2087 4222 In
2118 4181 2185 4222 eo
2212 4165 2340 4220 dum
2373 4161 2692 4219 conturbata
2731 4160 2895 4218 fuerit
2935 4161 3115 4217 anima
3157 4177 3277 4219 mea
3315 4163 3370 4218 in
3410 4163 3491 4218 ira

1899 4259 2289 4316 misericordia:
2311 4273 2521 4314 memor
2549 4257 2680 4312 eris.
2718 4275 2736 4308 ι
2773 4255 2908 4312 Dum
2938 4257 3257 4313 conturbata
3293 4256 3490 4327 fuerit,

1900 4355 2098 4424 inquit,
2130 4353 2309 4408 anima
2349 4367 2494 4417 mea,
2527 4351 2691 4420 digno
2718 4350 3109 4407 satisfactionis
3144 4359 3201 4407 et
3224 4352 3496 4422 pteniten-

1900 4448 1990 4504 tiae
2017 4461 2252 4502 maerore
2279 4460 2572 4510 concussa,
2613 4446 2682 4501 ob
2717 4453 2920 4500 metum
2952 4445 3046 4500 ira:
3070 4454 3127 4501 et
3154 4446 3495 4503 animadver-

1900 4543 2070 4600 sionis
2098 4552 2226 4607 tuae,
2253 4555 2418 4611 quam
2443 4555 2528 4594 me
2549 4539 2800 4594 incautus
2829 4537 3122 4594 incurrisse
3142 4539 3490 4609 pertimesCo,

1899 4638 2061 4694 credo
2104 4636 2248 4707 quod
2285 4635 2430 4690 otius
2474 4633 2907 4688 misericordiam
2936 4641 3136 4703 optata:
3175 4648 3204 4687 a
3247 4642 3298 4689 te
3321 4634 3494 4690 venia:

1896 4743 2220 4799 consequar,
2247 4725 2340 4782 ubi
2370 4723 2762 4780 consideranda
2791 4733 2878 4779 est
2901 4723 3039 4778 mira
3059 4724 3277 4795 pietatis
3296 4725 3492 4782 divina:

1896 4823 2191 4886 velocitas,
2231 4820 2507 4875 turbatum
2538 4833 2597 4874 se
2621 4825 2833 4873 tantum
2876 4818 3059 4873 animo
3096 4828 3316 4890 propter
3352 4820 3490 4876 iram

1863 4951 1865 4953 ι
1897 4915 2110 4972 Domini
2141 4913 2279 4968 dixit
2297 4953 2312 4979 ,
2345 4921 2402 4967 et
2427 4927 2554 4967 mox
2583 4910 2733 4965 illum
2757 4911 2822 4965 ad
2851 4910 3279 4968 misericordiam
3309 4914 3377 4968 ab
3404 4914 3488 4968 ira

1895 5021 2217 5063 conversum
2260 5003 2557 5073 subjunxit.
2603 5000 2710 5058 Sed
2753 5001 2876 5058 talis
2919 5002 3269 5060 minimarum
3310 5012 3492 5076 potest

1897 5098 2228 5170 indulgentia
2261 5112 2381 5152 esse
2406 5095 2730 5167 culparum;
2771 5103 3026 5152 caaterum
3063 5097 3238 5152 nostri
3269 5105 3486 5165 reatus,

1897 5201 2098 5264 quanto
2129 5191 2407 5263 graviores
2430 5197 2580 5255 sunt,
2608 5197 2760 5243 tanto
2783 5188 2988 5259 majore
3005 5203 3072 5246 ac
3094 5191 3347 5246 diuturna
3371 5205 3488 5261 pre-

1898 5289 2125 5344 nitentia
2178 5285 2540 5357 lacrymisque
2586 5291 2643 5339 et
2681 5283 3038 5357 eleemosynis
3081 5299 3216 5354 opus
3264 5283 3486 5339 habent.

1898 5380 2052 5449 Quod
2093 5389 2270 5434 autem
2303 5378 2503 5433 dicitur
2539 5375 2692 5446 juxta
2737 5375 3103 5432 Hebraicum:
3139 5373 3274 5429 Cum
3313 5373 3486 5430 iratus

1899 5470 2088 5536 fueris,
2121 5468 2506 5526 misericordia:
2533 5467 2929 5533 recordaberis,
2969 5483 3075 5523 non
3103 5466 3362 5521 debemus
3391 5481 3489 5536 pu-

1896 5573 2014 5620 tare
2038 5563 2281 5619 oblivisci
2317 5562 2504 5625 Deum,
2539 5572 2594 5616 et
2626 5569 2748 5630 post
2784 5562 2920 5616 iram
2947 5575 3059 5614 suae
3099 5559 3484 5614 misericordia:

1897 5656 2194 5721 recordari,
2225 5654 2318 5711 sed
2342 5654 2483 5724 quod
2515 5669 2612 5708 nos
2633 5669 2756 5708 eum
2790 5653 2848 5705 in
2864 5667 3023 5721 poena
3047 5651 3207 5721 positi
3236 5660 3487 5722 putemus

1893 5750 2163 5819 oblivisci,
2186 5749 2344 5824 juxta
2382 5747 2550 5806 illud:
2598 5764 2618 5800 ι
2655 5744 2968 5818 Usquequo,
2999 5744 3260 5814 Domine,
3290 5743 3483 5803 oblivi-

3877 5035 3898 5126 ἒ.

3877 5163 3892 5202 ἱ.

3885 5225 3892 5236 Ι
