  <div class='ocr_page' id='page_1' title='image "/cluster/home/n/w/nwhite01/storage/ocr_20150623/112/hvd.32044015685407/564.png"; bbox 0 0 3936 6328; ppageno 0'>
   <div class='ocr_carea' id='block_1_1' title="bbox 128 253 282 310">
    <p class='ocr_par' dir='ltr' id='par_1_1' title="bbox 128 253 282 310">
     <span class='ocr_line' id='line_1_1' title="bbox 128 253 282 310; baseline -0.019 0"><span class='ocrx_word' id='word_1_1' title='bbox 128 253 282 310; x_wconf 82' lang='grc'><strong>1117</strong></span> 
     </span>
    </p>
   </div>
   <div class='ocr_carea' id='block_1_2' title="bbox 828 247 2694 320">
    <p class='ocr_par' dir='ltr' id='par_1_2' title="bbox 828 247 2694 320">
     <span class='ocr_line' id='line_1_2' title="bbox 828 247 2694 320; baseline 0 -15"><span class='ocrx_word' id='word_1_2' title='bbox 828 247 1182 305; x_wconf 77' lang='lat' dir='ltr'><strong>COMMENT.</strong></span> <span class='ocrx_word' id='word_1_3' title='bbox 1222 248 1287 305; x_wconf 86' lang='grc' dir='ltr'><strong>ΙΝ</strong></span> <span class='ocrx_word' id='word_1_4' title='bbox 1327 248 1623 307; x_wconf 80' lang='lat' dir='ltr'><strong>CANTICA</strong></span> <span class='ocrx_word' id='word_1_5' title='bbox 1662 249 1829 320; x_wconf 67' lang='lat' dir='ltr'><strong>QUAS</strong></span> <span class='ocrx_word' id='word_1_6' title='bbox 1869 252 1961 307; x_wconf 85' lang='lat' dir='ltr'><strong>AD</strong></span> <span class='ocrx_word' id='word_1_7' title='bbox 1999 250 2272 309; x_wconf 81' lang='lat' dir='ltr'><strong>LAUDES</strong></span> <span class='ocrx_word' id='word_1_8' title='bbox 2311 249 2694 309; x_wconf 79' lang='lat' dir='ltr'><strong>DlCUNTUR.</strong></span> 
     </span>
    </p>
   </div>
   <div class='ocr_carea' id='block_1_3' title="bbox 3271 253 3410 311">
    <p class='ocr_par' dir='ltr' id='par_1_3' title="bbox 3271 253 3410 311">
     <span class='ocr_line' id='line_1_3' title="bbox 3271 253 3410 311; baseline 0.014 -2"><span class='ocrx_word' id='word_1_9' title='bbox 3271 253 3410 311; x_wconf 86' lang='grc'><strong>1118</strong></span> 
     </span>
    </p>
   </div>
   <div class='ocr_carea' id='block_1_4' title="bbox 129 360 3413 437">
    <p class='ocr_par' dir='ltr' id='par_1_4' title="bbox 129 360 3413 437">
     <span class='ocr_line' id='line_1_4' title="bbox 129 360 3413 437; baseline 0 -14"><span class='ocrx_word' id='word_1_10' title='bbox 129 374 377 423; x_wconf 88' lang='lat' dir='ltr'><strong>mortem</strong></span> <span class='ocrx_word' id='word_1_11' title='bbox 404 373 586 420; x_wconf 88' lang='lat' dir='ltr'><strong>autem</strong></span> <span class='ocrx_word' id='word_1_12' title='bbox 610 361 788 419; x_wconf 90' lang='lat' dir='ltr'><strong>crucis</strong></span> <span class='ocrx_word' id='word_1_13' title='bbox 815 362 980 435; x_wconf 83' lang='lat' dir='ltr'><strong>(Phil.</strong></span> <span class='ocrx_word' id='word_1_14' title='bbox 1016 364 1099 436; x_wconf 87' lang='grc' dir='ltr'><strong>ιι).</strong></span> <span class='ocrx_word' id='word_1_15' title='bbox 1137 384 1155 416; x_wconf 72' lang='grc' dir='ltr'><strong><em>ι</em></strong></span> <span class='ocrx_word' id='word_1_16' title='bbox 1182 364 1241 418; x_wconf 88' lang='lat' dir='ltr'><strong>lu</strong></span> <span class='ocrx_word' id='word_1_17' title='bbox 1273 378 1435 420; x_wconf 85' lang='lat' dir='ltr'><strong>cruce</strong></span> <span class='ocrx_word' id='word_1_18' title='bbox 1454 379 1582 435; x_wconf 88' lang='lat' dir='ltr'><strong>ergo</strong></span> <span class='ocrx_word' id='word_1_19' title='bbox 1600 380 1732 436; x_wconf 90' lang='lat' dir='ltr'><strong>pau—</strong></span> <span class='ocrx_word' id='word_1_20' title='bbox 1756 369 1810 427; x_wconf 76' lang='grc' dir='ltr'>Α</span> <span class='ocrx_word' id='word_1_21' title='bbox 1835 367 2083 436; x_wconf 78' lang='lat' dir='ltr'><strong>exposuit</strong></span> <span class='ocrx_word' id='word_1_22' title='bbox 2112 406 2128 431; x_wconf 91' lang='lat'><strong>,</strong></span> <span class='ocrx_word' id='word_1_23' title='bbox 2184 365 2404 421; x_wconf 83' lang='lat' dir='ltr'><strong>dicens:</strong></span> <span class='ocrx_word' id='word_1_24' title='bbox 2459 365 2700 420; x_wconf 88' lang='lat' dir='ltr'><strong>Tradunt</strong></span> <span class='ocrx_word' id='word_1_25' title='bbox 2754 360 2982 431; x_wconf 75' lang='lat' dir='ltr'><strong>Hebraei,</strong></span> <span class='ocrx_word' id='word_1_26' title='bbox 3034 365 3303 437; x_wconf 91' lang='lat' dir='ltr'><strong>quomodo</strong></span> <span class='ocrx_word' id='word_1_27' title='bbox 3356 366 3413 423; x_wconf 89' lang='lat' dir='ltr'><strong>in</strong></span> 
     </span>
    </p>
   </div>
   <div class='ocr_carea' id='block_1_5' title="bbox 130 451 1735 528">
    <p class='ocr_par' dir='ltr' id='par_1_5' title="bbox 130 451 1735 528">
     <span class='ocr_line' id='line_1_5' title="bbox 130 451 1735 528; baseline -0.002 -15"><span class='ocrx_word' id='word_1_28' title='bbox 130 456 315 528; x_wconf 85' lang='lat' dir='ltr'><strong>lisper</strong></span> <span class='ocrx_word' id='word_1_29' title='bbox 338 452 652 512; x_wconf 85' lang='lat' dir='ltr'><strong>abscondita</strong></span> <span class='ocrx_word' id='word_1_30' title='bbox 690 460 773 509; x_wconf 92' lang='lat' dir='ltr'><strong>est</strong></span> <span class='ocrx_word' id='word_1_31' title='bbox 812 451 1073 509; x_wconf 76' lang='lat' dir='ltr'><strong>fortitudo</strong></span> <span class='ocrx_word' id='word_1_32' title='bbox 1100 453 1238 524; x_wconf 77' lang='lat' dir='ltr'><strong>ejus;</strong></span> <span class='ocrx_word' id='word_1_33' title='bbox 1279 456 1495 525; x_wconf 83' lang='lat' dir='ltr'><strong>quando</strong></span> <span class='ocrx_word' id='word_1_34' title='bbox 1522 453 1735 509; x_wconf 90' lang='lat' dir='ltr'><strong>dicebat</strong></span> 
     </span>
    </p>
   </div>
   <div class='ocr_carea' id='block_1_6' title="bbox 130 544 1735 617">
    <p class='ocr_par' dir='ltr' id='par_1_6' title="bbox 130 544 1735 617">
     <span class='ocr_line' id='line_1_6' title="bbox 130 544 1735 617; baseline -0.003 -11"><span class='ocrx_word' id='word_1_35' title='bbox 130 549 213 606; x_wconf 82' lang='lat' dir='ltr'><strong>ad</strong></span> <span class='ocrx_word' id='word_1_36' title='bbox 240 546 500 603; x_wconf 81' lang='lat' dir='ltr'><strong>Patrem:</strong></span> <span class='ocrx_word' id='word_1_37' title='bbox 538 562 559 598; x_wconf 75' lang='grc' dir='ltr'>ι</span> <span class='ocrx_word' id='word_1_38' title='bbox 593 544 790 602; x_wconf 84' lang='lat' dir='ltr'><strong>Tristis</strong></span> <span class='ocrx_word' id='word_1_39' title='bbox 824 554 909 602; x_wconf 90' lang='lat' dir='ltr'><strong>est</strong></span> <span class='ocrx_word' id='word_1_40' title='bbox 936 546 1116 601; x_wconf 90' lang='lat' dir='ltr'><strong>anima</strong></span> <span class='ocrx_word' id='word_1_41' title='bbox 1157 562 1277 603; x_wconf 89' lang='lat' dir='ltr'><strong>mea</strong></span> <span class='ocrx_word' id='word_1_42' title='bbox 1304 561 1475 617; x_wconf 89' lang='lat' dir='ltr'><strong>usque</strong></span> <span class='ocrx_word' id='word_1_43' title='bbox 1495 546 1563 602; x_wconf 87' lang='lat' dir='ltr'><strong>ad</strong></span> <span class='ocrx_word' id='word_1_44' title='bbox 1592 562 1735 602; x_wconf 89' lang='lat' dir='ltr'><strong>mor—</strong></span> 
     </span>
    </p>
   </div>
   <div class='ocr_carea' id='block_1_7' title="bbox 126 633 1733 710">
    <p class='ocr_par' dir='ltr' id='par_1_7' title="bbox 126 633 1733 710">
     <span class='ocr_line' id='line_1_7' title="bbox 126 633 1733 710; baseline 0.001 -15"><span class='ocrx_word' id='word_1_45' title='bbox 126 649 250 695; x_wconf 81' lang='lat' dir='ltr'><strong>tem</strong></span> <span class='ocrx_word' id='word_1_46' title='bbox 272 635 494 710; x_wconf 67' lang='lat' dir='ltr'><strong>(Matth.</strong></span> <span class='ocrx_word' id='word_1_47' title='bbox 518 633 701 708; x_wconf 79' lang='lat' dir='ltr'><strong>xxvi);</strong></span> <span class='ocrx_word' id='word_1_48' title='bbox 724 655 745 690; x_wconf 74' lang='grc' dir='ltr'><strong><em>ι</em></strong></span> <span class='ocrx_word' id='word_1_49' title='bbox 762 645 846 694; x_wconf 91' lang='lat' dir='ltr'><strong>et:</strong></span> <span class='ocrx_word' id='word_1_50' title='bbox 870 636 1082 706; x_wconf 71' lang='lat' dir='ltr'><strong>«Pater,</strong></span> <span class='ocrx_word' id='word_1_51' title='bbox 1104 638 1149 694; x_wconf 90' lang='lat' dir='ltr'><strong>si</strong></span> <span class='ocrx_word' id='word_1_52' title='bbox 1170 639 1430 709; x_wconf 86' lang='lat' dir='ltr'><strong>possibile</strong></span> <span class='ocrx_word' id='word_1_53' title='bbox 1455 648 1538 696; x_wconf 90' lang='lat' dir='ltr'><strong>est</strong></span> <span class='ocrx_word' id='word_1_54' title='bbox 1558 646 1733 696; x_wconf 87' lang='lat' dir='ltr'><strong>trans-</strong></span> 
     </span>
    </p>
   </div>
   <div class='ocr_carea' id='block_1_8' title="bbox 130 728 1728 803">
    <p class='ocr_par' dir='ltr' id='par_1_8' title="bbox 130 728 1728 803">
     <span class='ocr_line' id='line_1_8' title="bbox 130 728 1728 803; baseline -0.002 -15"><span class='ocrx_word' id='word_1_55' title='bbox 130 737 231 788; x_wconf 87' lang='lat' dir='ltr'><strong>eat</strong></span> <span class='ocrx_word' id='word_1_56' title='bbox 279 744 314 786; x_wconf 87' lang='lat' dir='ltr'><strong>a</strong></span> <span class='ocrx_word' id='word_1_57' title='bbox 360 744 448 785; x_wconf 90' lang='lat' dir='ltr'><strong>me</strong></span> <span class='ocrx_word' id='word_1_58' title='bbox 488 729 632 785; x_wconf 84' lang='lat' dir='ltr'><strong>calix</strong></span> <span class='ocrx_word' id='word_1_59' title='bbox 672 730 777 786; x_wconf 89' lang='lat' dir='ltr'><strong>iste</strong></span> <span class='ocrx_word' id='word_1_60' title='bbox 823 728 1052 803; x_wconf 82' lang='lat' dir='ltr'><strong>(Ibid.);</strong></span> <span class='ocrx_word' id='word_1_61' title='bbox 1104 749 1124 784; x_wconf 76' lang='grc' dir='ltr'><strong><em>ι</em></strong></span> <span class='ocrx_word' id='word_1_62' title='bbox 1167 738 1223 786; x_wconf 92' lang='lat' dir='ltr'><strong>et</strong></span> <span class='ocrx_word' id='word_1_63' title='bbox 1263 731 1320 786; x_wconf 91' lang='lat' dir='ltr'><strong>in</strong></span> <span class='ocrx_word' id='word_1_64' title='bbox 1369 730 1487 802; x_wconf 86' lang='lat' dir='ltr'><strong>ipsa</strong></span> <span class='ocrx_word' id='word_1_65' title='bbox 1531 746 1728 788; x_wconf 85' lang='lat' dir='ltr'><strong>cruce:</strong></span> 
     </span>
    </p>
   </div>
   <div class='ocr_carea' id='block_1_9' title="bbox 138 820 1726 892">
    <p class='ocr_par' dir='ltr' id='par_1_9' title="bbox 138 820 1726 892">
     <span class='ocr_line' id='line_1_9' title="bbox 138 820 1726 892; baseline 0 -17"><span class='ocrx_word' id='word_1_66' title='bbox 138 841 159 875; x_wconf 77' lang='grc' dir='ltr'>ι</span> <span class='ocrx_word' id='word_1_67' title='bbox 194 821 387 887; x_wconf 85' lang='lat' dir='ltr'><strong>Pater,</strong></span> <span class='ocrx_word' id='word_1_68' title='bbox 418 821 475 876; x_wconf 91' lang='lat' dir='ltr'><strong>in</strong></span> <span class='ocrx_word' id='word_1_69' title='bbox 498 834 692 877; x_wconf 88' lang='lat' dir='ltr'><strong>manus</strong></span> <span class='ocrx_word' id='word_1_70' title='bbox 716 828 840 876; x_wconf 91' lang='lat' dir='ltr'><strong>tuas</strong></span> <span class='ocrx_word' id='word_1_71' title='bbox 858 820 1180 878; x_wconf 89' lang='lat' dir='ltr'><strong>commendo</strong></span> <span class='ocrx_word' id='word_1_72' title='bbox 1205 821 1453 892; x_wconf 84' lang='lat' dir='ltr'><strong>spiritum</strong></span> <span class='ocrx_word' id='word_1_73' title='bbox 1474 836 1674 878; x_wconf 89' lang='lat' dir='ltr'><strong>meum.</strong></span> <span class='ocrx_word' id='word_1_74' title='bbox 1707 840 1726 875; x_wconf 75' lang='grc' dir='ltr'><strong><em>ι</em></strong></span> 
     </span>
    </p>
   </div>
   <div class='ocr_carea' id='block_1_10' title="bbox 131 914 1728 986">
    <p class='ocr_par' dir='ltr' id='par_1_10' title="bbox 131 914 1728 986">
     <span class='ocr_line' id='line_1_10' title="bbox 131 914 1728 986; baseline -0.001 -15"><span class='ocrx_word' id='word_1_75' title='bbox 131 914 310 973; x_wconf 74' lang='lat' dir='ltr'><strong>Juxta</strong></span> <span class='ocrx_word' id='word_1_76' title='bbox 352 915 516 972; x_wconf 90' lang='lat' dir='ltr'><strong>aliam</strong></span> <span class='ocrx_word' id='word_1_77' title='bbox 546 924 728 972; x_wconf 91' lang='lat' dir='ltr'><strong>autem</strong></span> <span class='ocrx_word' id='word_1_78' title='bbox 770 914 1067 972; x_wconf 88' lang='lat' dir='ltr'><strong>editionem</strong></span> <span class='ocrx_word' id='word_1_79' title='bbox 1108 916 1209 971; x_wconf 88' lang='lat' dir='ltr'><strong>hoc</strong></span> <span class='ocrx_word' id='word_1_80' title='bbox 1248 915 1302 970; x_wconf 91' lang='lat' dir='ltr'><strong>in</strong></span> <span class='ocrx_word' id='word_1_81' title='bbox 1336 915 1455 972; x_wconf 90' lang='lat' dir='ltr'><strong>loco</strong></span> <span class='ocrx_word' id='word_1_82' title='bbox 1494 915 1728 986; x_wconf 83' lang='lat' dir='ltr'><strong>legitur:</strong></span> 
     </span>
    </p>
   </div>
   <div class='ocr_carea' id='block_1_11' title="bbox 139 1005 1734 1076">
    <p class='ocr_par' dir='ltr' id='par_1_11' title="bbox 139 1005 1734 1076">
     <span class='ocr_line' id='line_1_11' title="bbox 139 1005 1734 1076; baseline 0.001 -15"><span class='ocrx_word' id='word_1_83' title='bbox 139 1028 161 1061; x_wconf 73' lang='grc' dir='ltr'>ι</span> <span class='ocrx_word' id='word_1_84' title='bbox 198 1007 418 1066; x_wconf 85' lang='lat' dir='ltr'><strong>Cornua</strong></span> <span class='ocrx_word' id='word_1_85' title='bbox 464 1017 592 1064; x_wconf 89' lang='lat' dir='ltr'><strong>sunt</strong></span> <span class='ocrx_word' id='word_1_86' title='bbox 632 1008 689 1062; x_wconf 87' lang='lat' dir='ltr'><strong>in</strong></span> <span class='ocrx_word' id='word_1_87' title='bbox 727 1007 978 1063; x_wconf 90' lang='lat' dir='ltr'><strong>manibus</strong></span> <span class='ocrx_word' id='word_1_88' title='bbox 1005 1005 1143 1076; x_wconf 87' lang='lat' dir='ltr'><strong>ejus,</strong></span> <span class='ocrx_word' id='word_1_89' title='bbox 1187 1006 1263 1061; x_wconf 90' lang='lat' dir='ltr'><strong>ibi</strong></span> <span class='ocrx_word' id='word_1_90' title='bbox 1303 1005 1620 1061; x_wconf 84' lang='lat' dir='ltr'><strong>conﬁrmata</strong></span> <span class='ocrx_word' id='word_1_91' title='bbox 1652 1014 1734 1062; x_wconf 89' lang='lat' dir='ltr'><strong>est</strong></span> 
     </span>
    </p>
   </div>
   <div class='ocr_carea' id='block_1_12' title="bbox 132 1098 1732 1174">
    <p class='ocr_par' dir='ltr' id='par_1_12' title="bbox 132 1098 1732 1174">
     <span class='ocr_line' id='line_1_12' title="bbox 132 1098 1732 1174; baseline -0.003 -17"><span class='ocrx_word' id='word_1_92' title='bbox 132 1102 320 1159; x_wconf 87' lang='lat' dir='ltr'><strong>virtus</strong></span> <span class='ocrx_word' id='word_1_93' title='bbox 343 1100 528 1174; x_wconf 72' lang='lat' dir='ltr'><strong>gloria:</strong></span> <span class='ocrx_word' id='word_1_94' title='bbox 549 1101 684 1172; x_wconf 84' lang='lat' dir='ltr'><strong>ejus.</strong></span> <span class='ocrx_word' id='word_1_95' title='bbox 708 1119 727 1153; x_wconf 75' lang='grc' dir='ltr'><strong><em>ι</em></strong></span> <span class='ocrx_word' id='word_1_96' title='bbox 747 1099 966 1157; x_wconf 85' lang='lat' dir='ltr'><strong>Cornua</strong></span> <span class='ocrx_word' id='word_1_97' title='bbox 986 1100 1185 1171; x_wconf 86' lang='lat' dir='ltr'><strong>quippe</strong></span> <span class='ocrx_word' id='word_1_98' title='bbox 1205 1098 1337 1154; x_wconf 90' lang='lat' dir='ltr'><strong>dicit</strong></span> <span class='ocrx_word' id='word_1_99' title='bbox 1364 1108 1732 1154; x_wconf 89' lang='lat' dir='ltr'><strong>transversum</strong></span> 
     </span>
    </p>
   </div>
   <div class='ocr_carea' id='block_1_13' title="bbox 133 1191 1733 1268">
    <p class='ocr_par' dir='ltr' id='par_1_13' title="bbox 133 1191 1733 1268">
     <span class='ocr_line' id='line_1_13' title="bbox 133 1191 1733 1268; baseline -0.003 -15"><span class='ocrx_word' id='word_1_100' title='bbox 133 1195 325 1253; x_wconf 88' lang='lat' dir='ltr'><strong>crucis</strong></span> <span class='ocrx_word' id='word_1_101' title='bbox 344 1195 570 1268; x_wconf 93' lang='lat' dir='ltr'><strong>lignum,</strong></span> <span class='ocrx_word' id='word_1_102' title='bbox 601 1194 745 1266; x_wconf 88' lang='lat' dir='ltr'><strong>quod</strong></span> <span class='ocrx_word' id='word_1_103' title='bbox 783 1192 979 1249; x_wconf 81' lang='lat' dir='ltr'><strong>afﬁxus</strong></span> <span class='ocrx_word' id='word_1_104' title='bbox 1010 1193 1263 1248; x_wconf 88' lang='lat' dir='ltr'><strong>manibus</strong></span> <span class='ocrx_word' id='word_1_105' title='bbox 1286 1192 1522 1258; x_wconf 89' lang='lat' dir='ltr'><strong>tenebat,</strong></span> <span class='ocrx_word' id='word_1_106' title='bbox 1543 1198 1607 1246; x_wconf 93' lang='lat' dir='ltr'><strong>ut</strong></span> <span class='ocrx_word' id='word_1_107' title='bbox 1629 1191 1733 1248; x_wconf 90' lang='lat' dir='ltr'><strong>hoc</strong></span> 
     </span>
    </p>
   </div>
   <div class='ocr_carea' id='block_1_14' title="bbox 134 1281 1732 1361">
    <p class='ocr_par' dir='ltr' id='par_1_14' title="bbox 134 1281 1732 1361">
     <span class='ocr_line' id='line_1_14' title="bbox 134 1281 1732 1361; baseline -0.006 -16"><span class='ocrx_word' id='word_1_108' title='bbox 134 1288 337 1346; x_wconf 87' lang='lat' dir='ltr'><strong>mortis</strong></span> <span class='ocrx_word' id='word_1_109' title='bbox 373 1302 571 1361; x_wconf 90' lang='lat' dir='ltr'><strong>genere</strong></span> <span class='ocrx_word' id='word_1_110' title='bbox 604 1300 821 1342; x_wconf 91' lang='lat' dir='ltr'><strong>omnem</strong></span> <span class='ocrx_word' id='word_1_111' title='bbox 856 1299 1122 1357; x_wconf 90' lang='lat' dir='ltr'><strong>superans</strong></span> <span class='ocrx_word' id='word_1_112' title='bbox 1158 1292 1386 1338; x_wconf 89' lang='lat' dir='ltr'><strong>mortem</strong></span> <span class='ocrx_word' id='word_1_113' title='bbox 1429 1284 1507 1339; x_wconf 90' lang='lat' dir='ltr'><strong>sic</strong></span> <span class='ocrx_word' id='word_1_114' title='bbox 1531 1281 1732 1339; x_wconf 79' lang='lat' dir='ltr'><strong>contir-</strong></span> 
     </span>
    </p>
   </div>
   <div class='ocr_carea' id='block_1_15' title="bbox 135 1371 1731 1449">
    <p class='ocr_par' dir='ltr' id='par_1_15' title="bbox 135 1371 1731 1449">
     <span class='ocr_line' id='line_1_15' title="bbox 135 1371 1731 1449; baseline -0.005 -14"><span class='ocrx_word' id='word_1_115' title='bbox 135 1386 322 1435; x_wconf 88' lang='lat' dir='ltr'><strong>maret</strong></span> <span class='ocrx_word' id='word_1_116' title='bbox 345 1378 604 1434; x_wconf 81' lang='lat' dir='ltr'><strong>virtutem</strong></span> <span class='ocrx_word' id='word_1_117' title='bbox 649 1377 836 1449; x_wconf 68' lang='lat' dir='ltr'><strong>gloriae</strong></span> <span class='ocrx_word' id='word_1_118' title='bbox 866 1391 978 1432; x_wconf 66' lang='lat' dir='ltr'><strong>sua:</strong></span> <span class='ocrx_word' id='word_1_119' title='bbox 1016 1376 1073 1432; x_wconf 91' lang='lat' dir='ltr'><strong>in</strong></span> <span class='ocrx_word' id='word_1_120' title='bbox 1117 1374 1373 1431; x_wconf 88' lang='lat' dir='ltr'><strong>cordibus</strong></span> <span class='ocrx_word' id='word_1_121' title='bbox 1400 1371 1694 1430; x_wconf 84' lang='lat' dir='ltr'><strong>electorum</strong></span> <span class='ocrx_word' id='word_1_122' title='bbox 1715 1412 1731 1440; x_wconf 90' lang='lat'><strong>,</strong></span> 
     </span>
    </p>
   </div>
   <div class='ocr_carea' id='block_1_16' title="bbox 136 1466 1734 1537">
    <p class='ocr_par' dir='ltr' id='par_1_16' title="bbox 136 1466 1734 1537">
     <span class='ocr_line' id='line_1_16' title="bbox 136 1466 1734 1537; baseline -0.004 -10"><span class='ocrx_word' id='word_1_123' title='bbox 136 1487 214 1527; x_wconf 89' lang='lat' dir='ltr'><strong>ne</strong></span> <span class='ocrx_word' id='word_1_124' title='bbox 237 1470 362 1526; x_wconf 91' lang='lat' dir='ltr'><strong>ullis</strong></span> <span class='ocrx_word' id='word_1_125' title='bbox 391 1467 692 1526; x_wconf 84' lang='lat' dir='ltr'><strong>terroribus</strong></span> <span class='ocrx_word' id='word_1_126' title='bbox 718 1468 833 1523; x_wconf 83' lang='lat' dir='ltr'><strong>sive</strong></span> <span class='ocrx_word' id='word_1_127' title='bbox 856 1467 1242 1524; x_wconf 89' lang='lat' dir='ltr'><strong>blandimentis</strong></span> <span class='ocrx_word' id='word_1_128' title='bbox 1270 1467 1339 1523; x_wconf 91' lang='lat' dir='ltr'><strong>ab</strong></span> <span class='ocrx_word' id='word_1_129' title='bbox 1368 1466 1486 1537; x_wconf 91' lang='lat' dir='ltr'><strong>ejus</strong></span> <span class='ocrx_word' id='word_1_130' title='bbox 1513 1474 1734 1536; x_wconf 87' lang='lat' dir='ltr'><strong>possent</strong></span> 
     </span>
    </p>
   </div>
   <div class='ocr_carea' id='block_1_17' title="bbox 136 1557 1733 1633">
    <p class='ocr_par' dir='ltr' id='par_1_17' title="bbox 136 1557 1733 1633">
     <span class='ocr_line' id='line_1_17' title="bbox 136 1557 1733 1633; baseline -0.004 -12"><span class='ocrx_word' id='word_1_131' title='bbox 136 1580 329 1621; x_wconf 90' lang='lat' dir='ltr'><strong>amore</strong></span> <span class='ocrx_word' id='word_1_132' title='bbox 356 1562 643 1628; x_wconf 89' lang='lat' dir='ltr'><strong>retardari,</strong></span> <span class='ocrx_word' id='word_1_133' title='bbox 672 1562 939 1633; x_wconf 88' lang='lat' dir='ltr'><strong>promissa</strong></span> <span class='ocrx_word' id='word_1_134' title='bbox 982 1561 1145 1616; x_wconf 87' lang='lat' dir='ltr'><strong>etiam</strong></span> <span class='ocrx_word' id='word_1_135' title='bbox 1180 1559 1287 1615; x_wconf 86' lang='lat' dir='ltr'><strong>illis</strong></span> <span class='ocrx_word' id='word_1_136' title='bbox 1327 1559 1495 1631; x_wconf 87' lang='lat' dir='ltr'><strong>gloria</strong></span> <span class='ocrx_word' id='word_1_137' title='bbox 1536 1557 1733 1614; x_wconf 72' lang='lat' dir='ltr'><strong>futura:</strong></span> 
     </span>
    </p>
   </div>
   <div class='ocr_carea' id='block_1_18' title="bbox 136 1651 1733 1728">
    <p class='ocr_par' dir='ltr' id='par_1_18' title="bbox 136 1651 1733 1728">
     <span class='ocr_line' id='line_1_18' title="bbox 136 1651 1733 1728; baseline -0.004 -16"><span class='ocrx_word' id='word_1_138' title='bbox 136 1654 590 1728; x_wconf 91' lang='lat' dir='ltr'><strong>incorruptiouis,</strong></span> <span class='ocrx_word' id='word_1_139' title='bbox 622 1669 722 1726; x_wconf 90' lang='lat' dir='ltr'><strong>per</strong></span> <span class='ocrx_word' id='word_1_140' title='bbox 746 1669 910 1724; x_wconf 91' lang='lat' dir='ltr'><strong>quam</strong></span> <span class='ocrx_word' id='word_1_141' title='bbox 938 1653 1231 1709; x_wconf 87' lang='lat' dir='ltr'><strong>novissima</strong></span> <span class='ocrx_word' id='word_1_142' title='bbox 1254 1651 1470 1707; x_wconf 88' lang='lat' dir='ltr'><strong>inimica</strong></span> <span class='ocrx_word' id='word_1_143' title='bbox 1493 1651 1733 1707; x_wconf 87' lang='lat' dir='ltr'><strong>destrue-</strong></span> 
     </span>
    </p>
   </div>
   <div class='ocr_carea' id='block_1_19' title="bbox 1835 454 3409 528">
    <p class='ocr_par' dir='ltr' id='par_1_19' title="bbox 1835 454 3409 528">
     <span class='ocr_line' id='line_1_19' title="bbox 1835 454 3409 528; baseline 0.003 -18"><span class='ocrx_word' id='word_1_144' title='bbox 1835 454 2124 528; x_wconf 84' lang='lat' dir='ltr'><strong>Evangelio</strong></span> <span class='ocrx_word' id='word_1_145' title='bbox 2147 456 2399 527; x_wconf 88' lang='lat' dir='ltr'><strong>princeps</strong></span> <span class='ocrx_word' id='word_1_146' title='bbox 2421 455 2724 511; x_wconf 69' lang='lat' dir='ltr'><strong>daemonum</strong></span> <span class='ocrx_word' id='word_1_147' title='bbox 2753 454 2954 511; x_wconf 88' lang='lat' dir='ltr'><strong>dicitur</strong></span> <span class='ocrx_word' id='word_1_148' title='bbox 2974 471 3095 512; x_wconf 88' lang='lat' dir='ltr'><strong>esse</strong></span> <span class='ocrx_word' id='word_1_149' title='bbox 3119 457 3409 526; x_wconf 84' lang='lat' dir='ltr'><strong>Belzebuh,</strong></span> 
     </span>
    </p>
   </div>
   <div class='ocr_carea' id='block_1_20' title="bbox 1833 547 3414 619">
    <p class='ocr_par' dir='ltr' id='par_1_20' title="bbox 1833 547 3414 619">
     <span class='ocr_line' id='line_1_20' title="bbox 1833 547 3414 619; baseline 0.001 -16"><span class='ocrx_word' id='word_1_150' title='bbox 1833 548 1910 603; x_wconf 89' lang='lat' dir='ltr'><strong>ita</strong></span> <span class='ocrx_word' id='word_1_151' title='bbox 1946 547 2159 618; x_wconf 80' lang='lat' dir='ltr'><strong>Reseph</strong></span> <span class='ocrx_word' id='word_1_152' title='bbox 2185 547 2442 603; x_wconf 63' lang='lat' dir='ltr'><strong>daemonis</strong></span> <span class='ocrx_word' id='word_1_153' title='bbox 2487 562 2608 603; x_wconf 92' lang='lat' dir='ltr'><strong>esse</strong></span> <span class='ocrx_word' id='word_1_154' title='bbox 2648 560 2865 613; x_wconf 89' lang='lat' dir='ltr'><strong>nomen,</strong></span> <span class='ocrx_word' id='word_1_155' title='bbox 2917 547 3008 616; x_wconf 85' lang='lat' dir='ltr'><strong>qui</strong></span> <span class='ocrx_word' id='word_1_156' title='bbox 3052 548 3414 619; x_wconf 84' lang='lat' dir='ltr'><strong>principatum</strong></span> 
     </span>
    </p>
   </div>
   <div class='ocr_carea' id='block_1_21' title="bbox 1834 636 3413 709">
    <p class='ocr_par' dir='ltr' id='par_1_21' title="bbox 1834 636 3413 709">
     <span class='ocr_line' id='line_1_21' title="bbox 1834 636 3413 709; baseline 0.001 -15"><span class='ocrx_word' id='word_1_157' title='bbox 1834 646 2016 694; x_wconf 88' lang='lat' dir='ltr'><strong>teneat</strong></span> <span class='ocrx_word' id='word_1_158' title='bbox 2060 639 2204 693; x_wconf 89' lang='lat' dir='ltr'><strong>inter</strong></span> <span class='ocrx_word' id='word_1_159' title='bbox 2232 637 2388 703; x_wconf 89' lang='lat' dir='ltr'><strong>alios,</strong></span> <span class='ocrx_word' id='word_1_160' title='bbox 2437 644 2494 693; x_wconf 91' lang='lat' dir='ltr'><strong>et</strong></span> <span class='ocrx_word' id='word_1_161' title='bbox 2536 647 2760 709; x_wconf 89' lang='lat' dir='ltr'><strong>propter</strong></span> <span class='ocrx_word' id='word_1_162' title='bbox 2798 636 3020 693; x_wconf 88' lang='lat' dir='ltr'><strong>nimiam</strong></span> <span class='ocrx_word' id='word_1_163' title='bbox 3068 637 3413 695; x_wconf 83' lang='lat' dir='ltr'><strong>velocitatem</strong></span> 
     </span>
    </p>
   </div>
   <div class='ocr_carea' id='block_1_22' title="bbox 1833 728 3413 800">
    <p class='ocr_par' dir='ltr' id='par_1_22' title="bbox 1833 728 3413 800">
     <span class='ocr_line' id='line_1_22' title="bbox 1833 728 3413 800; baseline 0.001 -15"><span class='ocrx_word' id='word_1_164' title='bbox 1833 739 1997 800; x_wconf 89' lang='lat' dir='ltr'><strong>atque</strong></span> <span class='ocrx_word' id='word_1_165' title='bbox 2028 730 2079 785; x_wconf 92' lang='lat' dir='ltr'><strong>in</strong></span> <span class='ocrx_word' id='word_1_166' title='bbox 2122 730 2336 786; x_wconf 88' lang='lat' dir='ltr'><strong>diversa</strong></span> <span class='ocrx_word' id='word_1_167' title='bbox 2369 729 2673 786; x_wconf 88' lang='lat' dir='ltr'><strong>discursum</strong></span> <span class='ocrx_word' id='word_1_168' title='bbox 2698 730 2815 785; x_wconf 89' lang='lat' dir='ltr'><strong>avis</strong></span> <span class='ocrx_word' id='word_1_169' title='bbox 2841 737 2895 786; x_wconf 91' lang='lat' dir='ltr'><strong>et</strong></span> <span class='ocrx_word' id='word_1_170' title='bbox 2938 728 3156 787; x_wconf 80' lang='lat' dir='ltr'><strong>volatile</strong></span> <span class='ocrx_word' id='word_1_171' title='bbox 3200 744 3413 787; x_wconf 79' lang='lat' dir='ltr'><strong>nuncu-</strong></span> 
     </span>
    </p>
   </div>
   <div class='ocr_carea' id='block_1_23' title="bbox 1831 823 3415 895">
    <p class='ocr_par' dir='ltr' id='par_1_23' title="bbox 1831 823 3415 895">
     <span class='ocr_line' id='line_1_23' title="bbox 1831 823 3415 895; baseline 0.002 -18"><span class='ocrx_word' id='word_1_172' title='bbox 1831 832 2011 895; x_wconf 91' lang='lat' dir='ltr'><strong>petur,</strong></span> <span class='ocrx_word' id='word_1_173' title='bbox 2061 823 2344 893; x_wconf 91' lang='lat' dir='ltr'><strong>ipsumque</strong></span> <span class='ocrx_word' id='word_1_174' title='bbox 2389 836 2530 887; x_wconf 90' lang='lat' dir='ltr'><strong>esse,</strong></span> <span class='ocrx_word' id='word_1_175' title='bbox 2588 824 2680 892; x_wconf 92' lang='lat' dir='ltr'><strong>qui</strong></span> <span class='ocrx_word' id='word_1_176' title='bbox 2736 824 2789 878; x_wconf 88' lang='lat' dir='ltr'><strong>in</strong></span> <span class='ocrx_word' id='word_1_177' title='bbox 2824 823 3077 894; x_wconf 82' lang='lat' dir='ltr'><strong>paradiso</strong></span> <span class='ocrx_word' id='word_1_178' title='bbox 3113 823 3215 879; x_wconf 85' lang='lat' dir='ltr'><strong>sub</strong></span> <span class='ocrx_word' id='word_1_179' title='bbox 3241 823 3415 895; x_wconf 81' lang='lat' dir='ltr'><strong>figura</strong></span> 
     </span>
    </p>
   </div>
   <div class='ocr_carea' id='block_1_24' title="bbox 1833 913 3414 986">
    <p class='ocr_par' dir='ltr' id='par_1_24' title="bbox 1833 913 3414 986">
     <span class='ocr_line' id='line_1_24' title="bbox 1833 913 3414 986; baseline 0.001 -17"><span class='ocrx_word' id='word_1_180' title='bbox 1833 913 2104 986; x_wconf 87' lang='lat' dir='ltr'><strong>serpentis</strong></span> <span class='ocrx_word' id='word_1_181' title='bbox 2136 914 2350 969; x_wconf 84' lang='lat' dir='ltr'><strong>mulieri</strong></span> <span class='ocrx_word' id='word_1_182' title='bbox 2392 915 2465 969; x_wconf 90' lang='lat' dir='ltr'><strong>sit</strong></span> <span class='ocrx_word' id='word_1_183' title='bbox 2508 913 2742 982; x_wconf 90' lang='lat' dir='ltr'><strong>locutus,</strong></span> <span class='ocrx_word' id='word_1_184' title='bbox 2794 922 2848 970; x_wconf 86' lang='lat' dir='ltr'><strong>et</strong></span> <span class='ocrx_word' id='word_1_185' title='bbox 2897 930 2965 970; x_wconf 85' lang='lat' dir='ltr'><strong>ex</strong></span> <span class='ocrx_word' id='word_1_186' title='bbox 3014 915 3414 983; x_wconf 76' lang='lat' dir='ltr'><strong>maledictione,</strong></span> 
     </span>
    </p>
   </div>
   <div class='ocr_carea' id='block_1_25' title="bbox 1833 1005 3418 1077">
    <p class='ocr_par' dir='ltr' id='par_1_25' title="bbox 1833 1005 3418 1077">
     <span class='ocr_line' id='line_1_25' title="bbox 1833 1005 3418 1077; baseline 0.001 -16"><span class='ocrx_word' id='word_1_187' title='bbox 1833 1022 1940 1077; x_wconf 88' lang='lat' dir='ltr'><strong>qua</strong></span> <span class='ocrx_word' id='word_1_188' title='bbox 1965 1023 1993 1061; x_wconf 88' lang='lat' dir='ltr'><strong>a</strong></span> <span class='ocrx_word' id='word_1_189' title='bbox 2023 1007 2135 1062; x_wconf 90' lang='lat' dir='ltr'><strong>Deo</strong></span> <span class='ocrx_word' id='word_1_190' title='bbox 2160 1007 2553 1062; x_wconf 86' lang='lat' dir='ltr'><strong>condemnatus</strong></span> <span class='ocrx_word' id='word_1_191' title='bbox 2600 1014 2704 1072; x_wconf 89' lang='lat' dir='ltr'><strong>est,</strong></span> <span class='ocrx_word' id='word_1_192' title='bbox 2745 1006 3021 1077; x_wconf 88' lang='lat' dir='ltr'><strong>accepisse</strong></span> <span class='ocrx_word' id='word_1_193' title='bbox 3055 1020 3291 1063; x_wconf 86' lang='lat' dir='ltr'><strong>nomen:</strong></span> <span class='ocrx_word' id='word_1_194' title='bbox 3338 1005 3418 1063; x_wconf 82' lang='lat' dir='ltr'><strong>si-</strong></span> 
     </span>
    </p>
   </div>
   <div class='ocr_carea' id='block_1_26' title="bbox 1833 1096 3418 1175">
    <p class='ocr_par' dir='ltr' id='par_1_26' title="bbox 1833 1096 3418 1175">
     <span class='ocr_line' id='line_1_26' title="bbox 1833 1096 3418 1175; baseline 0.003 -23"><span class='ocrx_word' id='word_1_195' title='bbox 1833 1099 2052 1175; x_wconf 79' lang='lat' dir='ltr'><strong>quidem</strong></span> <span class='ocrx_word' id='word_1_196' title='bbox 2080 1097 2294 1170; x_wconf 81' lang='lat' dir='ltr'><strong>Reseph</strong></span> <span class='ocrx_word' id='word_1_197' title='bbox 2342 1106 2563 1171; x_wconf 88' lang='lat' dir='ltr'><strong>reptans</strong></span> <span class='ocrx_word' id='word_1_198' title='bbox 2605 1106 2795 1155; x_wconf 81' lang='lat' dir='ltr'><strong>ventre</strong></span> <span class='ocrx_word' id='word_1_199' title='bbox 2840 1098 3248 1169; x_wconf 80' lang='lat' dir='ltr'><strong>interpretatur.</strong></span> <span class='ocrx_word' id='word_1_200' title='bbox 3300 1096 3418 1156; x_wconf 80' lang='lat' dir='ltr'><strong>Hoc</strong></span> 
     </span>
    </p>
   </div>
   <div class='ocr_carea' id='block_1_27' title="bbox 1835 1190 3408 1263">
    <p class='ocr_par' dir='ltr' id='par_1_27' title="bbox 1835 1190 3408 1263">
     <span class='ocr_line' id='line_1_27' title="bbox 1835 1190 3408 1263; baseline 0 -15"><span class='ocrx_word' id='word_1_201' title='bbox 1835 1201 2092 1263; x_wconf 84' lang='lat' dir='ltr'><strong>estergo,</strong></span> <span class='ocrx_word' id='word_1_202' title='bbox 2115 1191 2260 1261; x_wconf 89' lang='lat' dir='ltr'><strong>quod</strong></span> <span class='ocrx_word' id='word_1_203' title='bbox 2298 1190 2518 1257; x_wconf 90' lang='lat' dir='ltr'><strong>dicitur,</strong></span> <span class='ocrx_word' id='word_1_204' title='bbox 2567 1191 2751 1247; x_wconf 88' lang='lat' dir='ltr'><strong>statim</strong></span> <span class='ocrx_word' id='word_1_205' title='bbox 2796 1200 2856 1245; x_wconf 90' lang='lat' dir='ltr'><strong>ut</strong></span> <span class='ocrx_word' id='word_1_206' title='bbox 2882 1191 3093 1246; x_wconf 84' lang='lat' dir='ltr'><strong>venerit</strong></span> <span class='ocrx_word' id='word_1_207' title='bbox 3124 1190 3408 1259; x_wconf 83' lang='lat' dir='ltr'><strong>Dominus,</strong></span> 
     </span>
    </p>
   </div>
   <div class='ocr_carea' id='block_1_28' title="bbox 1834 1283 3419 1356">
    <p class='ocr_par' dir='ltr' id='par_1_28' title="bbox 1834 1283 3419 1356">
     <span class='ocr_line' id='line_1_28' title="bbox 1834 1283 3419 1356; baseline 0 -15"><span class='ocrx_word' id='word_1_208' title='bbox 1834 1295 1889 1342; x_wconf 91' lang='lat' dir='ltr'><strong>et</strong></span> <span class='ocrx_word' id='word_1_209' title='bbox 1912 1284 2148 1341; x_wconf 71' lang='lat' dir='ltr'><strong>Iordane</strong></span> <span class='ocrx_word' id='word_1_210' title='bbox 2176 1283 2338 1340; x_wconf 84' lang='lat' dir='ltr'><strong>fuerit</strong></span> <span class='ocrx_word' id='word_1_211' title='bbox 2365 1284 2683 1356; x_wconf 82' lang='lat' dir='ltr'><strong>baptizatus,</strong></span> <span class='ocrx_word' id='word_1_212' title='bbox 2713 1294 2771 1339; x_wconf 87' lang='lat' dir='ltr'><strong>et</strong></span> <span class='ocrx_word' id='word_1_213' title='bbox 2803 1284 2869 1339; x_wconf 83' lang='lat' dir='ltr'><strong>ad</strong></span> <span class='ocrx_word' id='word_1_214' title='bbox 2895 1284 3158 1340; x_wconf 73' lang='lat' dir='ltr'><strong>columba:</strong></span> <span class='ocrx_word' id='word_1_215' title='bbox 3190 1284 3419 1341; x_wconf 68' lang='lat' dir='ltr'><strong>desceuo</strong></span> 
     </span>
    </p>
   </div>
   <div class='ocr_carea' id='block_1_29' title="bbox 1834 1371 3415 1446">
    <p class='ocr_par' dir='ltr' id='par_1_29' title="bbox 1834 1371 3415 1446">
     <span class='ocr_line' id='line_1_29' title="bbox 1834 1371 3415 1446; baseline -0.001 -13"><span class='ocrx_word' id='word_1_216' title='bbox 1834 1392 1954 1433; x_wconf 89' lang='lat' dir='ltr'><strong>sum</strong></span> <span class='ocrx_word' id='word_1_217' title='bbox 1985 1391 2087 1430; x_wconf 85' lang='lat' dir='ltr'><strong>vox</strong></span> <span class='ocrx_word' id='word_1_218' title='bbox 2110 1375 2282 1446; x_wconf 83' lang='lat' dir='ltr'><strong>patris</strong></span> <span class='ocrx_word' id='word_1_219' title='bbox 2309 1374 2640 1429; x_wconf 88' lang='lat' dir='ltr'><strong>intonuerit:</strong></span> <span class='ocrx_word' id='word_1_220' title='bbox 2670 1392 2689 1426; x_wconf 75' lang='grc' dir='ltr'><strong><em>ο</em></strong></span> <span class='ocrx_word' id='word_1_221' title='bbox 2721 1371 2821 1428; x_wconf 86' lang='lat' dir='ltr'><strong>Hic</strong></span> <span class='ocrx_word' id='word_1_222' title='bbox 2844 1380 2929 1430; x_wconf 92' lang='lat' dir='ltr'><strong>est</strong></span> <span class='ocrx_word' id='word_1_223' title='bbox 2953 1373 3123 1431; x_wconf 85' lang='lat' dir='ltr'><strong>Filius</strong></span> <span class='ocrx_word' id='word_1_224' title='bbox 3149 1388 3303 1430; x_wconf 86' lang='lat' dir='ltr'><strong>meus</strong></span> <span class='ocrx_word' id='word_1_225' title='bbox 3330 1374 3415 1432; x_wconf 78' lang='lat' dir='ltr'><strong>di-</strong></span> 
     </span>
    </p>
   </div>
   <div class='ocr_carea' id='block_1_30' title="bbox 1834 1465 3416 1540">
    <p class='ocr_par' dir='ltr' id='par_1_30' title="bbox 1834 1465 3416 1540">
     <span class='ocr_line' id='line_1_30' title="bbox 1834 1465 3416 1540; baseline -0.003 -13"><span class='ocrx_word' id='word_1_226' title='bbox 1834 1471 2028 1537; x_wconf 89' lang='lat' dir='ltr'><strong>lectus,</strong></span> <span class='ocrx_word' id='word_1_227' title='bbox 2052 1469 2106 1524; x_wconf 91' lang='lat' dir='ltr'><strong>in</strong></span> <span class='ocrx_word' id='word_1_228' title='bbox 2129 1484 2236 1539; x_wconf 90' lang='lat' dir='ltr'><strong>quo</strong></span> <span class='ocrx_word' id='word_1_229' title='bbox 2260 1468 2395 1525; x_wconf 89' lang='lat' dir='ltr'><strong>mihi</strong></span> <span class='ocrx_word' id='word_1_230' title='bbox 2427 1466 2727 1539; x_wconf 90' lang='lat' dir='ltr'><strong>complacui</strong></span> <span class='ocrx_word' id='word_1_231' title='bbox 2765 1465 2981 1540; x_wconf 79' lang='lat' dir='ltr'><strong>(Matth.</strong></span> <span class='ocrx_word' id='word_1_232' title='bbox 3014 1465 3123 1540; x_wconf 84' lang='grc' dir='ltr'>ιιι),</span> <span class='ocrx_word' id='word_1_233' title='bbox 3143 1485 3163 1520; x_wconf 71' lang='grc' dir='ltr'><strong><em>ι</em></strong></span> <span class='ocrx_word' id='word_1_234' title='bbox 3194 1466 3416 1523; x_wconf 76' lang='lat' dir='ltr'><strong>exeunti</strong></span> 
     </span>
    </p>
   </div>
   <div class='ocr_carea' id='block_1_31' title="bbox 1835 1558 3416 1633">
    <p class='ocr_par' dir='ltr' id='par_1_31' title="bbox 1835 1558 3416 1633">
     <span class='ocr_line' id='line_1_31' title="bbox 1835 1558 3416 1633; baseline -0.002 -15"><span class='ocrx_word' id='word_1_235' title='bbox 1835 1563 1903 1619; x_wconf 90' lang='lat' dir='ltr'><strong>de</strong></span> <span class='ocrx_word' id='word_1_236' title='bbox 1938 1562 2092 1633; x_wconf 85' lang='lat' dir='ltr'><strong>aquis</strong></span> <span class='ocrx_word' id='word_1_237' title='bbox 2114 1567 2366 1616; x_wconf 88' lang='lat' dir='ltr'><strong>occurret</strong></span> <span class='ocrx_word' id='word_1_238' title='bbox 2397 1558 2664 1625; x_wconf 87' lang='lat' dir='ltr'><strong>diabolus,</strong></span> <span class='ocrx_word' id='word_1_239' title='bbox 2690 1567 2745 1614; x_wconf 91' lang='lat' dir='ltr'><strong>et</strong></span> <span class='ocrx_word' id='word_1_240' title='bbox 2770 1567 2897 1613; x_wconf 84' lang='lat' dir='ltr'><strong>ante</strong></span> <span class='ocrx_word' id='word_1_241' title='bbox 2921 1559 3088 1629; x_wconf 90' lang='lat' dir='ltr'><strong>pedes</strong></span> <span class='ocrx_word' id='word_1_242' title='bbox 3111 1559 3253 1615; x_wconf 89' lang='lat' dir='ltr'><strong>illius</strong></span> <span class='ocrx_word' id='word_1_243' title='bbox 3298 1567 3416 1615; x_wconf 82' lang='lat' dir='ltr'><strong>sta-</strong></span> 
     </span>
    </p>
   </div>
   <div class='ocr_carea' id='block_1_32' title="bbox 1834 1651 3418 1723">
    <p class='ocr_par' dir='ltr' id='par_1_32' title="bbox 1834 1651 3418 1723">
     <span class='ocr_line' id='line_1_32' title="bbox 1834 1651 3418 1723; baseline -0.003 -11"><span class='ocrx_word' id='word_1_244' title='bbox 1834 1656 1917 1712; x_wconf 86' lang='lat' dir='ltr'><strong>bit</strong></span> <span class='ocrx_word' id='word_1_245' title='bbox 1950 1670 2121 1721; x_wconf 89' lang='lat' dir='ltr'><strong>mors,</strong></span> <span class='ocrx_word' id='word_1_246' title='bbox 2166 1662 2227 1709; x_wconf 88' lang='lat' dir='ltr'><strong>ut</strong></span> <span class='ocrx_word' id='word_1_247' title='bbox 2277 1652 2498 1708; x_wconf 86' lang='lat' dir='ltr'><strong>coluber</strong></span> <span class='ocrx_word' id='word_1_248' title='bbox 2540 1651 2815 1721; x_wconf 89' lang='lat' dir='ltr'><strong>antiquus,</strong></span> <span class='ocrx_word' id='word_1_249' title='bbox 2847 1651 3203 1723; x_wconf 86' lang='lat' dir='ltr'><strong>quadraginta</strong></span> <span class='ocrx_word' id='word_1_250' title='bbox 3229 1651 3418 1708; x_wconf 80' lang='lat' dir='ltr'><strong>diebus</strong></span> 
     </span>
    </p>
   </div>
   <div class='ocr_carea' id='block_1_33' title="bbox 136 1731 3413 1815">
    <p class='ocr_par' dir='ltr' id='par_1_33' title="bbox 136 1731 3413 1815">
     <span class='ocr_line' id='line_1_33' title="bbox 136 1731 3413 1815; baseline -0.003 -9"><span class='ocrx_word' id='word_1_251' title='bbox 136 1756 294 1805; x_wconf 88' lang='lat' dir='ltr'><strong>retur</strong></span> <span class='ocrx_word' id='word_1_252' title='bbox 324 1761 492 1802; x_wconf 88' lang='lat' dir='ltr'><strong>mors.</strong></span> <span class='ocrx_word' id='word_1_253' title='bbox 534 1746 776 1815; x_wconf 84' lang='lat' dir='ltr'><strong>Denique</strong></span> <span class='ocrx_word' id='word_1_254' title='bbox 815 1745 868 1799; x_wconf 89' lang='lat' dir='ltr'><strong>in</strong></span> <span class='ocrx_word' id='word_1_255' title='bbox 912 1750 1097 1799; x_wconf 83' lang='lat' dir='ltr'><strong>monte</strong></span> <span class='ocrx_word' id='word_1_256' title='bbox 1127 1752 1339 1806; x_wconf 81' lang='lat' dir='ltr'><strong>sancto.</strong></span> <span class='ocrx_word' id='word_1_257' title='bbox 1362 1742 1724 1813; x_wconf 62' lang='lat' dir='ltr'><strong>praesentibus</strong></span> <span class='ocrx_word' id='word_1_258' title='bbox 1753 1731 1803 1793; x_wconf 86' lang='grc' dir='ltr'><strong>Β</strong></span> <span class='ocrx_word' id='word_1_259' title='bbox 1831 1746 2061 1803; x_wconf 81' lang='lat' dir='ltr'><strong>tentabit</strong></span> <span class='ocrx_word' id='word_1_260' title='bbox 2108 1760 2230 1801; x_wconf 89' lang='lat' dir='ltr'><strong>eum</strong></span> <span class='ocrx_word' id='word_1_261' title='bbox 2270 1745 2325 1799; x_wconf 91' lang='lat' dir='ltr'><strong>in</strong></span> <span class='ocrx_word' id='word_1_262' title='bbox 2372 1742 2683 1799; x_wconf 88' lang='lat' dir='ltr'><strong>solitudine.</strong></span> <span class='ocrx_word' id='word_1_263' title='bbox 2734 1741 2793 1799; x_wconf 90' lang='lat' dir='ltr'><strong>Si</strong></span> <span class='ocrx_word' id='word_1_264' title='bbox 2828 1749 3012 1797; x_wconf 87' lang='lat' dir='ltr'><strong>autem</strong></span> <span class='ocrx_word' id='word_1_265' title='bbox 3060 1740 3215 1811; x_wconf 81' lang='lat' dir='ltr'><strong>juxta</strong></span> <span class='ocrx_word' id='word_1_266' title='bbox 3265 1740 3413 1798; x_wconf 73' lang='lat' dir='ltr'><strong>LXX</strong></span> 
     </span>
    </p>
   </div>
   <div class='ocr_carea' id='block_1_34' title="bbox 136 1834 1728 1908">
    <p class='ocr_par' dir='ltr' id='par_1_34' title="bbox 136 1834 1728 1908">
     <span class='ocr_line' id='line_1_34' title="bbox 136 1834 1728 1908; baseline -0.004 -11"><span class='ocrx_word' id='word_1_267' title='bbox 136 1841 323 1908; x_wconf 88' lang='lat' dir='ltr'><strong>Petro,</strong></span> <span class='ocrx_word' id='word_1_268' title='bbox 366 1838 570 1896; x_wconf 87' lang='lat' dir='ltr'><strong>Jacobo</strong></span> <span class='ocrx_word' id='word_1_269' title='bbox 599 1848 653 1895; x_wconf 87' lang='lat' dir='ltr'><strong>et</strong></span> <span class='ocrx_word' id='word_1_270' title='bbox 689 1837 912 1903; x_wconf 82' lang='lat' dir='ltr'><strong>Joanne,</strong></span> <span class='ocrx_word' id='word_1_271' title='bbox 947 1836 1204 1908; x_wconf 89' lang='lat' dir='ltr'><strong>splendor</strong></span> <span class='ocrx_word' id='word_1_272' title='bbox 1232 1834 1349 1906; x_wconf 89' lang='lat' dir='ltr'><strong>ejus</strong></span> <span class='ocrx_word' id='word_1_273' title='bbox 1376 1837 1519 1891; x_wconf 87' lang='lat' dir='ltr'><strong>sicut</strong></span> <span class='ocrx_word' id='word_1_274' title='bbox 1546 1835 1728 1891; x_wconf 91' lang='lat' dir='ltr'><strong>lumen</strong></span> 
     </span>
    </p>
   </div>
   <div class='ocr_carea' id='block_1_35' title="bbox 136 1930 1731 2007">
    <p class='ocr_par' dir='ltr' id='par_1_35' title="bbox 136 1930 1731 2007">
     <span class='ocr_line' id='line_1_35' title="bbox 136 1930 1731 2007; baseline -0.002 -18"><span class='ocrx_word' id='word_1_275' title='bbox 136 1933 407 2007; x_wconf 82' lang='lat' dir='ltr'><strong>fulgebat,</strong></span> <span class='ocrx_word' id='word_1_276' title='bbox 438 1944 496 1991; x_wconf 93' lang='lat' dir='ltr'><strong>et</strong></span> <span class='ocrx_word' id='word_1_277' title='bbox 534 1934 613 1990; x_wconf 91' lang='lat' dir='ltr'><strong>illi</strong></span> <span class='ocrx_word' id='word_1_278' title='bbox 648 1932 1061 1990; x_wconf 88' lang='lat' dir='ltr'><strong>delectabantur</strong></span> <span class='ocrx_word' id='word_1_279' title='bbox 1098 1931 1312 2002; x_wconf 86' lang='lat' dir='ltr'><strong>quidem</strong></span> <span class='ocrx_word' id='word_1_280' title='bbox 1342 1930 1504 2002; x_wconf 89' lang='lat' dir='ltr'><strong>hujus</strong></span> <span class='ocrx_word' id='word_1_281' title='bbox 1531 1931 1731 1987; x_wconf 90' lang='lat' dir='ltr'><strong>intuitu</strong></span> 
     </span>
    </p>
   </div>
   <div class='ocr_carea' id='block_1_36' title="bbox 139 2020 1732 2097">
    <p class='ocr_par' dir='ltr' id='par_1_36' title="bbox 139 2020 1732 2097">
     <span class='ocr_line' id='line_1_36' title="bbox 139 2020 1732 2097; baseline -0.003 -17"><span class='ocrx_word' id='word_1_282' title='bbox 139 2025 492 2097; x_wconf 87' lang='lat' dir='ltr'><strong>splendoris;</strong></span> <span class='ocrx_word' id='word_1_283' title='bbox 533 2023 627 2080; x_wconf 90' lang='lat' dir='ltr'><strong>sed</strong></span> <span class='ocrx_word' id='word_1_284' title='bbox 667 2032 848 2079; x_wconf 90' lang='lat' dir='ltr'><strong>tamen</strong></span> <span class='ocrx_word' id='word_1_285' title='bbox 892 2031 1155 2094; x_wconf 90' lang='lat' dir='ltr'><strong>quantum</strong></span> <span class='ocrx_word' id='word_1_286' title='bbox 1192 2022 1370 2078; x_wconf 86' lang='lat' dir='ltr'><strong>adhuc</strong></span> <span class='ocrx_word' id='word_1_287' title='bbox 1409 2020 1631 2094; x_wconf 79' lang='lat' dir='ltr'><strong>fragiles</strong></span> <span class='ocrx_word' id='word_1_288' title='bbox 1676 2029 1732 2077; x_wconf 92' lang='lat' dir='ltr'><strong>et</strong></span> 
     </span>
    </p>
   </div>
   <div class='ocr_carea' id='block_1_37' title="bbox 136 2113 1734 2187">
    <p class='ocr_par' dir='ltr' id='par_1_37' title="bbox 136 2113 1734 2187">
     <span class='ocr_line' id='line_1_37' title="bbox 136 2113 1734 2187; baseline -0.003 -14"><span class='ocrx_word' id='word_1_289' title='bbox 136 2116 345 2174; x_wconf 80' lang='lat' dir='ltr'><strong>infirmi</strong></span> <span class='ocrx_word' id='word_1_290' title='bbox 390 2114 628 2182; x_wconf 86' lang='lat' dir='ltr'><strong>fuerint,</strong></span> <span class='ocrx_word' id='word_1_291' title='bbox 658 2124 903 2187; x_wconf 89' lang='lat' dir='ltr'><strong>tempore</strong></span> <span class='ocrx_word' id='word_1_292' title='bbox 930 2116 1217 2186; x_wconf 89' lang='lat' dir='ltr'><strong>probatum</strong></span> <span class='ocrx_word' id='word_1_293' title='bbox 1254 2122 1340 2169; x_wconf 90' lang='lat' dir='ltr'><strong>est</strong></span> <span class='ocrx_word' id='word_1_294' title='bbox 1370 2114 1640 2184; x_wconf 86' lang='lat' dir='ltr'><strong>passionis</strong></span> <span class='ocrx_word' id='word_1_295' title='bbox 1668 2113 1734 2169; x_wconf 88' lang='lat' dir='ltr'><strong>il—</strong></span> 
     </span>
    </p>
   </div>
   <div class='ocr_carea' id='block_1_38' title="bbox 136 2206 1731 2278">
    <p class='ocr_par' dir='ltr' id='par_1_38' title="bbox 136 2206 1731 2278">
     <span class='ocr_line' id='line_1_38' title="bbox 136 2206 1731 2278; baseline 0 -16"><span class='ocrx_word' id='word_1_296' title='bbox 136 2208 265 2265; x_wconf 91' lang='lat' dir='ltr'><strong>lius.</strong></span> <span class='ocrx_word' id='word_1_297' title='bbox 302 2207 373 2262; x_wconf 84' lang='lat' dir='ltr'><strong>At</strong></span> <span class='ocrx_word' id='word_1_298' title='bbox 400 2216 685 2278; x_wconf 88' lang='lat' dir='ltr'><strong>postquam</strong></span> <span class='ocrx_word' id='word_1_299' title='bbox 734 2206 791 2263; x_wconf 89' lang='lat' dir='ltr'><strong>in</strong></span> <span class='ocrx_word' id='word_1_300' title='bbox 824 2207 1076 2262; x_wconf 86' lang='lat' dir='ltr'><strong>manibus</strong></span> <span class='ocrx_word' id='word_1_301' title='bbox 1100 2221 1271 2262; x_wconf 91' lang='lat' dir='ltr'><strong>cornu</strong></span> <span class='ocrx_word' id='word_1_302' title='bbox 1292 2206 1473 2262; x_wconf 90' lang='lat' dir='ltr'><strong>crucis</strong></span> <span class='ocrx_word' id='word_1_303' title='bbox 1498 2208 1731 2278; x_wconf 88' lang='lat' dir='ltr'><strong>accepit,</strong></span> 
     </span>
    </p>
   </div>
   <div class='ocr_carea' id='block_1_39' title="bbox 138 2299 1733 2372">
    <p class='ocr_par' dir='ltr' id='par_1_39' title="bbox 138 2299 1733 2372">
     <span class='ocr_line' id='line_1_39' title="bbox 138 2299 1733 2372; baseline -0.002 -14"><span class='ocrx_word' id='word_1_304' title='bbox 138 2303 216 2359; x_wconf 89' lang='lat' dir='ltr'><strong>ibi</strong></span> <span class='ocrx_word' id='word_1_305' title='bbox 256 2301 577 2358; x_wconf 82' lang='lat' dir='ltr'><strong>conﬁrmata</strong></span> <span class='ocrx_word' id='word_1_306' title='bbox 608 2308 695 2357; x_wconf 93' lang='lat' dir='ltr'><strong>est</strong></span> <span class='ocrx_word' id='word_1_307' title='bbox 722 2300 897 2356; x_wconf 84' lang='lat' dir='ltr'><strong>virtus</strong></span> <span class='ocrx_word' id='word_1_308' title='bbox 944 2299 1128 2372; x_wconf 72' lang='lat' dir='ltr'><strong>gloria:</strong></span> <span class='ocrx_word' id='word_1_309' title='bbox 1164 2299 1315 2371; x_wconf 84' lang='lat' dir='ltr'><strong>ejus,</strong></span> <span class='ocrx_word' id='word_1_310' title='bbox 1365 2301 1500 2356; x_wconf 91' lang='lat' dir='ltr'><strong>adeo</strong></span> <span class='ocrx_word' id='word_1_311' title='bbox 1544 2308 1605 2355; x_wconf 91' lang='lat' dir='ltr'><strong>ut</strong></span> <span class='ocrx_word' id='word_1_312' title='bbox 1632 2314 1733 2355; x_wconf 89' lang='lat' dir='ltr'><strong>nec</strong></span> 
     </span>
    </p>
   </div>
   <div class='ocr_carea' id='block_1_40' title="bbox 140 2389 1732 2464">
    <p class='ocr_par' dir='ltr' id='par_1_40' title="bbox 140 2389 1732 2464">
     <span class='ocr_line' id='line_1_40' title="bbox 140 2389 1732 2464; baseline -0.002 -15"><span class='ocrx_word' id='word_1_313' title='bbox 140 2391 480 2458; x_wconf 82' lang='lat' dir='ltr'><strong>terroribus,</strong></span> <span class='ocrx_word' id='word_1_314' title='bbox 525 2405 628 2446; x_wconf 89' lang='lat' dir='ltr'><strong>nec</strong></span> <span class='ocrx_word' id='word_1_315' title='bbox 652 2391 768 2464; x_wconf 90' lang='lat' dir='ltr'><strong>ipsa</strong></span> <span class='ocrx_word' id='word_1_316' title='bbox 800 2398 976 2446; x_wconf 87' lang='lat' dir='ltr'><strong>morte</strong></span> <span class='ocrx_word' id='word_1_317' title='bbox 1018 2398 1202 2461; x_wconf 89' lang='lat' dir='ltr'><strong>posset</strong></span> <span class='ocrx_word' id='word_1_318' title='bbox 1231 2405 1263 2445; x_wconf 91' lang='lat' dir='ltr'><strong>a</strong></span> <span class='ocrx_word' id='word_1_319' title='bbox 1290 2389 1529 2445; x_wconf 86' lang='lat' dir='ltr'><strong>ﬁdelium</strong></span> <span class='ocrx_word' id='word_1_320' title='bbox 1569 2390 1732 2446; x_wconf 87' lang='lat' dir='ltr'><strong>corde</strong></span> 
     </span>
    </p>
   </div>
   <div class='ocr_carea' id='block_1_41' title="bbox 131 2482 1731 2556">
    <p class='ocr_par' dir='ltr' id='par_1_41' title="bbox 131 2482 1731 2556">
     <span class='ocr_line' id='line_1_41' title="bbox 131 2482 1731 2556; baseline 0 -18"><span class='ocrx_word' id='word_1_321' title='bbox 131 2482 465 2556; x_wconf 84' lang='lat' dir='ltr'><strong>propulsari.</strong></span> <span class='ocrx_word' id='word_1_322' title='bbox 502 2482 742 2539; x_wconf 87' lang='lat' dir='ltr'><strong>Possunt</strong></span> <span class='ocrx_word' id='word_1_323' title='bbox 772 2483 827 2537; x_wconf 93' lang='lat' dir='ltr'><strong>in</strong></span> <span class='ocrx_word' id='word_1_324' title='bbox 859 2482 1116 2544; x_wconf 85' lang='lat' dir='ltr'><strong>cornibus</strong></span> <span class='ocrx_word' id='word_1_325' title='bbox 1155 2492 1306 2538; x_wconf 87' lang='lat' dir='ltr'><strong>more</strong></span> <span class='ocrx_word' id='word_1_326' title='bbox 1342 2483 1731 2553; x_wconf 89' lang='lat' dir='ltr'><strong>prophetarum</strong></span> 
     </span>
    </p>
   </div>
   <div class='ocr_carea' id='block_1_42' title="bbox 132 2572 1731 2647">
    <p class='ocr_par' dir='ltr' id='par_1_42' title="bbox 132 2572 1731 2647">
     <span class='ocr_line' id='line_1_42' title="bbox 132 2572 1731 2647; baseline 0.001 -19"><span class='ocrx_word' id='word_1_327' title='bbox 132 2590 307 2647; x_wconf 84' lang='lat' dir='ltr'><strong>regna</strong></span> <span class='ocrx_word' id='word_1_328' title='bbox 334 2573 494 2645; x_wconf 85' lang='lat' dir='ltr'><strong>hujus</strong></span> <span class='ocrx_word' id='word_1_329' title='bbox 520 2572 707 2629; x_wconf 89' lang='lat' dir='ltr'><strong>mundi</strong></span> <span class='ocrx_word' id='word_1_330' title='bbox 745 2574 1047 2629; x_wconf 86' lang='lat' dir='ltr'><strong>insinuari:</strong></span> <span class='ocrx_word' id='word_1_331' title='bbox 1086 2580 1263 2644; x_wconf 89' lang='lat' dir='ltr'><strong>potest</strong></span> <span class='ocrx_word' id='word_1_332' title='bbox 1301 2575 1604 2630; x_wconf 88' lang='lat' dir='ltr'><strong>sublimitas</strong></span> <span class='ocrx_word' id='word_1_333' title='bbox 1630 2576 1731 2630; x_wconf 84' lang='lat' dir='ltr'><strong>hu-</strong></span> 
     </span>
    </p>
   </div>
   <div class='ocr_carea' id='block_1_43' title="bbox 131 2658 1733 2735">
    <p class='ocr_par' dir='ltr' id='par_1_43' title="bbox 131 2658 1733 2735">
     <span class='ocr_line' id='line_1_43' title="bbox 131 2658 1733 2735; baseline 0 -15"><span class='ocrx_word' id='word_1_334' title='bbox 131 2681 316 2721; x_wconf 77' lang='lat' dir='ltr'><strong>mana:</strong></span> <span class='ocrx_word' id='word_1_335' title='bbox 338 2667 534 2722; x_wconf 89' lang='lat' dir='ltr'><strong>mentis</strong></span> <span class='ocrx_word' id='word_1_336' title='bbox 557 2665 671 2722; x_wconf 83' lang='lat' dir='ltr'><strong>sive</strong></span> <span class='ocrx_word' id='word_1_337' title='bbox 701 2666 842 2722; x_wconf 88' lang='lat' dir='ltr'><strong>bona</strong></span> <span class='ocrx_word' id='word_1_338' title='bbox 883 2681 977 2721; x_wconf 90' lang='lat' dir='ltr'><strong>seu</strong></span> <span class='ocrx_word' id='word_1_339' title='bbox 1015 2658 1249 2735; x_wconf 41' lang='lat' dir='ltr'><strong>reproba&#39;</strong></span> <span class='ocrx_word' id='word_1_340' title='bbox 1273 2681 1537 2721; x_wconf 91' lang='lat' dir='ltr'><strong>cornuum</strong></span> <span class='ocrx_word' id='word_1_341' title='bbox 1568 2680 1733 2721; x_wconf 88' lang='lat' dir='ltr'><strong>voca-</strong></span> 
     </span>
    </p>
   </div>
   <div class='ocr_carea' id='block_1_44' title="bbox 132 2755 1733 2830">
    <p class='ocr_par' dir='ltr' id='par_1_44' title="bbox 132 2755 1733 2830">
     <span class='ocr_line' id='line_1_44' title="bbox 132 2755 1733 2830; baseline -0.001 -17"><span class='ocrx_word' id='word_1_342' title='bbox 132 2757 271 2814; x_wconf 72' lang='lat' dir='ltr'><strong>bulo</strong></span> <span class='ocrx_word' id='word_1_343' title='bbox 308 2758 619 2830; x_wconf 88' lang='lat' dir='ltr'><strong>designari;</strong></span> <span class='ocrx_word' id='word_1_344' title='bbox 661 2765 717 2813; x_wconf 93' lang='lat' dir='ltr'><strong>et</strong></span> <span class='ocrx_word' id='word_1_345' title='bbox 746 2772 952 2813; x_wconf 89' lang='lat' dir='ltr'><strong>cornua</strong></span> <span class='ocrx_word' id='word_1_346' title='bbox 990 2758 1197 2814; x_wconf 91' lang='lat' dir='ltr'><strong>suntin</strong></span> <span class='ocrx_word' id='word_1_347' title='bbox 1220 2757 1470 2812; x_wconf 89' lang='lat' dir='ltr'><strong>manibus</strong></span> <span class='ocrx_word' id='word_1_348' title='bbox 1496 2755 1733 2822; x_wconf 87' lang='lat' dir='ltr'><strong>Christi,</strong></span> 
     </span>
    </p>
   </div>
   <div class='ocr_carea' id='block_1_45' title="bbox 140 2846 1735 2920">
    <p class='ocr_par' dir='ltr' id='par_1_45' title="bbox 140 2846 1735 2920">
     <span class='ocr_line' id='line_1_45' title="bbox 140 2846 1735 2920; baseline 0.001 -20"><span class='ocrx_word' id='word_1_349' title='bbox 140 2867 165 2900; x_wconf 75' lang='grc' dir='ltr'>ι</span> <span class='ocrx_word' id='word_1_350' title='bbox 200 2847 329 2920; x_wconf 87' lang='lat' dir='ltr'><strong>quia</strong></span> <span class='ocrx_word' id='word_1_351' title='bbox 352 2848 467 2919; x_wconf 89' lang='lat' dir='ltr'><strong>ipse</strong></span> <span class='ocrx_word' id='word_1_352' title='bbox 489 2856 573 2905; x_wconf 86' lang='lat' dir='ltr'><strong>est</strong></span> <span class='ocrx_word' id='word_1_353' title='bbox 599 2846 718 2903; x_wconf 80' lang='lat' dir='ltr'><strong>Rex</strong></span> <span class='ocrx_word' id='word_1_354' title='bbox 742 2862 949 2920; x_wconf 87' lang='lat' dir='ltr'><strong>regum,</strong></span> <span class='ocrx_word' id='word_1_355' title='bbox 980 2855 1036 2903; x_wconf 91' lang='lat' dir='ltr'><strong>et</strong></span> <span class='ocrx_word' id='word_1_356' title='bbox 1064 2847 1325 2903; x_wconf 87' lang='lat' dir='ltr'><strong>Dominus</strong></span> <span class='ocrx_word' id='word_1_357' title='bbox 1344 2847 1735 2902; x_wconf 87' lang='lat' dir='ltr'><strong>dominantium</strong></span> 
     </span>
    </p>
   </div>
   <div class='ocr_carea' id='block_1_46' title="bbox 134 2938 1737 3013">
    <p class='ocr_par' dir='ltr' id='par_1_46' title="bbox 134 2938 1737 3013">
     <span class='ocr_line' id='line_1_46' title="bbox 134 2938 1737 3013; baseline -0.001 -20"><span class='ocrx_word' id='word_1_358' title='bbox 134 2939 197 3012; x_wconf 89' lang='grc'><strong>(1</strong></span> <span class='ocrx_word' id='word_1_359' title='bbox 227 2939 362 2994; x_wconf 83' lang='lat' dir='ltr'><strong>Tim.</strong></span> <span class='ocrx_word' id='word_1_360' title='bbox 386 2938 483 3013; x_wconf 79' lang='lat' dir='ltr'><strong>vi).</strong></span> <span class='ocrx_word' id='word_1_361' title='bbox 522 2959 542 2993; x_wconf 73' lang='grc' dir='ltr'><strong><em>ι</em></strong></span> <span class='ocrx_word' id='word_1_362' title='bbox 577 2938 791 2995; x_wconf 89' lang='lat' dir='ltr'><strong>Cornua</strong></span> <span class='ocrx_word' id='word_1_363' title='bbox 817 2948 947 2995; x_wconf 91' lang='lat' dir='ltr'><strong>sunt</strong></span> <span class='ocrx_word' id='word_1_364' title='bbox 974 2940 1029 2994; x_wconf 90' lang='lat' dir='ltr'><strong>in</strong></span> <span class='ocrx_word' id='word_1_365' title='bbox 1064 2939 1316 2994; x_wconf 86' lang='lat' dir='ltr'><strong>manibus</strong></span> <span class='ocrx_word' id='word_1_366' title='bbox 1344 2938 1477 3009; x_wconf 89' lang='lat' dir='ltr'><strong>ejus,</strong></span> <span class='ocrx_word' id='word_1_367' title='bbox 1509 2946 1570 2993; x_wconf 92' lang='lat' dir='ltr'><strong>ut</strong></span> <span class='ocrx_word' id='word_1_368' title='bbox 1590 2938 1737 2993; x_wconf 90' lang='lat' dir='ltr'><strong>hunc</strong></span> 
     </span>
    </p>
   </div>
   <div class='ocr_carea' id='block_1_47' title="bbox 131 3028 1733 3097">
    <p class='ocr_par' dir='ltr' id='par_1_47' title="bbox 131 3028 1733 3097">
     <span class='ocr_line' id='line_1_47' title="bbox 131 3028 1733 3097; baseline -0.004 -10"><span class='ocrx_word' id='word_1_369' title='bbox 131 3029 436 3087; x_wconf 72' lang='lat' dir='ltr'><strong>liumilians</strong></span> <span class='ocrx_word' id='word_1_370' title='bbox 468 3039 525 3085; x_wconf 92' lang='lat' dir='ltr'><strong>et</strong></span> <span class='ocrx_word' id='word_1_371' title='bbox 561 3029 707 3085; x_wconf 93' lang='lat' dir='ltr'><strong>hunc</strong></span> <span class='ocrx_word' id='word_1_372' title='bbox 744 3028 1011 3096; x_wconf 83' lang='lat' dir='ltr'><strong>exaltans,</strong></span> <span class='ocrx_word' id='word_1_373' title='bbox 1032 3029 1214 3084; x_wconf 84' lang='lat' dir='ltr'><strong>omnia</strong></span> <span class='ocrx_word' id='word_1_374' title='bbox 1241 3043 1443 3084; x_wconf 89' lang='lat' dir='ltr'><strong>cornua</strong></span> <span class='ocrx_word' id='word_1_375' title='bbox 1479 3034 1733 3097; x_wconf 85' lang='lat' dir='ltr'><strong>peccato-</strong></span> 
     </span>
    </p>
   </div>
   <div class='ocr_carea' id='block_1_48' title="bbox 1834 1834 3417 1913">
    <p class='ocr_par' dir='ltr' id='par_1_48' title="bbox 1834 1834 3417 1913">
     <span class='ocr_line' id='line_1_48' title="bbox 1834 1834 3417 1913; baseline -0.005 -16"><span class='ocrx_word' id='word_1_376' title='bbox 1834 1842 2104 1913; x_wconf 86' lang='lat' dir='ltr'><strong>legimus:</strong></span> <span class='ocrx_word' id='word_1_377' title='bbox 2149 1857 2169 1891; x_wconf 73' lang='grc' dir='ltr'>ι</span> <span class='ocrx_word' id='word_1_378' title='bbox 2204 1839 2347 1894; x_wconf 80' lang='lat' dir='ltr'><strong>Ante</strong></span> <span class='ocrx_word' id='word_1_379' title='bbox 2375 1837 2568 1895; x_wconf 86' lang='lat' dir='ltr'><strong>faciem</strong></span> <span class='ocrx_word' id='word_1_380' title='bbox 2598 1836 2717 1907; x_wconf 87' lang='lat' dir='ltr'><strong>ejus</strong></span> <span class='ocrx_word' id='word_1_381' title='bbox 2745 1835 2847 1891; x_wconf 89' lang='lat' dir='ltr'><strong>ibit</strong></span> <span class='ocrx_word' id='word_1_382' title='bbox 2891 1834 3126 1892; x_wconf 83' lang='lat' dir='ltr'><strong>Verbum</strong></span> <span class='ocrx_word' id='word_1_383' title='bbox 3176 1840 3233 1892; x_wconf 91' lang='lat' dir='ltr'><strong>et</strong></span> <span class='ocrx_word' id='word_1_384' title='bbox 3256 1849 3417 1906; x_wconf 83' lang='lat' dir='ltr'><strong>egre-</strong></span> 
     </span>
    </p>
   </div>
   <div class='ocr_carea' id='block_1_49' title="bbox 1833 1927 3418 2003">
    <p class='ocr_par' dir='ltr' id='par_1_49' title="bbox 1833 1927 3418 2003">
     <span class='ocr_line' id='line_1_49' title="bbox 1833 1927 3418 2003; baseline -0.003 -12"><span class='ocrx_word' id='word_1_385' title='bbox 1833 1934 2011 1991; x_wconf 90' lang='lat' dir='ltr'><strong>dietur</strong></span> <span class='ocrx_word' id='word_1_386' title='bbox 2042 1933 2095 1987; x_wconf 92' lang='lat' dir='ltr'><strong>in</strong></span> <span class='ocrx_word' id='word_1_387' title='bbox 2139 1947 2381 2003; x_wconf 90' lang='lat' dir='ltr'><strong>campos,</strong></span> <span class='ocrx_word' id='word_1_388' title='bbox 2419 1950 2437 1983; x_wconf 73' lang='grc' dir='ltr'><strong>ι</strong></span> <span class='ocrx_word' id='word_1_389' title='bbox 2494 1929 2598 1985; x_wconf 92' lang='lat' dir='ltr'><strong>hoc</strong></span> <span class='ocrx_word' id='word_1_390' title='bbox 2625 1930 2893 2002; x_wconf 83' lang='lat' dir='ltr'><strong>significat</strong></span> <span class='ocrx_word' id='word_1_391' title='bbox 2941 1929 3084 1999; x_wconf 91' lang='lat' dir='ltr'><strong>quod</strong></span> <span class='ocrx_word' id='word_1_392' title='bbox 3113 1943 3294 1986; x_wconf 87' lang='lat' dir='ltr'><strong>sermo</strong></span> <span class='ocrx_word' id='word_1_393' title='bbox 3318 1927 3418 1986; x_wconf 83' lang='lat' dir='ltr'><strong>Dei</strong></span> 
     </span>
    </p>
   </div>
   <div class='ocr_carea' id='block_1_50' title="bbox 1834 2019 3418 2095">
    <p class='ocr_par' dir='ltr' id='par_1_50' title="bbox 1834 2019 3418 2095">
     <span class='ocr_line' id='line_1_50' title="bbox 1834 2019 3418 2095; baseline -0.004 -12"><span class='ocrx_word' id='word_1_394' title='bbox 1834 2036 1961 2083; x_wconf 88' lang='lat' dir='ltr'><strong>ante</strong></span> <span class='ocrx_word' id='word_1_395' title='bbox 1990 2025 2355 2081; x_wconf 86' lang='lat' dir='ltr'><strong>visitationem</strong></span> <span class='ocrx_word' id='word_1_396' title='bbox 2386 2022 2522 2094; x_wconf 89' lang='lat' dir='ltr'><strong>ejus,</strong></span> <span class='ocrx_word' id='word_1_397' title='bbox 2549 2038 2669 2095; x_wconf 71' lang='lat' dir='ltr'><strong>qua:</strong></span> <span class='ocrx_word' id='word_1_398' title='bbox 2716 2036 2861 2077; x_wconf 91' lang='lat' dir='ltr'><strong>nunc</strong></span> <span class='ocrx_word' id='word_1_399' title='bbox 2911 2019 3199 2093; x_wconf 83' lang='lat' dir='ltr'><strong>allegorice</strong></span> <span class='ocrx_word' id='word_1_400' title='bbox 3250 2019 3418 2077; x_wconf 85' lang='lat' dir='ltr'><strong>facies</strong></span> 
     </span>
    </p>
   </div>
   <div class='ocr_carea' id='block_1_51' title="bbox 1834 2112 3418 2189">
    <p class='ocr_par' dir='ltr' id='par_1_51' title="bbox 1834 2112 3418 2189">
     <span class='ocr_line' id='line_1_51' title="bbox 1834 2112 3418 2189; baseline -0.007 -11"><span class='ocrx_word' id='word_1_401' title='bbox 1834 2123 2053 2187; x_wconf 89' lang='lat' dir='ltr'><strong>dicitur,</strong></span> <span class='ocrx_word' id='word_1_402' title='bbox 2082 2118 2350 2189; x_wconf 76' lang='lat' dir='ltr'><strong>praecedat</strong></span> <span class='ocrx_word' id='word_1_403' title='bbox 2375 2124 2429 2172; x_wconf 91' lang='lat' dir='ltr'><strong>et</strong></span> <span class='ocrx_word' id='word_1_404' title='bbox 2452 2123 2722 2188; x_wconf 63' lang='lat' dir='ltr'><strong>praeparet</strong></span> <span class='ocrx_word' id='word_1_405' title='bbox 2757 2114 2922 2170; x_wconf 84' lang='lat' dir='ltr'><strong>corda</strong></span> <span class='ocrx_word' id='word_1_406' title='bbox 2949 2112 3314 2179; x_wconf 84' lang='lat' dir='ltr'><strong>credentium,</strong></span> <span class='ocrx_word' id='word_1_407' title='bbox 3355 2120 3418 2168; x_wconf 89' lang='lat' dir='ltr'><strong>ut</strong></span> 
     </span>
    </p>
   </div>
   <div class='ocr_carea' id='block_1_52' title="bbox 1830 2205 3420 2285">
    <p class='ocr_par' dir='ltr' id='par_1_52' title="bbox 1830 2205 3420 2285">
     <span class='ocr_line' id='line_1_52' title="bbox 1830 2205 3420 2285; baseline -0.007 -16"><span class='ocrx_word' id='word_1_408' title='bbox 1830 2228 1997 2285; x_wconf 77' lang='lat' dir='ltr'><strong>prava</strong></span> <span class='ocrx_word' id='word_1_409' title='bbox 2021 2213 2073 2266; x_wconf 91' lang='lat' dir='ltr'><strong>in</strong></span> <span class='ocrx_word' id='word_1_410' title='bbox 2106 2219 2313 2267; x_wconf 89' lang='lat' dir='ltr'><strong>rectum</strong></span> <span class='ocrx_word' id='word_1_411' title='bbox 2353 2217 2408 2264; x_wconf 91' lang='lat' dir='ltr'><strong>et</strong></span> <span class='ocrx_word' id='word_1_412' title='bbox 2453 2206 2736 2278; x_wconf 78' lang='lat' dir='ltr'><strong>inaequalia</strong></span> <span class='ocrx_word' id='word_1_413' title='bbox 2764 2213 2976 2262; x_wconf 89' lang='lat' dir='ltr'><strong>sternat</strong></span> <span class='ocrx_word' id='word_1_414' title='bbox 3006 2206 3058 2260; x_wconf 91' lang='lat' dir='ltr'><strong>in</strong></span> <span class='ocrx_word' id='word_1_415' title='bbox 3091 2205 3336 2275; x_wconf 86' lang='lat' dir='ltr'><strong>planum,</strong></span> <span class='ocrx_word' id='word_1_416' title='bbox 3360 2208 3420 2259; x_wconf 83' lang='lat' dir='ltr'><strong>et</strong></span> 
     </span>
    </p>
   </div>
   <div class='ocr_carea' id='block_1_53' title="bbox 1833 2300 3417 2375">
    <p class='ocr_par' dir='ltr' id='par_1_53' title="bbox 1833 2300 3417 2375">
     <span class='ocr_line' id='line_1_53' title="bbox 1833 2300 3417 2375; baseline -0.009 -10"><span class='ocrx_word' id='word_1_417' title='bbox 1833 2307 2097 2364; x_wconf 90' lang='lat' dir='ltr'><strong>auditoris</strong></span> <span class='ocrx_word' id='word_1_418' title='bbox 2119 2305 2299 2361; x_wconf 89' lang='lat' dir='ltr'><strong>anima</strong></span> <span class='ocrx_word' id='word_1_419' title='bbox 2328 2303 2483 2375; x_wconf 87' lang='lat' dir='ltr'><strong>quasi</strong></span> <span class='ocrx_word' id='word_1_420' title='bbox 2507 2300 2788 2358; x_wconf 87' lang='lat' dir='ltr'><strong>confectus</strong></span> <span class='ocrx_word' id='word_1_421' title='bbox 2810 2314 2939 2371; x_wconf 86' lang='lat' dir='ltr'><strong>ager</strong></span> <span class='ocrx_word' id='word_1_422' title='bbox 2958 2306 3258 2355; x_wconf 86' lang='lat' dir='ltr'><strong>sementem</strong></span> <span class='ocrx_word' id='word_1_423' title='bbox 3287 2312 3417 2370; x_wconf 76' lang='lat' dir='ltr'><strong>pos-</strong></span> 
     </span>
    </p>
   </div>
   <div class='ocr_carea' id='block_1_54' title="bbox 1834 2381 3417 2470">
    <p class='ocr_par' dir='ltr' id='par_1_54' title="bbox 1834 2381 3417 2470">
     <span class='ocr_line' id='line_1_54' title="bbox 1834 2381 3417 2470; baseline -0.007 -12"><span class='ocrx_word' id='word_1_424' title='bbox 1834 2403 1905 2458; x_wconf 90' lang='lat' dir='ltr'><strong>sit</strong></span> <span class='ocrx_word' id='word_1_425' title='bbox 1940 2400 2180 2470; x_wconf 89' lang='lat' dir='ltr'><strong>recipere</strong></span> <span class='ocrx_word' id='word_1_426' title='bbox 2204 2395 2498 2469; x_wconf 87' lang='lat' dir='ltr'><strong>spiritalem</strong></span> <span class='ocrx_word' id='word_1_427' title='bbox 2525 2411 2541 2463; x_wconf 90' lang='lat'><strong>;</strong></span> <span class='ocrx_word' id='word_1_428' title='bbox 2563 2402 2852 2464; x_wconf 84' lang='lat' dir='ltr'><strong>antequam</strong></span> <span class='ocrx_word' id='word_1_429' title='bbox 2877 2393 3090 2450; x_wconf 86' lang='lat' dir='ltr'><strong>veniret</strong></span> <span class='ocrx_word' id='word_1_430' title='bbox 3118 2392 3174 2449; x_wconf 90' lang='lat' dir='ltr'><strong>in</strong></span> <span class='ocrx_word' id='word_1_431' title='bbox 3196 2381 3417 2448; x_wconf 85' lang='lat' dir='ltr'><strong>carnem</strong></span> 
     </span>
    </p>
   </div>
   <div class='ocr_carea' id='block_1_55' title="bbox 1834 2487 3419 2562">
    <p class='ocr_par' dir='ltr' id='par_1_55' title="bbox 1834 2487 3419 2562">
     <span class='ocr_line' id='line_1_55' title="bbox 1834 2487 3419 2562; baseline -0.006 -10"><span class='ocrx_word' id='word_1_432' title='bbox 1834 2495 2115 2559; x_wconf 87' lang='lat' dir='ltr'><strong>Dominus,</strong></span> <span class='ocrx_word' id='word_1_433' title='bbox 2145 2496 2547 2562; x_wconf 69' lang='lat' dir='ltr'><strong>praecesserunt</strong></span> <span class='ocrx_word' id='word_1_434' title='bbox 2577 2487 2744 2544; x_wconf 89' lang='lat' dir='ltr'><strong>verba</strong></span> <span class='ocrx_word' id='word_1_435' title='bbox 2790 2487 3197 2557; x_wconf 86' lang='lat' dir='ltr'><strong>prephetarum,</strong></span> <span class='ocrx_word' id='word_1_436' title='bbox 3226 2498 3347 2556; x_wconf 77' lang='lat' dir='ltr'><strong>qua:</strong></span> <span class='ocrx_word' id='word_1_437' title='bbox 3366 2487 3419 2542; x_wconf 92' lang='lat' dir='ltr'><strong>ei</strong></span> 
     </span>
    </p>
   </div>
   <div class='ocr_carea' id='block_1_56' title="bbox 1834 2578 3419 2642">
    <p class='ocr_par' dir='ltr' id='par_1_56' title="bbox 1834 2578 3419 2642">
     <span class='ocr_line' id='line_1_56' title="bbox 1834 2578 3419 2642; baseline -0.006 0"><span class='ocrx_word' id='word_1_438' title='bbox 1834 2594 2066 2642; x_wconf 90' lang='lat' dir='ltr'><strong>venturo</strong></span> <span class='ocrx_word' id='word_1_439' title='bbox 2096 2582 2462 2639; x_wconf 88' lang='lat' dir='ltr'><strong>testimonium</strong></span> <span class='ocrx_word' id='word_1_440' title='bbox 2516 2578 2761 2636; x_wconf 89' lang='lat' dir='ltr'><strong>ferrent:</strong></span> <span class='ocrx_word' id='word_1_441' title='bbox 2796 2585 2849 2633; x_wconf 83' lang='lat' dir='ltr'><strong>et</strong></span> <span class='ocrx_word' id='word_1_442' title='bbox 2892 2579 3007 2634; x_wconf 79' lang='lat' dir='ltr'><strong>haec</strong></span> <span class='ocrx_word' id='word_1_443' title='bbox 3035 2578 3224 2634; x_wconf 84' lang='lat' dir='ltr'><strong>eadem</strong></span> <span class='ocrx_word' id='word_1_444' title='bbox 3253 2579 3419 2635; x_wconf 86' lang='lat' dir='ltr'><strong>verba</strong></span> 
     </span>
    </p>
   </div>
   <div class='ocr_carea' id='block_1_57' title="bbox 1835 2666 3421 2745">
    <p class='ocr_par' dir='ltr' id='par_1_57' title="bbox 1835 2666 3421 2745">
     <span class='ocr_line' id='line_1_57' title="bbox 1835 2666 3421 2745; baseline -0.008 -10"><span class='ocrx_word' id='word_1_445' title='bbox 1835 2679 2089 2735; x_wconf 85' lang='lat' dir='ltr'><strong>exierunt</strong></span> <span class='ocrx_word' id='word_1_446' title='bbox 2116 2677 2170 2730; x_wconf 88' lang='lat' dir='ltr'><strong>in</strong></span> <span class='ocrx_word' id='word_1_447' title='bbox 2200 2688 2441 2745; x_wconf 77' lang='lat' dir='ltr'><strong>campos,</strong></span> <span class='ocrx_word' id='word_1_448' title='bbox 2473 2671 2688 2741; x_wconf 87' lang='lat' dir='ltr'><strong>quando</strong></span> <span class='ocrx_word' id='word_1_449' title='bbox 2715 2666 3136 2741; x_wconf 68' lang='lat' dir='ltr'><strong>praedicantibus</strong></span> <span class='ocrx_word' id='word_1_450' title='bbox 3162 2667 3421 2740; x_wconf 87' lang='lat' dir='ltr'><strong>apostolis</strong></span> 
     </span>
    </p>
   </div>
   <div class='ocr_carea' id='block_1_58' title="bbox 1835 2758 3421 2836">
    <p class='ocr_par' dir='ltr' id='par_1_58' title="bbox 1835 2758 3421 2836">
     <span class='ocr_line' id='line_1_58' title="bbox 1835 2758 3421 2836; baseline -0.009 -9"><span class='ocrx_word' id='word_1_451' title='bbox 1835 2781 2007 2828; x_wconf 88' lang='lat' dir='ltr'><strong>totum</strong></span> <span class='ocrx_word' id='word_1_452' title='bbox 2034 2775 2161 2824; x_wconf 92' lang='lat' dir='ltr'><strong>sunt</strong></span> <span class='ocrx_word' id='word_1_453' title='bbox 2208 2765 2478 2836; x_wconf 88' lang='lat' dir='ltr'><strong>divulgata</strong></span> <span class='ocrx_word' id='word_1_454' title='bbox 2520 2777 2620 2833; x_wconf 89' lang='lat' dir='ltr'><strong>per</strong></span> <span class='ocrx_word' id='word_1_455' title='bbox 2654 2760 2863 2816; x_wconf 89' lang='lat' dir='ltr'><strong>orbem.</strong></span> <span class='ocrx_word' id='word_1_456' title='bbox 2890 2758 3006 2814; x_wconf 84' lang='lat' dir='ltr'><strong>Non</strong></span> <span class='ocrx_word' id='word_1_457' title='bbox 3035 2758 3210 2814; x_wconf 88' lang='lat' dir='ltr'><strong>solum</strong></span> <span class='ocrx_word' id='word_1_458' title='bbox 3240 2766 3421 2813; x_wconf 89' lang='lat' dir='ltr'><strong>autem</strong></span> 
     </span>
    </p>
   </div>
   <div class='ocr_carea' id='block_1_59' title="bbox 1838 2847 3424 2931">
    <p class='ocr_par' dir='ltr' id='par_1_59' title="bbox 1838 2847 3424 2931">
     <span class='ocr_line' id='line_1_59' title="bbox 1838 2847 3424 2931; baseline -0.008 -15"><span class='ocrx_word' id='word_1_459' title='bbox 1838 2861 1892 2917; x_wconf 90' lang='lat' dir='ltr'><strong>iu</strong></span> <span class='ocrx_word' id='word_1_460' title='bbox 1942 2856 2275 2931; x_wconf 84' lang='lat' dir='ltr'><strong>propheticis</strong></span> <span class='ocrx_word' id='word_1_461' title='bbox 2304 2854 2501 2909; x_wconf 89' lang='lat' dir='ltr'><strong>litteris</strong></span> <span class='ocrx_word' id='word_1_462' title='bbox 2525 2849 2752 2907; x_wconf 88' lang='lat' dir='ltr'><strong>verbum</strong></span> <span class='ocrx_word' id='word_1_463' title='bbox 2805 2848 3206 2920; x_wconf 68' lang='lat' dir='ltr'><strong>praedicationis</strong></span> <span class='ocrx_word' id='word_1_464' title='bbox 3241 2847 3424 2905; x_wconf 88' lang='lat' dir='ltr'><strong>Domi-</strong></span> 
     </span>
    </p>
   </div>
   <div class='ocr_carea' id='block_1_60' title="bbox 1816 2938 3421 3021">
    <p class='ocr_par' dir='ltr' id='par_1_60' title="bbox 1816 2938 3421 3021">
     <span class='ocr_line' id='line_1_60' title="bbox 1816 2938 3421 3021; baseline -0.009 -14"><span class='ocrx_word' id='word_1_465' title='bbox 1816 2966 1968 3008; x_wconf 32' lang='lat' dir='ltr'><strong>‘num</strong></span> <span class='ocrx_word' id='word_1_466' title='bbox 1997 2947 2298 3021; x_wconf 64' lang='lat' dir='ltr'><strong>praecessit,</strong></span> <span class='ocrx_word' id='word_1_467' title='bbox 2327 2945 2421 3001; x_wconf 91' lang='lat' dir='ltr'><strong>sed</strong></span> <span class='ocrx_word' id='word_1_468' title='bbox 2449 2952 2506 2999; x_wconf 92' lang='lat' dir='ltr'><strong>et</strong></span> <span class='ocrx_word' id='word_1_469' title='bbox 2556 2944 2611 2997; x_wconf 91' lang='lat' dir='ltr'><strong>in</strong></span> <span class='ocrx_word' id='word_1_470' title='bbox 2650 2938 2930 3012; x_wconf 86' lang='lat' dir='ltr'><strong>apostolis,</strong></span> <span class='ocrx_word' id='word_1_471' title='bbox 2970 2954 3093 2995; x_wconf 90' lang='lat' dir='ltr'><strong>cum</strong></span> <span class='ocrx_word' id='word_1_472' title='bbox 3132 2940 3421 2995; x_wconf 81' lang='lat' dir='ltr'><strong>adventum</strong></span> 
     </span>
    </p>
   </div>
   <div class='ocr_carea' id='block_1_61' title="bbox 1837 3031 3419 3109">
    <p class='ocr_par' dir='ltr' id='par_1_61' title="bbox 1837 3031 3419 3109">
     <span class='ocr_line' id='line_1_61' title="bbox 1837 3031 3419 3109; baseline -0.009 -10"><span class='ocrx_word' id='word_1_473' title='bbox 1837 3042 2040 3100; x_wconf 84' lang='lat' dir='ltr'><strong>Christi</strong></span> <span class='ocrx_word' id='word_1_474' title='bbox 2067 3044 2120 3096; x_wconf 90' lang='lat' dir='ltr'><strong>in</strong></span> <span class='ocrx_word' id='word_1_475' title='bbox 2148 3053 2312 3095; x_wconf 88' lang='lat' dir='ltr'><strong>carne</strong></span> <span class='ocrx_word' id='word_1_476' title='bbox 2350 3034 2676 3109; x_wconf 89' lang='lat' dir='ltr'><strong>completum</strong></span> <span class='ocrx_word' id='word_1_477' title='bbox 2730 3032 2932 3087; x_wconf 90' lang='lat' dir='ltr'><strong>mundo</strong></span> <span class='ocrx_word' id='word_1_478' title='bbox 2959 3031 3419 3102; x_wconf 83' lang='lat' dir='ltr'><strong>evangeiizahant.</strong></span> 
     </span>
    </p>
   </div>
   <div class='ocr_carea' id='block_1_62' title="bbox 134 3117 3425 3197">
    <p class='ocr_par' dir='ltr' id='par_1_62' title="bbox 134 3117 3425 3197">
     <span class='ocr_line' id='line_1_62' title="bbox 134 3117 3425 3197; baseline -0.003 -16"><span class='ocrx_word' id='word_1_479' title='bbox 134 3140 288 3191; x_wconf 72' lang='lat' dir='ltr'><strong>rum,</strong></span> <span class='ocrx_word' id='word_1_480' title='bbox 307 3124 504 3195; x_wconf 88' lang='lat' dir='ltr'><strong>quibus</strong></span> <span class='ocrx_word' id='word_1_481' title='bbox 532 3124 770 3180; x_wconf 90' lang='lat' dir='ltr'><strong>inaniter</strong></span> <span class='ocrx_word' id='word_1_482' title='bbox 787 3124 1142 3189; x_wconf 85' lang='lat' dir='ltr'><strong>extolluntur,</strong></span> <span class='ocrx_word' id='word_1_483' title='bbox 1159 3123 1483 3194; x_wconf 88' lang='lat' dir='ltr'><strong>confringat.</strong></span> <span class='ocrx_word' id='word_1_484' title='bbox 1507 3120 1577 3175; x_wconf 88' lang='lat' dir='ltr'><strong>Et</strong></span> <span class='ocrx_word' id='word_1_485' title='bbox 1595 3118 1737 3175; x_wconf 80' lang='lat' dir='ltr'><strong>exal-</strong></span> <span class='ocrx_word' id='word_1_486' title='bbox 1761 3117 1808 3182; x_wconf 87' lang='lat' dir='ltr'><strong>C</strong></span> <span class='ocrx_word' id='word_1_487' title='bbox 1839 3132 2076 3192; x_wconf 63' lang='lat' dir='ltr'><strong>Verbum</strong></span> <span class='ocrx_word' id='word_1_488' title='bbox 2105 3130 2297 3185; x_wconf 77' lang='lat' dir='ltr'><strong>faciem</strong></span> <span class='ocrx_word' id='word_1_489' title='bbox 2323 3124 2443 3196; x_wconf 65' lang='lat' dir='ltr'><strong>ejus</strong></span> <span class='ocrx_word' id='word_1_490' title='bbox 2460 3125 2661 3197; x_wconf 67' lang='grc' dir='ltr'><strong>ριιωὶίι,</strong></span> <span class='ocrx_word' id='word_1_491' title='bbox 2688 3123 2813 3193; x_wconf 79' lang='lat' dir='ltr'><strong>quia</strong></span> <span class='ocrx_word' id='word_1_492' title='bbox 2846 3122 3104 3177; x_wconf 83' lang='lat' dir='ltr'><strong>nimirum</strong></span> <span class='ocrx_word' id='word_1_493' title='bbox 3132 3120 3425 3194; x_wconf 68' lang='lat' dir='ltr'><strong>primoﬂe-</strong></span> 
     </span>
    </p>
   </div>
   <div class='ocr_carea' id='block_1_63' title="bbox 132 3212 1732 3286">
    <p class='ocr_par' dir='ltr' id='par_1_63' title="bbox 132 3212 1732 3286">
     <span class='ocr_line' id='line_1_63' title="bbox 132 3212 1732 3286; baseline -0.003 -15"><span class='ocrx_word' id='word_1_494' title='bbox 132 3224 331 3272; x_wconf 84' lang='lat' dir='ltr'><strong>teutur</strong></span> <span class='ocrx_word' id='word_1_495' title='bbox 358 3231 559 3272; x_wconf 89' lang='lat' dir='ltr'><strong>cornua</strong></span> <span class='ocrx_word' id='word_1_496' title='bbox 576 3214 733 3286; x_wconf 83' lang='lat' dir='ltr'><strong>justi,</strong></span> <span class='ocrx_word' id='word_1_497' title='bbox 774 3216 1042 3272; x_wconf 86' lang='lat' dir='ltr'><strong>desideria</strong></span> <span class='ocrx_word' id='word_1_498' title='bbox 1066 3214 1318 3270; x_wconf 84' lang='lat' dir='ltr'><strong>videlicet</strong></span> <span class='ocrx_word' id='word_1_499' title='bbox 1360 3213 1471 3268; x_wconf 88' lang='lat' dir='ltr'><strong>Deo</strong></span> <span class='ocrx_word' id='word_1_500' title='bbox 1505 3212 1732 3277; x_wconf 89' lang='lat' dir='ltr'><strong>devota,</strong></span> 
     </span>
    </p>
   </div>
   <div class='ocr_carea' id='block_1_64' title="bbox 132 3304 1735 3378">
    <p class='ocr_par' dir='ltr' id='par_1_64' title="bbox 132 3304 1735 3378">
     <span class='ocr_line' id='line_1_64' title="bbox 132 3304 1735 3378; baseline -0.002 -17"><span class='ocrx_word' id='word_1_501' title='bbox 132 3305 343 3377; x_wconf 85' lang='lat' dir='ltr'><strong>quibus</strong></span> <span class='ocrx_word' id='word_1_502' title='bbox 371 3305 660 3378; x_wconf 91' lang='lat' dir='ltr'><strong>impiorum</strong></span> <span class='ocrx_word' id='word_1_503' title='bbox 681 3306 1046 3376; x_wconf 89' lang='lat' dir='ltr'><strong>vitiorumque</strong></span> <span class='ocrx_word' id='word_1_504' title='bbox 1083 3304 1382 3362; x_wconf 86' lang='lat' dir='ltr'><strong>certamina</strong></span> <span class='ocrx_word' id='word_1_505' title='bbox 1411 3310 1607 3358; x_wconf 89' lang='lat' dir='ltr'><strong>cuncta</strong></span> <span class='ocrx_word' id='word_1_506' title='bbox 1641 3316 1735 3357; x_wconf 87' lang='lat' dir='ltr'><strong>su-</strong></span> 
     </span>
    </p>
   </div>
   <div class='ocr_carea' id='block_1_65' title="bbox 132 3395 1729 3471">
    <p class='ocr_par' dir='ltr' id='par_1_65' title="bbox 132 3395 1729 3471">
     <span class='ocr_line' id='line_1_65' title="bbox 132 3395 1729 3471; baseline -0.003 -18"><span class='ocrx_word' id='word_1_507' title='bbox 132 3412 338 3471; x_wconf 88' lang='lat' dir='ltr'><strong>perare</strong></span> <span class='ocrx_word' id='word_1_508' title='bbox 361 3398 715 3455; x_wconf 89' lang='lat' dir='ltr'><strong>contendunt.</strong></span> <span class='ocrx_word' id='word_1_509' title='bbox 744 3398 896 3466; x_wconf 86' lang='lat' dir='ltr'><strong>Quod</strong></span> <span class='ocrx_word' id='word_1_510' title='bbox 922 3407 1104 3455; x_wconf 90' lang='lat' dir='ltr'><strong>autem</strong></span> <span class='ocrx_word' id='word_1_511' title='bbox 1126 3398 1281 3470; x_wconf 84' lang='lat' dir='ltr'><strong>juxta</strong></span> <span class='ocrx_word' id='word_1_512' title='bbox 1311 3396 1456 3452; x_wconf 79' lang='lat' dir='ltr'><strong>LXX</strong></span> <span class='ocrx_word' id='word_1_513' title='bbox 1474 3395 1729 3467; x_wconf 88' lang='lat' dir='ltr'><strong>legimus:</strong></span> 
     </span>
    </p>
   </div>
   <div class='ocr_carea' id='block_1_66' title="bbox 140 3487 1737 3565">
    <p class='ocr_par' dir='ltr' id='par_1_66' title="bbox 140 3487 1737 3565">
     <span class='ocr_line' id='line_1_66' title="bbox 140 3487 1737 3565; baseline -0.002 -20"><span class='ocrx_word' id='word_1_514' title='bbox 140 3510 169 3545; x_wconf 77' lang='grc' dir='ltr'><strong>σ</strong></span> <span class='ocrx_word' id='word_1_515' title='bbox 207 3491 276 3547; x_wconf 87' lang='lat' dir='ltr'><strong>Et</strong></span> <span class='ocrx_word' id='word_1_516' title='bbox 297 3492 480 3565; x_wconf 90' lang='lat' dir='ltr'><strong>posuit</strong></span> <span class='ocrx_word' id='word_1_517' title='bbox 508 3491 852 3547; x_wconf 88' lang='lat' dir='ltr'><strong>dilectionem</strong></span> <span class='ocrx_word' id='word_1_518' title='bbox 880 3489 1077 3547; x_wconf 90' lang='lat' dir='ltr'><strong>fortem</strong></span> <span class='ocrx_word' id='word_1_519' title='bbox 1108 3489 1324 3546; x_wconf 90' lang='lat' dir='ltr'><strong>virtutis</strong></span> <span class='ocrx_word' id='word_1_520' title='bbox 1355 3504 1485 3554; x_wconf 72' lang='lat' dir='ltr'><strong>suae,</strong></span> <span class='ocrx_word' id='word_1_521' title='bbox 1520 3506 1539 3540; x_wconf 70' lang='grc' dir='ltr'><strong>ι</strong></span> <span class='ocrx_word' id='word_1_522' title='bbox 1569 3487 1737 3543; x_wconf 84' lang='lat' dir='ltr'><strong>etiam</strong></span> 
     </span>
    </p>
   </div>
   <div class='ocr_carea' id='block_1_67' title="bbox 136 3579 1737 3654">
    <p class='ocr_par' dir='ltr' id='par_1_67' title="bbox 136 3579 1737 3654">
     <span class='ocr_line' id='line_1_67' title="bbox 136 3579 1737 3654; baseline -0.005 -12"><span class='ocrx_word' id='word_1_523' title='bbox 136 3586 251 3642; x_wconf 87' lang='lat' dir='ltr'><strong>hoc</strong></span> <span class='ocrx_word' id='word_1_524' title='bbox 293 3584 361 3640; x_wconf 92' lang='lat' dir='ltr'><strong>de</strong></span> <span class='ocrx_word' id='word_1_525' title='bbox 402 3581 622 3640; x_wconf 84' lang='lat' dir='ltr'><strong>Christo</strong></span> <span class='ocrx_word' id='word_1_526' title='bbox 652 3583 1085 3653; x_wconf 83' lang='lat' dir='ltr'><strong>intelligendum,</strong></span> <span class='ocrx_word' id='word_1_527' title='bbox 1120 3582 1262 3654; x_wconf 89' lang='lat' dir='ltr'><strong>quod</strong></span> <span class='ocrx_word' id='word_1_528' title='bbox 1292 3581 1437 3637; x_wconf 88' lang='lat' dir='ltr'><strong>Deus</strong></span> <span class='ocrx_word' id='word_1_529' title='bbox 1473 3579 1635 3634; x_wconf 89' lang='lat' dir='ltr'><strong>Pater</strong></span> <span class='ocrx_word' id='word_1_530' title='bbox 1657 3579 1737 3635; x_wconf 91' lang='lat' dir='ltr'><strong>id-</strong></span> 
     </span>
    </p>
   </div>
   <div class='ocr_carea' id='block_1_68' title="bbox 132 3671 1740 3748">
    <p class='ocr_par' dir='ltr' id='par_1_68' title="bbox 132 3671 1740 3748">
     <span class='ocr_line' id='line_1_68' title="bbox 132 3671 1740 3748; baseline -0.006 -14"><span class='ocrx_word' id='word_1_531' title='bbox 132 3678 299 3734; x_wconf 87' lang='lat' dir='ltr'><strong>circo</strong></span> <span class='ocrx_word' id='word_1_532' title='bbox 324 3676 543 3748; x_wconf 88' lang='lat' dir='ltr'><strong>aperuit</strong></span> <span class='ocrx_word' id='word_1_533' title='bbox 566 3675 727 3731; x_wconf 65' lang='lat' dir='ltr'><strong>caelos</strong></span> <span class='ocrx_word' id='word_1_534' title='bbox 756 3675 957 3730; x_wconf 88' lang='lat' dir='ltr'><strong>virtute</strong></span> <span class='ocrx_word' id='word_1_535' title='bbox 986 3688 1107 3739; x_wconf 87' lang='lat' dir='ltr'><strong>sua,</strong></span> <span class='ocrx_word' id='word_1_536' title='bbox 1135 3680 1191 3728; x_wconf 91' lang='lat' dir='ltr'><strong>et</strong></span> <span class='ocrx_word' id='word_1_537' title='bbox 1222 3682 1424 3728; x_wconf 86' lang='lat' dir='ltr'><strong>terram</strong></span> <span class='ocrx_word' id='word_1_538' title='bbox 1456 3671 1740 3741; x_wconf 85' lang='lat' dir='ltr'><strong>repleverit</strong></span> 
     </span>
    </p>
   </div>
   <div class='ocr_carea' id='block_1_69' title="bbox 135 3763 1744 3840">
    <p class='ocr_par' dir='ltr' id='par_1_69' title="bbox 135 3763 1744 3840">
     <span class='ocr_line' id='line_1_69' title="bbox 135 3763 1744 3840; baseline -0.007 -14"><span class='ocrx_word' id='word_1_539' title='bbox 135 3769 309 3826; x_wconf 86' lang='lat' dir='ltr'><strong>laude</strong></span> <span class='ocrx_word' id='word_1_540' title='bbox 329 3777 387 3825; x_wconf 90' lang='lat' dir='ltr'><strong>et</strong></span> <span class='ocrx_word' id='word_1_541' title='bbox 410 3767 750 3840; x_wconf 89' lang='lat' dir='ltr'><strong>splendorem</strong></span> <span class='ocrx_word' id='word_1_542' title='bbox 782 3782 939 3823; x_wconf 90' lang='lat' dir='ltr'><strong>suum</strong></span> <span class='ocrx_word' id='word_1_543' title='bbox 980 3765 1173 3821; x_wconf 80' lang='lat' dir='ltr'><strong>fecerit</strong></span> <span class='ocrx_word' id='word_1_544' title='bbox 1195 3777 1338 3830; x_wconf 90' lang='lat' dir='ltr'><strong>esse,</strong></span> <span class='ocrx_word' id='word_1_545' title='bbox 1368 3770 1431 3818; x_wconf 90' lang='lat' dir='ltr'><strong>ut</strong></span> <span class='ocrx_word' id='word_1_546' title='bbox 1475 3763 1656 3818; x_wconf 89' lang='lat' dir='ltr'><strong>lumen</strong></span> <span class='ocrx_word' id='word_1_547' title='bbox 1686 3768 1744 3815; x_wconf 89' lang='lat' dir='ltr'><strong>et</strong></span> 
     </span>
    </p>
   </div>
   <div class='ocr_carea' id='block_1_70' title="bbox 140 3849 1744 3929">
    <p class='ocr_par' dir='ltr' id='par_1_70' title="bbox 140 3849 1744 3929">
     <span class='ocr_line' id='line_1_70' title="bbox 140 3849 1744 3929; baseline -0.005 -14"><span class='ocrx_word' id='word_1_548' title='bbox 140 3873 380 3929; x_wconf 85' lang='lat' dir='ltr'><strong>regnum</strong></span> <span class='ocrx_word' id='word_1_549' title='bbox 406 3857 649 3929; x_wconf 85' lang='lat' dir='ltr'><strong>posuerit</strong></span> <span class='ocrx_word' id='word_1_550' title='bbox 675 3858 728 3912; x_wconf 91' lang='lat' dir='ltr'><strong>in</strong></span> <span class='ocrx_word' id='word_1_551' title='bbox 758 3870 921 3911; x_wconf 89' lang='lat' dir='ltr'><strong>manu</strong></span> <span class='ocrx_word' id='word_1_552' title='bbox 952 3854 1077 3910; x_wconf 87' lang='lat' dir='ltr'><strong>Filii</strong></span> <span class='ocrx_word' id='word_1_553' title='bbox 1124 3853 1206 3921; x_wconf 86' lang='lat' dir='ltr'><strong>sui</strong></span> <span class='ocrx_word' id='word_1_554' title='bbox 1226 3893 1243 3920; x_wconf 92' lang='lat'><strong>,</strong></span> <span class='ocrx_word' id='word_1_555' title='bbox 1287 3860 1345 3907; x_wconf 92' lang='lat' dir='ltr'><strong>ut</strong></span> <span class='ocrx_word' id='word_1_556' title='bbox 1379 3852 1586 3906; x_wconf 89' lang='lat' dir='ltr'><strong>faceret</strong></span> <span class='ocrx_word' id='word_1_557' title='bbox 1610 3849 1744 3907; x_wconf 91' lang='lat' dir='ltr'><strong>dile-</strong></span> 
     </span>
    </p>
   </div>
   <div class='ocr_carea' id='block_1_71' title="bbox 140 3942 1737 4019">
    <p class='ocr_par' dir='ltr' id='par_1_71' title="bbox 140 3942 1737 4019">
     <span class='ocr_line' id='line_1_71' title="bbox 140 3942 1737 4019; baseline -0.006 -12"><span class='ocrx_word' id='word_1_558' title='bbox 140 3958 302 4008; x_wconf 87' lang='lat' dir='ltr'><strong>ctum</strong></span> <span class='ocrx_word' id='word_1_559' title='bbox 328 3965 486 4006; x_wconf 87' lang='lat' dir='ltr'><strong>suum</strong></span> <span class='ocrx_word' id='word_1_560' title='bbox 512 3950 582 4004; x_wconf 88' lang='lat' dir='ltr'><strong>ab</strong></span> <span class='ocrx_word' id='word_1_561' title='bbox 604 3948 857 4005; x_wconf 89' lang='lat' dir='ltr'><strong>omnibus</strong></span> <span class='ocrx_word' id='word_1_562' title='bbox 885 3947 1056 4019; x_wconf 80' lang='lat' dir='ltr'><strong>diligi,</strong></span> <span class='ocrx_word' id='word_1_563' title='bbox 1101 3954 1157 4001; x_wconf 91' lang='lat' dir='ltr'><strong>et</strong></span> <span class='ocrx_word' id='word_1_564' title='bbox 1194 3944 1339 4015; x_wconf 90' lang='lat' dir='ltr'><strong>diligi</strong></span> <span class='ocrx_word' id='word_1_565' title='bbox 1371 3957 1478 4000; x_wconf 91' lang='lat' dir='ltr'><strong>non</strong></span> <span class='ocrx_word' id='word_1_566' title='bbox 1518 3942 1737 4010; x_wconf 90' lang='lat' dir='ltr'><strong>leviter,</strong></span> 
     </span>
    </p>
   </div>
   <div class='ocr_carea' id='block_1_72' title="bbox 140 4036 1746 4115">
    <p class='ocr_par' dir='ltr' id='par_1_72' title="bbox 140 4036 1746 4115">
     <span class='ocr_line' id='line_1_72' title="bbox 140 4036 1746 4115; baseline -0.005 -15"><span class='ocrx_word' id='word_1_567' title='bbox 140 4043 250 4100; x_wconf 80' lang='lat' dir='ltr'><strong>sed</strong></span> <span class='ocrx_word' id='word_1_568' title='bbox 282 4042 629 4099; x_wconf 87' lang='lat' dir='ltr'><strong>vehementer</strong></span> <span class='ocrx_word' id='word_1_569' title='bbox 653 4049 710 4098; x_wconf 91' lang='lat' dir='ltr'><strong>et</strong></span> <span class='ocrx_word' id='word_1_570' title='bbox 737 4039 976 4115; x_wconf 83' lang='lat' dir='ltr'><strong>fortiter,</strong></span> <span class='ocrx_word' id='word_1_571' title='bbox 1007 4048 1070 4094; x_wconf 92' lang='lat' dir='ltr'><strong>ut</strong></span> <span class='ocrx_word' id='word_1_572' title='bbox 1095 4040 1188 4109; x_wconf 90' lang='lat' dir='ltr'><strong>qui</strong></span> <span class='ocrx_word' id='word_1_573' title='bbox 1214 4052 1339 4094; x_wconf 89' lang='lat' dir='ltr'><strong>eum</strong></span> <span class='ocrx_word' id='word_1_574' title='bbox 1366 4036 1582 4093; x_wconf 87' lang='lat' dir='ltr'><strong>fortiter</strong></span> <span class='ocrx_word' id='word_1_575' title='bbox 1610 4036 1746 4093; x_wconf 85' lang='lat' dir='ltr'><strong>dile-</strong></span> 
     </span>
    </p>
   </div>
   <div class='ocr_carea' id='block_1_73' title="bbox 58 4127 1745 4212">
    <p class='ocr_par' dir='ltr' id='par_1_73' title="bbox 58 4127 1745 4212">
     <span class='ocr_line' id='line_1_73' title="bbox 58 4127 1745 4212; baseline -0.005 -21"><span class='ocrx_word' id='word_1_576' title='bbox 58 4206 65 4212; x_wconf 17' lang='grc' dir='ltr'><em>θ</em></span> <span class='ocrx_word' id='word_1_577' title='bbox 142 4134 379 4202; x_wconf 75' lang='lat' dir='ltr'><strong>xissent,</strong></span> <span class='ocrx_word' id='word_1_578' title='bbox 403 4143 458 4189; x_wconf 92' lang='lat' dir='ltr'><strong>et</strong></span> <span class='ocrx_word' id='word_1_579' title='bbox 486 4133 758 4188; x_wconf 69' lang='lat' dir='ltr'><strong>mererent</strong></span> <span class='ocrx_word' id='word_1_580' title='bbox 786 4132 843 4186; x_wconf 89' lang='lat' dir='ltr'><strong>in</strong></span> <span class='ocrx_word' id='word_1_581' title='bbox 868 4130 1157 4187; x_wconf 88' lang='lat' dir='ltr'><strong>dilectione</strong></span> <span class='ocrx_word' id='word_1_582' title='bbox 1180 4130 1320 4201; x_wconf 90' lang='lat' dir='ltr'><strong>ejus,</strong></span> <span class='ocrx_word' id='word_1_583' title='bbox 1345 4144 1507 4185; x_wconf 90' lang='lat' dir='ltr'><strong>nemo</strong></span> <span class='ocrx_word' id='word_1_584' title='bbox 1532 4127 1745 4184; x_wconf 86' lang='lat' dir='ltr'><strong>tolleret</strong></span> 
     </span>
    </p>
   </div>
   <div class='ocr_carea' id='block_1_74' title="bbox 148 4220 1746 4284">
    <p class='ocr_par' dir='ltr' id='par_1_74' title="bbox 148 4220 1746 4284">
     <span class='ocr_line' id='line_1_74' title="bbox 148 4220 1746 4284; baseline -0.005 0"><span class='ocrx_word' id='word_1_585' title='bbox 148 4242 253 4284; x_wconf 87' lang='lat' dir='ltr'><strong>eos</strong></span> <span class='ocrx_word' id='word_1_586' title='bbox 277 4224 343 4282; x_wconf 90' lang='lat' dir='ltr'><strong>de</strong></span> <span class='ocrx_word' id='word_1_587' title='bbox 368 4240 530 4279; x_wconf 89' lang='lat' dir='ltr'><strong>manu</strong></span> <span class='ocrx_word' id='word_1_588' title='bbox 556 4224 701 4281; x_wconf 88' lang='lat' dir='ltr'><strong>illius</strong></span> <span class='ocrx_word' id='word_1_589' title='bbox 724 4241 739 4280; x_wconf 93' lang='lat'><strong>:</strong></span> <span class='ocrx_word' id='word_1_590' title='bbox 762 4224 1073 4279; x_wconf 88' lang='lat' dir='ltr'><strong>econtrario</strong></span> <span class='ocrx_word' id='word_1_591' title='bbox 1107 4222 1353 4279; x_wconf 87' lang='lat' dir='ltr'><strong>diabolus</strong></span> <span class='ocrx_word' id='word_1_592' title='bbox 1400 4220 1531 4277; x_wconf 84' lang='lat' dir='ltr'><strong>facit</strong></span> <span class='ocrx_word' id='word_1_593' title='bbox 1560 4236 1746 4277; x_wconf 87' lang='lat' dir='ltr'><strong>amare</strong></span> 
     </span>
    </p>
   </div>
   <div class='ocr_carea' id='block_1_75' title="bbox 146 4313 1740 4387">
    <p class='ocr_par' dir='ltr' id='par_1_75' title="bbox 146 4313 1740 4387">
     <span class='ocr_line' id='line_1_75' title="bbox 146 4313 1740 4387; baseline -0.005 -12"><span class='ocrx_word' id='word_1_594' title='bbox 146 4334 255 4375; x_wconf 85' lang='lat' dir='ltr'><strong>nos</strong></span> <span class='ocrx_word' id='word_1_595' title='bbox 284 4315 560 4381; x_wconf 90' lang='lat' dir='ltr'><strong>mundum,</strong></span> <span class='ocrx_word' id='word_1_596' title='bbox 595 4324 652 4372; x_wconf 93' lang='lat' dir='ltr'><strong>et</strong></span> <span class='ocrx_word' id='word_1_597' title='bbox 678 4331 781 4387; x_wconf 90' lang='lat' dir='ltr'><strong>pro</strong></span> <span class='ocrx_word' id='word_1_598' title='bbox 802 4315 1090 4372; x_wconf 90' lang='lat' dir='ltr'><strong>dilectione</strong></span> <span class='ocrx_word' id='word_1_599' title='bbox 1109 4314 1325 4371; x_wconf 85' lang='lat' dir='ltr'><strong>virtutis</strong></span> <span class='ocrx_word' id='word_1_600' title='bbox 1345 4313 1570 4385; x_wconf 84' lang='lat' dir='ltr'><strong>diligere</strong></span> <span class='ocrx_word' id='word_1_601' title='bbox 1590 4313 1740 4378; x_wconf 86' lang='lat' dir='ltr'><strong>vitia,</strong></span> 
     </span>
    </p>
   </div>
   <div class='ocr_carea' id='block_1_76' title="bbox 146 4407 1748 4478">
    <p class='ocr_par' dir='ltr' id='par_1_76' title="bbox 146 4407 1748 4478">
     <span class='ocr_line' id='line_1_76' title="bbox 146 4407 1748 4478; baseline -0.004 -10"><span class='ocrx_word' id='word_1_602' title='bbox 146 4422 208 4468; x_wconf 90' lang='lat' dir='ltr'><strong>et</strong></span> <span class='ocrx_word' id='word_1_603' title='bbox 238 4426 347 4466; x_wconf 91' lang='lat' dir='ltr'><strong>non</strong></span> <span class='ocrx_word' id='word_1_604' title='bbox 391 4410 615 4476; x_wconf 88' lang='lat' dir='ltr'><strong>leviter,</strong></span> <span class='ocrx_word' id='word_1_605' title='bbox 659 4410 754 4466; x_wconf 91' lang='lat' dir='ltr'><strong>sed</strong></span> <span class='ocrx_word' id='word_1_606' title='bbox 799 4408 1048 4477; x_wconf 83' lang='lat' dir='ltr'><strong>fortiter,</strong></span> <span class='ocrx_word' id='word_1_607' title='bbox 1078 4410 1153 4465; x_wconf 91' lang='lat' dir='ltr'><strong>ita</strong></span> <span class='ocrx_word' id='word_1_608' title='bbox 1183 4419 1243 4465; x_wconf 92' lang='lat' dir='ltr'><strong>ut</strong></span> <span class='ocrx_word' id='word_1_609' title='bbox 1268 4408 1335 4465; x_wconf 90' lang='lat' dir='ltr'><strong>de</strong></span> <span class='ocrx_word' id='word_1_610' title='bbox 1374 4408 1531 4465; x_wconf 89' lang='lat' dir='ltr'><strong>nobis</strong></span> <span class='ocrx_word' id='word_1_611' title='bbox 1574 4407 1748 4478; x_wconf 90' lang='lat' dir='ltr'><strong>possit</strong></span> 
     </span>
    </p>
   </div>
   <div class='ocr_carea' id='block_1_77' title="bbox 148 4486 1826 4576">
    <p class='ocr_par' dir='ltr' id='par_1_77' title="bbox 148 4486 1826 4576">
     <span class='ocr_line' id='line_1_77' title="bbox 148 4486 1826 4576; baseline -0.004 -14"><span class='ocrx_word' id='word_1_612' title='bbox 148 4505 302 4562; x_wconf 81' lang='lat' dir='ltr'><strong>dici:</strong></span> <span class='ocrx_word' id='word_1_613' title='bbox 336 4511 391 4559; x_wconf 91' lang='lat' dir='ltr'><strong>et</strong></span> <span class='ocrx_word' id='word_1_614' title='bbox 409 4504 590 4576; x_wconf 84' lang='lat' dir='ltr'><strong>posuit</strong></span> <span class='ocrx_word' id='word_1_615' title='bbox 617 4504 862 4560; x_wconf 88' lang='lat' dir='ltr'><strong>diabolus</strong></span> <span class='ocrx_word' id='word_1_616' title='bbox 889 4503 1231 4560; x_wconf 88' lang='lat' dir='ltr'><strong>dilectionem</strong></span> <span class='ocrx_word' id='word_1_617' title='bbox 1268 4503 1464 4560; x_wconf 89' lang='lat' dir='ltr'><strong>fortem</strong></span> <span class='ocrx_word' id='word_1_618' title='bbox 1489 4503 1746 4558; x_wconf 87' lang='lat' dir='ltr'><strong>vitiorum</strong></span> <span class='ocrx_word' id='word_1_619' title='bbox 1770 4486 1826 4547; x_wconf 75' lang='lat' dir='ltr'><strong>D</strong></span> 
     </span>
    </p>
   </div>
   <div class='ocr_carea' id='block_1_78' title="bbox 151 4595 1750 4670">
    <p class='ocr_par' dir='ltr' id='par_1_78' title="bbox 151 4595 1750 4670">
     <span class='ocr_line' id='line_1_78' title="bbox 151 4595 1750 4670; baseline -0.004 -15"><span class='ocrx_word' id='word_1_620' title='bbox 151 4613 408 4665; x_wconf 89' lang='lat' dir='ltr'><strong>suorum;</strong></span> <span class='ocrx_word' id='word_1_621' title='bbox 456 4598 551 4655; x_wconf 89' lang='lat' dir='ltr'><strong>sed</strong></span> <span class='ocrx_word' id='word_1_622' title='bbox 587 4604 642 4654; x_wconf 85' lang='lat' dir='ltr'><strong>et</strong></span> <span class='ocrx_word' id='word_1_623' title='bbox 681 4598 786 4654; x_wconf 85' lang='lat' dir='ltr'><strong>hoc</strong></span> <span class='ocrx_word' id='word_1_624' title='bbox 828 4598 973 4669; x_wconf 87' lang='lat' dir='ltr'><strong>quod</strong></span> <span class='ocrx_word' id='word_1_625' title='bbox 1003 4598 1155 4670; x_wconf 84' lang='lat' dir='ltr'><strong>juxta</strong></span> <span class='ocrx_word' id='word_1_626' title='bbox 1190 4597 1435 4668; x_wconf 83' lang='lat' dir='ltr'><strong>quaedam</strong></span> <span class='ocrx_word' id='word_1_627' title='bbox 1481 4595 1750 4666; x_wconf 87' lang='lat' dir='ltr'><strong>exempla-</strong></span> 
     </span>
    </p>
   </div>
   <div class='ocr_carea' id='block_1_79' title="bbox 154 4688 1747 4765">
    <p class='ocr_par' dir='ltr' id='par_1_79' title="bbox 154 4688 1747 4765">
     <span class='ocr_line' id='line_1_79' title="bbox 154 4688 1747 4765; baseline -0.003 -18"><span class='ocrx_word' id='word_1_628' title='bbox 154 4693 242 4747; x_wconf 87' lang='lat' dir='ltr'><strong>ria</strong></span> <span class='ocrx_word' id='word_1_629' title='bbox 279 4689 357 4746; x_wconf 85' lang='lat' dir='ltr'><strong>ita</strong></span> <span class='ocrx_word' id='word_1_630' title='bbox 399 4690 600 4762; x_wconf 86' lang='lat' dir='ltr'><strong>legitur</strong></span> <span class='ocrx_word' id='word_1_631' title='bbox 642 4707 657 4746; x_wconf 92' lang='lat'><strong>:</strong></span> <span class='ocrx_word' id='word_1_632' title='bbox 704 4709 724 4744; x_wconf 71' lang='grc' dir='ltr'>ε</span> <span class='ocrx_word' id='word_1_633' title='bbox 756 4690 944 4747; x_wconf 91' lang='lat' dir='ltr'><strong>Posuit</strong></span> <span class='ocrx_word' id='word_1_634' title='bbox 971 4691 1296 4765; x_wconf 85' lang='lat' dir='ltr'><strong>charitatem</strong></span> <span class='ocrx_word' id='word_1_635' title='bbox 1336 4688 1547 4744; x_wconf 80' lang='lat' dir='ltr'><strong>firmam</strong></span> <span class='ocrx_word' id='word_1_636' title='bbox 1590 4688 1747 4744; x_wconf 85' lang='lat' dir='ltr'><strong>forti-</strong></span> 
     </span>
    </p>
   </div>
   <div class='ocr_carea' id='block_1_80' title="bbox 152 4780 1748 4855">
    <p class='ocr_par' dir='ltr' id='par_1_80' title="bbox 152 4780 1748 4855">
     <span class='ocr_line' id='line_1_80' title="bbox 152 4780 1748 4855; baseline -0.004 -15"><span class='ocrx_word' id='word_1_637' title='bbox 152 4781 363 4840; x_wconf 88' lang='lat' dir='ltr'><strong>tudinis</strong></span> <span class='ocrx_word' id='word_1_638' title='bbox 389 4797 521 4850; x_wconf 74' lang='lat' dir='ltr'><strong>suze,</strong></span> <span class='ocrx_word' id='word_1_639' title='bbox 555 4800 576 4834; x_wconf 72' lang='grc' dir='ltr'><strong><em>ι</em></strong></span> <span class='ocrx_word' id='word_1_640' title='bbox 614 4782 925 4855; x_wconf 85' lang='lat' dir='ltr'><strong>signiﬁcans</strong></span> <span class='ocrx_word' id='word_1_641' title='bbox 965 4783 1107 4853; x_wconf 86' lang='lat' dir='ltr'><strong>quod</strong></span> <span class='ocrx_word' id='word_1_642' title='bbox 1145 4781 1336 4836; x_wconf 89' lang='lat' dir='ltr'><strong>intima</strong></span> <span class='ocrx_word' id='word_1_643' title='bbox 1377 4781 1592 4852; x_wconf 91' lang='lat' dir='ltr'><strong>quidem</strong></span> <span class='ocrx_word' id='word_1_644' title='bbox 1619 4780 1748 4836; x_wconf 88' lang='lat' dir='ltr'><strong>cha-</strong></span> 
     </span>
    </p>
   </div>
   <div class='ocr_carea' id='block_1_81' title="bbox 154 4871 1745 4948">
    <p class='ocr_par' dir='ltr' id='par_1_81' title="bbox 154 4871 1745 4948">
     <span class='ocr_line' id='line_1_81' title="bbox 154 4871 1745 4948; baseline -0.004 -15"><span class='ocrx_word' id='word_1_645' title='bbox 154 4878 323 4933; x_wconf 86' lang='lat' dir='ltr'><strong>ritatc</strong></span> <span class='ocrx_word' id='word_1_646' title='bbox 348 4872 524 4933; x_wconf 85' lang='lat' dir='ltr'><strong>sancti</strong></span> <span class='ocrx_word' id='word_1_647' title='bbox 550 4883 605 4933; x_wconf 90' lang='lat' dir='ltr'><strong>et</strong></span> <span class='ocrx_word' id='word_1_648' title='bbox 633 4885 761 4932; x_wconf 89' lang='lat' dir='ltr'><strong>ante</strong></span> <span class='ocrx_word' id='word_1_649' title='bbox 788 4877 1096 4948; x_wconf 88' lang='lat' dir='ltr'><strong>passionem</strong></span> <span class='ocrx_word' id='word_1_650' title='bbox 1132 4874 1430 4947; x_wconf 85' lang='lat' dir='ltr'><strong>diligebant</strong></span> <span class='ocrx_word' id='word_1_651' title='bbox 1468 4871 1745 4928; x_wconf 88' lang='lat' dir='ltr'><strong>fortitudi-</strong></span> 
     </span>
    </p>
   </div>
   <div class='ocr_carea' id='block_1_82' title="bbox 1837 3213 3422 3285">
    <p class='ocr_par' dir='ltr' id='par_1_82' title="bbox 1837 3213 3422 3285">
     <span class='ocr_line' id='line_1_82' title="bbox 1837 3213 3422 3285; baseline -0.01 -3"><span class='ocrx_word' id='word_1_652' title='bbox 1837 3227 2014 3283; x_wconf 85' lang='lat' dir='ltr'><strong>ctrina</strong></span> <span class='ocrx_word' id='word_1_653' title='bbox 2035 3221 2289 3279; x_wconf 87' lang='lat' dir='ltr'><strong>veritatis</strong></span> <span class='ocrx_word' id='word_1_654' title='bbox 2310 3220 2377 3276; x_wconf 89' lang='lat' dir='ltr'><strong>ad</strong></span> <span class='ocrx_word' id='word_1_655' title='bbox 2403 3233 2564 3273; x_wconf 85' lang='lat' dir='ltr'><strong>aures</strong></span> <span class='ocrx_word' id='word_1_656' title='bbox 2584 3230 2795 3283; x_wconf 91' lang='lat' dir='ltr'><strong>eorum,</strong></span> <span class='ocrx_word' id='word_1_657' title='bbox 2820 3215 2915 3285; x_wconf 91' lang='lat' dir='ltr'><strong>qui</strong></span> <span class='ocrx_word' id='word_1_658' title='bbox 2942 3213 3257 3270; x_wconf 88' lang='lat' dir='ltr'><strong>instituendi</strong></span> <span class='ocrx_word' id='word_1_659' title='bbox 3278 3221 3422 3280; x_wconf 82' lang='lat' dir='ltr'><strong>sunt,</strong></span> 
     </span>
    </p>
   </div>
   <div class='ocr_carea' id='block_1_83' title="bbox 1835 3303 3426 3392">
    <p class='ocr_par' dir='ltr' id='par_1_83' title="bbox 1835 3303 3426 3392">
     <span class='ocr_line' id='line_1_83' title="bbox 1835 3303 3426 3392; baseline -0.01 -18"><span class='ocrx_word' id='word_1_660' title='bbox 1835 3317 2108 3392; x_wconf 91' lang='lat' dir='ltr'><strong>pervenit,</strong></span> <span class='ocrx_word' id='word_1_661' title='bbox 2141 3330 2205 3370; x_wconf 92' lang='lat' dir='ltr'><strong>ac</strong></span> <span class='ocrx_word' id='word_1_662' title='bbox 2232 3312 2428 3369; x_wconf 88' lang='lat' dir='ltr'><strong>deinde</strong></span> <span class='ocrx_word' id='word_1_663' title='bbox 2472 3308 2608 3364; x_wconf 81' lang='lat' dir='ltr'><strong>fides</strong></span> <span class='ocrx_word' id='word_1_664' title='bbox 2638 3314 2693 3363; x_wconf 93' lang='lat' dir='ltr'><strong>et</strong></span> <span class='ocrx_word' id='word_1_665' title='bbox 2720 3305 3027 3362; x_wconf 88' lang='lat' dir='ltr'><strong>intellectus</strong></span> <span class='ocrx_word' id='word_1_666' title='bbox 3054 3305 3206 3361; x_wconf 89' lang='lat' dir='ltr'><strong>verbi</strong></span> <span class='ocrx_word' id='word_1_667' title='bbox 3258 3303 3426 3360; x_wconf 87' lang='lat' dir='ltr'><strong>corda</strong></span> 
     </span>
    </p>
   </div>
   <div class='ocr_carea' id='block_1_84' title="bbox 1838 3392 3139 3474">
    <p class='ocr_par' dir='ltr' id='par_1_84' title="bbox 1838 3392 3139 3474">
     <span class='ocr_line' id='line_1_84' title="bbox 1838 3392 3139 3474; baseline -0.012 -8"><span class='ocrx_word' id='word_1_668' title='bbox 1838 3410 2093 3474; x_wconf 88' lang='lat' dir='ltr'><strong>illustrat,</strong></span> <span class='ocrx_word' id='word_1_669' title='bbox 2123 3421 2186 3461; x_wconf 90' lang='lat' dir='ltr'><strong>ac</strong></span> <span class='ocrx_word' id='word_1_670' title='bbox 2208 3405 2319 3460; x_wconf 92' lang='lat' dir='ltr'><strong>Deo</strong></span> <span class='ocrx_word' id='word_1_671' title='bbox 2348 3400 2709 3458; x_wconf 89' lang='lat' dir='ltr'><strong>inhabitatorc</strong></span> <span class='ocrx_word' id='word_1_672' title='bbox 2735 3397 2925 3468; x_wconf 88' lang='lat' dir='ltr'><strong>dig-nas</strong></span> <span class='ocrx_word' id='word_1_673' title='bbox 2955 3392 3139 3453; x_wconf 80' lang='lat' dir='ltr'><strong>efﬁcit.</strong></span> 
     </span>
    </p>
   </div>
   <div class='ocr_carea' id='block_1_85' title="bbox 1916 3485 3429 3562">
    <p class='ocr_par' dir='ltr' id='par_1_85' title="bbox 1916 3485 3429 3562">
     <span class='ocr_line' id='line_1_85' title="bbox 1916 3485 3429 3562; baseline -0.009 -6"><span class='ocrx_word' id='word_1_674' title='bbox 1916 3523 1935 3556; x_wconf 85' lang='grc'><strong><em>‹</em></strong></span> <span class='ocrx_word' id='word_1_675' title='bbox 1973 3501 2138 3558; x_wconf 88' lang='lat' dir='ltr'><strong>Stetit</strong></span> <span class='ocrx_word' id='word_1_676' title='bbox 2159 3506 2212 3555; x_wconf 89' lang='lat' dir='ltr'><strong>et</strong></span> <span class='ocrx_word' id='word_1_677' title='bbox 2242 3512 2466 3553; x_wconf 91' lang='lat' dir='ltr'><strong>mensus</strong></span> <span class='ocrx_word' id='word_1_678' title='bbox 2484 3502 2571 3550; x_wconf 90' lang='lat' dir='ltr'><strong>est</strong></span> <span class='ocrx_word' id='word_1_679' title='bbox 2608 3502 2835 3557; x_wconf 88' lang='lat' dir='ltr'><strong>terram,</strong></span> <span class='ocrx_word' id='word_1_680' title='bbox 2866 3490 3077 3562; x_wconf 81' lang='lat' dir='ltr'><strong>aspexit</strong></span> <span class='ocrx_word' id='word_1_681' title='bbox 3102 3496 3156 3544; x_wconf 93' lang='lat' dir='ltr'><strong>et</strong></span> <span class='ocrx_word' id='word_1_682' title='bbox 3178 3485 3429 3543; x_wconf 88' lang='lat' dir='ltr'><strong>dissolvit</strong></span> 
     </span>
    </p>
   </div>
   <div class='ocr_carea' id='block_1_86' title="bbox 1846 3580 3426 3671">
    <p class='ocr_par' dir='ltr' id='par_1_86' title="bbox 1846 3580 3426 3671">
     <span class='ocr_line' id='line_1_86' title="bbox 1846 3580 3426 3671; baseline -0.011 -17"><span class='ocrx_word' id='word_1_683' title='bbox 1846 3619 1867 3654; x_wconf 76' lang='grc' dir='ltr'><strong>σ</strong></span> <span class='ocrx_word' id='word_1_684' title='bbox 1900 3606 2106 3671; x_wconf 90' lang='lat' dir='ltr'><strong>gentes,</strong></span> <span class='ocrx_word' id='word_1_685' title='bbox 2148 3600 2205 3649; x_wconf 90' lang='lat' dir='ltr'><strong>et</strong></span> <span class='ocrx_word' id='word_1_686' title='bbox 2243 3590 2462 3647; x_wconf 88' lang='lat' dir='ltr'><strong>contriti</strong></span> <span class='ocrx_word' id='word_1_687' title='bbox 2510 3595 2638 3643; x_wconf 92' lang='lat' dir='ltr'><strong>sunt</strong></span> <span class='ocrx_word' id='word_1_688' title='bbox 2687 3592 2900 3640; x_wconf 90' lang='lat' dir='ltr'><strong>montes</strong></span> <span class='ocrx_word' id='word_1_689' title='bbox 2925 3583 3130 3649; x_wconf 66' lang='lat' dir='ltr'><strong>saeculi,</strong></span> <span class='ocrx_word' id='word_1_690' title='bbox 3160 3580 3426 3639; x_wconf 76' lang='lat' dir='ltr'><strong>incurvati</strong></span> 
     </span>
    </p>
   </div>
   <div class='ocr_carea' id='block_1_87' title="bbox 1848 3673 3421 3745">
    <p class='ocr_par' dir='ltr' id='par_1_87' title="bbox 1848 3673 3421 3745">
     <span class='ocr_line' id='line_1_87' title="bbox 1848 3673 3421 3745; baseline -0.008 -2"><span class='ocrx_word' id='word_1_691' title='bbox 1848 3710 1866 3743; x_wconf 75' lang='grc' dir='ltr'>ι</span> <span class='ocrx_word' id='word_1_692' title='bbox 1902 3696 2030 3745; x_wconf 92' lang='lat' dir='ltr'><strong>sunt</strong></span> <span class='ocrx_word' id='word_1_693' title='bbox 2061 3685 2226 3742; x_wconf 86' lang='lat' dir='ltr'><strong>colles</strong></span> <span class='ocrx_word' id='word_1_694' title='bbox 2266 3681 2449 3738; x_wconf 89' lang='lat' dir='ltr'><strong>mundi</strong></span> <span class='ocrx_word' id='word_1_695' title='bbox 2475 3679 2544 3735; x_wconf 87' lang='lat' dir='ltr'><strong>ab</strong></span> <span class='ocrx_word' id='word_1_696' title='bbox 2574 3676 2857 3733; x_wconf 89' lang='lat' dir='ltr'><strong>itineribus</strong></span> <span class='ocrx_word' id='word_1_697' title='bbox 2883 3675 3202 3730; x_wconf 62' lang='lat' dir='ltr'><strong>aeternitatis</strong></span> <span class='ocrx_word' id='word_1_698' title='bbox 3240 3673 3377 3743; x_wconf 87' lang='lat' dir='ltr'><strong>ejus.</strong></span> <span class='ocrx_word' id='word_1_699' title='bbox 3400 3693 3421 3730; x_wconf 74' lang='grc' dir='ltr'><strong><em>ι</em></strong></span> 
     </span>
    </p>
   </div>
   <div class='ocr_carea' id='block_1_88' title="bbox 1844 3764 3430 3839">
    <p class='ocr_par' dir='ltr' id='par_1_88' title="bbox 1844 3764 3430 3839">
     <span class='ocr_line' id='line_1_88' title="bbox 1844 3764 3430 3839; baseline -0.009 -3"><span class='ocrx_word' id='word_1_700' title='bbox 1844 3780 2008 3837; x_wconf 89' lang='lat' dir='ltr'><strong>Stans</strong></span> <span class='ocrx_word' id='word_1_701' title='bbox 2057 3777 2307 3832; x_wconf 87' lang='lat' dir='ltr'><strong>Salvator</strong></span> <span class='ocrx_word' id='word_1_702' title='bbox 2334 3782 2390 3830; x_wconf 89' lang='lat' dir='ltr'><strong>et</strong></span> <span class='ocrx_word' id='word_1_703' title='bbox 2420 3778 2613 3827; x_wconf 86' lang='lat' dir='ltr'><strong>cuncta</strong></span> <span class='ocrx_word' id='word_1_704' title='bbox 2639 3767 2995 3839; x_wconf 84' lang='lat' dir='ltr'><strong>perspiciens,</strong></span> <span class='ocrx_word' id='word_1_705' title='bbox 3036 3772 3093 3821; x_wconf 89' lang='lat' dir='ltr'><strong>et</strong></span> <span class='ocrx_word' id='word_1_706' title='bbox 3119 3764 3292 3821; x_wconf 88' lang='lat' dir='ltr'><strong>oculis</strong></span> <span class='ocrx_word' id='word_1_707' title='bbox 3317 3764 3430 3822; x_wconf 87' lang='lat' dir='ltr'><strong>suis</strong></span> 
     </span>
    </p>
   </div>
   <div class='ocr_carea' id='block_1_89' title="bbox 1842 3859 3427 3932">
    <p class='ocr_par' dir='ltr' id='par_1_89' title="bbox 1842 3859 3427 3932">
     <span class='ocr_line' id='line_1_89' title="bbox 1842 3859 3427 3932; baseline -0.011 -1"><span class='ocrx_word' id='word_1_708' title='bbox 1842 3872 2252 3931; x_wconf 81' lang='lat' dir='ltr'><strong>universitatem</strong></span> <span class='ocrx_word' id='word_1_709' title='bbox 2274 3865 2461 3923; x_wconf 90' lang='lat' dir='ltr'><strong>mundi</strong></span> <span class='ocrx_word' id='word_1_710' title='bbox 2491 3863 2742 3928; x_wconf 90' lang='lat' dir='ltr'><strong>metiens,</strong></span> <span class='ocrx_word' id='word_1_711' title='bbox 2765 3860 3005 3932; x_wconf 82' lang='lat' dir='ltr'><strong>gentium</strong></span> <span class='ocrx_word' id='word_1_712' title='bbox 3026 3859 3427 3915; x_wconf 84' lang='lat' dir='ltr'><strong>multitudinem</strong></span> 
     </span>
    </p>
   </div>
   <div class='ocr_carea' id='block_1_90' title="bbox 1845 3950 3428 4037">
    <p class='ocr_par' dir='ltr' id='par_1_90' title="bbox 1845 3950 3428 4037">
     <span class='ocr_line' id='line_1_90' title="bbox 1845 3950 3428 4037; baseline -0.011 -13"><span class='ocrx_word' id='word_1_713' title='bbox 1845 3964 2149 4037; x_wconf 87' lang='lat' dir='ltr'><strong>dissipavit,</strong></span> <span class='ocrx_word' id='word_1_714' title='bbox 2200 3960 2397 4032; x_wconf 88' lang='lat' dir='ltr'><strong>quibus</strong></span> <span class='ocrx_word' id='word_1_715' title='bbox 2446 3954 2721 4027; x_wconf 87' lang='lat' dir='ltr'><strong>dissipatis</strong></span> <span class='ocrx_word' id='word_1_716' title='bbox 2775 3962 2829 4009; x_wconf 91' lang='lat' dir='ltr'><strong>et</strong></span> <span class='ocrx_word' id='word_1_717' title='bbox 2880 3950 3157 4008; x_wconf 82' lang='lat' dir='ltr'><strong>dissolutis</strong></span> <span class='ocrx_word' id='word_1_718' title='bbox 3206 3951 3428 4008; x_wconf 88' lang='lat' dir='ltr'><strong>contriti</strong></span> 
     </span>
    </p>
   </div>
   <div class='ocr_carea' id='block_1_91' title="bbox 1846 4041 3432 4123">
    <p class='ocr_par' dir='ltr' id='par_1_91' title="bbox 1846 4041 3432 4123">
     <span class='ocr_line' id='line_1_91' title="bbox 1846 4041 3432 4123; baseline -0.011 -7"><span class='ocrx_word' id='word_1_719' title='bbox 1846 4066 1972 4118; x_wconf 91' lang='lat' dir='ltr'><strong>sunt</strong></span> <span class='ocrx_word' id='word_1_720' title='bbox 1998 4063 2210 4113; x_wconf 89' lang='lat' dir='ltr'><strong>montes</strong></span> <span class='ocrx_word' id='word_1_721' title='bbox 2236 4052 2399 4123; x_wconf 88' lang='lat' dir='ltr'><strong>hujus</strong></span> <span class='ocrx_word' id='word_1_722' title='bbox 2445 4046 2650 4113; x_wconf 75' lang='lat' dir='ltr'><strong>saeculi,</strong></span> <span class='ocrx_word' id='word_1_723' title='bbox 2678 4054 2736 4102; x_wconf 89' lang='lat' dir='ltr'><strong>et</strong></span> <span class='ocrx_word' id='word_1_724' title='bbox 2778 4044 3047 4101; x_wconf 87' lang='lat' dir='ltr'><strong>incurvati</strong></span> <span class='ocrx_word' id='word_1_725' title='bbox 3095 4050 3221 4099; x_wconf 87' lang='lat' dir='ltr'><strong>sunt</strong></span> <span class='ocrx_word' id='word_1_726' title='bbox 3264 4041 3432 4098; x_wconf 89' lang='lat' dir='ltr'><strong>colles</strong></span> 
     </span>
    </p>
   </div>
   <div class='ocr_carea' id='block_1_92' title="bbox 1844 4133 3429 4219">
    <p class='ocr_par' dir='ltr' id='par_1_92' title="bbox 1844 4133 3429 4219">
     <span class='ocr_line' id='line_1_92' title="bbox 1844 4133 3429 4219; baseline -0.011 -12"><span class='ocrx_word' id='word_1_727' title='bbox 1844 4149 2007 4219; x_wconf 88' lang='lat' dir='ltr'><strong>hujus</strong></span> <span class='ocrx_word' id='word_1_728' title='bbox 2033 4145 2242 4203; x_wconf 81' lang='lat' dir='ltr'><strong>mundi.</strong></span> <span class='ocrx_word' id='word_1_729' title='bbox 2289 4141 2431 4197; x_wconf 84' lang='lat' dir='ltr'><strong>Sunt</strong></span> <span class='ocrx_word' id='word_1_730' title='bbox 2460 4139 2605 4195; x_wconf 87' lang='lat' dir='ltr'><strong>enim</strong></span> <span class='ocrx_word' id='word_1_731' title='bbox 2645 4146 2702 4193; x_wconf 88' lang='lat' dir='ltr'><strong>et</strong></span> <span class='ocrx_word' id='word_1_732' title='bbox 2746 4135 2838 4192; x_wconf 88' lang='lat' dir='ltr'><strong>alii</strong></span> <span class='ocrx_word' id='word_1_733' title='bbox 2889 4143 3099 4191; x_wconf 88' lang='lat' dir='ltr'><strong>montes</strong></span> <span class='ocrx_word' id='word_1_734' title='bbox 3147 4142 3202 4191; x_wconf 90' lang='lat' dir='ltr'><strong>et</strong></span> <span class='ocrx_word' id='word_1_735' title='bbox 3242 4133 3429 4201; x_wconf 86' lang='lat' dir='ltr'><strong>colles,</strong></span> 
     </span>
    </p>
   </div>
   <div class='ocr_carea' id='block_1_93' title="bbox 1846 4228 3426 4319">
    <p class='ocr_par' dir='ltr' id='par_1_93' title="bbox 1846 4228 3426 4319">
     <span class='ocr_line' id='line_1_93' title="bbox 1846 4228 3426 4319; baseline -0.013 -18"><span class='ocrx_word' id='word_1_736' title='bbox 1846 4260 1984 4319; x_wconf 88' lang='lat' dir='ltr'><strong>quos</strong></span> <span class='ocrx_word' id='word_1_737' title='bbox 2007 4241 2132 4298; x_wconf 81' lang='lat' dir='ltr'><strong>salit</strong></span> <span class='ocrx_word' id='word_1_738' title='bbox 2151 4246 2208 4295; x_wconf 92' lang='lat' dir='ltr'><strong>et</strong></span> <span class='ocrx_word' id='word_1_739' title='bbox 2239 4235 2474 4292; x_wconf 90' lang='lat' dir='ltr'><strong>transilit</strong></span> <span class='ocrx_word' id='word_1_740' title='bbox 2496 4247 2726 4305; x_wconf 91' lang='lat' dir='ltr'><strong>sponsus</strong></span> <span class='ocrx_word' id='word_1_741' title='bbox 2748 4231 2801 4286; x_wconf 93' lang='lat' dir='ltr'><strong>in</strong></span> <span class='ocrx_word' id='word_1_742' title='bbox 2821 4228 3047 4286; x_wconf 84' lang='lat' dir='ltr'><strong>Cantico</strong></span> <span class='ocrx_word' id='word_1_743' title='bbox 3071 4228 3426 4292; x_wconf 84' lang='lat' dir='ltr'><strong>canticorum,</strong></span> 
     </span>
    </p>
   </div>
   <div class='ocr_carea' id='block_1_94' title="bbox 1847 4320 3426 4407">
    <p class='ocr_par' dir='ltr' id='par_1_94' title="bbox 1847 4320 3426 4407">
     <span class='ocr_line' id='line_1_94' title="bbox 1847 4320 3426 4407; baseline -0.013 -12"><span class='ocrx_word' id='word_1_744' title='bbox 1847 4340 1914 4395; x_wconf 91' lang='lat' dir='ltr'><strong>de</strong></span> <span class='ocrx_word' id='word_1_745' title='bbox 1941 4334 2137 4407; x_wconf 89' lang='lat' dir='ltr'><strong>quibus</strong></span> <span class='ocrx_word' id='word_1_746' title='bbox 2163 4338 2220 4387; x_wconf 94' lang='lat' dir='ltr'><strong>et</strong></span> <span class='ocrx_word' id='word_1_747' title='bbox 2265 4330 2319 4385; x_wconf 90' lang='lat' dir='ltr'><strong>in</strong></span> <span class='ocrx_word' id='word_1_748' title='bbox 2365 4326 2603 4393; x_wconf 82' lang='lat' dir='ltr'><strong>secundo</strong></span> <span class='ocrx_word' id='word_1_749' title='bbox 2650 4325 2911 4397; x_wconf 88' lang='lat' dir='ltr'><strong>graduum</strong></span> <span class='ocrx_word' id='word_1_750' title='bbox 2956 4321 3163 4393; x_wconf 85' lang='lat' dir='ltr'><strong>psalmo</strong></span> <span class='ocrx_word' id='word_1_751' title='bbox 3191 4320 3426 4376; x_wconf 86' lang='lat' dir='ltr'><strong>dicitur:</strong></span> 
     </span>
    </p>
   </div>
   <div class='ocr_carea' id='block_1_95' title="bbox 1855 4413 3433 4487">
    <p class='ocr_par' dir='ltr' id='par_1_95' title="bbox 1855 4413 3433 4487">
     <span class='ocr_line' id='line_1_95' title="bbox 1855 4413 3433 4487; baseline -0.013 0"><span class='ocrx_word' id='word_1_752' title='bbox 1855 4454 1874 4486; x_wconf 75' lang='grc' dir='ltr'>ι</span> <span class='ocrx_word' id='word_1_753' title='bbox 1908 4429 2107 4487; x_wconf 87' lang='lat' dir='ltr'><strong>Levavi</strong></span> <span class='ocrx_word' id='word_1_754' title='bbox 2136 4424 2322 4484; x_wconf 89' lang='lat' dir='ltr'><strong>oculos</strong></span> <span class='ocrx_word' id='word_1_755' title='bbox 2349 4437 2499 4479; x_wconf 90' lang='lat' dir='ltr'><strong>meos</strong></span> <span class='ocrx_word' id='word_1_756' title='bbox 2526 4421 2582 4476; x_wconf 91' lang='lat' dir='ltr'><strong>in</strong></span> <span class='ocrx_word' id='word_1_757' title='bbox 2619 4426 2833 4476; x_wconf 89' lang='lat' dir='ltr'><strong>montes</strong></span> <span class='ocrx_word' id='word_1_758' title='bbox 2874 4417 3019 4472; x_wconf 92' lang='lat' dir='ltr'><strong>unde</strong></span> <span class='ocrx_word' id='word_1_759' title='bbox 3070 4414 3253 4470; x_wconf 86' lang='lat' dir='ltr'><strong>veniet</strong></span> <span class='ocrx_word' id='word_1_760' title='bbox 3274 4413 3433 4469; x_wconf 84' lang='lat' dir='ltr'><strong>auxi-</strong></span> 
     </span>
    </p>
   </div>
   <div class='ocr_carea' id='block_1_96' title="bbox 1850 4505 3434 4591">
    <p class='ocr_par' dir='ltr' id='par_1_96' title="bbox 1850 4505 3434 4591">
     <span class='ocr_line' id='line_1_96' title="bbox 1850 4505 3434 4591; baseline -0.011 -12"><span class='ocrx_word' id='word_1_761' title='bbox 1850 4524 1981 4579; x_wconf 90' lang='lat' dir='ltr'><strong>lium</strong></span> <span class='ocrx_word' id='word_1_762' title='bbox 2009 4520 2141 4577; x_wconf 89' lang='lat' dir='ltr'><strong>mihi</strong></span> <span class='ocrx_word' id='word_1_763' title='bbox 2165 4515 2339 4591; x_wconf 83' lang='lat' dir='ltr'><strong>(Psal.</strong></span> <span class='ocrx_word' id='word_1_764' title='bbox 2368 4514 2519 4587; x_wconf 80' lang='lat' dir='ltr'><strong>cxx).</strong></span> <span class='ocrx_word' id='word_1_765' title='bbox 2547 4534 2565 4567; x_wconf 72' lang='grc' dir='ltr'><strong>ι</strong></span> <span class='ocrx_word' id='word_1_766' title='bbox 2612 4510 2821 4567; x_wconf 87' lang='lat' dir='ltr'><strong>Montes</strong></span> <span class='ocrx_word' id='word_1_767' title='bbox 2862 4516 3041 4564; x_wconf 87' lang='lat' dir='ltr'><strong>autem</strong></span> <span class='ocrx_word' id='word_1_768' title='bbox 3095 4505 3278 4563; x_wconf 65' lang='lat' dir='ltr'><strong>steculi</strong></span> <span class='ocrx_word' id='word_1_769' title='bbox 3330 4506 3434 4576; x_wconf 90' lang='lat' dir='ltr'><strong>ipsi</strong></span> 
     </span>
    </p>
   </div>
   <div class='ocr_carea' id='block_1_97' title="bbox 1854 4595 3434 4681">
    <p class='ocr_par' dir='ltr' id='par_1_97' title="bbox 1854 4595 3434 4681">
     <span class='ocr_line' id='line_1_97' title="bbox 1854 4595 3434 4681; baseline -0.01 -11"><span class='ocrx_word' id='word_1_770' title='bbox 1854 4622 2002 4678; x_wconf 86' lang='lat' dir='ltr'><strong>sunt,</strong></span> <span class='ocrx_word' id='word_1_771' title='bbox 2037 4611 2127 4681; x_wconf 90' lang='lat' dir='ltr'><strong>qui</strong></span> <span class='ocrx_word' id='word_1_772' title='bbox 2151 4614 2453 4665; x_wconf 89' lang='lat' dir='ltr'><strong>et‘montes</strong></span> <span class='ocrx_word' id='word_1_773' title='bbox 2499 4602 2793 4668; x_wconf 86' lang='lat' dir='ltr'><strong>tenebrosi,</strong></span> <span class='ocrx_word' id='word_1_774' title='bbox 2846 4599 2913 4655; x_wconf 91' lang='lat' dir='ltr'><strong>de</strong></span> <span class='ocrx_word' id='word_1_775' title='bbox 2942 4598 3140 4670; x_wconf 84' lang='lat' dir='ltr'><strong>quibus</strong></span> <span class='ocrx_word' id='word_1_776' title='bbox 3168 4595 3434 4654; x_wconf 81' lang='lat' dir='ltr'><strong>Jeremias</strong></span> 
     </span>
    </p>
   </div>
   <div class='ocr_carea' id='block_1_98' title="bbox 1852 4690 3430 4779">
    <p class='ocr_par' dir='ltr' id='par_1_98' title="bbox 1852 4690 3430 4779">
     <span class='ocr_line' id='line_1_98' title="bbox 1852 4690 3430 4779; baseline -0.01 -17"><span class='ocrx_word' id='word_1_777' title='bbox 1852 4704 2128 4779; x_wconf 76' lang='lat' dir='ltr'><strong>praecepit,</strong></span> <span class='ocrx_word' id='word_1_778' title='bbox 2161 4717 2229 4757; x_wconf 91' lang='lat' dir='ltr'><strong>ne</strong></span> <span class='ocrx_word' id='word_1_779' title='bbox 2281 4698 2649 4770; x_wconf 89' lang='lat' dir='ltr'><strong>impingantur</strong></span> <span class='ocrx_word' id='word_1_780' title='bbox 2681 4694 2847 4765; x_wconf 90' lang='lat' dir='ltr'><strong>pedes</strong></span> <span class='ocrx_word' id='word_1_781' title='bbox 2896 4690 3070 4746; x_wconf 90' lang='lat' dir='ltr'><strong>nostri</strong></span> <span class='ocrx_word' id='word_1_782' title='bbox 3105 4704 3269 4761; x_wconf 89' lang='lat' dir='ltr'><strong>super</strong></span> <span class='ocrx_word' id='word_1_783' title='bbox 3314 4704 3430 4746; x_wconf 91' lang='lat' dir='ltr'><strong>eos.</strong></span> 
     </span>
    </p>
   </div>
   <div class='ocr_carea' id='block_1_99' title="bbox 1859 4782 3436 4859">
    <p class='ocr_par' dir='ltr' id='par_1_99' title="bbox 1859 4782 3436 4859">
     <span class='ocr_line' id='line_1_99' title="bbox 1859 4782 3436 4859; baseline -0.01 -7"><span class='ocrx_word' id='word_1_784' title='bbox 1859 4818 1878 4851; x_wconf 75' lang='grc' dir='ltr'>ι</span> <span class='ocrx_word' id='word_1_785' title='bbox 1903 4794 2176 4852; x_wconf 85' lang='lat' dir='ltr'><strong>lncurvati</strong></span> <span class='ocrx_word' id='word_1_786' title='bbox 2203 4800 2352 4857; x_wconf 90' lang='lat' dir='ltr'><strong>sunt,</strong></span> <span class='ocrx_word' id='word_1_787' title='bbox 2380 4789 2575 4859; x_wconf 87' lang='lat' dir='ltr'><strong>inquit,</strong></span> <span class='ocrx_word' id='word_1_788' title='bbox 2600 4785 2763 4843; x_wconf 88' lang='lat' dir='ltr'><strong>colles</strong></span> <span class='ocrx_word' id='word_1_789' title='bbox 2794 4782 3002 4849; x_wconf 91' lang='lat' dir='ltr'><strong>mundi,</strong></span> <span class='ocrx_word' id='word_1_790' title='bbox 3030 4800 3049 4834; x_wconf 73' lang='grc' dir='ltr'><strong><em>ι</em></strong></span> <span class='ocrx_word' id='word_1_791' title='bbox 3083 4790 3206 4837; x_wconf 84' lang='lat' dir='ltr'><strong>ante</strong></span> <span class='ocrx_word' id='word_1_792' title='bbox 3237 4782 3436 4838; x_wconf 83' lang='lat' dir='ltr'><strong>adven-</strong></span> 
     </span>
    </p>
   </div>
   <div class='ocr_carea' id='block_1_100' title="bbox 1854 4876 3433 4959">
    <p class='ocr_par' dir='ltr' id='par_1_100' title="bbox 1854 4876 3433 4959">
     <span class='ocr_line' id='line_1_100' title="bbox 1854 4876 3433 4959; baseline -0.008 -15"><span class='ocrx_word' id='word_1_793' title='bbox 1854 4898 1967 4945; x_wconf 91' lang='lat' dir='ltr'><strong>tum</strong></span> <span class='ocrx_word' id='word_1_794' title='bbox 1995 4888 2190 4959; x_wconf 88' lang='lat' dir='ltr'><strong>quippe</strong></span> <span class='ocrx_word' id='word_1_795' title='bbox 2224 4882 2522 4941; x_wconf 88' lang='lat' dir='ltr'><strong>Salvatoris</strong></span> <span class='ocrx_word' id='word_1_796' title='bbox 2549 4889 2730 4935; x_wconf 88' lang='lat' dir='ltr'><strong>erecta</strong></span> <span class='ocrx_word' id='word_1_797' title='bbox 2786 4877 3000 4934; x_wconf 89' lang='lat' dir='ltr'><strong>cervice</strong></span> <span class='ocrx_word' id='word_1_798' title='bbox 3028 4876 3433 4949; x_wconf 84' lang='lat' dir='ltr'><strong>gradiebantur,</strong></span> 
     </span>
    </p>
   </div>
   <div class='ocr_carea' id='block_1_101' title="bbox 151 4965 1735 5054">
    <p class='ocr_par' dir='ltr' id='par_1_101' title="bbox 151 4965 1735 5040">
     <span class='ocr_line' id='line_1_101' title="bbox 151 4965 1735 5040; baseline -0.006 -12"><span class='ocrx_word' id='word_1_799' title='bbox 151 4983 286 5028; x_wconf 88' lang='lat' dir='ltr'><strong>nem</strong></span> <span class='ocrx_word' id='word_1_800' title='bbox 312 4966 537 5036; x_wconf 89' lang='lat' dir='ltr'><strong>Christi,</strong></span> <span class='ocrx_word' id='word_1_801' title='bbox 563 4968 659 5025; x_wconf 90' lang='lat' dir='ltr'><strong>sed</strong></span> <span class='ocrx_word' id='word_1_802' title='bbox 692 4968 809 5025; x_wconf 64' lang='lat' dir='ltr'><strong>hac</strong></span> <span class='ocrx_word' id='word_1_803' title='bbox 850 4968 966 5040; x_wconf 80' lang='lat' dir='ltr'><strong>ipsa</strong></span> <span class='ocrx_word' id='word_1_804' title='bbox 1009 4967 1248 5023; x_wconf 76' lang='lat' dir='ltr'><strong>Charitas</strong></span> <span class='ocrx_word' id='word_1_805' title='bbox 1276 4965 1433 5020; x_wconf 82' lang='lat' dir='ltr'><strong>l‘rrma</strong></span> <span class='ocrx_word' id='word_1_806' title='bbox 1460 4979 1569 5020; x_wconf 90' lang='lat' dir='ltr'><strong>non</strong></span> <span class='ocrx_word' id='word_1_807' title='bbox 1593 4972 1735 5031; x_wconf 82' lang='lat' dir='ltr'><strong>erat,</strong></span> 
     </span>
    </p>
   </div>
   <div class='ocr_carea' id='block_1_102' title="bbox 1840 4965 3437 5054">
    <p class='ocr_par' dir='ltr' id='par_1_102' title="bbox 1846 4973 3437 5054">
     <span class='ocr_line' id='line_1_102' title="bbox 1846 4973 3437 5054; baseline -0.009 -13"><span class='ocrx_word' id='word_1_808' title='bbox 1846 4993 1903 5041; x_wconf 90' lang='lat' dir='ltr'><strong>et</strong></span> <span class='ocrx_word' id='word_1_809' title='bbox 1923 4982 2233 5054; x_wconf 87' lang='lat' dir='ltr'><strong>superbiam</strong></span> <span class='ocrx_word' id='word_1_810' title='bbox 2264 4992 2451 5036; x_wconf 90' lang='lat' dir='ltr'><strong>eorum</strong></span> <span class='ocrx_word' id='word_1_811' title='bbox 2498 4974 2786 5030; x_wconf 85' lang='lat' dir='ltr'><strong>humiliare</strong></span> <span class='ocrx_word' id='word_1_812' title='bbox 2815 4988 2974 5029; x_wconf 90' lang='lat' dir='ltr'><strong>nemo</strong></span> <span class='ocrx_word' id='word_1_813' title='bbox 3020 4981 3251 5044; x_wconf 88' lang='lat' dir='ltr'><strong>poterat.</strong></span> <span class='ocrx_word' id='word_1_814' title='bbox 3295 4973 3437 5029; x_wconf 86' lang='lat' dir='ltr'><strong>Con-</strong></span> 
     </span>
    </p>
   </div>
   <div class='ocr_carea' id='block_1_103' title="bbox 152 5057 3437 5133">
    <p class='ocr_par' dir='ltr' id='par_1_103' title="bbox 152 5057 3437 5133">
     <span class='ocr_line' id='line_1_103' title="bbox 152 5057 3437 5133; baseline -0.005 6"><span class='ocrx_word' id='word_1_815' title='bbox 152 5077 335 5133; x_wconf 62' lang='lat' dir='ltr'><strong>“sque</strong></span> <span class='ocrx_word' id='word_1_816' title='bbox 356 5063 485 5118; x_wconf 68' lang='lat' dir='ltr'><strong>dum</strong></span> <span class='ocrx_word' id='word_1_817' title='bbox 517 5063 769 5133; x_wconf 66' lang='grc' dir='ltr'><strong>Ρδδείοηθ</strong></span> <span class='ocrx_word' id='word_1_818' title='bbox 800 5068 856 5118; x_wconf 69' lang='grc' dir='ltr'><strong>εί</strong></span> <span class='ocrx_word' id='word_1_819' title='bbox 894 5077 1049 5118; x_wconf 64' lang='lat'><strong>1&#39;95&quot;&quot;</strong></span> <span class='ocrx_word' id='word_1_820' title='bbox 1053 5060 1291 5116; x_wconf 60' lang='lat' dir='ltr'><strong>meum&quot;</strong></span> <span class='ocrx_word' id='word_1_821' title='bbox 1323 5074 1421 5114; x_wconf 63' lang='lat' dir='ltr'><strong>sua</strong></span> <span class='ocrx_word' id='word_1_822' title='bbox 1453 5057 1746 5128; x_wconf 52' lang='lat' dir='ltr'><strong>complent</strong></span> <span class='ocrx_word' id='word_1_823' title='bbox 1849 5074 1960 5133; x_wconf 90' lang='lat' dir='ltr'><strong>triti</strong></span> <span class='ocrx_word' id='word_1_824' title='bbox 1987 5084 2168 5129; x_wconf 88' lang='lat' dir='ltr'><strong>autem</strong></span> <span class='ocrx_word' id='word_1_825' title='bbox 2194 5079 2321 5129; x_wconf 92' lang='lat' dir='ltr'><strong>sunt</strong></span> <span class='ocrx_word' id='word_1_826' title='bbox 2342 5080 2399 5126; x_wconf 92' lang='lat' dir='ltr'><strong>ct</strong></span> <span class='ocrx_word' id='word_1_827' title='bbox 2424 5068 2692 5125; x_wconf 88' lang='lat' dir='ltr'><strong>incurvati</strong></span> <span class='ocrx_word' id='word_1_828' title='bbox 2719 5066 2787 5122; x_wconf 87' lang='lat' dir='ltr'><strong>ab</strong></span> <span class='ocrx_word' id='word_1_829' title='bbox 2814 5066 3098 5123; x_wconf 85' lang='lat' dir='ltr'><strong>itineribus</strong></span> <span class='ocrx_word' id='word_1_830' title='bbox 3116 5068 3437 5124; x_wconf 65' lang='lat' dir='ltr'><strong>aeternitatis</strong></span> 
     </span>
    </p>
   </div>
   <div class='ocr_carea' id='block_1_104' title="bbox 154 5149 1735 5237">
    <p class='ocr_par' dir='ltr' id='par_1_104' title="bbox 154 5149 1735 5230">
     <span class='ocr_line' id='line_1_104' title="bbox 154 5149 1735 5230; baseline -0.004 -20"><span class='ocrx_word' id='word_1_831' title='bbox 154 5153 393 5230; x_wconf 86' lang='lat' dir='ltr'><strong>gratiam</strong></span> <span class='ocrx_word' id='word_1_832' title='bbox 418 5151 534 5223; x_wconf 86' lang='lat' dir='ltr'><strong>ejus</strong></span> <span class='ocrx_word' id='word_1_833' title='bbox 558 5153 732 5210; x_wconf 89' lang='lat' dir='ltr'><strong>sancti</strong></span> <span class='ocrx_word' id='word_1_834' title='bbox 772 5152 1006 5224; x_wconf 85' lang='lat' dir='ltr'><strong>Spiritus</strong></span> <span class='ocrx_word' id='word_1_835' title='bbox 1029 5150 1241 5223; x_wconf 91' lang='lat' dir='ltr'><strong>plenius</strong></span> <span class='ocrx_word' id='word_1_836' title='bbox 1261 5149 1436 5216; x_wconf 84' lang='lat' dir='ltr'><strong>daret,</strong></span> <span class='ocrx_word' id='word_1_837' title='bbox 1466 5158 1594 5204; x_wconf 90' lang='lat' dir='ltr'><strong>tunc</strong></span> <span class='ocrx_word' id='word_1_838' title='bbox 1620 5163 1735 5204; x_wconf 78' lang='lat' dir='ltr'><strong>vert</strong></span> 
     </span>
    </p>
   </div>
   <div class='ocr_carea' id='block_1_105' title="bbox 1840 5149 3438 5237">
    <p class='ocr_par' dir='ltr' id='par_1_105' title="bbox 1848 5156 3438 5237">
     <span class='ocr_line' id='line_1_105' title="bbox 1848 5156 3438 5237; baseline -0.007 -14"><span class='ocrx_word' id='word_1_839' title='bbox 1848 5164 1983 5237; x_wconf 83' lang='lat' dir='ltr'><strong>ejus,</strong></span> <span class='ocrx_word' id='word_1_840' title='bbox 2017 5166 2069 5221; x_wconf 88' lang='lat' dir='ltr'><strong>id</strong></span> <span class='ocrx_word' id='word_1_841' title='bbox 2098 5173 2182 5221; x_wconf 89' lang='lat' dir='ltr'><strong>est</strong></span> <span class='ocrx_word' id='word_1_842' title='bbox 2203 5163 2321 5228; x_wconf 90' lang='lat' dir='ltr'><strong>Dei,</strong></span> <span class='ocrx_word' id='word_1_843' title='bbox 2352 5160 2481 5230; x_wconf 89' lang='lat' dir='ltr'><strong>quia</strong></span> <span class='ocrx_word' id='word_1_844' title='bbox 2523 5159 2798 5215; x_wconf 65' lang='lat' dir='ltr'><strong>aeternitas</strong></span> <span class='ocrx_word' id='word_1_845' title='bbox 2834 5156 2980 5214; x_wconf 88' lang='lat' dir='ltr'><strong>illius</strong></span> <span class='ocrx_word' id='word_1_846' title='bbox 3024 5158 3093 5213; x_wconf 89' lang='lat' dir='ltr'><strong>ad</strong></span> <span class='ocrx_word' id='word_1_847' title='bbox 3124 5174 3223 5214; x_wconf 88' lang='lat' dir='ltr'><strong>nos</strong></span> <span class='ocrx_word' id='word_1_848' title='bbox 3249 5158 3438 5213; x_wconf 85' lang='lat' dir='ltr'><strong>venire</strong></span> 
     </span>
    </p>
   </div>
   <div class='ocr_carea' id='block_1_106' title="bbox 154 5240 3439 5333">
    <p class='ocr_par' dir='ltr' id='par_1_106' title="bbox 154 5240 3439 5333">
     <span class='ocr_line' id='line_1_106' title="bbox 154 5240 3439 5333; baseline -0.004 -17"><span class='ocrx_word' id='word_1_849' title='bbox 154 5247 214 5301; x_wconf 79' lang='grc' dir='ltr'><strong>ίη</strong></span> <span class='ocrx_word' id='word_1_850' title='bbox 262 5250 472 5299; x_wconf 57' lang='lat' dir='ltr'><strong>“mlum</strong></span> <span class='ocrx_word' id='word_1_851' title='bbox 518 5241 676 5299; x_wconf 62' lang='lat' dir='ltr'><strong>ﬁrma</strong></span> <span class='ocrx_word' id='word_1_852' title='bbox 726 5241 865 5297; x_wconf 53' lang='lat' dir='ltr'><strong>fama</strong></span> <span class='ocrx_word' id='word_1_853' title='bbox 913 5250 1026 5309; x_wconf 66' lang='grc' dir='ltr'>θεία</span> <span class='ocrx_word' id='word_1_854' title='bbox 1066 5248 1126 5296; x_wconf 73' lang='grc' dir='ltr'><strong>ιιι</strong></span> <span class='ocrx_word' id='word_1_855' title='bbox 1156 5256 1258 5296; x_wconf 74' lang='lat' dir='ltr'><strong>nec</strong></span> <span class='ocrx_word' id='word_1_856' title='bbox 1293 5240 1409 5311; x_wconf 68' lang='lat' dir='ltr'><strong>ipsa</strong></span> <span class='ocrx_word' id='word_1_857' title='bbox 1445 5254 1615 5333; x_wconf 63' lang='lat'><strong>09&quot;”</strong></span> <span class='ocrx_word' id='word_1_858' title='bbox 1659 5253 1754 5293; x_wconf 77' lang='grc' dir='ltr'><strong>θο·</strong></span> <span class='ocrx_word' id='word_1_859' title='bbox 1853 5260 2072 5333; x_wconf 86' lang='lat' dir='ltr'><strong>dignata</strong></span> <span class='ocrx_word' id='word_1_860' title='bbox 2116 5265 2221 5323; x_wconf 90' lang='lat' dir='ltr'><strong>est,</strong></span> <span class='ocrx_word' id='word_1_861' title='bbox 2275 5255 2389 5311; x_wconf 87' lang='lat' dir='ltr'><strong>sive</strong></span> <span class='ocrx_word' id='word_1_862' title='bbox 2419 5253 2562 5325; x_wconf 91' lang='lat' dir='ltr'><strong>quod</strong></span> <span class='ocrx_word' id='word_1_863' title='bbox 2611 5266 2825 5323; x_wconf 89' lang='lat' dir='ltr'><strong>semper</strong></span> <span class='ocrx_word' id='word_1_864' title='bbox 2867 5267 2898 5307; x_wconf 91' lang='lat' dir='ltr'><strong>a</strong></span> <span class='ocrx_word' id='word_1_865' title='bbox 2943 5250 3209 5323; x_wconf 87' lang='lat' dir='ltr'><strong>principio</strong></span> <span class='ocrx_word' id='word_1_866' title='bbox 3251 5247 3439 5305; x_wconf 90' lang='lat' dir='ltr'><strong>mundi</strong></span> 
     </span>
    </p>
   </div>
   <div class='ocr_carea' id='block_1_107' title="bbox 156 5332 1735 5421">
    <p class='ocr_par' dir='ltr' id='par_1_107' title="bbox 156 5332 1735 5408">
     <span class='ocr_line' id='line_1_107' title="bbox 156 5332 1735 5408; baseline -0.004 -16"><span class='ocrx_word' id='word_1_867' title='bbox 156 5342 319 5403; x_wconf 87' lang='lat' dir='ltr'><strong>rutn,</strong></span> <span class='ocrx_word' id='word_1_868' title='bbox 367 5350 556 5408; x_wconf 86' lang='lat' dir='ltr'><strong>regum</strong></span> <span class='ocrx_word' id='word_1_869' title='bbox 600 5332 858 5392; x_wconf 79' lang='lat' dir='ltr'><strong>videlicet</strong></span> <span class='ocrx_word' id='word_1_870' title='bbox 902 5332 1249 5390; x_wconf 88' lang='lat' dir='ltr'><strong>insolentium</strong></span> <span class='ocrx_word' id='word_1_871' title='bbox 1287 5332 1529 5404; x_wconf 80' lang='lat' dir='ltr'><strong>potentia</strong></span> <span class='ocrx_word' id='word_1_872' title='bbox 1569 5342 1735 5401; x_wconf 65' lang='lat' dir='ltr'><strong>posse</strong></span> 
     </span>
    </p>
   </div>
   <div class='ocr_carea' id='block_1_108' title="bbox 1840 5332 3441 5421">
    <p class='ocr_par' dir='ltr' id='par_1_108' title="bbox 1850 5332 3441 5421">
     <span class='ocr_line' id='line_1_108' title="bbox 1850 5332 3441 5421; baseline -0.007 -14"><span class='ocrx_word' id='word_1_873' title='bbox 1850 5332 2023 5421; x_wconf 88' lang='lat' dir='ltr'><strong>usque</strong></span> <span class='ocrx_word' id='word_1_874' title='bbox 2054 5348 2121 5404; x_wconf 87' lang='lat' dir='ltr'><strong>ad</strong></span> <span class='ocrx_word' id='word_1_875' title='bbox 2150 5345 2574 5403; x_wconf 82' lang='lat' dir='ltr'><strong>incarnationem</strong></span> <span class='ocrx_word' id='word_1_876' title='bbox 2602 5358 2753 5400; x_wconf 89' lang='lat' dir='ltr'><strong>suam</strong></span> <span class='ocrx_word' id='word_1_877' title='bbox 2785 5350 2993 5398; x_wconf 75' lang='lat' dir='ltr'><strong>venerit</strong></span> <span class='ocrx_word' id='word_1_878' title='bbox 3019 5342 3085 5396; x_wconf 86' lang='lat' dir='ltr'><strong>ad</strong></span> <span class='ocrx_word' id='word_1_879' title='bbox 3114 5348 3354 5406; x_wconf 88' lang='lat' dir='ltr'><strong>sanctos,</strong></span> <span class='ocrx_word' id='word_1_880' title='bbox 3382 5346 3441 5397; x_wconf 86' lang='lat' dir='ltr'><strong>et</strong></span> 
     </span>
    </p>
   </div>
   <div class='ocr_carea' id='block_1_109' title="bbox 158 5424 3439 5508">
    <p class='ocr_par' dir='ltr' id='par_1_109' title="bbox 158 5424 3439 5508">
     <span class='ocr_line' id='line_1_109' title="bbox 158 5424 3439 5508; baseline -0.003 -8"><span class='ocrx_word' id='word_1_881' title='bbox 158 5424 413 5500; x_wconf 66' lang='grc' dir='ltr'><strong>ίηῖτίυείο</strong></span> <span class='ocrx_word' id='word_1_882' title='bbox 1855 5443 2030 5499; x_wconf 88' lang='lat' dir='ltr'><strong>factus</strong></span> <span class='ocrx_word' id='word_1_883' title='bbox 2052 5441 2123 5497; x_wconf 89' lang='lat' dir='ltr'><strong>sit</strong></span> <span class='ocrx_word' id='word_1_884' title='bbox 2149 5439 2203 5494; x_wconf 89' lang='lat' dir='ltr'><strong>in</strong></span> <span class='ocrx_word' id='word_1_885' title='bbox 2252 5437 2585 5508; x_wconf 86' lang='lat' dir='ltr'><strong>singulorum</strong></span> <span class='ocrx_word' id='word_1_886' title='bbox 2629 5451 2794 5491; x_wconf 87' lang='lat' dir='ltr'><strong>manu</strong></span> <span class='ocrx_word' id='word_1_887' title='bbox 2825 5450 3004 5491; x_wconf 90' lang='lat' dir='ltr'><strong>sermo</strong></span> <span class='ocrx_word' id='word_1_888' title='bbox 3034 5434 3153 5501; x_wconf 88' lang='lat' dir='ltr'><strong>Dei,</strong></span> <span class='ocrx_word' id='word_1_889' title='bbox 3183 5442 3345 5503; x_wconf 88' lang='lat' dir='ltr'><strong>atque</strong></span> <span class='ocrx_word' id='word_1_890' title='bbox 3380 5434 3439 5489; x_wconf 88' lang='lat' dir='ltr'><strong>iu</strong></span> 
     </span>
    </p>
   </div>
   <div class='ocr_carea' id='block_1_110' title="bbox 243 5523 3442 5610">
    <p class='ocr_par' dir='ltr' id='par_1_110' title="bbox 243 5523 3442 5610">
     <span class='ocr_line' id='line_1_110' title="bbox 243 5523 3442 5610; baseline -0.004 -17"><span class='ocrx_word' id='word_1_891' title='bbox 243 5558 265 5593; x_wconf 71' lang='grc' dir='ltr'><strong>ε</strong></span> <span class='ocrx_word' id='word_1_892' title='bbox 296 5539 438 5597; x_wconf 80' lang='lat' dir='ltr'><strong>Ante</strong></span> <span class='ocrx_word' id='word_1_893' title='bbox 482 5538 677 5597; x_wconf 82' lang='lat' dir='ltr'><strong>faciem</strong></span> <span class='ocrx_word' id='word_1_894' title='bbox 724 5538 845 5610; x_wconf 89' lang='lat' dir='ltr'><strong>ejus</strong></span> <span class='ocrx_word' id='word_1_895' title='bbox 872 5538 972 5595; x_wconf 90' lang='lat' dir='ltr'><strong>ibit</strong></span> <span class='ocrx_word' id='word_1_896' title='bbox 999 5553 1170 5604; x_wconf 88' lang='lat' dir='ltr'><strong>mors,</strong></span> <span class='ocrx_word' id='word_1_897' title='bbox 1213 5545 1267 5592; x_wconf 90' lang='lat' dir='ltr'><strong>et</strong></span> <span class='ocrx_word' id='word_1_898' title='bbox 1300 5534 1611 5606; x_wconf 87' lang='lat' dir='ltr'><strong>egredietur</strong></span> <span class='ocrx_word' id='word_1_899' title='bbox 1639 5532 1755 5587; x_wconf 82' lang='lat' dir='ltr'><strong>dia-</strong></span> <span class='ocrx_word' id='word_1_900' title='bbox 1855 5533 2126 5589; x_wconf 83' lang='lat' dir='ltr'><strong>universis</strong></span> <span class='ocrx_word' id='word_1_901' title='bbox 2146 5530 2488 5585; x_wconf 86' lang='lat' dir='ltr'><strong>vincentibus</strong></span> <span class='ocrx_word' id='word_1_902' title='bbox 2514 5529 2630 5600; x_wconf 90' lang='lat' dir='ltr'><strong>ipse</strong></span> <span class='ocrx_word' id='word_1_903' title='bbox 2659 5528 2933 5600; x_wconf 88' lang='lat' dir='ltr'><strong>superarit</strong></span> <span class='ocrx_word' id='word_1_904' title='bbox 2959 5535 3010 5582; x_wconf 91' lang='lat' dir='ltr'><strong>et</strong></span> <span class='ocrx_word' id='word_1_905' title='bbox 3038 5536 3302 5582; x_wconf 67' lang='lat' dir='ltr'><strong>aeternum</strong></span> <span class='ocrx_word' id='word_1_906' title='bbox 3322 5523 3442 5593; x_wconf 86' lang='lat' dir='ltr'><strong>eius</strong></span> 
     </span>
    </p>
   </div>
   <div class='ocr_carea' id='block_1_111' title="bbox 168 5619 3439 5707">
    <p class='ocr_par' dir='ltr' id='par_1_111' title="bbox 168 5619 3439 5707">
     <span class='ocr_line' id='line_1_111' title="bbox 168 5619 3439 5707; baseline -0.005 -16"><span class='ocrx_word' id='word_1_907' title='bbox 168 5657 189 5691; x_wconf 82' lang='grc'><strong><em>‹</em></strong></span> <span class='ocrx_word' id='word_1_908' title='bbox 223 5633 383 5693; x_wconf 80' lang='lat' dir='ltr'><strong>holus</strong></span> <span class='ocrx_word' id='word_1_909' title='bbox 408 5643 535 5692; x_wconf 85' lang='lat' dir='ltr'><strong>ante</strong></span> <span class='ocrx_word' id='word_1_910' title='bbox 577 5635 742 5707; x_wconf 86' lang='lat' dir='ltr'><strong>pedes</strong></span> <span class='ocrx_word' id='word_1_911' title='bbox 784 5633 963 5705; x_wconf 65' lang='lat' dir='ltr'><strong>ejus.»</strong></span> <span class='ocrx_word' id='word_1_912' title='bbox 996 5633 1094 5689; x_wconf 82' lang='lat' dir='ltr'><strong>Hic</strong></span> <span class='ocrx_word' id='word_1_913' title='bbox 1139 5647 1330 5688; x_wconf 84' lang='lat' dir='ltr'><strong>versus</strong></span> <span class='ocrx_word' id='word_1_914' title='bbox 1353 5630 1508 5700; x_wconf 75' lang='lat' dir='ltr'><strong>juxta</strong></span> <span class='ocrx_word' id='word_1_915' title='bbox 1539 5628 1760 5682; x_wconf 86' lang='lat' dir='ltr'><strong>Hebrai-</strong></span> <span class='ocrx_word' id='word_1_916' title='bbox 1858 5630 1963 5685; x_wconf 89' lang='lat' dir='ltr'><strong>iter</strong></span> <span class='ocrx_word' id='word_1_917' title='bbox 2032 5625 2397 5680; x_wconf 86' lang='lat' dir='ltr'><strong>incurvaverit</strong></span> <span class='ocrx_word' id='word_1_918' title='bbox 2431 5665 2445 5691; x_wconf 86' lang='lat'><strong>,</strong></span> <span class='ocrx_word' id='word_1_919' title='bbox 2509 5622 2672 5679; x_wconf 88' lang='lat' dir='ltr'><strong>colles</strong></span> <span class='ocrx_word' id='word_1_920' title='bbox 2729 5622 3071 5687; x_wconf 76' lang='lat' dir='ltr'><strong>montesque‘</strong></span> <span class='ocrx_word' id='word_1_921' title='bbox 3103 5619 3439 5675; x_wconf 87' lang='lat' dir='ltr'><strong>contriverit.</strong></span> 
     </span>
    </p>
   </div>
   <div class='ocr_carea' id='block_1_112' title="bbox 165 5708 3443 5807">
    <p class='ocr_par' dir='ltr' id='par_1_112' title="bbox 165 5708 3443 5807">
     <span class='ocr_line' id='line_1_112' title="bbox 165 5708 3443 5807; baseline -0.007 -18"><span class='ocrx_word' id='word_1_922' title='bbox 165 5740 296 5789; x_wconf 76' lang='lat' dir='ltr'><strong>eam</strong></span> <span class='ocrx_word' id='word_1_923' title='bbox 323 5724 609 5787; x_wconf 84' lang='lat' dir='ltr'><strong>veritatem</strong></span> <span class='ocrx_word' id='word_1_924' title='bbox 637 5724 715 5787; x_wconf 89' lang='lat' dir='ltr'><strong>ita</strong></span> <span class='ocrx_word' id='word_1_925' title='bbox 762 5725 979 5802; x_wconf 86' lang='lat' dir='ltr'><strong>legitur,</strong></span> <span class='ocrx_word' id='word_1_926' title='bbox 1011 5740 1170 5797; x_wconf 82' lang='lat' dir='ltr'><strong>quem</strong></span> <span class='ocrx_word' id='word_1_927' title='bbox 1196 5724 1256 5780; x_wconf 85' lang='grc' dir='ltr'><strong>Β.</strong></span> <span class='ocrx_word' id='word_1_928' title='bbox 1287 5723 1659 5796; x_wconf 82' lang='lat' dir='ltr'><strong>Hieronymus</strong></span> <span class='ocrx_word' id='word_1_929' title='bbox 1681 5722 1759 5781; x_wconf 86' lang='lat' dir='ltr'><strong>ita</strong></span> <span class='ocrx_word' id='word_1_930' title='bbox 1860 5720 2098 5779; x_wconf 87' lang='lat' dir='ltr'><strong>Possunt</strong></span> <span class='ocrx_word' id='word_1_931' title='bbox 2147 5725 2328 5775; x_wconf 88' lang='lat' dir='ltr'><strong>autem</strong></span> <span class='ocrx_word' id='word_1_932' title='bbox 2374 5721 2590 5775; x_wconf 86' lang='lat' dir='ltr'><strong>montes</strong></span> <span class='ocrx_word' id='word_1_933' title='bbox 2636 5723 2694 5774; x_wconf 90' lang='lat' dir='ltr'><strong>et</strong></span> <span class='ocrx_word' id='word_1_934' title='bbox 2740 5714 3011 5773; x_wconf 71' lang='lat' dir='ltr'><strong>dzemones</strong></span> <span class='ocrx_word' id='word_1_935' title='bbox 3063 5710 3314 5807; x_wconf 71' lang='lat' dir='ltr'><strong>intelligi,</strong></span> 
     </span>
    </p>
   </div>
  </div>
