3936 6328
631 376 772 439 1119

1274 375 1338 431 Β.
1376 370 1628 430 BABANI
1666 362 1884 426 MAURI
1920 362 2239 423 ARCHIEP.
2279 361 2588 421 MOGUNT.
2629 356 2912 418 OPERUM
2950 354 3128 414 PARS
3162 355 3243 411 Ill.

628 500 919 550 versantur
943 491 999 548 ln
1032 490 1329 556 haereticis,
1373 497 1429 544 et
1452 488 1668 543 elevant
1707 500 1767 541 se
1811 493 2000 540 contra
2038 481 2215 538 scien-
2239 481 2294 541 Α
2318 477 2433 548 ipse
2460 491 2583 532 eum
2614 475 2942 546 appropians
2991 471 3221 544 passioni
3260 472 3442 530 dicebat
3473 474 3713 557 Patrizilp

633 586 770 645 tiam
794 584 913 652 Dei,
945 583 1110 641 colles
1137 598 1352 656 quoque
1375 582 1495 638 alim
1519 582 1820 638 daemonum
1845 576 2215 643 fortitudines,

631 692 755 748 qua;
779 676 986 733 faciunt
1010 672 1259 733 homines
1299 689 1588 746 corporum
1630 670 2106 744 pulchritudinem,
2138 669 2219 723 di-

633 767 897 841 gnitates,
945 766 1186 831 divitias,
1244 765 1581 822 nobilitatem
1630 761 1866 834 generis,
1915 768 2219 828 czeteraque

636 858 827 915 mundi
855 858 999 915 bona
1045 857 1325 914 admirari.
1358 855 1513 911 Licet
1553 853 1739 908 videre
1772 860 1896 922 post
1928 849 2217 905 adventum

638 949 911 1006 sermonis
959 948 1055 1004 Dei
1101 956 1157 1005 et
1206 946 1302 1002 Dei
1350 944 1527 1000 Patris
1555 942 1918 1015 praesentiam,
1951 940 2220 1013 quomodo

638 1039 890 1095 humana:
918 1038 1116 1095 animae
1142 1042 1604 1100 commoveantur,
1654 1042 1711 1091 et
1737 1046 1896 1089 omne
1925 1032 2069 1103 quod
2114 1040 2221 1088 ter-

634 1143 829 1185 renum
850 1138 935 1186 est
953 1129 1300 1195 dissolvatur,
1329 1136 1385 1184 et
1429 1126 1786 1200 cogitationes
1810 1124 2055 1196 pristinae
2080 1123 2222 1179 redi-

640 1230 843 1293 gantur
871 1223 939 1278 ad
964 1223 1213 1287 nihilum,
1240 1231 1370 1277 tunc
1395 1222 1751 1276 destruuntur
1778 1217 2073 1283 daemones,
2093 1224 2221 1272 tunc

636 1313 820 1371 saeculi
854 1313 1170 1370 altitudines
1212 1313 1278 1368 ad
1322 1311 1549 1368 nihilum
1580 1311 1932 1373 deducentur,
1962 1316 2018 1363 et
2042 1309 2220 1363 omnis

637 1404 1018 1463 haereticorum
1061 1407 1307 1471 scientia,
1336 1422 1457 1477 qum
1486 1404 1720 1475 primum
1752 1402 1995 1457 tumebat
2017 1402 2084 1456 ad
2126 1401 2222 1457 Dei

639 1498 906 1555 sermonis
955 1499 1266 1566 adventum,
1298 1496 1650 1557 humiliatur.
1705 1494 2009 1551 conteritur
2061 1502 2223 1563 atque

637 1589 998 1645 consumitur.
1054 1588 1218 1645 Juxta
1246 1588 1408 1643 aliam
1439 1598 1621 1643 autem
1673 1587 1967 1642 editionem
1998 1585 2071 1639 ita
2099 1584 2227 1656 legi-

639 1686 769 1735 tur:
796 1697 816 1732 ‹
850 1679 1023 1737 Pedes
1060 1680 1176 1752 ejus
1206 1689 1478 1736 steterunt
1502 1688 1557 1734 et
1581 1686 1727 1733 mota
1757 1686 1844 1732 est
1877 1685 2042 1741 terra,
2072 1690 2227 1745 aspe-

642 1771 724 1828 xit
746 1782 804 1830 et
826 1772 1169 1831 deﬂuxerunt
1193 1783 1403 1844 gentes,
1424 1769 1688 1828 catafracti
1721 1779 1847 1825 sunt
1886 1776 2099 1824 montes
2136 1783 2227 1823 ve-

2322 575 2375 623 te
2408 567 2701 623 clarificavi
2730 582 2893 637 super
2920 573 3141 630 terram,
3174 579 3300 635 opus
3322 573 3608 627 consummari
3634 580 3715 646 quod

2320 658 2515 716 dedisti
2541 658 2672 713 mihi
2700 666 2761 712 ut
2799 655 2999 712 faciam
3027 655 3204 727 (Joan.
3245 658 3383 729 xvn).
3404 678 3421 711 ι
3447 657 3543 717 Haec
3567 663 3613 721 de
3629 667 3716 727 itas

2320 752 2471 808 ribus
2496 759 2788 820 assumptae
2816 750 3242 821 temporalitatis,
3268 752 3511 822 statimque
3538 756 3585 810 de
3602 757 3720 817 iliaci.

2320 848 2423 904 bus
2446 846 2771 903 aeternitatis
2799 845 3044 915 adiunxit
3076 863 3091 899 :
3123 865 3141 896 ι
3174 844 3238 899 Et
3256 861 3381 901 nunc
3412 845 3592 904 clariﬁca
3608 866 3720 917 metu

2323 936 2503 1003 Pater,
2517 940 2657 1008 apud
2685 938 3059 1008 temetipsum,
3082 936 3315 991 claritate
3339 953 3470 1005 quam
3492 940 3721 1012 habniprin-

2321 1045 2484 1101 quam
2535 1030 2769 1085 mundus
2815 1039 2961 1085 esset
2989 1029 3129 1100 apud
3173 1036 3276 1084 te.»
3320 1028 3428 1085 Hec
3462 1010 3723 1094 autetnitinen
3776 1010 3777 1049 1

2321 1122 2643 1178 aeternitatis
2669 1121 2933 1192 propheta
2953 1136 3065 1191 pra:
3087 1119 3341 1175 laboribus
3358 1121 3487 1186 vidit,
3525 1124 3724 1184 incautam

2324 1212 2409 1268 nis
2432 1210 2681 1267 videlicet
2729 1220 2785 1266 et
2828 1208 3134 1282 passionis;
3166 1208 3229 1264 de
3266 1209 3438 1281 quibus
3473 1227 3592 1282 supra
3610 1216 3723 1299 dictu

2324 1314 2438 1359 est:
2466 1324 2484 1356 ι
2506 1305 2647 1359 Deus
2671 1320 2701 1358 a
2722 1302 2932 1358 Libano
2951 1303 3067 1357 sive
3094 1301 3161 1356 ab
3188 1311 3357 1357 austro
3382 1304 3542 1370 veniet,
3557 1316 3596 1361 et
3609 1323 3722 1365 cornu

2324 1405 2455 1453 sunt
2482 1398 2534 1451 in
2568 1395 2818 1451 manibus
2860 1393 3001 1463 ejus,
3032 1415 3049 1445 ι
3098 1393 3301 1465 aliaque
3341 1395 3723 1471 hujusmodi,qm.
3780 1438 3781 1441 η

2326 1489 2430 1545 hoc
2464 1488 2651 1543 eodem
2676 1485 2905 1542 Cantico
2932 1485 3163 1557 plurima
3184 1485 3509 1541 inveniuntur.

2401 1601 2419 1633 ι
2451 1579 2557 1635 Pro
2604 1578 2892 1650 iniquitate
2930 1576 3042 1633 vidi
3093 1578 3313 1632 tentoria
3357 1575 3594 1648 Aithiopia,
3624 1582 3723 1637 tum.

2333 1690 2353 1723 ‹
2388 1671 2592 1726 buntur
2616 1669 2785 1739 pelles
2832 1678 2995 1724 terra:
3025 1667 3251 1722 Bladian.
3272 1688 3290 1718 ›
3320 1665 3469 1722 LXX:
3493 1689 3505 1720 ι
3530 1668 3602 1725 Pro
3617 1670 3725 1727 [alario

2327 1764 2429 1819 bus
2458 1762 2565 1818 vidi
2594 1760 2942 1817 tabernacula
2972 1759 3304 1830 Atlthiopum,
3332 1760 3605 1832 pavebuntet
3630 1766 3726 1819 tale-
3784 1758 3785 1771 ³

638 1862 946 1931 homenter,
973 1832 1311 1921 deﬂuxerunt
1333 1832 1501 1919 colles
1537 1861 1842 1919 aeternalcs.
1865 1881 1884 1913 ι
1917 1860 2054 1916 Cum
2078 1860 2225 1915 enim
2255 1832 2302 1893 Β
2331 1856 2520 1937 uacula
2574 1867 2733 1912 terra:
2775 1855 3007 1911 Madian.
3045 1875 3063 1907 ι
3105 1855 3371 1927 ᾹΞιΙιίορεε
3400 1857 3499 1937 tetri
3531 1866 3571 1912 et
3589 1870 3726 1914 ama-ts

640 1956 974 2027 prmdicante
1037 1955 1298 2020 doctore,
1350 1954 1578 2026 vestigia
1631 1953 1881 2010 veritatis
1931 1953 1985 2007 in
2048 1961 2228 2008 mente

644 2042 888 2117 ﬁguntur
920 2044 1211 2110 auditoris,
1239 2059 1365 2099 mox
1395 2044 1512 2115 ipsa
1560 2058 1715 2099 mens
1763 2043 1819 2097 in
1864 2044 1947 2098 sui
1975 2043 2227 2097 conside-

639 2141 858 2198 ratione
882 2140 1095 2196 turbata
1130 2148 1505 2195 commovetur
1537 2155 1553 2206 ;
1605 2146 1832 2208 possunt
1860 2146 2040 2192 autem
2066 2137 2230 2207 pedes

639 2231 856 2288 Domini
894 2247 1003 2288 non
1043 2231 1488 2289 inconvenienter
1517 2229 1620 2300 ipsi
1662 2230 1931 2292 doctores,
1970 2242 2067 2298 per
2094 2242 2231 2297 quos

556 2346 569 2361 ι
641 2322 868 2378 verbum
893 2323 1257 2387 ministratur,
1289 2321 1501 2391 accipi;
1550 2320 1805 2391 quoniam
1834 2317 1946 2383 ille,
1994 2318 2087 2387 qui
2134 2332 2232 2388 per

643 2430 707 2472 se
732 2415 908 2486 ipsum
942 2416 1146 2486 ubique
1165 2430 1409 2485 praesens
1429 2421 1533 2479 est,
1567 2428 1666 2484 per
1691 2412 1792 2467 hos
1815 2410 1968 2481 quasi
1998 2424 2095 2481 per
2138 2424 2231 2480 pe-

644 2506 741 2563 des
760 2521 888 2563 suos
924 2506 979 2562 in
1021 2507 1282 2562 mundum
1307 2504 1481 2561 fertur
1502 2504 1835 2560 universum.
1866 2501 2025 2558 Stant
2048 2510 2229 2557 autem

645 2596 701 2651 in
728 2599 894 2667 pedes
912 2605 969 2654 et
987 2606 1236 2653 movetur
1264 2604 1435 2663 terra,
1476 2595 1603 2667 quia
1649 2609 1756 2665 quo
1782 2594 2031 2649 doctores
2059 2593 2231 2648 sancti

646 2685 842 2744 fortius
866 2689 925 2745 in
954 2688 1296 2760 praedicanda
1321 2696 1376 2744 et
1396 2686 1750 2744 custodienda
1789 2685 2019 2741 veritate
2057 2683 2232 2754 persi-

643 2786 817 2847 stunt,
847 2794 914 2838 eo
961 2781 1123 2838 citius
1169 2796 1229 2838 se
1279 2788 1620 2837 terrenarum
1646 2779 1813 2836 corda
1859 2779 1926 2833 ad
1968 2777 2232 2849 agendam

641 2883 747 2943 pro
778 2872 1052 2929 erratibus
1099 2872 1214 2929 suis
1237 2872 1613 2945 paenitentiam
1650 2869 1918 2927 incutiant
1952 2886 1968 2937 ;
2010 2877 2066 2926 et
2094 2884 2230 2939 qua-

645 2961 794 3018 niam
834 2964 1024 3021 eadem
1065 2965 1211 3021 actio
1262 2964 1598 3036 poenitentia:
1651 2976 1995 3034 nequaquam
2027 2960 2235 3017 homini

647 3053 992 3125 praedicanti,
1040 3055 1136 3112 sed
1194 3054 1487 3112 illustranti
1546 3063 1633 3110 est
1676 3054 1866 3125 gratiae
1921 3051 2231 3119 tribuenda,

648 3147 794 3219 quod
813 3155 900 3204 est
922 3155 1110 3219 aperte
1132 3147 1350 3205 dicere:
1374 3147 1627 3203 Misertus
1648 3155 1735 3203 est
1755 3145 2016 3203 Dominus
2043 3154 2099 3202 et
2122 3160 2235 3217 pte-

650 3241 935 3298 aituerunt
981 3247 1193 3312 gentes,
1240 3254 1351 3310 quo
1392 3240 1645 3296 videlicet
1688 3239 1888 3296 intuitu
1940 3239 2152 3311 aspexit
2179 3247 2235 3294 et

650 3333 873 3389 Petrum
895 3347 1022 3389 cum
1052 3339 1331 3403 negasset,
1367 3340 1425 3386 et
1457 3331 1548 3387 ille
1591 3340 1947 3404 compunctus
1974 3330 2237 3387 memoria

630 3423 739 3478 °sni
773 3423 987 3493 peccati
1006 3437 1132 3477 mox
1161 3421 1382 3479 defluxit
1408 3423 1465 3478 in
1490 3422 1779 3495 Iacrymas.
1808 3423 2017 3480 Montes
2056 3440 2240 3496 super-

654 3513 755 3569 bos
782 3512 914 3569 dicit
945 3520 1001 3570 et
1021 3513 1089 3569 de
1117 3512 1277 3583 hujus
1300 3514 1483 3572 seaculi
1517 3515 1601 3573 vel
1628 3531 1799 3587 regno
1826 3515 1915 3571 vel
1943 3516 2233 3587 sapientia,

653 3604 741 3664 vel
769 3606 974 3663 divitiis
1024 3623 1084 3664 se
1123 3607 1464 3675 extollentes,
1521 3609 1615 3681 qui
1666 3609 1895 3665 Domino
1942 3609 2239 3679 aspiciente

651 3711 761 3756 non
782 3696 957 3754 solum
984 3696 1269 3767 confracti,
1294 3698 1392 3755 sed
1412 3700 1762 3757 vehementer
1789 3699 2051 3757 confracti
2088 3710 2236 3768 sunt,

654 3791 875 3864 quando
900 3790 993 3848 illo
1016 3791 1311 3848 miserante
1336 3793 1577 3850 nonnulli
1616 3808 1687 3850 ex
1734 3793 1948 3861 talibus,
1988 3810 2096 3851 non
2125 3803 2239 3850 tan-

656 3892 773 3940 tum
810 3884 1029 3941 inanem
1076 3884 1472 3957 superbamque
1527 3886 1865 3944 altitudinem
1892 3887 2234 3953 deserebant,

655 3988 849 4029 verum
874 3974 1037 4030 etiam
1061 3976 1309 4032 eamdem
1336 3975 1566 4033 vivendo
1591 3977 1753 4033 simul
1781 3992 1849 4034 ac
1892 3977 2238 4049 praedicando

657 4063 1063 4137 impugnabant.
1104 4066 1346 4138 Denique
1393 4066 1591 4126 Saulus
1611 4077 1668 4124 et
1712 4068 2000 4126 Matthazus
2024 4078 2238 4126 montes

657 4164 836 4223 erant,
858 4155 947 4213 hic
974 4156 1043 4213 de
1064 4157 1330 4229 sapientia
1353 4157 1550 4215 litterae
1571 4159 1827 4227 carnalis,
1857 4158 1947 4216 ille
1964 4160 2033 4216 de
2060 4176 2237 4217 mam-

657 4262 820 4305 mona
839 4248 1140 4320 iniquitatis
1158 4249 1361 4318 elatus;
1383 4250 1498 4317 sed,
1523 4252 1648 4307 dum
1672 4258 1901 4323 uterque
1923 4252 1990 4307 ad
2014 4251 2239 4308 humili-

655 4338 784 4393 tatis
806 4339 1179 4411 magisterium
1207 4354 1500 4396 conversus
1522 4338 1723 4396 Christi
1747 4348 1833 4397 est
1874 4339 2049 4397 factus
2069 4341 2235 4398 disci-

654 4429 834 4503 pulus,
880 4439 1096 4487 montes
1151 4432 1336 4502 utique
1383 4440 1508 4489 sunt
1552 4432 1904 4490 vehementer
1950 4432 2233 4491 confracti.

2332 1930 2584 2001 tenebras
2606 1955 2663 2001 et
2689 1947 2758 2002 ab
2784 1947 2931 2002 omni
2981 1947 3104 2002 luce
3135 1946 3305 2011 alieni,
3332 1930 3620 2016 qui'draconis
3642 1965 3726 2004 rane

2328 2050 2639 2103 vescuntur,
2665 2042 2731 2095 de
2752 2055 2860 2111 quo
2881 2041 3145 2111 scriptum
3168 2048 3249 2095 est
3270 2059 3282 2094 :
3311 2058 3328 2091 ι
3354 2038 3520 2096 Dedisti
3535 2057 3724 2095 consul

2331 2132 2540 2204 populis
2560 2130 2907 2202 Ethiopihus
2930 2130 3107 2204 (Paul.
3128 2120 3330 2205 IJXIII).
3358 2151 3375 2184 ι
3407 2130 3727 2187 Daemonesintcﬁ-

2331 2236 2552 2298 guntur,
2582 2241 2815 2297 quorum
2846 2225 2907 2281 fit
2932 2225 3349 2291 tabernaculum,
3376 2226 3611 2296 quicunque
3628 2227 3658 2279 in
3676 2226 3727 2281 ioc

2332 2318 2531 2375 saecqu
2554 2326 2780 2390 propter
2812 2318 3056 2374 honores
3083 2328 3138 2375 et
3165 2317 3368 2373 divitias
3385 2316 3728 2387 laboravede

2335 2410 2703 2484 significanter
2745 2410 2847 2467 sub
2875 2425 2986 2466 uno
3034 2411 3198 2467 verbo
3244 2408 3504 2481 iniquitatis
3538 2410 3725 2464 ostendite.

2332 2504 2524 2562 Omnis
2555 2504 2701 2560 enim
2730 2504 2889 2559 dives
2909 2511 3006 2559 aut
3031 2503 3245 2575 iniquus
3270 2510 3355 2557 aut
3390 2501 3530 2557 haeres
3553 2502 3729 2572 iuiquiest

2333 2593 2470 2650 Vide
2495 2594 2745 2650 homines
2773 2593 2949 2648 maria
2980 2594 3236 2659 transire,
3267 2600 3382 2648 ante
3419 2600 3621 2662 potentum
3645 2604 3730 2645 ctu-

2331 2686 2466 2743 bare
2495 2685 2666 2752 fores,
2691 2686 2805 2758 pati
2833 2685 3041 2753 omnia,
3087 2700 3205 2755 qua:
3250 2698 3497 2741 servorum
3521 2681 3731 2739 conditiora
3792 2682 3793 2685 “

2332 2778 2557 2849 patitur,
2584 2787 2647 2832 ut
2674 2777 2894 2833 divitias
2918 2785 3270 2850 congregent,
3291 2784 3346 2832 ut
3368 2776 3555 2847 aliquam
3581 2774 3731 2842 accipiat

2333 2870 2677 2943 dignitatem,
2703 2878 2760 2927 et
2784 2882 3075 2942 postquam
3105 2872 3207 2927 hoc
3251 2869 3432 2926 fuerint
3461 2865 3663 2929 consecuti,
3676 2872 3732 2916 tn-

2333 2965 2463 3021 dere
2488 2980 2549 3021 se
2592 2963 2822 3020 luxuriae
2848 2972 2905 3020 et
2943 2963 3302 3036 voluptatibus
3335 2971 3385 3019 et
3412 2960 3532 3018 omni
3563 2956 3731 3029 iniquitati.

2334 3066 2397 3113 ut
2443 3057 2588 3129 quod
2636 3057 2865 3113 avaritia
2921 3054 3292 3131 congregavit,
3340 3055 3517 3111 luxuria
3555 3056 3731 3108 consul

2259 3192 2305 3254 Ο
2336 3150 2427 3207 Isti
2474 3165 2603 3221 ergo
2654 3165 2756 3222 pro
2799 3150 3082 3207 laboribus
3123 3150 3237 3207 suis
3276 3140 3732 3254 micion-tunicis:

2339 3246 2668 3311 daemonum,
2699 3252 2755 3300 et
2780 3243 2875 3315 qui
2897 3244 3159 3315 templum
3194 3243 3284 3299 Dei
3314 3257 3421 3299 esse
3443 3238 3644 3299 deliciis“.
3664 3232 3736 3287 ία

2338 3335 2696 3393 tabernacula
2738 3333 3098 3407 [Ethiopumz
3130 3333 3223 3392 sed
3258 3343 3311 3391 et
3332 3336 3439 3399 hoc,
3457 3328 3565 3402 quod
3584 3324 3734 3394 seqlitut.

2337 3427 2700 3484 turbabuntur
2744 3427 2918 3498 pelles
2946 3436 3111 3485 terra:
3156 3427 3376 3491 Madiau,
3418 3421 3584 3480 eosdem
3604 3414 3734 3481 ίιιάθὲε

2338 3517 2681 3574 tabernacula
2706 3515 3025 3589 Ethiopum
3050 3526 3110 3575 et
3138 3513 3591 3573 tabernacula‘terre
3601 3505 3731 3561 lahn-

2338 3611 2550 3667 Madian
2582 3619 2765 3668 autem
2793 3611 2849 3666 in
2876 3611 3061 3683 lingua
3094 3622 3279 3669 nostra
3323 3618 3461 3667 sonat
3482 3623 3534 3663 ex
3552 3596 3732 3676 sum

2337 3711 2440 3766 est,
2471 3703 2526 3758 in
2553 3703 3088 3770 condemnationem,
3126 3712 3183 3759 et
3225 3699 3515 3765 ostenditur,
3549 3690 3734 3765 quod-al

2332 3794 2524 3866 judicii
2549 3802 2985 3865 azternarumque
3011 3808 3295 3867 poenarum
3341 3806 3522 3863 semper
3555 3787 3593 3842 in
3622 3779 3736 3837 [ortia-

2337 3885 2466 3942 dine
2510 3886 2640 3951 sint,
2679 3893 2735 3942 et
2784 3886 3083 3955 cruciatus,
3112 3901 3249 3958 quos
3284 3900 3340 3942 se
3380 3883 3529 3941 sciunt
3554 3872 3737 3948 4W

2337 3990 2539 4049 pavore
2566 3977 2854 4034 sustinere.
2894 3978 3066 4035 Aliter
3090 3988 3267 4037 autem
3308 3969 3591 4035 tabernacula
3622 3960 3737 4023 Μ

2337 4085 2465 4141 pum
2494 4078 2857 4140 expavesceut
2882 4077 2939 4127 et
2967 4069 3311 4128 tabernacula
3336 4078 3476 4125 terra:
3501 4058 3736 4119 [adunca

2337 4171 2547 4235 gentes,
2577 4163 2900 4218 annuntiato
2926 4162 3029 4220 sibi
3060 4179 3161 4236 per
3192 4160 3446 4234 apostolos
3464 4148 3738 4239 Evangelth

2336 4254 2462 4311 dem
2503 4253 2689 4310 auditu
2728 4254 3044 4325 eisdemque
3095 4255 3344 4326 operibus
3383 4250 3480 4322 jam
3502 4242 3739 4302 conatum”

2336 4346 2543 4401 servire
2572 4343 2801 4401 Domino
2828 4344 2886 4400 in
2916 4344 3130 4411 timore,
3154 4350 3209 4400 et
3234 4340 3482 4400 exsultare
3509 4326 3738 4428 εἰὶικῆξαυξ

2337 4451 2461 4491 cum
2492 4443 2748 4492 tremore.
2781 4435 2850 4492 Et
2883 4437 3024 4493 bene
3060 4435 3340 4507 Ethiopes
3377 4431 3524 4505 primo
3550 4426 3740 4507 νωωιφ

654 4499 885 4580 Collium
913 4524 1133 4618 nomine
1163 4499 1301 4618 sicut
1320 4533 1377 4579 et
1398 4524 1659 4581 montium
1683 4525 1900 4597 superbi
1916 4526 2234 4618 exprimun-
2258 4556 2313 4618 Β
2336 4536 2463 4584 sunt
2484 4527 2540 4584 in
2564 4526 2763 4585 finibus
2784 4527 2990 4593 mundi,
3013 4536 3076 4584 ut
3102 4499 3393 4585 insinuaret
3408 4518 3600 4618 mysticf.

653 4624 747 4675 tur
770 4618 1037 4674 homines.
1067 4615 1175 4674 Sed
1198 4616 1429 4674 fortasse
1451 4618 1665 4675 minore
1712 4617 1854 4674 fastu
1881 4617 2131 4673 elationis
2157 4617 2236 4673 in-

651 4706 791 4776 nati,
812 4724 915 4768 nec
938 4717 1120 4766 tamen
1155 4726 1187 4764 a
1213 4718 1368 4766 reatu
1399 4710 1628 4767 tumoris
1662 4708 1843 4771 alieni,
1894 4709 2121 4778 ideoque
2143 4724 2234 4764 sa-

654 4799 886 4860 lubriter
933 4801 1248 4869 inclinandi,
1279 4810 1340 4858 ut
1379 4817 1411 4858 a
1444 4802 1673 4858 Domino
1724 4808 2036 4857 mereantur
2071 4800 2230 4871 erigi,

652 4893 747 4965 qui
777 4892 1113 4950 rectecolles
1134 4893 1417 4950 aeternales
1448 4900 1732 4957 vocantur,
1764 4892 1889 4963 quia
1938 4891 2066 4946 dum
2097 4899 2235 4946 teu-

654 4981 915 5056 poraliter
956 4984 1225 5041 humiliati
1273 5001 1304 5041 a
1340 4985 1607 5056 superbiae
1647 4992 1855 5039 tumore
1883 4982 2144 5049 defluunt,
2177 4982 2232 5037 in

653 5082 916 5131 uernum
961 5074 1249 5148 glorificati
1290 5075 1570 5146 eriguntur
1609 5075 1678 5131 ab
1705 5089 1790 5139 eo,
1837 5074 1930 5145 qui
1960 5073 2078 5129 ait:
2122 5091 2141 5125 ι
2167 5071 2237 5128 Et

653 5168 833 5225 omnis
861 5169 955 5241 qui
980 5184 1041 5225 se
1065 5168 1312 5225 humiliat
1338 5168 1686 5225 exaltabitur.
1709 5189 1729 5222 ι
1763 5167 2023 5240 Sequitur
2050 5168 2105 5223 in
2144 5181 2238 5223 ea-

654 5258 778 5315 dem
800 5258 1077 5315 editione:
1114 5276 1134 5310 r
1191 5256 1390 5312 Itinera
1425 5258 1749 5315 aeternitatis
1796 5258 1914 5329 ejus
1948 5273 2060 5329 prae
2092 5258 2245 5335 labo-_

655 5348 805 5405 ribus
830 5348 960 5404 vidi.
980 5367 1001 5401 υ
1026 5347 1226 5403 Itinera
1252 5355 1381 5403 sunt
1404 5347 1821 5418 temporalitatis
1854 5346 2089 5414 Domini,
2122 5347 2239 5416 qui-

656 5440 759 5495 bus
786 5440 937 5495 venit
965 5439 1022 5495 in
1066 5438 1348 5502 mundum,
1376 5448 1437 5493 ut
1461 5438 1530 5493 ad
1580 5446 1791 5509 tempus
1820 5446 2109 5510 appareret
2134 5438 2235 5495 ho-

661 5531 919 5588 minibus.
946 5530 1148 5588 Itinera
1184 5540 1365 5586 autem
1398 5530 1720 5586 aeternitatis
1746 5528 1882 5599 ejus,
1927 5531 2124 5602 quibus
2154 5546 2242 5586 re-

657 5619 787 5677 licto
810 5621 1165 5693 corporaliter
1194 5624 1394 5678 mundo
1420 5622 1583 5678 rediit
1610 5624 1678 5677 ad
1706 5621 1946 5688 Patrem,
1973 5638 2098 5679 cum
2130 5640 2240 5694 quo

657 5712 989 5767 aeternaliter
1012 5714 1209 5768 mansit
1251 5714 1437 5777 etiam,
1465 5728 1584 5766 cum
1616 5712 1986 5783 temporaliter
2015 5729 2243 5769 conver-

663 5809 883 5862 metu:
900 5802 958 5859 in
984 5805 1217 5863 mundo:
1241 5820 1363 5878 quae
1388 5804 1647 5861 nimirum
1685 5804 1878 5861 itinera
1915 5805 2244 5866 desideravit

2336 4633 2555 4679 omuem
2596 4627 2798 4675 terram
2822 4620 3070 4675 exiturus
3097 4625 3239 4676 esset
3262 4630 3415 4674 sonus
3454 4605 3740 4682 praedican

2338 4718 2397 4767 et
2417 4711 2472 4767 in
2517 4710 2655 4767 fines
2692 4710 2842 4768 orbis
2871 4721 3032 4768 terra:
3072 4710 3237 4768 verba
3277 4720 3465 4766 eorum.
3496 4695 3741 4755 I’areautﬂio

2340 4803 2408 4859 ad
2447 4818 2645 4860 nomen
2676 4803 2881 4860 Christi
2920 4802 3228 4875 Ethiopes,
3260 4810 3315 4858 et
3344 4799 3405 4856 ad
3432 4775 3741 4884 Ιηξερτδξξίδξ

2338 4895 2457 4967 ejus
2483 4902 2809 4967 perventura
2835 4896 3097 4969 signetur.
3113 4870 3375 4951 iPaveant
3394 4898 3444 4946 et
3476 4870 3743 4969 ladianitejli

2339 4966 2749 5046 mediterranea:
2797 4966 3011 5061 quoque
3046 4987 3229 5060 plebes
3270 5000 3362 5058 Ρθτ
3398 4982 3517 5037 hanc

2339 5096 2460 5138 esse
2491 5046 2989 5150 .salvandae..Quod
3043 5046 3222 5137 autem
3260 5046 3359 5134 non
3383 5072 3481 5129 ait:
3514 5046 3743 5150 5W.“

2340 5140 2647 5231 Madianita:
2688 5140 3069 5247 expavescent,
3118 5173 3212 5230 sed
3252 5190 3265 5226 :
3307 5152 3594 5225 tabcl'llicIlla
3622 5140 3743 5247 ⁸ξῖ

2338 5226 3107 5341 gigagsszzigius},
3120 5226 3522 5323 ὀτι-ηδετηεωι.
3556 5226 3743 5341 επις

2340 5335 2490 5427 dian,
2521 5335 2615 5416 illo
2658 5358 2946 5416 locutionis
2970 5335 3168 5430 genere
3196 5355 3341 5420 dicit,
3376 5362 3468 5421 quo
3490 5344 3532 5400 in
3562 5335 3595 5393 Ε

2341 5421 2543 5513 dictum
2573 5463 2687 5510 est:
2721 5473 2740 5505 ε
2795 5453 2863 5509 Et
2903 5421 3038 5509 exiit
3072 5461 3181 5509 tota
3229 5448 3404 5506 civitas
3435 5438 3600 5529 obvii”

2340 5512 2468 5603 dum
2519 5561 2624 5602 non
2669 5546 2783 5618 ipsa
2828 5546 3041 5613 civitas,
3081 5544 3174 5603 sed
3200 5542 3254 5598 hi
3284 5539 3368 5610 qui
3390 5526 3584 5592 erantin
3609 5512 3741 5575 ἀπίω

2339 5638 2569 5694 exirent.

2417 5750 2437 5783 ι
2474 5729 2719 5800 Nunquid
2744 5732 2797 5784 in
2826 5728 3131 5786 ﬂuminibus
3158 5727 3316 5782 iratus
3347 5735 3416 5789 es,

2347 5840 2368 5875 ι
2400 5778 2712 5878 fluminibus
2742 5822 2892 5879 furor
2923 5832 3069 5891 tuus,
3096 5818 3179 5877 vel
3203 5818 3256 5874 in
3278 5811 3401 5874 mari
3430 5778 3738 5873 ὶιιίὶὶὅωίίθω

3632 367 3710 424 tu»
3770 356 3771 367 ‘

3736 0 3771 222 Ὗ

3772 612 3775 739 φ

3780 1298 3781 1389 ψ
