3936 6328
72 359 201 420 1121

756 361 1116 421 COMMENT.
1155 363 1224 421 IN
1258 363 1555 422 CANTICA
1593 363 1760 434 QUAS
1803 361 1896 424 AD
1930 366 2205 426 LAUDES
2243 367 2624 428 DICUNTUR.

3199 371 3340 430 1129

77 501 95 534 ι
127 482 221 554 'qui
249 480 500 538 ascendis
543 492 709 552 super
733 495 904 552 equos
933 490 1076 549 tuos,
1126 491 1180 538 et
1231 483 1507 553 quadriga:
1542 491 1646 537 tuae
1674 491 1722 548 Α
1751 485 2001 540 curribus
2050 487 2184 551 suis,
2239 487 2345 542 hoc
2406 497 2510 554 est,
2555 487 2609 542 in
2658 487 2944 545 animabus
3005 498 3340 556 sanctorum,

75 594 94 626 ι
125 573 362 630 salvatio.
417 573 701 628 Suscitans
747 573 1034 629 suscitabis
1080 590 1267 628 arcum
1299 585 1474 640 tuum,
1502 574 1654 644 jura-

76 686 93 718 ι
121 675 292 722 menta
337 663 604 732 tribubus,
631 681 752 736 qua:
805 667 1021 722 locutus
1066 681 1144 722 es.
1169 686 1187 719 ι
1231 667 1372 722 LXX
1403 686 1416 722 :
1453 685 1471 719 ‹
1506 666 1656 722 Nun-

76 759 204 829 quid
230 759 280 813 in
309 755 622 813 ﬂuminibus
655 757 830 813 iratus
855 773 935 824 es,
979 758 1223 822 Domine,
1254 768 1345 814 aut
1392 760 1445 814 in
1472 757 1652 814 ﬂumi-

70 850 223 904 nibus
243 847 392 903 t'uror
413 856 538 903 tuus
565 847 652 903 vel
677 848 729 902 in
771 849 910 904 mari
942 849 1175 921 impetus
1199 851 1360 906 tuus?
1387 850 1523 918 Quia
1561 865 1652 905 as-

67 943 261 1000 cendes
285 957 448 1013 super
476 956 644 1012 equos
673 950 797 997 tuos
829 950 885 997 ct
935 943 1199 1012 equitatio
1229 951 1322 996 tua
1370 943 1534 1007 salus,
1565 942 1652 997 in-

73 1037 288 1092 tendens
333 1034 596 1090 extendes
625 1049 812 1090 arcum
842 1043 994 1089 tuum
1046 1050 1208 1105 super
1256 1028 1491 1105 sceptra,
1524 1034 1655 1089 dicit

71 1132 337 1188 Dominus.
362 1151 382 1182 ι
414 1128 569 1198 Quod
603 1129 679 1184 ita
721 1129 878 1201 juxta
909 1129 1150 1185 litteram
1180 1129 1406 1199 intelligi
1435 1136 1611 1199 potest
1636 1147 1649 1182 :

70 1224 218 1281 Sicut
239 1222 527 1280 Iordanem
557 1230 614 1279 et
656 1238 807 1278 mare
838 1223 1058 1279 siccasti
1093 1223 1338 1279 Rubrum
1368 1238 1468 1292 pro
1497 1221 1654 1278 nobis

68 1319 348 1384 dimicans,
378 1331 488 1373 non
511 1317 656 1373 enim
681 1316 998 1372 ﬂuminibus
1022 1325 1078 1373 et
1097 1317 1235 1372 mari
1261 1317 1430 1372 iratus
1450 1331 1533 1380 es,
1561 1324 1655 1370 aut

69 1412 358 1484 quidquam
387 1410 722 1466 insensibilia
753 1409 1073 1467 oﬂ‘ensionis
1099 1411 1428 1466 contrahere
1465 1419 1656 1481 potue-

69 1512 231 1558 runt:
259 1503 333 1558 ita
378 1518 524 1558 nunc
551 1503 844 1574 quadrigas
870 1505 1246 1559 conscendens
1273 1512 1411 1567 tuas,
1439 1518 1656 1558 arcum-

66 1614 172 1668 que
191 1598 506 1669 corripiens,
558 1596 790 1653 salutem
820 1596 973 1653 dabis
1018 1597 1216 1668 populo
1247 1606 1358 1663 tuo,
1394 1605 1451 1652 et
1495 1595 1653 1666 jura-

64 1700 266 1758 menta,
301 1707 422 1762 qua:
442 1689 635 1761 iurasti
669 1691 918 1763 patribus
957 1691 1156 1747 nostris
1186 1699 1242 1746 et
1269 1689 1540 1754 tribubus,
1563 1703 1656 1742 ex-

63 1786 234 1856 plebis
279 1787 334 1841 in
364 1787 774 1857 sempiternum.
824 1785 979 1853 Quod
1019 1793 1201 1840 autem
1251 1780 1420 1840 dicit:
1452 1803 1470 1836 (
1507 1781 1655 1837 Nun-

1755 592 1918 646 super
1951 593 2087 647 quas
2113 580 2354 634 ascendit
2381 593 2562 634 sermo
2605 580 2839 646 divinus,
2877 589 2938 636 ut
2979 583 3208 638 suscitet
3252 597 3344 640 ar.

1755 683 1878 723 cum
1929 679 2240 725 sanctarum
2271 672 2672 741 Scripturarum
2711 691 2725 726 :
2780 687 2845 727 ex
2899 673 3095 744 quibus
3142 673 3348 744 spicula

1756 765 2193 820 testimoniorum
2243 767 2550 821 divinorum
2595 766 2939 832 emittuntur,
2976 775 3033 823 et
3077 768 3347 840 compleat

1749 855 2059 925 iuramenta
2087 857 2336 913 tribubus
2362 858 2597 926 Domini,
2619 875 2740 931 quas
2763 848 2976 916 locutus
2995 867 3081 917 est
3101 862 3345 932 patribus

1753 961 1964 1002 eorum.
1995 947 2105 1003 Illis
2133 947 2386 1006 videlicet
2411 951 2680 1018 tribubus,
2724 951 2792 1008 de
2835 951 3031 1022 quibus
3055 951 3347 1008 Psalmista

1755 1039 1821 1094 de
1851 1038 2154 1096 Jerusalem
2200 1043 2428 1113 mystica
2471 1043 2756 1115 disputans
2805 1045 2923 1100 ait:
2961 1064 2980 1097 ι
3018 1044 3149 1101 llluc
3193 1046 3343 1101 enim

1755 1134 2120 1189 ascenderunt
2149 1135 2323 1191 tribus
2347 1135 2562 1191 Domini
2603 1136 2975 1192 testimonium
3004 1137 3058 1193 in
3087 1137 3253 1194 Israel
3280 1137 3350 1194 ad

1755 1223 2118 1280 conﬁtendum
2155 1227 2358 1282 nomini
2391 1228 2562 1298 ipsius
2587 1226 2949 1303 (Psal.cxx1).
2974 1250 2994 1283 ι
3046 1229 3232 1288 Potest
3250 1245 3349 1286 au-

1755 1323 1864 1371 tem
1897 1317 1949 1370 in
1979 1317 2105 1383 hoc,
2129 1320 2273 1389 quod
2291 1317 2452 1388 iuxta
2481 1321 2773 1378 editionem
2811 1323 2958 1379 LXX
2987 1324 3350 1396 interpretum

1755 1411 1994 1483 legitur:
2031 1431 2051 1464 ι
2090 1412 2346 1484 Nunquid
2390 1416 2446 1470 in
2485 1413 2798 1472 ﬂuminibus
2842 1417 2924 1472 ira
2950 1427 3064 1484 tua,
3093 1419 3349 1487 Domine,

1755 1515 1848 1560 aut
1874 1507 1928 1560 in
1955 1504 2268 1563 ﬂuminibus
2313 1507 2469 1564 furor
2506 1517 2652 1576 tuus,
2694 1518 2788 1564 aut
2831 1509 2888 1565 in
2932 1511 3070 1566 mari
3115 1512 3350 1582 impetus

1759 1600 1925 1655 tuus?
1954 1620 1971 1651 ›
2005 1598 2287 1655 ﬂuminum
2309 1593 2374 1656 ἐι
2403 1602 2572 1657 maris
2597 1602 2860 1658 vocabulo
2903 1605 3071 1659 corda
3112 1603 3348 1674 exprimi

1754 1691 2077 1760 inﬁdelium,
2115 1709 2237 1764 qua:
2282 1692 2506 1749 ﬂumina
2561 1703 2709 1750 recte
2741 1704 3024 1763 vocantur,
3072 1697 3199 1766 quia
3235 1705 3350 1754 toto

1754 1783 2071 1840 intentionis
2098 1785 2301 1857 impetu
2331 1787 2400 1842 ad
2439 1785 2700 1843 inferiora
2729 1787 2989 1844 deﬂuunt.
3024 1789 3188 1857 Mare,
3220 1792 3348 1862 quia

62 1880 190 1950 quid
219 1879 271 1934 in
297 1878 609 1936 ﬂuminibus
657 1880 828 1936 iratus
856 1896 936 1946 es,
989 1880 1236 1946 Domine,
1272 1887 1364 1935 aut
1392 1880 1447 1934 in
1473 1877 1650 1934 ﬂumi—
1678 1860 1727 1922 Β
1753 1874 1984 1929 turbidis
2008 1875 2319 1946 amarisque
2335 1876 2758 1947 cogitationibus
2784 1877 2931 1933 intus
2958 1860 3344 1946 obscurantur,

61 1971 219 2026 nibus
249 1968 402 2026 furor
427 1980 573 2037 tuus,
610 1970 698 2026 vel
751 1972 806 2026 in
837 1973 976 2027 mari
1007 1972 1240 2042 impetus
1267 1971 1438 2027 tuus?
1467 1991 1486 2024 ι
1518 1970 1652 2025 dicit

61 2062 308 2132 ambigue
356 2070 412 2116 et
461 2070 572 2118 tam
628 2062 1019 2135 interrogantis
1049 2063 1282 2134 eloquio,
1311 2078 1474 2133 quam
1524 2077 1653 2132 pro-

59 2155 239 2211 bantis
269 2174 281 2210 :
333 2164 460 2212 sunt
489 2157 634 2212 enim
663 2165 717 2212 et
743 2158 886 2213 bona
915 2156 1160 2224 ﬂumina,
1213 2165 1341 2213 sunt
1367 2166 1422 2212 et
1467 2156 1606 2212 mala
1635 2173 1649 2212 :

57 2253 143 2300 est
171 2262 320 2302 mare
345 2247 662 2318 pessimum,
689 2255 744 2304 et
769 2256 853 2304 est
893 2263 1043 2303 mare
1065 2248 1352 2318 Optimum.
1379 2247 1651 2301 Bonorum

55 2337 338 2394 ﬂuminum
369 2339 497 2396 illud
527 2341 834 2412 exemplum
875 2349 994 2396 est:
1034 2359 1053 2392 ι
1101 2340 1370 2396 Fluminis
1420 2339 1656 2411 impetus

55 2431 297 2488 hetiﬁcat
343 2434 618 2490 civitatem
671 2435 884 2490 Domini
937 2434 1112 2506 (Psal.
1147 2435 1312 2508 xnv);
1349 2455 1367 2488 ι
1402 2444 1481 2500 ει,
1509 2434 1654 2506 quod

61 2542 78 2574 ι
116 2523 210 2593 qui
243 2523 308 2577 de
335 2540 476 2594 aqua
507 2526 718 2581 Domini
747 2526 966 2590 biberit,
996 2527 1166 2584 ﬂuent
1201 2528 1268 2582 de
1313 2536 1503 2584 ventre
1536 2525 1655 2596 eius

55 2615 280 2671 ﬂumina
305 2632 458 2688 aqua:
475 2618 722 2675 salientis
745 2620 797 2674 in
818 2620 982 2676 vitam
997 2630 1257 2676 aeternam
1279 2621 1460 2692 (Joan.
1477 2619 1603 2693 vn):
1628 2640 1647 2674 ι

57 2708 330 2763 malorum
375 2709 524 2774 illud,
559 2710 701 2779 quod
743 2709 958 2766 Pharao
1001 2711 1242 2780 loquitur
1273 2711 1324 2765 in
1357 2711 1608 2766 Ezechiel
1637 2729 1650 2764 :

60 2823 77 2854 ι
119 2802 240 2858 Mea
295 2811 419 2858 sunt
471 2802 715 2870 ﬂumina,
761 2813 816 2860 et
864 2820 964 2876 ego
1013 2804 1115 2861 feci
1173 2805 1286 2871 illa,
1315 2825 1332 2856 ι
1375 2808 1428 2860 in
1457 2807 1656 2877 quibus

53 2897 226 2952 draco
251 2895 480 2962 habitat,
503 2905 558 2951 et
585 2897 754 2951 multa
785 2897 870 2952 his
897 2897 1112 2953 similia.
1141 2896 1404 2952 Similiter
1429 2906 1483 2952 et
1504 2913 1655 2952 mare

52 2989 108 3042 in
141 2987 345 3043 bonam
379 2996 589 3059 partem
639 2989 922 3059 accipitur,
955 2998 1014 3043 ut
1059 2997 1142 3043 est
1175 2987 1303 3043 illud
1335 2990 1478 3059 quod
1503 2987 1655 3044 Psal-

51 3079 220 3133 iuista
254 3078 386 3132 dicit
417 3079 482 3134 de
511 3079 752 3134 Ecclesia
780 3097 791 3132 :
829 3100 844 3129 ι
903 3078 1022 3150 Ipse
1068 3094 1231 3148 super
1261 3079 1431 3133 maria
1465 3078 1656 3135 funda-

49 3172 131 3224 vit
173 3185 320 3236 eam,
353 3180 408 3226 et
455 3187 616 3242 super
669 3171 890 3226 ﬂumina
920 3171 1243 3242 praeparavit
1276 3171 1422 3226 illam
1477 3171 1650 3244 (Psal.

1752 1971 1807 2019 et
1855 1980 2019 2036 super
2043 1974 2274 2023 caeteros
2304 1981 2426 2023 sese
2473 1969 2696 2024 tumidis
2742 1968 3022 2038 iactantiae
3044 1971 3348 2043 gurgitibus

1752 2059 2035 2115 extollunt.
2082 2059 2338 2131 Nunquid
2379 2076 2511 2134 ergo
2544 2063 2642 2130 ait,
2682 2070 2790 2118 tam
2818 2065 3060 2136 graviter
3087 2079 3348 2134 peccave—

1754 2160 1883 2206 runt
1900 2151 1980 2218 lii,
2006 2152 2097 2222 qui
2117 2161 2354 2209 mentem
2374 2169 2403 2207 a
2425 2153 2735 2211 coelestibus
2755 2155 3040 2212 desideriis
3061 2156 3114 2212 in
3138 2157 3346 2228 appeti-

1756 2252 1870 2298 tum
1900 2245 2221 2317 demergunt
2270 2246 2628 2312 infirmorum,
2659 2248 2860 2318 quique
2892 2247 3036 2304 fastu
3063 2249 3229 2304 animi
3265 2249 3350 2305 in-

1755 2335 1968 2391 stabilis
1990 2351 2112 2392 sese
2139 2345 2333 2393 contra
2356 2339 2634 2409 proximos
2674 2339 2912 2410 erigunt,
2943 2349 3005 2395 ut
3033 2340 3103 2396 -in
3150 2340 3348 2398 talibus

1755 2429 1856 2494 ira,
1890 2444 2052 2498 quam
2091 2437 2392 2497 merentur,
2421 2446 2696 2501 nunquam
2722 2431 2979 2487 solvenda
3011 2442 3346 2502 perseveret,

1756 2535 1824 2574 an
1847 2519 2103 2576 omnibus
2124 2536 2222 2591 per
2245 2521 2457 2586 orbem,
2483 2522 2597 2578 sive
2616 2521 2813 2589 levius,
2843 2523 2958 2579 sive
2982 2525 3202 2594 gravius
3225 2537 3350 2594 pee-

1756 2612 2007 2668 cantibus
2037 2613 2092 2668 in
2126 2613 2327 2669 mundo
2377 2629 2649 2685 apparens
2704 2614 2936 2686 gratiam
2977 2625 3083 2671 tua:
3128 2615 3348 2685 pietatis

1759 2702 2042 2771 impendis.
2073 2702 2208 2756 Nam
2235 2717 2401 2758 cerno
2427 2702 2645 2772 quidem
2688 2711 2744 2758 te
2794 2702 3071 2773 apostolos
3109 2703 3176 2757 ad
3211 2719 3350 2775 pm-

1759 2794 2044 2850 dicandam
2059 2794 2310 2866 gentibus
2330 2793 2558 2865 gloriam
2583 2801 2730 2848 tuam
2758 2809 2878 2850 esse
2906 2794 3224 2860 missurum,
3254 2795 3351 2851 sed

1758 2886 1851 2957 qui
1879 2897 2007 2941 sunt
2038 2885 2321 2951 credituri,
2355 2894 2459 2941 tute
2485 2893 2588 2952 est,
2636 2902 2744 2941 non
2789 2887 3043 2942 humana:
3076 2886 3355 2958 cogitatio-

1758 2980 1862 3034 nis.
1897 2977 2012 3033 Hoc
2044 2987 2131 3034 est
2160 2977 2306 3033 enim
2327 2978 2472 3047 quod
2497 2977 2780 3047 sequitur:
2813 2997 2832 3029 ε
2861 2976 3127 3045 Quoniam
3163 2993 3356 3034 ascen-

1760 3071 1894 3124 dens
1918 3067 2181 3123 ascendes
2222 3082 2386 3138 super
2423 3082 2592 3137 equos
2637 3067 2778 3133 tuos‘,
2823 3076 2880 3123 et
2921 3069 3197 3139 equitatus
3230 3078 3354 3126 tuus

1760 3160 1988 3226 sanitas,
2013 3179 2031 3210 ι
2058 3160 2112 3215 id
2138 3168 2243 3226 est,
2275 3160 2580 3216 ascendens
2619 3160 2673 3214 in
2705 3160 2870 3215 corde
2905 3160 3203 3216 electorum
3235 3170 3356 3219 tuo-

51 3265 138 3335 ιι).
168 3283 188 3316 ι
223 3264 358 3319 ltcm
400 3264 453 3318 in
485 3264 706 3329 malam,
741 3276 800 3318 ut
825 3272 910 3319 εει
953 3263 1082 3318 illud
1108 3281 1120 3317 :
1162 3283 1179 3315 ι
1218 3262 1331 3318 Ηοε
1359 3278 1511 3318 mare
1539 3279 1656 3318 una.
1681 3248 1727 3312 C
1760 3271 1880 3310 rum
1911 3271 2008 3327 per
2045 3255 2498 3310 illuminationem
2525 3254 2733 3326 gratiae,
2759 3270 2858 3326 per
2875 3270 3039 3324 quam
3059 3264 3114 3310 te
3136 3264 3358 3326 regente

49 3373 222 3428 gnum
253 3365 309 3410 et
358 3357 673 3427 spatiosum,
717 3356 828 3412 illic
884 3356 1118 3426 reptilia,
1154 3371 1383 3425 quorum
1441 3371 1548 3410 non
1576 3363 1660 3410 est

49 3461 322 3500 numerus
353 3445 526 3515 (Psal.
548 3447 687 3516 cm),
707 3466 725 3497 ι
761 3455 816 3502 ει
845 3457 1060 3502 cetera.
1097 3445 1249 3513 Quod
1291 3446 1338 3501 si
1366 3445 1506 3500 bona
1533 3455 1662 3501 sunt

45 3538 282 3593 ﬂumina
311 3546 366 3592 et
388 3539 590 3593 bonum
613 3554 783 3604 mare,
817 3555 980 3609 super
1008 3555 1146 3608 quas
1165 3537 1324 3593 Jesus
1356 3538 1658 3594 Ecclesiam

47 3646 211 3684 suam
246 3629 479 3684 collocat
509 3646 574 3684 ac
625 3640 917 3700 praeparat,
965 3631 1065 3686 etsi
1115 3631 1170 3685 in
1223 3631 1424 3686 malam
1450 3641 1661 3701 partem

47 3721 355 3792 accipitur,
384 3719 515 3775 illud
547 3735 699 3776 mare
720 3729 777 3776 et
797 3719 1040 3785 ﬂumina,
1073 3721 1140 3774 de
1169 3721 1372 3790 quibus
1397 3722 1663 3792 scriptum

45 3823 176 3868 est:
213 3833 232 3864 ‹
273 3811 423 3866 Mare
471 3812 609 3866 vidit
638 3821 692 3866 et
742 3812 897 3884 fugit,
955 3811 1206 3868 Jordanis
1242 3829 1536 3869 conversus
1579 3823 1666 3870 est

46 3915 365 3960 retrorsum
422 3901 595 3973 (Psat.
645 3904 819 3974 exin),
861 3924 878 3955 ι
930 3919 1037 3958 non
1092 3904 1553 3966 inconvenienter.
1609 3913 1666 3961 et

45 4012 232 4067 equos
264 3996 436 4050 bonos’
473 4004 528 4050 et
554 4010 724 4065 equos
767 3995 960 4060 malos,
1009 4011 1109 4051 nec
1135 4013 1242 4051 non
1271 4006 1328 4050 et
1370 4011 1563 4052 currus
1610 4004 1667 4051 et

45 4088 364 4158 quadrigas
385 4088 556 4143 bonas
577 4088 630 4142 in
649 4087 968 4156 quibusdam
997 4086 1153 4152 locis,
1178 4097 1232 4142 et
1263 4087 1316 4142 in
1342 4087 1664 4156 quibusdam

47 4182 236 4237 malas
268 4159 477 4251 positas
500 4180 806 4250 intelligere
854 4196 1165 4250 possumus.
1221 4179 1354 4234 Nam
1387 4195 1583 4234 currus
1611 4187 1666 4233 et

47 4275 366 4348 quadrigas
406 4274 722 4338 Pharaonis,
775 4274 828 4329 in
878 4274 1065 4329 Exodo
1093 4273 1260 4328 maris
1290 4273 1546 4328 ﬂuctibus
1572 4273 1665 4327 de-

47 4383 280 4426 mersos
315 4366 582 4438 legimus;
610 4376 666 4421 et
708 4367 1019 4422 econtrario
1046 4381 1276 4436 sponsus
1306 4365 1372 4418 ad
1408 4379 1665 4434 sponsam

49 4467 104 4519 in
134 4461 370 4517 Cantico
397 4460 733 4514 canticorum
755 4459 886 4515 dicit
913 4477 925 4513 :
963 4478 982 4511 ι
1016 4457 1292 4528 Equitatui
1313 4471 1435 4512 meo
1458 4456 1512 4510 in
1543 4471 1665 4510 cur-

49 4557 215 4613 ribus
247 4552 547 4609 Pharaonis
587 4553 883 4608 assimilavi
928 4561 1003 4616 te,
1031 4553 1278 4623 proxima
1311 4566 1431 4606 mea
1483 4549 1660 4622 (Cant.

50 4649 117 4720 ,),
164 4667 184 4699 ›
222 4661 334 4701 non
383 4661 490 4716 quo
545 4645 795 4700 Christus
836 4643 1136 4700 Eeelesiam
1187 4644 1300 4698 sive
1357 4657 1538 4697 sermo
1567 4615 1743 4695 DeiD

49 4739 326 4800 animam,
361 4752 523 4806 quam
547 4751 801 4806 sponsam
825 4751 978 4791 suam
1001 4741 1180 4800 vocat,
1204 4733 1480 4803 quadrigis
1515 4747 1664 4786 com-

51 4838 221 4905 paret
271 4825 596 4895 PharaOnis,
631 4830 725 4884 sed
775 4844 882 4900 quo
933 4827 1113 4882 omnis
1164 4827 1368 4892 anima,
1417 4825 1667 4894 quamvis

51 4932 259 4978 sancta
290 4920 366 4976 sit
385 4930 550 4990 atque
577 4918 840 4991 perfecta,
869 4920 938 4974 ad
959 4917 1129 4973 Deum
1153 4927 1486 4987 comparata,
1509 4916 1666 4985 quasi

51 5027 263 5070 currus
293 5010 596 5065 Pharaonis
622 5011 714 5076 sit,
746 5019 802 5066 et
825 5010 1156 5081 jumentum.
1191 5007 1344 5064 Unde
1373 5016 1428 5063 et
1455 5007 1669 5079 Moyses

54 5105 314 5176 loquitur
338 5103 408 5160 ad
437 5103 602 5158 Deum
631 5120 643 5157 :
680 5123 698 5155 ‹
736 5103 850 5172 Ego
874 5111 1056 5157 autem
1083 5116 1203 5157 sum
1239 5100 1661 5168 irrationabilis;

54 5205 110 5254 et
143 5194 364 5250 David:
395 5213 413 5246 ι
475 5192 790 5250 Jumentum
843 5194 1019 5250 factus
1047 5209 1166 5249 sum
1213 5193 1354 5264 apud
1385 5201 1438 5248 te
1486 5189 1663 5264 (Psal.

53 5285 267 5357 Lavit),
300 5303 319 5336 ι
373 5299 480 5340 non
524 5301 633 5356 quo
665 5284 912 5340 absolute
957 5283 1261 5354 iumentum
1296 5284 1386 5350 sit,
1437 5284 1531 5339 sed
1556 5299 1666 5354 quo

53 5378 210 5450 apud
243 5378 414 5432 Deum
434 5375 744 5447 iumentum
772 5377 864 5432 sit.
897 5395 915 5428 ι
962 5375 1246 5431 Suscitans
1282 5391 1411 5446 ergo
1440 5375 1668 5430 suscitat

55 5487 265 5528 arcum
297 5486 457 5526 suum
479 5471 758 5536 Dominus,
800 5478 964 5540 atque
992 5468 1228 5524 intendit
1255 5469 1482 5538 sagittas
1507 5482 1668 5537 super

55 5573 312 5636 sceptra,
336 5583 354 5613 ι
388 5563 442 5618 id
469 5572 569 5626 εει,
619 5579 784 5634 regna
815 5562 1032 5628 diaboli,
1083 5577 1202 5633 qua:
1237 5559 1514 5616 contraria
1545 5566 1674 5614 sunt

55 5658 308 5716 Domino
359 5658 412 5713 in
458 5657 690 5713 diversis
719 5657 866 5712 vitiis
890 5666 945 5711 et
981 5655 1244 5728 peccatis,
1271 5655 1376 5710 hoc
1401 5661 1503 5720 est,
1538 5669 1668 5708 ava-

57 5752 219 5818 ritia,
251 5749 492 5815 luxuria,
522 5749 745 5812 invidia,
774 5749 1140 5815 detractione,
1166 5745 1325 5801 furtis
1354 5754 1515 5816 atque
1542 5761 1670 5817 per-

57 5843 252 5915 iuriis,
284 5843 576 5900 adversum
606 5859 726 5915 quae
755 5859 936 5902 sermo
960 5841 1055 5900 Dei
1103 5840 1301 5897 sedens
1341 5838 1396 5894 in
1437 5838 1596 5910 equis
1615 5847 1671 5896 et

1761 3347 1866 3403 iter
1912 3349 2177 3402 virtutum
2216 3346 2499 3412 incedant,
2549 3361 2648 3416 per
2694 3360 2816 3416 quae
2864 3345 3052 3402 orbem
3099 3355 3272 3402 totum
3302 3355 3357 3402 te

1761 3439 2184 3511 evangelizando
2214 3439 2450 3495 ferentes
2490 3447 2768 3510 perpetua:
2812 3439 3005 3495 salutis
3036 3439 3238 3496 mundo
3277 3439 3358 3494 vi-

1765 3541 1877 3587 tam
1911 3533 2229 3603 praedicent.
2275 3531 2440 3601 Cuius
2474 3531 2750 3602 equitatus
2796 3531 2970 3603 ﬁgura
2999 3532 3163 3588 etiam
3202 3531 3360 3602 juxta

1762 3623 1999 3681 litteram
2033 3625 2087 3679 in
2111 3625 2341 3682 Domino
2387 3634 2685 3681 monstrata
2720 3633 2825 3693 est,
2874 3641 3000 3682 cum
3049 3625 3362 3702 Hierosoly-

1764 3731 1911 3770 mam
1956 3715 2185 3772 tendens
2229 3715 2454 3772 sedebat
2501 3716 2660 3773 asino
2697 3717 3114 3774 concinentibus
3159 3718 3360 3789 turbis,

1765 3823 1885 3878 qum
1905 3807 2314 3870 antecedebant,
2331 3817 2387 3862 et
2405 3823 2525 3877 qua:
2545 3808 2926 3877 sequebantur,
2943 3817 3128 3879 etqua:
3143 3809 3359 3866 obviam

1766 3899 2087 3954 veniebant:
2126 3917 2144 3950 ι
2194 3898 2470 3964 llosanna,
2501 3897 2821 3954 benedictus
2861 3899 2952 3968 qui
2983 3900 3135 3955 venit
3182 3901 3236 3956 in
3266 3916 3363 3958 no-

1767 3992 1911 4045 mine
1956 3989 2169 4045 Domini
2199 3988 2412 4060 (Matth.
2455 3991 2590 4060 XXI).
2625 4009 2643 4042 ι
2679 3990 2738 4044 1η
2778 4005 2886 4060 qua
2910 3991 3248 4060 equitatione
3269 4007 3360 4048 sa-

1767 4082 1913 4137 nitas
1942 4081 2258 4146 resonabat,
2286 4081 2414 4149 quia
2443 4081 2702 4136 nimirum
2743 4081 2957 4137 illorum
2987 4083 3090 4140 iter
3117 4084 3362 4154 spiritale

1769 4173 2104 4243 signabatur,
2132 4187 2238 4242 quo
2271 4172 2501 4228 Domino
2535 4172 2672 4230 duce
2705 4188 2803 4243 per
2853 4175 3127 4245 apostolos
3147 4177 3215 4230 ad
3242 4177 3360 4248 ejus

1766 4282 1886 4337 qua:
1913 4281 2127 4320 sursum
2154 4274 2239 4321 est
2267 4263 2590 4332 Jerusalem,
2614 4281 2735 4336 qua:
2782 4275 2866 4322 est
2911 4276 3090 4324 mater
3116 4268 3359 4325 omnium

1767 4369 2016 4416 nostrum
2036 4360 2267 4416 videnda
2289 4375 2456 4432 regna
2473 4359 2773 4416 ducuntur.

1841 4471 1859 4504 ‹
1889 4451 2140 4507 Tendens
2159 4452 2421 4507 extendes
2450 4467 2639 4508 arcum
2661 4461 2812 4508 tuum
2833 4468 2997 4524 super
3016 4462 3256 4524 sceptra,
3281 4453 3364 4511 di-

1773 4562 1791 4595 ‹
1822 4544 1898 4599 cit
1929 4545 2212 4600 Dominus.
2234 4564 2253 4597 ι
2283 4543 2485 4600 Arcum
2509 4545 2642 4600 dicit
2664 4545 3018 4616 improvisum
3041 4545 3208 4601 divini
3239 4561 3363 4602 exa-

1769 4637 1931 4692 minis
1969 4638 2290 4704 adventum,
2335 4653 2444 4708 quo
2492 4638 2660 4693 etiam
2691 4645 2929 4709 sceptra,
2977 4637 3030 4692 id
3061 4647 3166 4703 est,
3197 4653 3363 4710 regna

1767 4732 1956 4786 mundi
2001 4732 2364 4787 examinanda
2428 4745 2548 4786 esse
2597 4730 2865 4800 praevidit.
2920 4729 3205 4786 lnsinnans
3233 4745 3364 4803 ergo

1768 4823 2062 4894 Propheta,
2100 4824 2228 4894 quid
2252 4823 2516 4879 Dominus
2549 4833 2738 4878 noster
2765 4837 2936 4891 equos
2960 4825 3283 4889 ascendens,
3309 4823 3364 4880 id

1767 4927 1868 4983 est,
1913 4917 2188 4987 apostolos
2227 4925 2494 4972 eteorum
2533 4917 3080 5000 successoresgratia
3120 4933 3216 4973 sua
3256 4919 3363 4974 im-

1769 5010 1923 5080 plens
1951 5026 2015 5066 ac
2039 5026 2236 5082 regens
2265 5019 2392 5080 agat
2439 5011 2493 5064 in
2521 5009 2651 5075 illis,
2683 5029 2702 5062 ‹
2733 5009 3041 5076 intendens,
3069 5011 3246 5082 inquit
3273 5027 3369 5069 ει-

1774 5101 1961 5156 tendes
1989 5115 2176 5155 arcum
2221 5109 2371 5154 tuum
2403 5114 2567 5171 super
2595 5108 2830 5171 sceptra,
2861 5119 2881 5153 ι
2909 5101 2964 5156 id
2998 5110 3106 5167 est,
3131 5103 3364 5159 commi-

1771 5213 1908 5252 nans
1956 5213 2057 5268 per
2123 5196 2378 5252 doctores
2431 5194 2851 5252 comminaberis
2897 5195 3161 5268 judicium
3212 5206 3363 5253 tuum

1772 5289 1954 5346 subito
1983 5290 2367 5353 adventuram,
2427 5298 2486 5343 ut
2531 5288 2845 5359 quicunque
2873 5289 2942 5343 ad
2987 5289 3366 5345 comminatio-

1774 5397 1898 5437 nem
1922 5382 2016 5436 irae
2045 5381 2200 5452 quasi
2230 5382 2296 5436 ad
2335 5387 2611 5436 extentum
2641 5395 2828 5436 arcum
2849 5381 3075 5438 territus
3101 5380 3282 5446 fuerit,
3307 5388 3367 5438 ει

1773 5475 1964 5544 pietati
1990 5481 2094 5528 tua:
2121 5473 2424 5544 supplicare
2473 5475 2768 5540 curaverit,
2806 5475 3155 5531 emissionem
3193 5473 3364 5545 sagit-

1773 5573 1974 5630 tarum,
2021 5564 2202 5628 idest,
2253 5564 2733 5621 comminationem
2763 5581 2872 5621 non
2919 5565 3126 5622 sentiat
3170 5579 3366 5637 percn-

1770 5657 1921 5712 nium
1958 5671 2262 5727 poenarum.
2311 5655 2465 5723 Quod
2510 5665 2689 5714 autem
2719 5659 3051 5729 praemittens
3083 5675 3103 5710 ι
3140 5658 3367 5714 tendens

1770 5747 2035 5803 extendes
2073 5763 2262 5803 arcum
2290 5757 2441 5803 tuum
2473 5765 2635 5821 super
2658 5761 2894 5822 sceptra,
2925 5769 2946 5803 ι
2978 5748 3206 5818 addidit,
3229 5770 3249 5803 ι
3282 5750 3366 5807 di-

1769 5839 1846 5897 cit
1881 5839 2163 5908 Dominus,
2198 5859 2217 5896 ι
2249 5841 2418 5898 Deum
2451 5840 2669 5900 Patrem
2700 5841 2990 5914 signiﬁcet.
3013 5841 3081 5898 de
3104 5855 3214 5906 quo
3243 5841 3364 5905 ius.
