3936 6328
1246 341 1310 398 Β.
1331 337 1607 397 'R’A‘BANI
1640 334 1865 395 MAURI
1896 326 2219 391 ARCHIEP.
2253 322 2567 385 MOGUNT.
2606 321 2895 382 OPERUM
2925 318 3106 379 PARS
3137 318 3220 378 111.
3636 333 3718 396 ιιι

643 462 854 525 Filius:
882 478 903 513 ι
938 457 1122 529 Pater,
1170 456 1369 528 inqut,
1415 471 1523 511 non
1556 452 1784 524 judicat,
1831 450 1927 508 sed
1967 447 2227 518 judicium
2252 444 2307 507 Α
2330 447 2653 512 receperunt
2690 439 2873 495 lumen
2909 453 3070 529 suum
3100 445 3155 529 et
3188 436 3441 508 pristiam
3467 441 3722 507 habere“.

643 567 807 615 omne
835 551 985 611 dedit
1004 548 1145 606 Filio
1165 546 1348 619 (Joan.
1370 545 1449 619 v).
1474 566 1494 599 ι

721 663 741 696 ι
777 641 998 701 Fluvios
1059 638 1314 697 scindens
1369 645 1549 694 terrae.
1591 656 1613 689 ι
1667 634 1911 691 Primum
1969 646 2237 704 ponamus

646 735 980 808 exemplum,
1007 743 1068 795 ιιι
1098 734 1206 791 hoc
1230 731 1389 804 quasi
1410 729 1579 803 gradu
1606 728 1679 785 ad
1710 728 1904 785 altiora
1930 726 2234 783 veniamus.

646 827 905 900 Legimus
936 826 993 881 in
1034 824 1122 881 his
1163 823 1257 895 qui
1284 823 1353 877 de
1391 819 1735 877 mirabilibus
1759 817 2111 875 confecerunt
2142 830 2238 872 vo-

649 920 878 986 lumina,
903 928 958 977 et
976 918 1071 989 qui
1090 915 1435 990 Olympiadas
1458 912 1683 969 Graecia:
1704 912 1773 968 ad
1802 920 2045 967 nostram
2066 924 2241 979 usque

648 1012 971 1073 memoriam
992 1009 1384 1081 perduxerunt,
1420 1013 1754 1076 exponentes
1782 1002 1915 1075 quid
1937 1002 1993 1057 in
2013 1000 2238 1074 singulis

648 1102 809 1161 annis
836 1103 963 1161 novi
988 1100 1253 1159 acciderit
1300 1100 1356 1155 in
1398 1097 1619 1163 mundo,
1671 1097 1817 1167 quod
1851 1094 1995 1151 inter
2043 1081 2241 1149 caeiera

651 1202 811 1251 terrae
825 1200 977 1251 motu
1001 1191 1280 1263 eruperint
1308 1188 1554 1255 ﬂumina,
1578 1203 1698 1260 qua:
1722 1194 1847 1243 ante
1867 1201 1975 1243 non
2002 1184 2239 1251 fuerant,

649 1293 707 1349 et
733 1285 838 1341 alia
859 1286 1115 1355 absorpta
1139 1283 1272 1349 sint,
1314 1290 1370 1338 et
1390 1295 1611 1352 pessum
1640 1278 1823 1345 ierint,
1867 1278 2012 1349 quod
2035 1275 2242 1332 scilicet

650 1392 842 1437 omnes
863 1386 1132 1445 terrarum
1153 1388 1325 1441 vente,
1354 1373 1511 1444 quasi
1540 1371 1595 1429 in
1619 1371 1857 1426 humano
1876 1383 2105 1439 corpore
2123 1382 2243 1423 san-

654 1466 898 1541 guinem,
928 1464 1005 1523 ita
1025 1463 1079 1520 in
1104 1477 1164 1521 se
1189 1463 1430 1519 habeant
1456 1461 1688 1517 latentes
1712 1472 1900 1529 aquas,
1933 1471 2053 1528 quae
2086 1464 2241 1512 terra:

651 1575 1011 1621 concussrone
1037 1566 1360 1631 rumpantur
1403 1564 1460 1613 et
1510 1565 1735 1612 manent
1761 1554 2002 1610 ﬂumina.
2059 1552 2173 1609 Hoc
2194 1552 2243 1609 si

653 1653 1038 1723 intelleximus,
1096 1651 1377 1707 videamus
1407 1648 1644 1705 animam
1696 1647 1990 1703 humanam
2039 1642 2245 1699 habere

655 1745 713 1805 in
733 1759 795 1802 se
823 1743 1150 1801 naturaliter
1178 1756 1350 1812 aquas
1394 1748 1450 1796 et
1477 1737 1692 1805 ﬂuvios,
1729 1743 1785 1792 et
1812 1751 1908 1808 per
1936 1735 2241 1792 socordiam

2333 547 2541 604 gorem.
2573 529 2797 601 Sagittae
2826 536 2933 585 tua:
2959 537 3017 584 et
3048 527 3308 600 fulgurans
3340 530 3470 587 basta
3491 542 3575 603 tua,
3604 540 3641 595 id
3662 556 3721 613 α,

2333 621 2506 693 plagae
2554 630 2686 687 tuze,
2726 628 2783 675 et
2809 620 3043 676 eruditio
3082 619 3255 675 lumen
3286 628 3369 677 tuo
3403 625 3724 699 [inputem

2334 722 2480 770 runt.
2543 712 2790 783 Denique
2836 712 2893 767 in
2939 711 3063 768 luce
3108 711 3401 781 sagittarum
3436 722 3598 772 tuarum
3631 732 3667 776 et
3694 724 3725 780 in

2337 804 2624 877 splendore
2646 804 2819 859 hastae
2849 812 2976 871 tute,
3003 818 3126 874 qua:
3155 818 3245 858 eos
3274 802 3336 858 ad
3357 803 3446 860 hoc
3480 809 3725 879 eorrqnit,‘

2337 903 2673 969 emendaret,
2703 900 3003 957 ambulavit
3027 899 3247 972 populus
3270 908 3381 957 tuus
3418 902 3463 957 in
3485 901 3641 961 fremitu
3664 918 3727 963 tu

2339 995 2565 1063 Quando
2588 1010 2721 1067 ergo
2748 994 2933 1066 populi
2962 993 3040 1049 tui
3064 994 3344 1050 vindieahis
3368 995 3584 1065 injuria,
3603 1008 3729 1057 tet-rm

2340 1102 2505 1158 regna
2552 1087 2811 1154 calcabis,
2854 1095 2915 1141 et
2956 1101 3148 1143 omnes
3190 1094 3365 1158 gentes
3397 1087 3595 1145 admirari
3625 1092 3731 1161 iacies,

2341 1178 2470 1249 quia
2496 1193 2756 1251 egressus
2781 1193 2841 1234 es
2878 1177 2935 1232 in
2972 1176 3199 1235 salutem
3224 1177 3390 1249 populi
3417 1180 3478 1233 tui
3501 1182 3732 1239 etvenistial

2341 1284 2436 1327 eos
2461 1285 2584 1326 cum
2612 1269 2829 1326 Christo
2860 1279 2984 1337 tuo;
3014 1267 3171 1326 Iesus
3196 1270 3331 1326 enim
3357 1269 3559 1328 Salvator
3577 1274 3734 1347 intem-

2342 1370 2509 1419 tatur.
2543 1362 2807 1417 Veniente
2853 1373 3038 1418 autem
3064 1360 3191 1418 Iesu
3220 1362 3418 1419 Christo
3455 1364 3559 1420 Filio
3578 1375 3735 1438 tum.

2342 1454 2563 1512 cussisti
2582 1452 2981 1511 Antichristum
3009 1455 3079 1510 de
3100 1455 3255 1511 domo
3278 1455 3428 1527 impii,
3452 1456 3533 1513 hoc
3546 1468 3621 1524 est,
3634 1460 3667 1515 in
3682 1463 3735 1515 hoc

2344 1543 2563 1611 saeculo,
2612 1543 2759 1614 quod
2809 1544 2866 1599 in
2912 1540 3153 1614 maligno
3177 1544 3391 1614 positum
3419 1554 3503 1609 est,
3536 1548 3617 1602 tite
3641 1549 3735 1617 ita

2345 1638 2619 1696 diabolum
2664 1638 3006 1709 percussisti,
3059 1639 3149 1708 qui
3200 1639 3461 1709 impietatis
3495 1651 3737 1712 captata

2345 1735 2633 1792 denudasti
2676 1733 3097 1790 fundamentum
3138 1732 3253 1803 ejus
3296 1748 3445 1803 usque
3482 1734 3733 1797 modum

652 1844 895 1893 nostram
919 1850 1041 1893 esse
1069 1833 1418 1891 absconditos
1442 1843 1501 1887 et
1526 1846 1633 1886 non
1660 1828 1865 1897 ﬂuere;
1906 1843 2031 1884 cum
2061 1835 2242 1883 autem
2268 1817 2320 1879 Β
2346 1836 2431 1886 est
2458 1827 2777 1885 abscondita
2800 1825 2918 1896 ejus
2944 1835 3139 1897 aperta
3167 1824 3331 1882 fecisti
3352 1841 3445 1882 non
3466 1825 3520 1881 ad
3541 1827 3736 1881 limata-

658 1931 728 1991 ad
747 1929 1191 2002 praedicationem
1212 1926 1485 1985 sermonis
1524 1926 1621 1982 Dei
1646 1940 1909 1983 concussa
1956 1922 2146 1988 fuerit,
2190 1931 2247 1978 et

656 2020 726 2083 de
748 2021 920 2093 priori
948 2027 1095 2077 statu
1125 2026 1293 2086 mota,
1334 2026 1466 2075 tunc
1513 2031 1819 2087 erumpere,
1852 2015 1997 2087 quod
2042 2014 2248 2071 latebat

655 2121 712 2173 et
732 2112 788 2168 in
812 2109 1112 2169 refectione
1148 2110 1456 2182 potantium
1478 2107 1665 2165 ﬂuere.
1697 2108 1852 2176 Quod
1886 2116 2069 2164 autem
2088 2106 2248 2178 juxta

656 2202 825 2259 aliam
875 2202 1166 2261 editionem
1222 2201 1419 2274 legitur
1462 2218 1476 2256 :
1521 2218 1541 2253 ι
1583 2198 1925 2256 Fluminibus
1972 2198 2249 2255 scindetur

657 2306 828 2355 terra.
850 2314 871 2349 ι
899 2293 1150 2351 Flumina
1178 2294 1284 2351 hoc
1321 2293 1442 2350 loco
1471 2309 1582 2349 non
1611 2292 1823 2357 eadem,
1852 2290 2053 2361 quibus
2084 2304 2250 2359 supra

659 2385 800 2441 iram
828 2382 1065 2452 Domini,
1112 2383 1464 2454 furoremque
1512 2381 1759 2447 timebat,
1807 2381 1903 2436 sed
1931 2378 2023 2435 illa
2067 2381 2248 2451 potius

660 2477 817 2545 dicit,
848 2478 1135 2548 dequibus
1158 2478 1274 2547 ipse
1302 2477 1361 2531 in
1397 2473 1729 2545 Evangelio:
1765 2492 1784 2527 ‹
1821 2473 1925 2541 Qui
1949 2473 2142 2549 credit,
2170 2473 2251 2529 in-

665 2567 809 2641 quit,
834 2567 890 2635 in
918 2580 1029 2635 me,
1061 2567 1203 2627 sicut
1230 2566 1363 2623 dicit
1385 2564 1693 2638 Scriptura,
1716 2563 1941 2621 ﬂumina
1964 2564 2032 2621 de
2059 2572 2252 2621 ventre

665 2657 786 2730 ejus
809 2656 981 2715 ﬂuent
1011 2672 1167 2729 aquae
1201 2658 1357 2715 vivae.
1392 2676 1413 2711 ι
1450 2657 1521 2713 Et
1562 2671 1839 2728 exponens
1873 2656 2205 2728 evangelista
2233 2674 2247 2711 :

665 2770 687 2805 ι
720 2750 836 2808 Hoc
856 2759 1039 2809 autem
1063 2751 1220 2818 dixit,
1245 2750 1442 2821 inquit,
1466 2751 1533 2807 de
1556 2750 1772 2821 spiritu,
1794 2764 1956 2820 quem
1977 2749 2255 2820 accepturi

659 2849 819 2903 erant
843 2841 1131 2901 credentes
1154 2841 1211 2897 in
1237 2856 1360 2899 eum
1390 2839 1575 2914 (Joan.
1600 2840 1721 2914 vn).
1743 2860 1762 2894 ι
1807 2840 1903 2897 liis
1929 2856 2061 2912 ergo
2080 2839 2257 2897 ﬂumi-

660 2932 823 2989 nibus
849 2931 1133 2991 scindetur
1156 2939 1320 2989 terra.
1347 2930 1484 2987 Cum
1526 2930 1830 2986 carnalium
1870 2929 2052 2986 verbis
2090 2929 2254 2985 corda

664 3024 930 3083 doctrinae
950 3023 1211 3080 salutaris
1247 3023 1475 3095 irrigata
1504 3022 1763 3079 duritiam
1788 3038 1903 3078 sua:
1922 3021 2257 3078 infidelitatis

661 3132 781 3179 sese
814 3117 1152 3175 humiliando
1192 3123 1490 3173 conterunt
1527 3116 1817 3185 sinumque
1862 3115 2089 3171 interna:
2107 3114 2256 3186 cogi-

2345 1936 2468 1992 pus,
2500 1918 2597 1977 sed
2635 1918 2691 1974 in
2716 1928 3066 1990 perpetuum,
3101 1918 3203 1974 hoc
3224 1918 3358 1974 enim
3380 1917 3594 1989 signiﬁcat
3613 1917 3735 1981 Saleii

2344 2020 2449 2080 est,
2490 2029 2724 2087 semper.
2758 2012 2913 2082 Quod
2948 2027 3087 2069 vero
3130 2010 3279 2068 iuxta
3320 2010 3460 2071 aliam
3487 2009 3737 2067 ediﬁmia-

2346 2105 2492 2177 g’itur
2521 2124 2536 2161 ι

2424 2214 2445 2249 ι
2482 2195 2749 2254 Videbunt
2806 2204 2860 2252 te
2902 2203 2959 2251 et
3008 2193 3265 2252 dolebunt
3314 2190 3486 2265 populi.
3515 2209 3532 2243 ι
3578 2188 3669 2246 Talis
3697 2198 3737 2244 est

2349 2304 2565 2356 sensus,
2597 2289 2766 2346 scissa
2792 2289 2995 2361 quippe
3022 2287 3354 2359 peccantium
3396 2284 3530 2342 corda
3548 2283 3598 2338 ad
3614 2284 3739 2353 apio}

2349 2398 2473 2440 nem
2518 2382 3038 2454 confessionemque
3090 2380 3331 2437 veritatis
3366 2380 3523 2436 crebra
3557 2376 3739 2433 tum

2348 2474 2662 2532 docentium
2707 2475 2864 2546 quasi
2909 2475 3205 2532 abluvione
3257 2472 3563 2545 frequentium
3590 2470 3739 2540 gurgit-

2348 2568 2537 2624 vident
2562 2566 2853 2624 Dominum
2883 2568 3106 2625 interim
3134 2584 3231 2639 per
3257 2568 3401 2623 fidem
3425 2575 3473 2621 et
3493 2564 3741 2621 dolatum

2351 2660 2445 2718 diu
2473 2662 2544 2717 ab
2569 2660 2662 2718 illo
2704 2664 2999 2720 recessisse
3024 2679 3123 2736 per
3146 2663 3381 2733 culpam;
3411 2661 3490 2717 sed
3523 2659 3628 2714 ﬁnito
3646 2656 3743 2712 dolat

2351 2750 2709 2824 poenitentiae,
2758 2751 2946 2809 vident
2973 2768 3102 2809 eum
3142 2752 3345 2824 plenius
3372 2750 3419 2805 in
3452 2748 3745 2819 futurorum-

2354 2841 2514 2907 ciem,
2565 2858 2630 2898 ac
2659 2844 2726 2900 de
2748 2843 2867 2915 ejus
2894 2844 3055 2900 beata
3084 2845 3138 2899 in
3164 2851 3456 2914 perpetuum
3478 2840 3626 2897 visione
3648 2838 3744 2894 Isla-

2355 2939 2466 2988 tur.
2501 2932 2793 3004 Sequitur:

2431 3043 2451 3076 ι
2497 3025 2806 3096 Aspergens
2849 3040 3025 3096 aquas
3056 3025 3112 3082 in
3139 3026 3411 3084 itineribus
3430 3025 3538 3089 suis,
3558 3018 3747 3087 dedit”?

2363 3135 2382 3169 ς
2426 3131 2520 3172 sus
2555 3131 2743 3172 vocem
2777 3132 2932 3174 suam
2966 3118 3038 3174 ab
3065 3118 3347 3175 altitudine
3391 3115 3617 3188 phantasia
3645 3124 3743 3165 sua!

662 3207 908 3275 tationis,
932 3206 1027 3279 qui
1052 3206 1192 3263 male
1217 3205 1437 3262 clausus
1454 3204 1657 3272 fuerat,
1685 3206 1755 3260 ad
1775 3205 2091 3276 accipienda
2112 3205 2253 3261 salu-
2276 3191 2323 3257 C
2352 3206 2520 3262 Iidem
2546 3207 2797 3265 doctores
2824 3210 3006 3280 abyssi
3032 3210 3256 3267 nomine
3276 3210 3362 3279 qui
3384 3218 3433 3264 et
3454 3205 3649 3262 ﬂuminum
3664 3211 3747 3265 squ

664 3297 834 3355 tiferze
876 3297 1265 3368 increpationis
1302 3296 1419 3352 sive
1465 3295 1863 3352 exhortationis
1906 3295 2074 3363 dicta,
2102 3304 2255 3366 pate-

662 3390 891 3455 faciunt.

743 3500 763 3534 ι
801 3481 1067 3539 Viderunt
1091 3487 1167 3548 te,
1195 3480 1359 3549 Deus,
1390 3489 1449 3537 et
1476 3479 1765 3537 doluerunt
1794 3489 2027 3549 montes,
2059 3496 2255 3553 gurges

671 3593 691 3627 ι
734 3588 998 3655 aquarum
1041 3574 1280 3645 transiit,
1311 3573 1463 3630 dedit
1499 3574 1731 3646 abyssus
1753 3589 1945 3632 vocem
1976 3590 2150 3641 suam,
2176 3577 2256 3631 al-

670 3687 691 3749 μ
735 3665 907 3725 titudo
936 3680 1133 3727 manus
1176 3680 1307 3724 suas
1352 3665 1577 3732 levavit,
1610 3665 1691 3722 sol
1725 3673 1787 3723 et
1823 3665 1952 3721 luna
1987 3675 2257 3722 steterunt

672 3776 693 3812 ι
736 3758 793 3815 in
839 3758 1154 3815 habitacula
1202 3772 1334 3825 suo,
1394 3757 1450 3813 in
1496 3756 1617 3815 luce
1661 3757 1985 3830 sagittarum
2013 3765 2254 3823 tuarum,

672 3868 691 3904 ι
734 3849 890 3905 ibunt
925 3848 982 3905 in
1011 3849 1304 3921 splendore
1334 3848 1661 3922 fulgurantis
1684 3850 1858 3907 hastae
1896 3859 2024 3917 tuae,
2056 3850 2112 3905 in
2140 3848 2254 3905 fre-

672 3961 690 3995 ι
736 3941 872 3999 mitu
898 3941 1248 4001 conculcahis
1275 3949 1503 4008 terram,
1546 3942 1602 3997 in
1640 3939 1827 3998 furore
1854 3940 2257 4013 obstupefacies

673 4052 693 4087 ι
734 4040 947 4111 gentes,
988 4048 1244 4107 egressus
1295 4034 1352 4090 in
1392 4031 1627 4089 salutem
1662 4031 1845 4104 populi
1882 4034 1985 4100 tui,
2028 4034 2084 4089 in
2113 4034 2258 4090 salu-

675 4145 695 4179 ι
740 4134 850 4183 tem
877 4142 1002 4183 cum
1029 4126 1248 4184 Christo
1295 4135 1406 4193 tuo,
1436 4126 1758 4198 percussisti
1799 4136 1964 4197 caput
1998 4128 2065 4185 de
2095 4128 2257 4186 domo

674 4236 694 4271 ι
739 4217 910 4290 impii,
951 4218 1237 4277 denudasti
1280 4217 1694 4276 fundamentum
1739 4233 1915 4291 usque
1950 4219 2020 4275 ad
2059 4218 2256 4276 collum

678 4330 697 4363 ι
742 4324 972 4382 semper.
1016 4331 1036 4365 ι
1089 4309 1272 4367 Solam
1328 4320 1569 4369 nostram
1613 4309 1908 4368 editionem
1955 4312 2255 4381 posuimus,

670 4410 732 4459 ut
743 4401 899 4471 juxta
930 4418 1074 4471 eam,
1106 4401 1163 4459 id
1190 4410 1296 4471 est,
1317 4403 1478 4476 juxta
1502 4402 1831 4461 Hebraieam
1859 4411 2106 4460 texentes
2134 4419 2260 4460 con-

672 4493 1010 4566 sequentiam
1071 4494 1200 4562 loci,
1233 4504 1419 4567 postea
1453 4495 1596 4551 LXX
1630 4495 1955 4553 commatiee
1990 4511 2088 4567 per
2115 4498 2261 4569 capi-

2353 3299 2673 3369 ﬁgurantur.
2721 3298 2830 3354 Sed
2860 3299 3087 3356 flumina
3120 3310 3245 3357 sunt
3288 3310 3485 3371 propter
3506 3297 3585 3350 vim

2354 3391 2694 3458 invectionis,
2726 3409 2833 3464 qua
2875 3392 3136 3449 duritiam
3173 3402 3391 3449 terrente
3416 3388 3569 3446 mentis
3586 3385 3631 3439 ad
3656 3393 3744 3450 ager

2353 3482 2479 3539 dam
2526 3496 2626 3553 pro
2674 3483 2951 3539 erratibus
2993 3484 3114 3540 suis
3161 3481 3505 3554 paenitentiam
3553 3472 3745 3531 luscinii!L

2353 3575 2603 3647 Abyssus
2632 3591 2764 3633 vero
2796 3583 2944 3632 recte
2974 3585 3246 3632 vocantur
3271 3576 3338 3631 ab
3365 3569 3589 3629 altitudine
3606 3562 3749 3621 me.

2355 3680 2463 3737 qua
2504 3666 2605 3737 ipsi
2645 3666 2792 3722 intus
2828 3666 3146 3738 implentur,
3179 3666 3448 3723 Salomone
3485 3664 3749 3718 antestium“

2356 3758 2459 3814 ait:
2486 3776 2505 3810 ι
2525 3758 2679 3828 Aqua
2705 3756 2979 3829 profunda
2999 3760 3168 3816 verba
3190 3775 3255 3816 ex
3276 3772 3366 3814 one
3386 3754 3476 3811 viri
3495 3749 3624 3825 (Prae.
3638 3746 3747 3803 milii

2354 3848 2666 3921 Aspergens
2715 3866 2849 3922 ergo
2895 3866 3070 3921 aquas
3118 3852 3176 3907 in
3230 3848 3505 3912 itineribus,
3542 3843 3608 3899 dat
3632 3840 3753 3905 ιυῑπ

2357 3957 2547 3998 vocem
2576 3958 2752 4010 suam,
2779 3958 2904 3999 eum
2932 3945 3314 4015 praedicatores
3356 3938 3506 3998 sancti
3528 3927 3745 4007 profui"

2358 4033 2536 4089 ritatis
2576 4034 2807 4090 scientia
2853 4035 3000 4091 intus
3046 4035 3102 4091 in
3146 4035 3306 4092 corde
3348 4031 3511 4104 repleti
3544 4016 3753 4101 mihi“?

2357 4125 2510 4183 verbi
2561 4125 2697 4183 foris
2742 4127 3090 4185 audientibus
3143 4127 3410 4195 exhibent,
3450 4116 3754 4194 paulatide

2357 4226 2542 4292 partes
2584 4235 2685 4291 pro
2714 4220 3022 4291 capacitate
3070 4219 3401 4277 infirmorum
3428 4210 3755 4292 profert-ttchll

2359 4289 2463 4385 ipsi
2485 4289 2632 4369 intus
2654 4289 2823 4368 multa
2845 4311 3003 4367 simul
3031 4320 3087 4367 et
3110 4310 3288 4382 ampla
3307 4308 3519 4380 capiunt,
3536 4302 3574 4357 in
3595 4289 3756 4385 itineri!

2359 4383 2562 4469 autem,
2595 4404 2649 4461 in
2677 4402 2933 4474 operibus
2955 4403 3089 4461 dicit
3115 4403 3201 4461 vel
3226 4402 3447 4473 ipsorum
3473 4383 3757 4451 videlicet”

2362 4512 2501 4562 rum,
2533 4495 2617 4550 vel
2646 4495 2956 4553 auditorum
2994 4510 3236 4551 suorum.
3268 4481 3651 4564 Asperguntenin

673 4556 781 4645 tula
831 4556 1196 4647 disseramus,
1231 4556 1501 4647 Viderunt
1531 4598 1604 4657 te,
1655 4591 1824 4657 Deus,
1872 4598 1929 4647 et
1966 4556 2260 4648 doluerunt
2281 4556 2336 4618 Β
2360 4588 2417 4645 in
2448 4556 2735 4644 itineribus
2766 4587 2902 4653 suis,
2928 4602 3053 4642 cum
3086 4556 3385 4656 ubicunque
3409 4556 3756 4637 inceduntetetﬂ

672 4690 910 4749 montes,
955 4681 1174 4739 excelsa
1217 4681 1430 4739 scilicet
1482 4698 1650 4754 regna
1694 4693 1752 4738 et
1794 4681 2054 4738 sublimes
2097 4682 2258 4753 hujus

674 4772 857 4828 saeculi
885 4779 1204 4844 potestates,
1235 4782 1291 4829 et
1311 4774 1590 4847 quadriga:
1614 4783 1852 4845 quatuor
1888 4773 1943 4828 in
1971 4773 2255 4840 Zacharia,

675 4880 797 4935 quae
825 4866 1177 4937 egrediuntur
1218 4865 1287 4923 de
1315 4867 1590 4924 montibus
1618 4867 1814 4925 aereis.
1858 4863 1984 4923 llaec
2018 4874 2073 4921 te
2105 4865 2262 4921 vide-

675 4965 807 5013 runt
828 4964 886 5012 et
911 4956 1336 5027 intremu‘erunt,
1376 4968 1434 5017 et
1468 4975 1666 5034 gurges
1700 4975 1970 5033 aquarum
2021 4959 2256 5027 transiit,

677 5047 783 5106 hoc
812 5057 918 5117 est,
957 5052 1137 5109 omnis
1181 5067 1375 5109 eorum
1418 5052 1654 5124 impetus
1694 5062 1750 5108 et
1794 5049 2123 5124 persecutio,
2154 5066 2261 5121 qua

676 5142 949 5205 vexabant
993 5145 1253 5219 populum
1302 5153 1493 5213 tuum,
1543 5154 1833 5219 postquam
1880 5154 1935 5201 te
1983 5143 2263 5211 viderunt,

679 5236 900 5295 transiit
942 5244 1074 5293 tunc
1123 5237 1373 5309 abyssus,
1402 5236 1509 5293 hoc
1554 5246 1657 5303 est,
1695 5235 1856 5292 inferi
1902 5236 2267 5294 laudaverunt

681 5340 752 5396 te,
780 5339 911 5387 tunc
942 5330 1107 5387 etiam
1135 5329 1340 5399 superi,
1373 5328 1428 5383 id
1452 5340 1556 5397 est,
1588 5329 1765 5401 angeli
1791 5328 1845 5385 in
1876 5329 2126 5401 plausum
2152 5329 2267 5385 suis

678 5421 933 5477 manibus
984 5426 1386 5491 concreparunt
1453 5429 1510 5475 et
1559 5419 1821 5475 victorem
1879 5420 2050 5485 veluti
2110 5429 2266 5490 gestu

645 5499 920 5585 ‘quodam
966 5520 1023 5571 et
1070 5512 1308 5583 tripudio
1355 5512 1687 5569 elevatarum
1732 5528 1996 5569 manuum
2035 5514 2267 5573 demon-

680 5614 949 5665 stmrunt.
983 5604 1077 5661 Sol
1126 5614 1249 5660 tuus
1276 5612 1331 5660 et
1363 5604 1491 5660 luna
1521 5613 1578 5660 et
1617 5605 1796 5660 omnis
1840 5605 2121 5676 splendor,
2159 5621 2269 5677 quo

681 5700 835 5769 prius
874 5697 1128 5754 illuxeras
1164 5696 1362 5768 populo
1408 5706 1500 5752 tuo
1526 5704 1581 5751 et
1610 5697 1874 5753 malorum
1904 5708 2091 5770 postea
2132 5715 2269 5771 pon-

687 5787 817 5869 dpre
846 5788 1096 5861 universa
1122 5787 1341 5861 fuerant
1358 5789 1707 5847 tenebrarum
1731 5791 1961 5849 horrore
1980 5800 2265 5865 cooperta,

2359 4686 2511 4736 recte
2530 4678 2743 4734 vivendi
2771 4693 2896 4733 cum
2924 4691 3057 4732 voce
3077 4673 3457 4748 praedicationis
3474 4678 3632 4736 senti”

2363 4772 2509 4831 tibus
2533 4771 2843 4830 ostendunt.
2866 4770 3175 4843 Aspergunt
3195 4783 3360 4841 aquas
3378 4774 3427 4823 et
3448 4765 3495 4820 in
3518 4752 3758 4843 itineribus)"

2364 4865 2654 4932 tuentium,
2668 4880 2793 4922 cum
2810 4864 2894 4921 eis
3180 4835 3376 4935 pariter
3393 4868 3444 4916 et
3462 4835 3759 4935 vivendum?"

2366 4931 2648 5018 actionum,
2670 4959 2772 5016 viis
2801 4960 3012 5031 ingredi
3054 4931 3284 5016 debeant
3321 4948 3666 5027 praemonstrat
3684 4931 3759 4985 ⁸⁸⁸

2367 5064 2568 5123 autem,
2585 5068 2709 5111 eum
2721 5053 2969 5121 dixisset,
2985 5053 3130 5125 quod
3149 5052 3301 5109 daret
3317 5050 3515 5121 abyssus

2368 5112 2573 5203 addidit
2594 5146 2664 5202 ab
2684 5112 2969 5202 altitudine
2990 5112 3285 5217 phantasia
3307 5112 3560 5207 antemnis,

2368 5239 2619 5296 mirabile
2667 5238 2843 5294 sancti
2870 5214 3252 5309 praedicatores
3298 5234 3435 5291 foras
3452 5214 3757 5311 ρτοιιιιιιωίξξ

2368 5349 2434 5391 eo
2458 5333 2714 5389 nimirum
2750 5289 2900 5389 fonte
2935 5332 3213 5405 sapientiae
3238 5326 3477 5401 procedib
3503 5331 3585 5390 ⁶1¹¹⁰

2370 5388 2677 5484 mirabilius
2748 5388 3129 5497 contemplatis
3181 5388 3471 5481 οοὲιεειίιιυέ
3518 5388 3673 5482 armis
3702 5388 3763 5497 ξ

2371 5525 2638 5575 strantur.
2668 5515 2751 5572 An
2780 5531 2887 5573 non
2934 5484 3161 5589 abyssus
3184 5525 3368 5586 magna
3390 5504 3513 5564 dedit
3532 5484 3761 5589 twn”:

2371 5570 3119 5680 ;‘.;“;...;g...u.;e‘namss
3166 5570 3300 5672 suae:
3333 5617 3441 5660 cum
3471 5596 3623 5681 dicere}
3654 5570 3762 5681 Et“

2371 5664 2647 5771 apostolus
2672 5719 2685 5754 :
2721 5664 2843 5757 to;
2862 5664 3130 5758 rrnostrum
3176 5664 3319 5770 patet
3346 5695 3406 5750 ad
3432 5704 3527 5751 γοῦν
3550 5664 3758 5772 οωξθξθῗ]

2371 5764 2468 5851 cor
2522 5801 2766 5850 nostrum
2816 5792 3097 5849 dilatatam
3148 5764 3252 5860 est,
3299 5804 3395 5845 non
3437 5764 3761 5853 argutiarum!“
