3936 6328
126 355 299 419 1125.

826 348 1183 411 COMMENT.
1224 349 1293 406 ΙΝ
1331 347 1629 407 CANTICA
1667 345 1834 416 ρυλε
1868 347 1964 404 AD
1997 347 2274 405 LAUDES
2305 346 2683 407 DICUNTUB.

3251 351 3390 410 H36

124 478 303 544 nobis,
357 469 743 545 angustiamini
792 477 971 525 autem
1036 468 1091 524 in
1142 467 1442 525 visceribus
1492 465 1707 530 vestris,
1736 468 1789 528 Α
1812 463 2019 519 bitione
2044 462 2288 545 coerciti.
2320 461 2389 517 Et
2416 461 2681 533 corripuit
2706 476 2809 533 pro
2836 463 2918 531 eis
2946 478 3144 537 reges:
3174 484 3194 520 ι
3218 464 3399 525 Nolite

123 577 382 638 tanquam
432 564 557 620 ﬁliis
586 563 728 630 dico,
761 561 1065 617 dilatamini
1104 568 1161 617 et
1182 575 1299 616 vos.
1350 560 1503 617 Unde
1528 568 1711 615 autem

124 662 213 717 vel
264 676 374 732 quo
428 656 621 714 ordine
666 655 1000 726 provenerit,
1063 661 1125 707 ut
1173 651 1504 709 salutaribus
1558 650 1712 721 aquis

122 755 362 812 mundus
400 756 807 822 aspergeretur,
834 756 1001 818 utque
1029 747 1260 818 abyssus
1288 745 1569 816 sapientiae
1600 760 1713 802 cce-

120 847 281 903 lestis
314 844 478 901 terris
526 841 847 906 intonuerit,
899 848 1189 910 sequenter
1238 839 1541 895 ostenditur
1587 834 1739 896 cum"

123 939 327 996 dicitur
342 955 357 993 :

202 1050 223 1081 ι
278 1031 531 1087 Elevatus
558 1038 643 1085 est
672 1027 753 1084 sol
786 1033 842 1081 et
877 1026 1002 1083 luna
1044 1028 1195 1081 stetit
1227 1026 1281 1080 in
1309 1024 1502 1081 ordine
1528 1040 1645 1081 suo.
1686 1045 1706 1079 ι

123 1122 385 1181 Elevatus
429 1127 515 1176 est
557 1118 705 1174 enim
744 1116 1027 1182 Dominus,
1066 1116 1147 1172 sol
1176 1116 1426 1173 videlicet
1461 1114 1711 1184 iustitiae.

123 1216 251 1279 post
277 1206 584 1277 passionem
630 1218 696 1260 ac
726 1202 1183 1286 resurrectionem
1223 1218 1381 1258 suam
1408 1203 1464 1258 in
1493 1202 1712 1271 coelum,

121 1307 185 1354 et
237 1297 403 1357 misso
454 1314 509 1365 a,
534 1295 694 1352 Patre
726 1293 933 1365 Spiritu
979 1295 1269 1353 illustravit
1300 1294 1619 1361 Ecclesiam,
1650 1311 1716 1353 ac

125 1397 303 1459 totum
334 1387 577 1445 dilatavit
608 1387 665 1443 in
711 1385 919 1451 orbem,
952 1394 1011 1441 ut
1045 1382 1159 1458 ipsa
1212 1387 1267 1442 in
1288 1387 1626 1451 ordine'suo,
1657 1386 1715 1442 id

120 1490 227 1545 eat,
257 1488 381 1550 post
406 1479 685 1550 impletum
712 1478 1008 1534 Dominicae
1036 1478 1428 1534 incarnationis
1453 1493 1715 1535 arcanum

121 1588 156 1627 a
184 1572 345 1644 longo
374 1571 616 1643 perfidia:
648 1570 912 1641 languore
957 1584 1254 1641 exsurgens
1298 1576 1467 1627 staret
1498 1569 1555 1623 in
1583 1568 1710 1635 ﬁde,

120 1664 358 1720 viriliter
386 1671 592 1736 ageret,
628 1670 683 1717 et
714 1660 1114 1717 confortaretur
1144 1662 1199 1715 in
1228 1660 1495 1716 ebaritate
1520 1659 1709 1730 ipsius.

118 1754 193 1813 Et
218 1754 343 1825 quia
380 1752 480 1809 soli
513 1751 810 1819 Christum,
838 1750 1141 1809 Ecclesiam
1176 1749 1320 1809 lunae
1354 1764 1713 1820 comparave-

1821 562 2042 625 tangerc
2087 538 2324 609 cbristos
2370 567 2521 608 meos
2545 550 2718 625 (Psal.
2744 552 2876 629 CIV).
2912 574 2934 609 ι
2979 554 3171 615 Salvos
3213 567 3397 618 autem

1818 645 1950 702 fecit
1975 646 2214 702 cbristos
2259 660 2409 711 suos,
2440 660 2549 702 non
2576 661 2715 717 quos
2767 647 3002 704 cbristos
3048 648 3274 718 invenit,
3301 653 3399 710 sed

1819 753 1956 808 quos
1983 737 2312 808 egrediendo
2347 751 2380 791 a
2408 736 2572 793 Patre
2594 745 2651 793 et
2688 737 2743 793 in
2774 753 2944 799 carne
2967 742 3278 810 apparendo
3302 757 3401 814 per

1818 828 2122 900 adoptionis
2155 827 2421 900 Spiritum
2447 829 2701 896 cbristos,
2732 829 2791 886 id
2821 838 2926 898 est,
2951 839 3148 889 unctos
3171 846 3300 896 suos
3323 832 3404 890 fe-

1819 921 1912 977 cit.
1943 922 2021 977 De
2031 936 2138 991 qua
2163 921 2418 977 unctione
2444 935 2671 978 monens
2698 937 2828 979 suos
2860 923 3138 980 auditores
3159 921 3400 981 Joannes

1818 1011 2096 1084 apostolus
2121 1011 2293 1069 dicit:
2331 1030 2351 1062 ι
2386 1011 2455 1067 Et
2488 1026 2586 1068 vos
2613 1013 2948 1081 unctionem,
2986 1028 3153 1085 quam
3186 1015 3402 1087 accepi-

1820 1106 1921 1162 stis
1948 1105 2019 1160 ab
2053 1120 2140 1172 eo,
2176 1113 2394 1161 maneat
2428 1104 2486 1160 in
2515 1105 2668 1163 vobis
2692 1104 2746 1177 (1
2768 1104 2935 1165 Joan.
2967 1106 3053 1179 ιι).
3089 1127 3110 1169 ρ

1896 1214 1916 1248 ‹
1962 1195 2156 1252 Misisti
2190 1195 2247 1251 in
2277 1196 2455 1267 capita
2484 1194 2828 1265 inimicorum
2870 1204 3124 1265 mortem,
3150 1196 3401 1257 excitaui

1826 1304 1846 1337 ι
1889 1285 2103 1341 vincula
2132 1300 2303 1356 usque
2326 1285 2396 1343 ad
2423 1286 2718 1343 cervices.»
2743 1286 3004 1357 Dominus
3033 1288 3180 1347 enim
3202 1289 3404 1347 occidit

1816 1387 2120 1449 peccatum,
2172 1378 2394 1435 mittens
2443 1379 2498 1434 in
2525 1379 2705 1451 capita
2753 1380 3098 1438 inimicorum
3142 1390 3397 1451 mortem,

1818 1478 1878 1525 ut
1906 1469 2143 1526 viviﬁeet
2160 1469 2405 1540 justitiac.
2447 1471 2637 1528 Dicam
2665 1471 2870 1544 aliquid
2908 1474 3165 1531 audacius
3193 1492 3210 1533 :
3243 1474 3401 1533 Chri-

1819 1570 1936 1618 stus
1964 1563 2032 1618 ad
2065 1563 2171 1618 hoc
2196 1562 2346 1619 venit
2378 1564 2433 1619 in
2462 1565 2749 1630 mundum,
2769 1572 2830 1620 ut
2854 1564 2912 1621 in
2940 1565 3120 1636 capita
3153 1565 3401 1624 inimico-

1818 1669 1941 1709 rum
1967 1653 2212 1710 mitteret
2236 1663 2489 1723 mortem,
2517 1665 2573 1711 et
2597 1656 2740 1713 sicut
2756 1656 2876 1729 ipse
2895 1666 3125 1729 peccato
3160 1668 3407 1718 mortuus

1819 1749 1905 1801 est
1936 1747 2128 1813 semel,
2169 1747 2249 1804 sic
2282 1756 2339 1803 et
2374 1747 2451 1803 illi
2482 1758 2828 1809 morerentur
2874 1751 3167 1823 iniquitati,
3213 1762 3271 1808 et
3307 1754 3402 1825 qui

120 1854 240 1911 rat,
288 1853 413 1917 apte
466 1844 538 1899 ad
588 1843 839 1899 eumdem
885 1842 1056 1901 solem
1107 1857 1403 1899 conversus
1456 1843 1714 1898 continuo
1741 1839 1793 1901 B
1820 1833 1951 1893 facti
1995 1836 2210 1900 fuerant
2251 1838 2544 1911 participes
2584 1840 2796 1907 mortis.
2847 1838 3005 1915 mlius
3033 1842 3157 1899 νὶιω
3186 1858 3403 1916 quoque

117 1941 377 2013 subjecit:

202 2052 221 2086 ι
250 2033 310 2089 In
348 2031 551 2088 lumine
570 2030 754 2101 jacula
786 2017 1058 2086 tua’ibunt
1097 2030 1152 2085 in
1180 2028 1467 2101 splendore
1486 2027 1715 2100 fulgoris

123 2143 146 2175 ε
195 2139 474 2180 armorum
505 2133 743 2179 tuorum.
781 2142 801 2175 ι
857 2120 1046 2177 Jacula
1093 2130 1274 2177 autem
1302 2120 1507 2177 Christi
1546 2124 1714 2178 verba

118 2226 259 2273 sunt
302 2216 469 2283 illius,
499 2217 699 2286 quibus
727 2216 893 2272 corda
933 2215 1213 2271 hominum
1260 2224 1711 2287 compunguntur,

116 2317 187 2365 ut
212 2307 434 2367 salutari
464 2307 691 2363 vulnere
734 2306 960 2374 inﬂicto,
986 2307 1161 2378 possit
1202 2308 1383 2363 anima
1419 2306 1593 2365 ﬁdelis
1635 2307 1716 2363 di-

114 2415 273 2465 cere,
305 2399 585 2457 vulnerata
607 2399 875 2455 charitate
901 2413 1002 2470 ego
1033 2414 1175 2467 sum,
1208 2414 1331 2469 qua:
1358 2398 1613 2456 videlicet
1630 2398 1716 2468 ja-

114 2492 249 2551 cula
281 2492 341 2548 in
363 2492 569 2547 lumine
596 2499 745 2557 eunt,
779 2491 910 2561 quia
954 2491 1263 2548 ministerio
1307 2492 1592 2548 doctorum
1616 2506 1714 2547 ve-

113 2585 307 2641 ritatis
338 2585 503 2641 verba
547 2582 750 2640 mundo
779 2583 957 2655 palam
990 2584 1361 2650 innotuerunt,
1388 2583 1543 2653 juxta
1568 2585 1717 2656 quod

110 2674 245 2747 ipsa
274 2673 489 2732 Veritas
532 2673 738 2731 eisdem
782 2673 1049 2746 praecipit,
1089 2674 1320 2730 dicens:
1366 2694 1385 2727 ι
1422 2666 1553 2742 Qua:
1594 2675 1716 2730 dico

108 2767 279 2824 vobis
316 2767 374 2823 in
409 2766 649 2824 tenebris
675 2766 841 2823 dicite
880 2766 936 2821 in
976 2766 1200 2832 lumine,
1233 2774 1290 2822 et
1317 2766 1463 2836 quod
1499 2766 1557 2821 in
1582 2780 1717 2820 aure

106 2858 356 2915 audistis
398 2857 691 2929 prmdicate
714 2873 876 2929 super
903 2866 1046 2915 tecta
1077 2856 1229 2929 (Luc.
1258 2856 1392 2928 xu);
1426 2877 1445 2910 ι
1490 2863 1547 2913 et
1584 2872 1718 2927 quo-

106 2950 277 3006 niam
315 2949 528 3020 eloquia
571 2949 710 3005 lucis
756 2959 939 3007 secuta
981 2958 1065 3005 est
1098 2948 1264 3003 etiam
1298 2948 1521 3005 claritas
1545 2949 1715 3007 mira-

106 3040 396 3107 culorum,
446 3041 693 3097 addidit:
730 3041 787 3096 in
838 3038 1127 3110 splendore
1167 3038 1395 3111 fulgoris
1437 3054 1717 3095 armorum

107 3141 387 3198 tuorum;
424 3129 622 3200 jaeulis
686 3132 887 3202 quippe
932 3132 1198 3187 bellantes
1254 3130 1597 3188 adversarios
1638 3130 1718 3187 fe-

1819 1930 2015 1986 lierent
2043 1930 2356 2004 participes.
2408 1931 2705 1988 Suscitavit
2731 1933 2995 2005 Dominus
3019 1934 3236 1991 vincula
3278 1936 3402 1992 cha-

1818 2021 2021 2090 ritatis,
2053 2031 2114 2078 ut
2141 2023 2310 2094 priori
2336 2038 2501 2079 onere
2529 2024 2795 2096 deposito,
2821 2033 2878 2081 et
2902 2027 3225 2098 gravissimo
3244 2028 3399 2102 jugo,

1819 2129 1926 2185 quo
1975 2117 2380 2187 premebantur,
2434 2118 2666 2189 abjecto,
2702 2118 2822 2175 leve
2847 2118 3050 2178 Christi
3094 2122 3396 2194 suscipere-

1820 2223 1940 2265 mus
1972 2206 2185 2281 jugum,
2225 2216 2285 2263 ut
2321 2208 2376 2264 in
2415 2224 2582 2267 curru
2619 2211 2728 2267 illis
2766 2213 2930 2285 positi
2973 2215 3217 2286 aurigam
3266 2218 3405 2287 opti-

1818 2314 1967 2354 mum
2010 2308 2373 2371 portaremus,
2421 2301 2569 2371 quod
2608 2312 2666 2359 et
2701 2303 2859 2361 aliter
2913 2305 3141 2376 intelligi
3187 2317 3401 2378 potest:

1818 2391 1910 2462 qui
1938 2391 2085 2447 enim
2109 2391 2298 2448 electis
2318 2392 2451 2457 suis,
2480 2408 2618 2463 quos
2647 2395 2887 2452 cbristos
2915 2397 3285 2469 appellaverat
3304 2413 3406 2468 per

1817 2483 2141 2555 Prophetam
2184 2485 2439 2556 gaudium
2485 2485 2674 2541 salutis
2719 2487 2942 2554 obtulit;
2992 2488 3108 2560 ipse
3150 2489 3279 2557 illis,
3306 2490 3403 2561 qui

1818 2575 1937 2647 ejus
1971 2577 2101 2648 ungi
2140 2576 2317 2647 gratia
2365 2577 2737 2648 neglexerunt,
2783 2587 3015 2637 mortem
3060 2580 3211 2637 misit
3250 2588 3408 2638 aiter-

1817 2682 1965 2735 nam,
1994 2668 2141 2739 quod
2188 2669 2247 2724 in
2276 2669 2390 2739 ipsa
2417 2679 2580 2741 gente
2602 2670 2939 2741 Iudaeorum,
2972 2687 3093 2742 qua
3118 2672 3407 2730 Dominum

1819 2759 1876 2817 in
1904 2775 2069 2815 carne
2115 2770 2468 2832 apparentem
2518 2764 2586 2820 ad
2631 2772 2864 2820 mortem
2907 2779 3079 2834 usque
3120 2773 3409 2835 persecuta

1819 2860 1925 2918 est,
1957 2853 2123 2908 etiam
2165 2855 2523 2926 corporaliter
2551 2871 2674 2913 esse
2698 2864 2917 2915 constat
2958 2857 3262 2929 impletum,
3287 2873 3409 2929 quae

1817 2951 2105 3017 postquam
2133 2961 2257 3001 eum
2285 2947 2555 3003 cruciﬁxit
2580 2963 2689 3003 non
2716 2948 2901 3005 multis
2924 2948 3411 3006 intervenientibus

1818 3035 1999 3103 annis,
2052 3037 2338 3110 ingruente
2359 3039 2606 3095 Romano
2650 3041 2920 3107 exercitu,
2946 3041 3189 3113 exceptis
3232 3041 3409 3099 solum

1818 3128 1901 3185 eis
1928 3131 2020 3200 qui
2053 3130 2108 3185 in
2137 3130 2299 3187 ﬁdem
2330 3147 2389 3188 se
2433 3133 2773 3203 Evangelicae
2800 3135 2991 3206 gratiae
3036 3145 3408 3202 secreveram,

104 3225 301 3290 riunt,
330 3224 497 3280 armis
537 3224 831 3279 muniendo
878 3239 998 3280 sese
1021 3240 1050 3278 a
1081 3224 1307 3281 vulnere
1349 3225 1713 3282 descendunt.

1823 3220 2031 3274 enormi
2075 3228 2161 3276 est
2182 3221 2341 3278 clade
2369 3222 2649 3290 damnata,
2672 3232 2733 3280 et
2758 3203 2873 3295 ipsa
2902 3225 3124 3296 insuper
3149 3241 3319 3299 regno
3343 3238 3410 3283 ac

104 3315 285 3373 Unde
316 3315 371 3369 in
411 3316 611 3386 jaculis
640 3316 836 3372 merito
862 3317 1005 3373 dicta
1034 3318 1471 3389 praedicandum,
1517 3317 1715 3388 quibus

98 3407 454 3480 pravitatem
496 3406 795 3462 inﬁdelium
827 3418 1107 3479 superant,
1144 3409 1198 3463 in
1236 3410 1405 3464 armis
1428 3410 1712 3477 miracula,

97 3498 324 3569 quibus
348 3498 633 3553 veritatem
662 3513 774 3553 suae
797 3500 1199 3567 praedicationis
1243 3502 1602 3569 conﬁrmant,
1633 3502 1716 3557 in-

98 3591 433 3647 sinuantur.
473 3588 619 3644 Eunt
650 3603 780 3661 ergo
808 3590 864 3643 iu
892 3589 1097 3646 lumine
1117 3591 1295 3662 jacula
1323 3593 1555 3659 Christi,
1583 3603 1716 3649 eunt

95 3683 170 3740 in
204 3682 500 3755 splendore
524 3679 753 3750 fulgoris
782 3696 1056 3736 armorum
1087 3681 1261 3749 illius;
1303 3684 1429 3754 quia
1473 3699 1595 3754 qua:
1635 3682 1717 3740 fe-

95 3776 193 3832 cit
242 3772 541 3845 magnalia,
595 3787 717 3843 quae
756 3772 971 3842 aperuit
1017 3788 1240 3840 arcana,
1270 3788 1391 3844 quae
1436 3775 1717 3845 proposuit

94 3864 406 3930 mandata,
430 3879 551 3934 qua:
579 3863 829 3935 promisit
869 3865 1112 3934 praemia,
1146 3874 1343 3921 cuncto
1366 3866 1482 3934 jam
1516 3869 1716 3924 mundo

88 3971 219 4030 per
248 3954 594 4026 evangelicas
630 3953 839 4010 litteras
879 3955 991 4012 sole
1030 3955 1233 4012 clarius
1271 3957 1579 4014 innotuere.
1609 3957 1718 4015 Sed

90 4058 168 4105 et
204 4047 387 4101 sancti
420 4047 691 4113 doctores,
724 4046 853 4117 quia
880 4046 974 4102 ﬁlii
1000 4046 1138 4103 lucis
1171 4056 1318 4115 sunt,
1366 4064 1596 4121 quaeque
1625 4049 1718 4106 illo

93 4143 366 4198 donante
415 4148 583 4212 agunt
640 4140 754 4195 sive
799 4139 1117 4210 loquuntur,
1173 4140 1295 4198 luce
1348 4142 1605 4197 nimirum
1654 4157 1720 4199 ac

94 4232 416 4307 splendore
442 4233 587 4290 clara
620 4232 908 4306 refulgent.
1146 4300 1159 4308 ‘

200 4345 223 4378 ι
261 4324 323 4381 In
365 4327 783 4402 comminatione
833 4335 923 4381 tua
968 4325 1269 4383 minorabis
1314 4334 1517 4383 terram
1562 4335 1620 4383 et
1662 4328 1719 4384 in

102 4440 135 4474 ι
194 4417 387 4473 furore
416 4425 526 4473 tuo.
566 4438 586 4471 ι
621 4417 884 4473 Detrahes
912 4427 1100 4488 gentes
1126 4419 1507 4475 comminando
1536 4407 1719 4476 distri-

92 4509 367 4569 ctionem
406 4507 619 4578 judicii,
670 4525 778 4580 quo
828 4510 978 4581 impii
1026 4511 1373 4579 damnentur,
1405 4513 1718 4571 humiliabis

90 4601 423 4662 salubriter
473 4615 568 4659 eos
614 4602 707 4673 qui
772 4611 983 4659 terrena
1030 4603 1342 4660 coelestibus
1387 4615 1720 4678 anteponere

90 4692 397 4759 solebant,
422 4700 484 4747 ut
508 4692 797 4749 minoratis
827 4693 1089 4763 paulatim
1131 4696 1366 4752 terrenis
1408 4699 1720 4768 cupiditati-

90 4789 252 4851 bus,
279 4799 400 4854 qua:
434 4800 650 4840 sursum
690 4793 819 4841 sunt
861 4801 1055 4857 sapere
1080 4796 1137 4842 et
1163 4803 1408 4858 quaerere
1434 4791 1720 4863 incipiant,

88 4864 180 4935 et
218 4875 505 4931 inferendo
552 4876 787 4932 fororem
835 4878 1225 4934 condemnabis
1273 4894 1368 4935 eos
1418 4881 1473 4935 in
1523 4897 1723 4955 perpe-

92 4982 312 5035 tuum,
333 4969 424 5041 qui
448 4985 547 5040 pro
572 4979 774 5027 aeterna
805 4986 902 5026 sua
925 4971 1257 5029 exaltatione
1285 4973 1353 5028 ad
1384 4981 1593 5045 tempus
1619 4976 1724 5032 hu-

88 5060 334 5123 miliari
360 5070 826 5131 contempserunt.

205 5172 226 5205 ι
277 5152 454 5211 Existi
492 5153 545 5207 in
586 5153 815 5213 salutem
864 5155 1047 5227 populi
1095 5157 1170 5211 tui
1220 5164 1281 5212 ut
1332 5156 1513 5215 salvos
1550 5158 1720 5219 facias

102 5265 139 5298 σ
200 5242 439 5300 cbristos
511 5253 652 5301 tuos.
714 5265 734 5299 ι
800 5245 982 5302 Exivit
1036 5247 1304 5305 mediator
1356 5247 1454 5305 Dei
1508 5258 1565 5305 et
1621 5251 1721 5308 ho-

90 5334 345 5393 niinum
406 5348 438 5388 a
489 5333 654 5391 Patre
704 5346 759 5391 et
813 5337 965 5391 venit
1022 5338 1076 5393 in
1128 5339 1427 5409 mundum,
1489 5357 1600 5399 non
1660 5352 1723 5403 ut

80 5425 406 5506 iudicaret
460 5428 723 5484 mundum
753 5470 768 5496 ,
838 5431 935 5486 sed
1000 5440 1061 5486 ut
1124 5431 1428 5489 salvaretur
1488 5437 1723 5493 mundus

88 5533 232 5596 per
285 5517 482 5588 ipsum.
537 5518 786 5580 Christos
842 5530 1024 5580 autem
1076 5539 1267 5581 omnes
1314 5525 1516 5583 electos
1570 5526 1719 5593 dicit,

90 5596 263 5684 quia
320 5613 388 5669 ab
418 5614 674 5672 unctione
722 5618 913 5689 gratiae
959 5618 1220 5690 spiritalis
1268 5621 1571 5677 rectissime
1619 5623 1724 5679 hoc

90 5704 405 5759 vocabulo
434 5717 834 5777 nuncupantur.
884 5709 1039 5765 Unde
1066 5719 1150 5764 est
1177 5709 1309 5767 illud
1327 5711 1628 5768 Psalmistce
1657 5714 1722 5769 de

96 5794 229 5856 his
257 5792 349 5866 qui
380 5798 585 5854 sanctis
624 5815 822 5857 nocere
850 5801 1115 5871 volentes,
1145 5802 1324 5859 divina
1376 5812 1502 5861 sunt
1537 5805 1723 5875 prohi-

1818 3310 1995 3380 patria
2012 3311 2244 3381 privata.
2263 3311 2332 3367 Et
2355 3314 2461 3368 hoc
2482 3322 2566 3371 est
2580 3315 2724 3385 quod
2740 3316 2847 3371 ait:
2871 3335 2892 3371 ί
2916 3316 3182 3375 Exeitasti
3195 3320 3409 3376 vincula

1818 3416 1992 3473 usque
2020 3404 2087 3459 ad
2121 3406 2413 3473 cervicem,
2445 3426 2465 3460 ι
2521 3409 2795 3466 cervicem
2817 3410 3069 3469 videlicet
3098 3414 3273 3485 regni,
3299 3429 3409 3486 quo

1817 3504 2008 3553 contra
2033 3497 2320 3555 Dominum
2346 3499 2564 3557 fuerant
2588 3502 2781 3571 erecti,
2806 3504 2876 3561 de
2902 3519 3012 3575 quo
3036 3506 3171 3563 dicit
3197 3506 3405 3564 eisdem

1819 3586 1873 3645 in
1900 3603 1961 3644 se
1988 3589 2153 3645 etiam
2184 3588 2491 3649 furentibus
2519 3594 2868 3652 beatissimus
2891 3604 3263 3669 protomartyr
3289 3596 3412 3655 Ste-

1816 3679 2032 3749 phanus
2061 3696 2075 3734 :
2110 3701 2129 3732 ε
2158 3681 2304 3738 Dura
2335 3684 2552 3741 cervice
2579 3688 2636 3741 et
2672 3686 3040 3743 incircumcisi
3070 3688 3325 3745 cordibus
3351 3696 3409 3746 et

1819 3769 2065 3835 auribus,
2101 3786 2198 3827 vos
2228 3788 2444 3844 semper
2475 3774 2702 3844 Spiritui
2741 3786 2932 3833 saneto
2956 3778 3236 3835 restitistis
3266 3778 3405 3849 (Act.

1819 3862 1899 3928 v).
1938 3881 1959 3914 ι
1996 3860 2107 3919 Sed
2142 3863 2209 3918 ad
2242 3864 2384 3921 hanc
2416 3881 2591 3936 usque
2613 3868 2882 3925 cervicem
2909 3870 3123 3927 vincula
3148 3871 3410 3930 Dominus

1818 3955 2099 4022 excitavit,
2125 3972 2249 4012 cum
2274 3960 2343 4014 ad
2370 3960 2710 4019 eversionem
2741 3965 2988 4034 superbae
3011 3968 3189 4038 gentis
3238 3968 3410 4025 hosti-

1819 4041 1925 4097 lem
1952 4044 2100 4101 misit
2121 4048 2442 4104 exereitum.
2474 4050 2627 4108 Unde
2651 4054 2915 4124 scriptum
2942 4064 3028 4113 est
3053 4074 3067 4111 :
3099 4078 3118 4111 ι
3146 4057 3409 4117 Dominus

1812 4130 1995 4203 justus
2014 4135 2264 4192 concidet
2278 4139 2520 4197 cervices
2539 4152 2888 4213 peccatorum
2910 4144 3085 4219 (Psal.
3111 4149 3360 4221 cxxvm).
3381 4168 3403 4205 ι

1896 4266 1917 4299 ί
1945 4246 2269 4307 Maledixisti
2297 4253 2528 4324 sceptris
2550 4255 2687 4325 ejus,
2713 4258 2892 4327 capita
2916 4257 3243 4316 bellatorum
3267 4261 3409 4335 ejus,

1826 4359 1845 4392 ι
1887 4341 2248 4411 venientibus,
2276 4352 2338 4400 ut
2354 4346 2532 4412 turbo,
2563 4348 2630 4402 ad
2651 4348 3064 4423 dispergeudum
3093 4368 3198 4410 me.
3220 4354 3413 4412 Exsul-

1826 4451 1848 4485 ι
1895 4434 2031 4490 talio
2058 4451 2268 4504 eorum,
2317 4438 2458 4495 sicut
2485 4438 2602 4509 ejus
2626 4442 2719 4512 qui
2749 4444 2973 4500 devorat
3014 4460 3310 4517 pauperem
3356 4448 3412 4504 in

1827 4542 1847 4576 ι
1892 4525 2234 4583 abscondito.
2274 4525 2431 4584 Viam
2480 4527 2661 4588 fecisti
2713 4533 2771 4588 in
2820 4535 2960 4591 mari
3013 4536 3169 4607 equis
3208 4538 3319 4595 tuis
3346 4538 3404 4595 in
3478 4560 3491 4571 ο

1827 4634 1847 4667 ι
1892 4615 2005 4671 luto
2035 4632 2301 4687 aquarum
2345 4620 2662 4679 multarum.
2713 4624 2908 4681 Audivi
2951 4634 3007 4682 et
3055 4628 3410 4687 conturbatus

1832 4721 1850 4754 ι
1896 4713 1979 4760 est
2031 4714 2217 4762 venter
2266 4723 2420 4765 meus
2460 4729 2473 4764 :
2526 4728 2557 4767 a
2596 4727 2733 4770 voce
2775 4723 3221 4773 contremuerunt
3266 4718 3409 4776 labia

1832 4814 1851 4847 ι
1898 4813 2039 4852 mea.
2069 4797 2408 4870 Ingrediatur
2437 4805 2669 4874 putredo
2697 4807 2755 4861 in
2782 4807 2997 4864 ossibus
3018 4810 3174 4877 meis,
3199 4819 3255 4867 et
3280 4798 3407 4869 sub;

1831 4906 1850 4939 ε
1898 4898 1981 4946 ter
2006 4906 2093 4946 me
2118 4902 2342 4959 scateat,
2372 4902 2432 4949 ut
2464 4897 2803 4966 requiescam
2839 4899 2897 4955 in
2921 4899 3010 4956 die
3043 4901 3409 4961 tribulationis

1830 4998 1851 5030 σ
1897 4995 2051 5046 mem,
2101 4989 2161 5036 ut
2202 4985 2492 5040 ascendam
2541 4987 2609 5042 ad
2652 4987 2908 5059 populum
2953 4990 3256 5049 accinctum
3300 5008 3405 5050 no-

1831 5092 1850 5124 ι
1895 5082 2090 5128 strum.
2134 5092 2154 5127 ι
2205 5074 2273 5130 Et
2311 5091 2456 5131 nunc
2493 5084 2700 5134 tantum
2742 5077 3070 5137 Hebraicum
3113 5085 3306 5155 posui,
3348 5092 3411 5141 ut

1823 5165 2114 5234 separatim
2167 5165 2235 5221 de
2281 5166 2520 5224 editione
2565 5158 2713 5226 LXX
2759 5171 3107 5229 disseramus.
3183 5174 3409 5233 Multum

1823 5254 1967 5309 enim
1993 5254 2061 5309 ab
2089 5254 2333 5311 omnium
2364 5256 2715 5316 translatione
2739 5260 3014 5319 discordat
3043 5261 3209 5321 LXX.
3240 5263 3408 5321 Male-

1823 5344 2006 5401 dixisti
2053 5346 2301 5417 sceptris,
2349 5347 2413 5402 id
2432 5358 2538 5417 est,
2584 5352 2767 5423 regnis
2814 5351 2951 5422 ejus,
2986 5353 3131 5412 haud
3188 5355 3410 5413 dubium
3456 5368 3462 5375 '

1825 5438 1955 5507 quin
1985 5438 2161 5509 impii,
2198 5438 2265 5494 de
2292 5453 2400 5509 quo
2428 5456 2591 5513 supra
2628 5443 2863 5513 dixerat,
2888 5447 3210 5519 percussisti
3245 5456 3417 5519 caput

1827 5528 1894 5585 de
1921 5530 2084 5586 domo
2128 5530 2305 5601 impii,
2353 5533 2639 5590 denudasti
2681 5535 3092 5594 fundamentum
3137 5552 3309 5609 usque
3338 5538 3408 5594 ad

1826 5621 2047 5677 collum.
2082 5623 2433 5695 lntelligimus
2463 5634 2644 5682 autem
2683 5628 2907 5698 impium
2936 5629 3018 5685 vel
3046 5627 3409 5688 Nabuchodo-

1824 5726 2005 5777 nosor,
2038 5712 2123 5768 vel
2170 5728 2388 5768 omnem
2417 5715 2793 5772 adversarium
2844 5719 3026 5788 populi
3051 5718 3170 5785 Dei,
3198 5727 3256 5776 et
3296 5733 3407 5777 non

1824 5805 1998 5867 solum
2042 5808 2271 5878 sceptris
2312 5808 2451 5879 ejus,
2502 5810 2595 5866 sed
2640 5813 2804 5869 etiam
2841 5812 3016 5882 capita
3057 5811 3404 5883 bellatorum.
