3936 6328
1901 220 1932 232 ν·
1943 219 2028 238 Pro-,-

592 337 729 394 “27

589 551 650 596 ut
683 543 1054 614 dispergerent
1099 558 1206 608 me,
1258 543 1314 597 id
1341 551 1444 609 est,
1476 551 1754 598 verterent
1805 541 1992 605 Israel,
2039 550 2094 596 et
2123 541 2176 594 in

594 615 868 690 diversum
895 634 1175 705 captivum
1213 635 1495 698 ducerent,
1528 635 1601 688 ita
1630 642 1690 687 ut
1725 632 2064 687 exsultarent
2089 632 2181 685 de—

589 735 846 782 vorantes
883 739 1201 796 pauperem,
1236 731 1294 780 et
1339 723 1646 794 subjectum
1676 724 1776 780 sibi
1807 723 1995 789 Israel,
2024 723 2180 791 quasi

591 817 699 874 hoc
726 817 782 871 in
813 813 1135 872 abscondito
1173 814 1432 880 facerent,
1465 823 1520 868 et
1549 829 1649 869 nos
1675 815 1990 886 ignorantes
2021 814 2175 868 det-'0‘

594 916 799 964 rarent.
842 906 1050 964 Venisti
1095 908 1282 977 itaque
1317 907 1386 962 ad
1422 905 1669 976 praelium
1697 921 1797 976 pro
1829 904 2029 976 populo
2065 913 2180 970 tuo,

592 1011 648 1059 et
681 1003 973 1073 quadrigas
1009 1010 1131 1060 tuas
1167 1000 1470 1056 immittens
1513 1000 1568 1054 in
1611 1014 1798 1070 aquas,
1845 1000 1949 1054 hoc
1983 1006 2085 1065 est,
2126 998 2182 1052 in

593 1104 784 1166 gentes
831 1095 1050 1159 multas,
1100 1093 1278 1150 fecisti
1325 1093 1406 1148 eis
1452 1092 1598 1147 viam
1652 1092 1708 1146 in
1757 1091 1872 1146 luto
1919 1105 2183 1161 aquarum

593 1187 912 1252 multarum,
960 1186 1014 1241 id
1065 1193 1169 1250 est,
1217 1193 1276 1240 ut
1314 1183 1600 1240 conculces
1642 1198 1755 1249 eos,
1793 1194 1850 1238 et
1887 1182 2042 1252 quasi
2105 1181 2184 1235 lu-

593 1289 708 1335 tum
753 1294 1018 1350 equorum
1068 1285 1322 1342 tuorum,
1372 1285 1428 1332 et
1475 1291 1698 1332 currum
1744 1275 1942 1346 ungula
1981 1280 2036 1329 et
2065 1281 2185 1328 rota

594 1383 868 1431 conteras.
899 1373 1056 1442 Quod
1083 1382 1263 1428 autem
1292 1373 1538 1443 sequitur
1564 1389 1578 1427 :
1612 1391 1632 1422 (
1659 1371 1857 1426 Audivi
1887 1378 1941 1426 et
1965 1380 2186 1426 contur-

595 1468 758 1526 batus
784 1478 870 1526 est
896 1476 1090 1524 venter
1123 1483 1278 1524 meus
1304 1467 1372 1522 ad
1396 1481 1610 1532 vocem,
1648 1485 1666 1519 ι
1697 1473 1759 1520 ut
1785 1464 2143 1520 subaudiatnr
2168 1481 2181 1517 :

597 1569 1048 1616 contremuerunt
1091 1559 1235 1615 labia
1285 1572 1428 1623 mea,
1481 1557 1818 1628 ingrediatur
1851 1555 2083 1627 putredo
2131 1555 2218 1609 in'

596 1651 813 1706 ossibus
855 1651 993 1707 meis
1035 1659 1094 1707 et
1119 1651 1308 1706 subter
1330 1662 1417 1703 me
1441 1657 1706 1716 scateant,
1750 1656 1811 1703 ut
1847 1647 2187 1719 requiescam

599 1743 654 1799 in
687 1743 776 1800 die
820 1743 1222 1809 tribulationis,
1263 1749 1326 1796 ut
1366 1741 1657 1796 ascendam
1705 1741 1772 1797 ad
1805 1741 2062 1812 populum
2091 1754 2182 1794 aes

1051 405 1070 422 .
1221 337 1286 394 Β.
1325 336 1585 394 RABANI
1625 335 1849 394 MAURI
1886 335 2207 394 ARCHIEP.
2251 335 2564 396 MOGUNT.
2598 337 2885 396 OPERUM
2923 338 3099 396 PARS
3133 340 3215 398 ΠΙ.

591 466 727 520 quos
773 456 1139 521 percusserat,
1187 451 1282 522 qui
1333 459 1618 512 venerunt,
1660 451 1852 520 inquit,
1900 457 1960 503 ut
1999 449 2174 514 turbo,
2206 457 2252 514 Α
2282 447 2614 518 ahjectisqne
2644 447 2745 512 eis,
2778 463 2913 518 quos
2941 452 3148 504 coluere
3178 451 3291 518 diis,
3314 468 3473 512 novam
3491 460 3631 522 Christi
3647 470 3686 525 ﬁ-

3600 359 3686 422 im

2282 537 2405 594 dem
2434 539 2628 594 devota
2653 549 2834 596 mente
2871 541 3214 612 susciperent.

2357 647 2376 680 ‹
2436 630 2770 701 Adaperient
2826 647 2920 687 ora
2981 650 3075 689 sua
3123 637 3254 690 sicut
3297 655 3466 712 pauper
3510 647 3622 706 edens
3657 654 3688 711 in

2287 741 2306 775 ε
2351 723 2582 778 occulto.
2619 743 2638 774 ›
2691 725 2846 780 Sicut
2885 726 3026 781 enim
3063 743 3254 800 pauper
3277 732 3531 802 aliquandiu
3557 740 3714 812 jejunus?

2281 831 2627 888 permanens,
2671 818 2716 872 si
2747 816 2888 874 forte
2931 819 3124 876 alicubi
3163 822 3298 877 cibos
3329 823 3553 894 invenerit,
3579 831 3634 888 his
3658 852 3716 902 εεέ

2285 907 2571 962 confestim
2613 907 2669 962 in
2707 908 2922 963 occulto
2957 908 3174 966 reﬁcere
3215 915 3403 984 satagit,
3430 931 3563 987 neque
3585 911 3715 978 θαιίιιτ

2283 1000 2555 1071 publicum
2593 1001 2702 1056 vult
2733 1001 2996 1072 proferre,
3028 1018 3095 1058 ne
3122 1002 3252 1060 forte
3279 1005 3338 1060 ab
3362 1007 3450 1061 alio
3468 1001 3714 1081 diripiantur,'

2285 1101 2341 1148 et
2379 1093 2491 1163 ipse
2527 1091 2669 1148 fame
2703 1102 2892 1164 pereat
2927 1112 2943 1148 :
2973 1096 3052 1151 sic
3083 1095 3340 1163 nimirum,
3372 1099 3438 1155 sic
3465 1104 3595 1173 populi
3617 1123 3693 1176 gen-

2287 1184 2443 1249 tium,
2483 1184 2666 1239 oblato
2712 1186 2816 1240 sibi
2849 1200 2948 1256 per
2986 1187 3248 1256 apostolos
3281 1203 3404 1260 pane
3431 1191 3559 1257 verbi,
3593 1211 3612 1247 a
3635 1211 3695 1265 quo

2288 1274 2491 1330 diutius
2526 1273 2699 1345 jejuni
2737 1275 3089 1342 duraverant,
3119 1291 3237 1332 mox
3280 1289 3546 1347 aperuerunt
3567 1287 3694 1340 omni

2287 1365 2486 1432 cordis,
2525 1374 2580 1421 et
2618 1365 2763 1422 hunc
2809 1367 2958 1421 omni
3005 1368 3251 1424 aviditate
3288 1381 3474 1440 gustare
3507 1386 3694 1443 cmpean

2289 1457 2408 1526 Quo
2436 1465 2618 1513 autem
2643 1458 2840 1514 ordine
2867 1468 3158 1530 paupertas
3181 1461 3398 1531 gentium
3429 1463 3482 1518 ad
3503 1466 3694 1534 percipien-

2290 1551 2386 1606 das
2416 1550 2568 1606 verbi
2609 1551 2799 1621 epulas
2837 1553 3150 1622 pervenerit
3188 1552 3466 1620 insinuatur,
3499 1569 3584 1610 cum
3601 1559 3696 1625 proti-

2289 1658 2394 1699 nus
2419 1643 2759 1699 subinfertur
2785 1663 2796 1675 -

2369 1757 2388 1790 ι
2417 1737 2610 1794 Misisti
2648 1739 2702 1793 in
2731 1753 2882 1795 mare
2909 1753 3082 1810 equos
3107 1740 3367 1796 turbantes
3388 1755 3522 1812 aquas
3539 1741 3693 1797 multis»

594 1835 836 1892 cinctum
886 1842 1160 1892 nostrum.
1204 1831 1306 1888 Hic
1353 1846 1546 1889 sensus
1592 1841 1678 1888 est
1707 1850 1720 1886 :
1769 1832 1915 1886 nunc
1957 1830 2190 1886 libenter
2218 1821 2267 1882 B
2293 1828 2443 1885 Mare
2469 1829 2666 1900 quippe
2693 1829 2979 1896 mundum,
3011 1846 3176 1901 equos
3202 1831 3288 1886 Dei
3312 1833 3609 1903 praadicatores
3631 1850 3696 1888 san-

595 1941 787 1983 omnes
849 1926 1091 1997 patimur
1139 1929 1419 2000 angustias
1468 1933 1524 1982 et
1580 1926 1649 1981 ad
1710 1925 2190 1980 comminationem

595 2029 746 2076 tuam
774 2020 903 2076 totis
931 2020 1230 2077 visceribus
1255 2020 1747 2086 contremiscimus,
1777 2035 1921 2075 nunc
1948 2025 2194 2073 tremunt

597 2109 744 2167 labia
770 2125 908 2176 mea,
948 2121 1003 2168 et
1030 2126 1202 2182 pavor
1233 2113 1432 2169 mentis
1460 2111 1685 2182 trepidae
1720 2111 1774 2166 in
1802 2126 1898 2166 ore
1923 2111 2187 2181 signatur,

596 2209 654 2255 et
685 2215 793 2255 non
833 2199 1009 2256 solum
1051 2202 1212 2266 istud,
1257 2201 1353 2257 sed
1392 2203 1555 2257 etiam
1603 2201 1746 2256 aliud
1791 2202 1935 2256 ultro
1971 2210 2190 2271 appeto,

603 2292 748 2349 ultro
776 2294 1058 2360 desidero;
1099 2295 1438 2366 ingrediatur
1471 2296 1699 2366 putredo
1729 2295 1784 2348 in
1808 2295 2024 2350 ossibus
2051 2295 2192 2350 meis

600 2391 658 2438 et
687 2399 850 2454 super
880 2399 967 2439 me
996 2394 1224 2451 scateat,
1256 2387 1360 2442 hoc
1397 2395 1501 2453 est,
1545 2385 1779 2440 libenter
1805 2385 2001 2456 patior,
2046 2386 2192 2456 quod

603 2489 799 2546 passus
836 2484 920 2530 est
943 2475 1064 2542 Job,
1117 2492 1227 2532 non
1270 2477 1444 2532 solum
1489 2493 1682 2533 carnes
1719 2493 1893 2544 meas,
1935 2477 2028 2532 sed
2077 2491 2193 2532 me-

601 2564 778 2620 dullas
827 2581 1044 2636 quoque
1085 2568 1290 2622 ossium
1334 2567 1493 2639 cupio
1542 2567 1808 2631 tabeﬁeri,
1859 2575 1913 2623 et
1961 2576 2189 2623 stratum

601 2672 783 2713 meum
817 2659 1107 2728 putredine
1136 2659 1382 2730 corporis
1416 2668 1471 2714 et
1499 2659 1800 2716 innumeris
1828 2669 2041 2716 scatere
2068 2675 2192 2715 ver-

599 2747 804 2813 mibus,
837 2757 898 2804 ut
925 2757 1212 2820 postquam
1253 2749 1343 2804 hic
1377 2764 1478 2820 pro
1514 2750 1753 2820 peccatis
1787 2751 1926 2806 meis
1959 2751 2075 2806 haec
2101 2766 2192 2806 suo

599 2841 864 2906 stinuero,
906 2841 1246 2912 requiescam
1281 2841 1334 2895 in
1377 2841 1465 2895 die
1502 2857 1711 2905 amara,
1754 2841 1808 2896 in
1851 2841 1938 2896 die
1965 2842 2191 2897 tribula-

598 2932 782 2997 tionis,
819 2933 872 2987 in
909 2932 997 2988 die
1024 2934 1366 2988 necessitatis
1402 2941 1458 2988 et
1492 2934 1752 3004 angustiae
1777 2951 1790 2986 :
1817 2943 1872 2989 et
1901 2935 2189 2989 ascendam

601 3025 670 3078 ad
725 3023 982 3093 populum
1033 3025 1336 3079 accinctum
1386 3032 1652 3089 nostrum,
1701 3024 1898 3079 fortem
1941 3025 2192 3080 videlicet

598 3112 921 3171 bellatorem
969 3124 1132 3186 atque
1171 3131 1494 3186 pugnacem,
1528 3126 1583 3171 et
1607 3115 1832 3185 pulchre
1875 3119 2188 3182 ascendam,

601 3205 667 3259 ad
717 3207 1022 3261 accinctum
1082 3207 1229 3261 enim
1273 3207 1532 3278 populum
1593 3222 1808 3277 semper
1857 3208 2188 3273 ascenditur,
2219 3191 2265 3253 Ο

599 3295 984 3366 eleganterque
1034 3307 1304 3363 nostrum,
1350 3298 1442 3369 qui
1483 3298 1625 3352 enim
1675 3299 1964 3354 tribulatus
2010 3309 2093 3354 est
2136 3308 2193 3354 ct

599 3402 884 3459 pressurus
940 3389 1172 3444 libenter
1219 3391 1478 3446 sustinuit
1531 3399 1583 3446 et
1631 3392 1991 3461 prmsentibus
2036 3393 2193 3448 malis

601 3479 780 3534 futura
817 3481 1041 3551 prtemia
1082 3482 1474 3552 compensavit,
1517 3491 1764 3537 nostrum
1809 3485 2070 3539 audacter
2115 3485 2193 3538 lo-

601 3572 802 3642 quitur,
835 3581 893 3626 ut
909 3571 1062 3642 juxta
1089 3573 1390 3640 Abraham,
1421 3585 1477 3630 et
1502 3575 1672 3638 Isaac,
1705 3585 1761 3628 et.
1783 3573 1970 3640 Jacoh,
1999 3583 2054 3631 et
2077 3576 2192 3646 ipse

605 3666 842 3721 dormiat
888 3667 943 3722 in
985 3661 1264 3722 senectute
1302 3667 1443 3723 bona
1471 3668 1664 3738 plenus
1692 3668 1903 3725 dierum
1937 3678 1991 3724 et
2029 3685 2194 3740 appo-

602 3765 764 3813 natur
786 3758 853 3812 ad
882 3767 1068 3829 patres
1095 3774 1243 3815 suos.
1265 3758 1386 3815 Alia
1408 3761 1576 3816 editio
1603 3780 1615 3815 :

679 3865 699 3899 ι
737 3848 1037 3904 Praecidisti
1070 3849 1124 3904 in
1152 3849 1476 3906 alienatione
1509 3853 1690 3922 capita
1721 3853 2043 3924 potentium,
2074 3869 2194 3908 mo-

607 3958 627 3993 c
674 3941 941 3997 vehuntur
971 3942 1025 3996 in
1056 3957 1119 3998 ea
1145 3952 1351 4012 gentes.
1389 3962 1406 3994 ι
1440 3943 1545 3999 Pro
1571 3944 1895 4001 alienatione
1920 3945 1974 4000 in
2001 3945 2193 4002 Gneco

602 4038 866 4109 scriptum
895 4046 982 4095 est
1040 4059 1058 4092 ‹
1109 4039 1165 4094 in
1195 4040 1418 4106 exstasi,
1455 4059 1474 4092 ι
1505 4041 1649 4111 quod
1681 4042 1901 4113 quidam
1941 4061 1960 4094 ‹
1996 4043 2049 4096 in
2077 4050 2192 4097 stu-

600 4144 753 4202 pore,
792 4150 810 4184 ι
855 4131 948 4186 alii
984 4151 1002 4182 ι
1041 4131 1097 4186 in
1125 4147 1354 4189 excessu
1383 4133 1582 4190 mentis
1613 4153 1634 4186 ι
1663 4135 2004 4205 interpretati
2032 4142 2186 4190 sunt:

601 4225 717 4280 sive
764 4233 945 4278 autem
993 4233 1210 4296 stupor,
1261 4227 1374 4281 sive
1439 4226 1727 4291 alienatio,
1783 4243 1878 4282 seu
1931 4243 2190 4284 excessus

602 4317 804 4372 mentis
835 4315 1068 4381 dicatur,
1102 4333 1269 4372 unum
1301 4317 1552 4387 idemque
1593 4318 1882 4387 signiﬁcat,
1917 4333 2041 4374 cum
2070 4320 2192 4389 quis

602 4409 890 4480 repentino
925 4409 1191 4465 miraculo
1230 4411 1477 4466 turbatus
1507 4427 1570 4465 ac
1597 4411 1929 4480 stupefactus
1969 4428 2000 4466 a
2027 4428 2190 4468 sensu

603 4517 715 4557 suae
753 4501 950 4558 mentis
977 4502 1222 4557 redditur
1264 4502 1495 4568 alienus,
1521 4503 1666 4573 quod
1698 4503 1960 4560 accidisse
1985 4503 2188 4561 Judaeis

602 4595 794 4650 crebra
825 4593 1102 4666 Evangelii
1142 4595 1321 4665 prodit
1361 4596 1587 4651 historia
1621 4597 1842 4654 dicens:
1873 4599 2026 4666 Quod
2070 4610 2186 4655 stu-

601 4695 796 4755 perent
831 4695 887 4742 et
913 4687 1245 4742 mirarentur
1285 4688 1339 4742 in
1370 4687 1615 4744 doctrina
1651 4705 1713 4744 ac
1744 4690 2034 4746 virtutibus
2061 4689 2188 4746 Jcsu

605 4771 887 4834 dicentes:
932 4796 950 4830 ι
985 4778 1139 4834 Unde
1176 4780 1304 4835 huic
1337 4781 1454 4835 hace
1489 4781 1690 4846 omnia,
1734 4782 1886 4853 cujus
1937 4783 2190 4838 novimus

602 4883 814 4946 patrem
851 4884 903 4930 et
932 4884 1160 4931 matrem
1195 4873 1378 4948 (Joan.
1411 4874 1523 4948 vi)?
1561 4897 1578 4928 ι
1614 4876 1682 4930 Et
1723 4875 1776 4930 in
1801 4877 2032 4940 Actibus
2063 4893 2191 4946 apo-

603 4965 864 5022 stolorum
904 4974 1094 5021 curato
1126 4981 1223 5037 per
1269 4965 1490 5021 Petrum
1522 4974 1578 5022 et
1597 4965 1863 5021 Joannem
1898 4967 2089 5021 claudo
2120 4968 2187 5022 ad

602 5055 801 5112 ostium
851 5056 1076 5127 templi:
1129 5074 1148 5107 c
1187 5056 1396 5128 impleti
1443 5064 1588 5122 sunt,
1645 5056 1844 5126 inquit,
1890 5064 2109 5128 stupore
2135 5067 2193 5113 et

602 5149 806 5206 exstasi
834 5147 973 5221 (Act.
1001 5148 1108 5221 ιιι),
1145 5169 1166 5204 ι
1206 5150 1261 5204 in
1291 5166 1399 5221 qua
1427 5149 1682 5206 videlicet
1718 5151 1944 5215 exstasi,
1991 5149 2044 5204 id
2083 5161 2189 5217 est,

605 5243 962 5300 admiratione
992 5245 1106 5301 sive
1141 5243 1465 5298 alienatione
1489 5243 1687 5298 mentis
1716 5243 1871 5298 multi
1898 5243 1963 5298 de
1992 5242 2190 5314 populo

602 5338 880 5408 provocati
928 5348 1054 5394 sunt
1102 5338 1171 5392 ad
1219 5338 1545 5393 credendum
1571 5336 1820 5403 Domino,
1867 5338 1961 5394 sed
2013 5339 2189 5409 capita

601 5427 926 5498 potentium,
979 5426 1034 5482 id
1061 5433 1166 5491 est,
1214 5425 1486 5496 principes
1517 5426 1858 5481 sacerdotum
1908 5435 1961 5482 et
2004 5427 2189 5482 senio-

601 5532 693 5574 res
738 5520 949 5590 prmcisi
990 5527 1120 5575 sunt
1167 5533 1272 5572 non
1317 5518 1588 5573 credendo
1640 5534 1669 5572 a
1723 5528 1869 5574 sorte
1913 5518 2183 5584 ﬁdelium;

603 5619 766 5665 mota:
805 5621 932 5666 sunt
959 5625 1176 5682 quoque
1217 5612 1272 5664 in
1309 5625 1371 5665 ea
1411 5620 1620 5681 gentes,
1655 5612 1784 5665 dum
1825 5613 2045 5679 auditis,
2077 5613 2190 5667 sive

604 5699 737 5754 visis
767 5701 979 5756 Domini
1013 5708 1074 5755 et
1117 5700 1484 5770 apostolorum
1534 5700 1650 5768 ejus
1688 5701 2002 5765 virtutibus,
2055 5701 2190 5756 adeo

606 5787 923 5857 stupefacta:
973 5799 1030 5846 et
1073 5790 1352 5848 admiratae
1400 5798 1553 5858 sunt,
1602 5799 1664 5846 ut
1720 5791 2195 5848 anathematizatis

2212 4555 2266 4617 D

2293 1930 2430 1984 ctos,
2479 1935 2651 1990 aquas
2686 1921 2906 1988 multas,
2961 1921 3186 1992 populos
3235 1923 3474 1978 nationum
3509 1923 3617 1986 dicit;
3646 1924 3697 1975 im-

2294 2013 2582 2083 missisque
2631 2013 2784 2084 equis
2827 2013 2925 2069 Dei
2979 2014 3035 2068 in
3082 2029 3246 2080 mare,
3289 2015 3480 2069 turbatae
3511 2023 3698 2084 suntaquz

2294 2105 2498 2169 multae,
2531 2105 2658 2175 quia
2689 2105 2956 2175 dispersis
2981 2105 3035 2160 in
3070 2107 3315 2161 mundum
3338 2105 3597 2176 praeconibus
3618 2104 3698 2158 redii

2299 2196 2514 2250 turbata
2568 2207 2694 2251 sunt
2727 2196 2972 2266 gentium
3003 2197 3184 2260 corda,
3216 2197 3311 2250 alia
3341 2196 3398 2251 ad
3430 2195 3698 2251 credendumac

2295 2287 2699 2357 suscipiendum
2725 2286 3140 2342 Sacramentum
3170 2288 3315 2354 ﬁdei,
3345 2287 3435 2341 alia
3455 2301 3553 2340 vero
3571 2286 3615 2340 ad
3630 2299 3697 2338 eua-

2295 2380 2668 2436 tradicendum
2679 2421 2693 2446 ,
2711 2379 2826 2454 sive
2839 2381 3005 2436 etiam
3029 2380 3404 2451 persequendos
3419 2393 3616 2450 praecones
3627 2375 3698 2445 eju-

2295 2473 2417 2528 dem
2450 2472 2598 2528 fidei.
2647 2473 2790 2528 Bene
2821 2483 3008 2528 autem
3037 2474 3103 2528 de
3133 2475 3216 2529 his
3243 2488 3396 2544 equis,
3431 2472 3580 2527 sanctis
3595 2468 3697 2523 videli-

2295 2577 2383 2624 cet
2409 2567 2856 2638 praedicatoribus
2885 2576 2936 2622 et
2967 2583 3132 2638 supra
3157 2568 3342 2623 dicitur
3360 2586 3370 2620 :
3391 2566 3698 2637 quoniamascu-

2297 2660 2431 2714 dens
2459 2662 2720 2714 ascendes
2763 2676 2926 2730 super
2960 2676 3132 2730 equos
3160 2669 3290 2722 tuos,
3319 2669 3369 2715 et
3389 2673 3502 2714 nunc
3521 2657 3566 2712 de
3587 2654 3697 2710 eisdem

2297 2749 2652 2815 subinfertur,
2685 2751 2880 2806 misisti
2911 2751 2968 2806 in
3001 2767 3152 2807 mare
3177 2768 3334 2823 equos
3364 2759 3480 2814 tuos,
3501 2758 3543 2803 ut
3559 2763 3600 2803 ei
3617 2755 3699 2798 utra-

2296 2860 2404 2916 que
2433 2847 2702 2901 sententia
2739 2846 3052 2918 colligatur,
3081 2847 3221 2916 quod
3247 2847 3315 2901 ita
3341 2845 3545 2901 Dominus
3567 2841 3600 2894 in
3618 2853 3700 2892 mue

2297 2938 2422 2993 dum
2454 2940 2840 3008 praedicatores
2868 2940 3103 3005 miserit,
3135 2947 3194 2994 ut
3231 2939 3412 2994 eisdem
3438 2931 3700 3007 pradicanlilus

2297 3031 2410 3101 ipse
2441 3048 2716 3103 nunquam
2759 3035 2920 3092 absit.
2955 3035 3052 3088 sed
3093 3033 3231 3088 sicut
3260 3032 3397 3102 equis
3419 3030 3574 3098 auriga,
3592 3027 3636 3080 ita
3658 3036 3703 3074 n-

2296 3125 2486 3194 gcndis
2513 3141 2726 3194 semper
2753 3141 2940 3180 eorum
2969 3128 3238 3181 mentibus
3257 3125 3436 3196 praesit.

2372 3233 2390 3265 ι
2434 3214 2735 3271 Custodivit
2769 3226 2823 3271 et
2853 3218 3076 3288 expavit
3103 3226 3288 3274 venter
3321 3231 3450 3272 meus
3480 3230 3504 3268 a
3531 3226 3616 3266 rooe
3633 3222 3701 3265 or:-

2301 3327 2319 3358 (
2368 3307 2527 3362 tionis
2581 3308 2850 3364 labiorum
2897 3325 3109 3365 eorum.
3148 3331 3166 3362 ι
3217 3308 3445 3365 Ventrem
3485 3320 3592 3360 suum
3622 3311 3701 3355 mom-

2293 3398 2572 3468 prophetis
2611 3407 2870 3454 consueto
2909 3401 3152 3455 animum
3197 3416 3340 3456 suum
3371 3399 3502 3461 dicit;
3526 3389 3703 3465 quiasiflﬂ

2294 3499 2481 3544 ventre
2525 3490 2863 3560 recipiuntur
2899 3491 3030 3558 cibi,
3074 3493 3265 3562 quibus
3299 3491 3450 3544 virtus
3477 3503 3524 3541 ac
3554 3484 3621 3537 vita
3639 3493 3702 3532 cor-

2293 3582 2442 3652 poris
2485 3581 2762 3638 reﬁciatur
2797 3599 2811 3638 :
2847 3585 2921 3638 ita
2971 3585 3319 3656 cogitationes
3353 3583 3439 3653 piae
3478 3568 3701 3633 sanctoreti-

2294 3671 2516 3741 piuntur
2565 3672 2619 3726 in
2668 3675 2872 3740 animo,
2916 3675 3118 3744 quibus
3166 3672 3419 3730 interioris
3447 3661 3702 3724 bominisvilt.

2294 3781 2364 3820 ne
2398 3765 2631 3820 deficere
2664 3767 2878 3833 debeat,
2917 3776 3256 3824 sustentetur
3289 3775 3340 3822 et
3373 3749 3702 3822 contiueatunCe

2294 3858 2509 3922 stodivi,
2546 3859 2740 3928 inquit,
2772 3860 3039 3930 meipsum
3094 3867 3346 3916 tremente
3374 3857 3521 3912 animo
3545 3845 3704 3904 solertitﬂy

2293 3963 2360 4004 ne
2393 3948 2531 4004 forte
2568 3951 2732 4005 corde
2759 3965 3070 4022 peccarem,
3107 3966 3238 4006 neve
3271 3950 3379 4005 aliis
3403 3943 3630 4020 praedicans,
3645 3935 3704 4004 ilise

2292 4042 2555 4112 reprobus
2594 4040 2853 4097 cllicerer.
2883 4043 2951 4097 Et
2983 4045 3275 4100 notandum
3303 4041 3430 4112 quod
3464 4031 3703 4122 expavisseif

2293 4135 2424 4190 dicit
2469 4151 2499 4189 a
2537 4150 2672 4192 voce
2715 4137 2980 4192 orationis
3032 4137 3294 4192 labiorum
3337 4144 3536 4190 suorum,
3569 4111 3703 4210 canini!

2291 4242 2517 4298 prorsus
2562 4243 2750 4284 orasse
2793 4228 2848 4282 in
2889 4235 3005 4283 ῑοιο
3050 4228 3155 4283 1100
3182 4226 3405 4282 carmine
3435 4222 3630 4274 videatur;
3657 4215 3703 4259 ⁵θῦ

2293 4321 2674 4375 tantummodo
2719 4321 2916 4375 timens
2965 4336 3029 4375 ac
3079 4335 3279 4390 pavens
3321 4323 3509 4371 ventura
3535 4299 3704 4363 Chrislid

2291 4411 2544 4467 Ecclesiae
2572 4421 2916 4484 saqramenta
2941 4413 3267 4468 describere.
3296 4409 3394 4464 Nec
3421 4416 3556 4461 tamen
3578 4394 3702 4484 fallitur.

2291 4501 2384 4570 qui
2415 4516 2636 4556 carmen
2655 4481 2821 4556 suum
2849 4503 3152 4558 orationem
3183 4507 3448 4569 nuncupat,
3471 4494 3539 4563 qui
3558 4495 3594 4544 et
3609 4481 3702 4535 eidem

2294 4592 2457 4648 talem
2490 4594 2702 4648 titulum
2748 4596 3049 4666 proposuit.
3079 4595 3261 4652 Oratio
3302 4593 3512 4647 Habacuc
3543 4575 3703 4666 ρωρῢςεε

2292 4701 2392 4756 pro
2433 4660 2902 4756 ignorationibus,
2950 4689 3077 4760 quia
3121 4685 3368 4758 quidquid
3399 4682 3470 4735 vir
3497 4660 3702 4732 sanctus]?

2293 4777 2498 4846 quitur,
2547 4787 2717 4833 totum
2769 4778 3014 4848 profecto
3061 4781 3163 4835 hoc
3213 4775 3374 4834 oratio
3413 4771 3469 4826 ad
3502 4767 3615 4821 Deum
3642 4763 3699 4855 cf“

2292 4885 2454 4924 omne
2479 4870 2623 4940 quod
2653 4871 2831 4941 agitis,
2864 4873 3018 4942 cujus
3040 4873 3249 4927 sincera
3277 4865 3476 4923 intentio
3495 4867 3556 4915 est
3576 4855 3701 4908 υοωωο

2292 4965 2561 5036 Placendi,
2594 4967 2698 5021 hoc
2723 4981 2821 5036 pro
2853 4967 2969 5037 ipso
2994 4967 3132 5038 apud
3155 4964 3417 5021 Dominum
3438 4947 3657 5023 interpelhl,
3674 4943 3702 4989 εί

2293 5059 2471 5128 ipsum
2498 5059 2728 5114 Domino
2759 5063 3122 5116 commendat.

2369 5165 2387 5196 ι
2422 5146 2489 5201 Ει
2519 5147 2763 5202 introivit
2791 5157 2999 5204 tremor
3027 5150 3079 5204 in
3111 5164 3232 5205 ossa
3259 5161 3388 5203 mea.
3419 5161 3434 5193 ι
3463 5137 3558 5194 Sicu

2293 5239 2512 5294 nomine
2541 5239 2827 5308 aliquoties
2862 5241 3140 5314 Scriptura
3168 5239 3396 5296 carnales
3425 5225 3704 5318 nostrast“:

2293 5345 2413 5397 nes,
2445 5331 2520 5385 ita
2549 5332 2752 5387 ossium
2781 5306 3042 5388 vocabulo
3083 5333 3240 5388 fonia
3279 5330 3401 5387 sole;
3437 5340 3487 5379 ac
3516 5306 3700 5390 spiritualti

2293 5423 2436 5479 facta
2473 5424 2778 5494 designare.
2835 5427 3065 5496 Expavit
3107 5443 3250 5497 ergo,
3294 5422 3462 5492 inquit,
3497 5427 3568 5470 σοι’
3601 5413 3700 5499 ΜΨ

2295 5515 2362 5568 ab
2389 5515 2474 5568 his
2497 5531 2618 5584 qua:
2647 5525 2870 5570 ventura
2913 5520 2964 5572 in
3012 5520 3259 5574 :nundum
3290 5510 3532 5586 praevideo,
3560 5488 3701 5586 eum"

2295 5605 2424 5675 quid
2453 5606 2584 5659 mihi
2613 5606 2829 5661 virtutis
2862 5609 3154 5678 spiritualis
3183 5623 3296 5662 esse
3320 5600 3491 5675 putavi,
3514 5582 3701 5646 totumhoc

2295 5702 2450 5784 quasi
2481 5701 2672 5773 fragile
2698 5677 3047 5772 contremuit,
3075 5707 3198 5759 dum
3227 5702 3431 5768 majores
3451 5677 3701 5784 Christi.
3780 5727 3781 5736 η

2295 5765 2470 5851 torum
2503 5765 2866 5867 apostolorum
2895 5806 2952 5856 et
2987 5765 3209 5854 virtutes
3235 5803 3287 5853 et
3303 5765 3540 5866 passiones
3566 5765 3698 5839 amid“
