3936 6328
216 419 352 474 1129

901 416 1258 478 COMMENT.
1297 420 1364 476 ΙΝ
1401 420 1695 479 CANTICA
1737 423 1904 490 ρυΑῑ
1941 423 2033 480 AD
2068 420 2342 480 LAUDES
2381 419 2751 476 DICUNTUB.

3328 423 3467 476 1150

212 536 354 607 quod
389 537 564 606 ipsum
597 535 766 590 verbo
804 545 1065 607 sequente
1097 537 1437 596 manifestius
1469 540 1787 612 explicatur,
1815 545 1866 604 Α
1893 539 2176 611 majestate
2223 541 2446 598 lzetabor
2475 559 2487 594 :
2519 541 2653 596 ﬁcus
2703 555 2811 595 non
2850 539 3082 604 ﬁorebit,
3131 549 3188 594 et
3213 557 3322 596 non
3364 541 3470 595 erit

213 647 333 684 cum
366 629 565 684 dicitur
597 647 610 682 :

286 740 305 772 ‹
342 720 409 776 Et
449 721 639 776 subtus
690 737 778 776 me
823 723 1038 779 turbata
1081 731 1165 779 est
1193 725 1366 780 virtus
1411 741 1550 781 mea.
1584 745 1604 779 ι
1651 726 1795 781 Bene

213 823 393 869 autem
420 814 677 868 virtutem
712 830 865 869 suam
899 831 1008 871 non
1038 815 1093 869 in
1124 829 1200 880 se,
1233 817 1328 872 sed
1357 818 1548 873 subter
1577 833 1636 874 se
1665 818 1795 873 dicit
1825 878 1827 880 ,

211 919 330 960 esse
361 903 651 970 turbatam,
681 905 808 974 quia
838 914 1023 975 raptus
1051 907 1119 960 ad
1148 908 1656 977 contemplationem
1685 924 1796 964 cte-

210 996 425 1052 lestium
463 1012 786 1052 arcanorum
813 997 1078 1067 pr0pheta
1114 999 1515 1067 quodammodo
1545 1015 1707 1070 super
1735 1017 1794 1055 se

211 1106 332 1146 esse
372 1090 508 1146 vidit
550 1090 840 1154 elevatum,
878 1098 934 1144 et
971 1105 1077 1159 quo
1117 1090 1278 1146 altior
1315 1089 1546 1147 efﬁcitur
1588 1092 1794 1148 lumine

213 1180 714 1251 contemplationis,
760 1195 826 1235 eo
876 1195 936 1235 se
983 1180 1441 1252 impcrfectiorem
1492 1184 1788 1254 conspicit:

215 1273 527 1328 sublevatus
566 1272 713 1327 enim
752 1272 821 1327 ad
857 1272 1113 1327 intuenda
1155 1289 1409 1344 superna,
1433 1272 1557 1342 jure
1585 1275 1652 1332 de
1687 1277 1793 1342 his,

213 1381 331 1436 quae
369 1365 423 1418 in
465 1364 664 1419 inﬁmis
709 1372 973 1433 gesserat,
1017 1365 1391 1420 conturbatur.
1439 1365 1675 1421 Turbata
1711 1376 1795 1423 est

213 1455 584 1512 autemvirtus
613 1455 911 1525 propheta,
934 1465 1380 1511 contremuerunt
1401 1471 1546 1524 ossa,
1577 1459 1797 1529 expavit

210 1557 420 1612 venter,
433 1562 538 1602 non
552 1544 724 1602 solum
745 1546 870 1615 quia
886 1545 1064 1600 minus
1079 1545 1378 1614 perfectum
1399 1562 1457 1602 se
1470 1547 1683 1603 actione
1704 1565 1794 1604 co-

210 1637 415 1709 gnovit,
439 1652 627 1692 verum
643 1636 806 1712 etiam
835 1635 956 1705 quia
973 1650 1179 1699 omnes,
1197 1636 1287 1705 qui
1303 1637 1390 1706 pie
1404 1637 1794 1692 vellentvivere

216 1744 266 1782 in
320 1725 540 1792 Christo
589 1726 995 1798 persecutiones
1044 1741 1301 1796 passuros
1335 1726 1539 1782 didicit.
1596 1726 1701 1782 Sed
1740 1735 1797 1782 et

215 1835 386 1890 .psum
399 1819 696 1884 Christum,
713 1818 802 1888 qui
820 1818 936 1873 sine
951 1828 1171 1888 peccato
1184 1817 1412 1872 intraret
1438 1818 1493 1871 in
1512 1817 1790 1884 mundum,

1895 649 2114 704 germen
2140 633 2193 688 in
2219 633 2408 698 vineis,
2434 633 2723 688 mentietur
2750 647 2886 702 opus
2910 631 3086 697 olivae,
3120 642 3176 686 et
3203 647 3330 686 arva
3359 647 3468 687 non

1893 720 2118 778 afferent
2159 723 2376 788 cibum,
2411 733 2468 778 et
2510 730 2724 787 caetera,
2767 738 2888 793 quae
2922 723 3050 793 quia
3089 737 3196 778 non
3240 722 3470 778 multum

1897 814 2098 868 distant
2125 829 2156 868 a
2197 813 2344 868 LXX
2385 828 2508 868 cum
2543 813 2989 881 interpretatione
3034 825 3224 868 eorum
3264 813 3471 882 pariter

1895 905 2246 962 disseramus.
2287 904 2422 960 Cum
2467 905 2676 959 venerit
2713 905 2830 960 dies
2871 903 3232 960 tribulationis
3271 912 3328 958 et
3369 917 3472 973 ego

1895 997 2192 1054 escendero
2220 998 2288 1053 ad
2317 997 2570 1068 populum
2589 1037 2602 1062 ,
2643 997 2735 1066 qui
2763 1012 2974 1052 mecum
3002 996 3290 1066 aliquando
3322 1011 3476 1065 pere-

1895 1091 2140 1161 grinatus
2163 1100 2266 1156 est,
2304 1089 2385 1144 vel
2413 1099 2584 1144 certe.
2625 1104 2750 1143 cum
2780 1089 2990 1144 venerit
3010 1088 3128 1144 dies
3173 1085 3474 1142 eversionis

1893 1179 2131 1238 Iudaica:
2179 1191 2235 1237 et
2278 1180 2460 1251 populi
2506 1181 2724 1250 prioris,
2771 1191 2826 1234 et
2859 1180 3114 1246 derelicta
3159 1178 3324 1234 fuerit
3363 1177 3476 1232 ﬁlia

1897 1273 2058 1340 Sion,
2106 1275 2248 1329 sicut
2289 1272 2692 1329 tabernaculum
2722 1272 2776 1327 in
2809 1273 2996 1337 vinea,
3026 1280 3082 1327 et
3123 1272 3263 1327 sicut
3291 1268 3478 1326 casula

1895 1363 1951 1418 in
1981 1364 2387 1429 cucutnerario,
2427 1371 2482 1418 et
2523 1364 2663 1418 sicut
2699 1362 2916 1430 civitas,
2958 1378 3076 1432 quae
3115 1370 3478 1434 expugnatur,

1894 1473 1960 1512 eo
2004 1456 2222 1528 quidem
2274 1465 2534 1528 pereunte
2579 1456 2783 1512 electus
2833 1473 2950 1512 sum
2991 1457 3205 1527 populo,
3260 1455 3329 1511 de
3372 1469 3480 1526 quo

1893 1547 2097 1602 dictum
2134 1556 2217 1602 est
2245 1566 2258 1600 :
2291 1565 2328 1620 ς,
2350 1548 2418 1602 Ει
2455 1547 2556 1602 nisi
2586 1548 2842 1603 Dominus
2873 1546 3179 1617 reliquisset
3207 1547 3362 1602 nobis
3390 1561 3478 1601 se-

1896 1655 2037 1703 men,
2071 1640 2226 1710 quasi
2249 1638 2484 1694 Sodoma
2507 1638 2818 1705 fuissemus,
2847 1648 2904 1694 et
2930 1639 3086 1709 quasi
3116 1637 3379 1693 Gomorra
3405 1637 3481 1691 si-

1895 1732 2050 1786 miles
2074 1730 2366 1788 fuissemus
2389 1729 2567 1804 (Rom.
2599 1730 2699 1802 ix).
2745 1751 2764 1782 ι
2792 1730 3064 1800 Copulabo
3089 1745 3176 1784 me
3203 1727 3482 1798 discipulis

1897 1824 2119 1891 Christi,
2148 1840 2284 1894 quos
2312 1825 2436 1894 quia
2461 1825 2514 1878 in
2540 1833 2722 1880 monte
2744 1824 2925 1890 docet,
2950 1824 3122 1880 turbis
3145 1832 3202 1878 et
3214 1823 3482 1878 debilibus

214 1927 318 1966 non
331 1911 449 1966 sine
474 1925 632 1982 poena
660 1911 866 1981 peccati
895 1910 1167 1965 exiturum
1183 1908 1542 1966 viditesse'de
1572 1909 1790 1964 mundo.
1827 1899 1872 1960 Β
1898 1915 2149 1971 deorsum
2193 1915 2421 1980 relictis,
2461 1928 2562 1986 ego
2605 1915 2674 1970 ad
2712 1922 2968 1968 montana
2997 1913 3378 1968 conscendam.
3413 1910 3481 1966 lli

289 2022 306 2055 ι
347 2003 700 2074 Requiescani
733 2003 786 2056 in
815 2001 900 2056 die
928 2000 1292 2055 tribulationis
1321 2015 1482 2064 meae,
1514 2009 1572 2053 ut
1608 2015 1796 2054 ascen-

215 2117 233 2148 ι
271 2096 395 2150 dam
443 2094 508 2148 ad
563 2094 815 2166 populum
863 2091 1353 2164 transmigrationis
1408 2108 1557 2146 mete.
1619 2111 1637 2142 ι
1689 2091 1796 2146 lie-

213 2189 440 2261 quiescit
479 2187 622 2242 enim
663 2188 716 2240 in
768 2187 854 2241 die
891 2201 996 2240 non
1038 2185 1212 2240 solum
1264 2183 1654 2248 retributionis,
1700 2183 1797 2238 sed

213 2290 267 2336 et
323 2277 724 2342 tribulationis,
781 2276 907 2346 quia
958 2291 1054 2347 per
1105 2275 1422 2330 alllictiones
1475 2273 1794 2343 temporales

213 2381 412 2427 eterna
479 2384 536 2424 se
606 2367 800 2440 gaudia
890 2379 1176 2422 aucturum
1233 2381 1353 2420 esse
1421 2380 1529 2419 non
1588 2363 1797 2418 dubitat

211 2471 360 2531 juxta
417 2460 544 2515 illud
607 2458 849 2529 Apostoli
885 2476 898 2512 :
938 2477 956 2509 ‹
1001 2456 1108 2527 Spe
1152 2458 1296 2513 enim
1351 2456 1486 2510 salvi
1537 2455 1663 2511 facti
1703 2472 1796 2511 su-

213 2570 335 2609 mus
370 2551 539 2625 (Rom.
572 2551 713 2621 vni).
765 2571 783 2603 ι
817 2550 884 2604 Ει
913 2551 1107 2603 iterum
1141 2567 1152 2602 :
1199 2567 1216 2598 ‹
1256 2547 1363 2618 Spe
1395 2547 1709 2618 gaudentes,
1743 2548 1797 2602 in

210 2645 556 2700 tribulatione
586 2642 851 2714 patientes
885 2640 1061 2713 (Rom.
1096 2639 1173 2711 Χ).
1217 2659 1235 2690 ι
1277 2639 1400 2693 Haec
1422 2647 1502 2694 est
1531 2650 1710 2693 autem
1744 2639 1797 2694 in

217 2738 328 2792 hac
357 2737 465 2790 vita
514 2734 728 2805 requies
767 2732 1093 2796 electorum,
1133 2740 1213 2796 ut,
1256 2730 1446 2786 relicto
1491 2729 1800 2784 inﬁmorum

210 2829 476 2902 appetitu,
513 2837 620 2882 tota
646 2827 843 2882 mentis
871 2825 1168 2880 intentione
1194 2832 1248 2880 et
1276 2823 1604 2894 quotidianis
1628 2823 1797 2878 bono-

219 2939 342 2978 rum
365 2934 588 2990 operum
609 2917 884 2989 gressibus
909 2916 1201 2970 ascendere
1229 2930 1292 2969 ac
1318 2913 1705 2984 transmigrare
1721 2913 1803 2966 ni-

212 3023 402 3070 tantur
426 3013 492 3067 ad
527 3009 860 3066 consortium
888 3022 1098 3073 eorum,
1130 3007 1220 3078 qui
1251 3022 1308 3062 se
1335 3005 1387 3061 in
1420 3004 1637 3061 Christo
1659 3020 1799 3074 prae—

213 3113 524 3171 cesserant;
555 3103 649 3160 sed
674 3111 727 3158 et
764 3110 889 3156 ante
924 3100 1272 3155 novissimum
1303 3098 1429 3154 illud
1461 3114 1525 3153 ac
1550 3097 1802 3170 generale

213 3197 470 3268 judicium
487 3196 656 3252 sancti
681 3196 1026 3266 requiescunt
1048 3193 1099 3247 in
1124 3193 1210 3248 die
1231 3191 1592 3247 tribulationis
1608 3206 1799 3247 ascen-

213 3293 408 3348 dentes
449 3293 514 3348 ad
558 3289 814 3362 p0pulum
861 3287 1356 3359 transmigrationis
1397 3303 1542 3352 suae,
1588 3285 1802 3356 quando

215 3395 340 3458 post
375 3387 513 3441 bona
543 3400 703 3456 opera
742 3383 991 3439 translati
1023 3381 1090 3437 de
1123 3382 1320 3437 mundo
1350 3382 1591 3453 priorum
1627 3380 1804 3451 justo-

217 3494 340 3534 rum
383 3479 590 3549 gaudiis
638 3477 914 3533 sociantur
959 3476 1014 3530 in
1044 3475 1212 3538 caelis,
1269 3491 1390 3530 cum
1433 3484 1807 3544 persecutores

214 3587 407 3628 cov-um
433 3570 634 3639 pariter
661 3569 727 3623 de
753 3568 854 3622 hac
881 3568 988 3620 vita
1019 3566 1217 3621 sublati
1251 3575 1518 3621 tormenta
1550 3566 1808 3636 gehennae

213 3671 484 3735 perpetuo
520 3659 806 3714 tribulandi
843 3659 1087 3714 subeant.
1125 3657 1312 3712 Potest
1348 3666 1528 3713 autem
1568 3657 1682 3711 dies
1713 3657 1810 3709 tri-

213 3753 515 3813 bulationis
553 3754 713 3808 etiam
763 3751 815 3805 in
867 3752 966 3805 hac
1015 3749 1124 3804 vita
1169 3749 1415 3820 intelligi,
1461 3765 1582 3803 cum
1623 3763 1811 3817 grave-

215 3853 408 3902 scente
451 3841 824 3913 temporalium
871 3841 1138 3895 bonorum
1171 3840 1417 3911 penuria,
1459 3840 1514 3894 hi
1545 3840 1638 3909 qui
1684 3839 1811 3894 talia

214 3937 526 3992 dilexerant
549 3935 774 3989 nimium
795 3933 952 4004 quasi
982 3933 1216 3987 miseriis
1247 3932 1568 3987 circumdati
1594 3931 1806 3987 dolent:

215 4028 324 4083 sed
373 4026 574 4082 electus
625 4027 873 4096 quisque,
927 4025 1177 4095 quamvis
1227 4024 1418 4079 eadem
1471 4023 1811 4078 incommoda

218 4117 582 4186 corporaliter
625 4116 932 4182 sustinens,
975 4116 1080 4169 ﬁxa
1116 4130 1211 4185 spe
1253 4115 1450 4170 mentis
1481 4115 1534 4169 in
1561 4115 1810 4180 Domino,

217 4212 468 4282 requiem
495 4210 656 4267 habet
674 4212 854 4266 sciens
882 4210 1008 4281 quia
1038 4226 1144 4280 quo
1171 4209 1386 4281 gravius
1410 4210 1461 4264 in
1493 4209 1692 4264 inﬁmis
1718 4209 1812 4265 de-

220 4304 512 4376 primitur,
545 4319 611 4359 eo
639 4303 834 4358 celsius
876 4311 995 4374 post
1025 4317 1309 4372 pressuras
1339 4301 1405 4356 ad
1432 4310 1633 4356 aeterna
1657 4316 1814 4371 supe-

219 4397 434 4452 riorum
462 4395 659 4449 civium
683 4395 956 4450 consortia
979 4394 1245 4460 ascendit,
1262 4393 1349 4449 cui
1368 4393 1551 4449 sensui
1565 4392 1817 4448 convenit

218 4495 376 4559 apte,
409 4486 553 4556 quod
581 4486 830 4556 sequitur
858 4503 871 4540 :

307 4595 330 4628 ς
371 4575 532 4631 Ficus
573 4577 716 4630 enim
745 4592 849 4630 non
896 4575 1108 4630 ﬁorehit
1135 4584 1190 4630 et
1228 4591 1333 4630 non
1364 4576 1470 4630 erit
1505 4589 1723 4646 germen
1761 4573 1812 4628 in

226 4687 248 4722 ‹
291 4668 488 4731 vineis,
518 4668 805 4722 mentietur
840 4683 974 4737 opus
1004 4668 1157 4722 oliv:e
1192 4676 1248 4722 et
1278 4683 1405 4722 arva
1439 4683 1544 4721 non
1587 4665 1816 4721 aﬁ‘erent

227 4778 248 4812 ‹
295 4756 502 4822 cibum,
527 4756 835 4811 abscidetur
854 4757 918 4812 de
940 4755 1065 4810 ovili
1089 4772 1251 4825 pecus
1272 4765 1324 4810 et
1348 4772 1453 4810 non
1478 4756 1581 4810 erit
1602 4770 1817 4808 armen-

225 4873 246 4904 ε
293 4860 411 4905 tum
435 4851 488 4904 in
516 4849 865 4921 praesepibus.
903 4870 921 4903 ι
961 4848 1104 4903 LXX
1136 4867 1149 4903 :
1187 4868 1206 4900 ‹
1243 4849 1510 4916 Quoniam
1541 4848 1674 4902 ﬁcus
1711 4863 1817 4902 non

227 4943 398 5000 aﬂ'ert
435 4943 668 5000 fructum
705 4954 762 4999 et
788 4959 893 4999 non
918 4944 1020 4997 erit
1045 4942 1326 5014 generatio
1362 4943 1414 4996 in
1443 4941 1636 5005 vineis,
1665 4957 1818 4995 men-

220 5039 407 5095 tietur
437 5053 573 5108 opus
601 5037 756 5092 olivae
782 5045 837 5092 et
865 5037 1040 5106 campi
1075 5053 1181 5091 non
1229 5034 1434 5090 faciunt
1469 5048 1642 5100 escas,
1681 5031 1823 5088 defe-

222 5139 435 5189 cerunt
473 5130 541 5184 ab
577 5145 702 5186 esca
731 5145 892 5196 oves,
931 5137 982 5186 et
1024 5144 1133 5184 non
1160 5135 1320 5183 erunt
1346 5127 1402 5181 in
1431 5126 1690 5198 praesepio
1726 5127 1825 5180 bo-

223 5240 358 5280 ves.
409 5243 428 5275 ι
458 5222 623 5278 Juxta
664 5221 1011 5288 Hebraicum,
1047 5223 1101 5276 in
1137 5237 1246 5290 quo
1273 5235 1436 5291 supra
1463 5219 1720 5285 diximus,
1752 5219 1826 5272 in-

224 5320 526 5393 grediatur
549 5320 779 5391 putredo
813 5320 865 5374 in
896 5318 1108 5374 ossibus
1136 5318 1272 5372 meis
1306 5324 1360 5372 et
1384 5317 1568 5371 subter
1599 5331 1685 5370 me
1710 5330 1828 5369 sca-

225 5421 376 5476 teat,
409 5419 469 5466 ut
496 5411 830 5481 requiescam
859 5410 914 5464 in
945 5395 1032 5464 die
1058 5407 1440 5472 tribulationis,
1467 5415 1525 5460 ut
1546 5406 1829 5460 ascendam

229 5503 316 5558 ad
344 5502 602 5572 populum
621 5502 919 5557 accinctum
940 5515 1142 5567 meum,
1174 5500 1248 5554 ita
1270 5514 1390 5570 qua:
1416 5506 1828 5568 praecesserunt,

226 5594 648 5666 cOpnIabuntur
697 5595 1087 5665 sequentibus,
1143 5593 1263 5649 ideo
1313 5591 1712 5656 tribulationem
1765 5590 1830 5646 ad

226 5700 493 5758 praesens
513 5685 653 5741 volui
678 5687 968 5751 sustinere,
987 5693 1043 5740 et
1062 5693 1250 5755 postea
1274 5682 1341 5738 ad
1363 5682 1616 5754 populum
1638 5681 1830 5737 fortem

225 5777 548 5835 ascendere
569 5819 583 5845 ,
615 5779 740 5849 quia
767 5779 946 5835 veniet
977 5779 1092 5835 dies
1122 5777 1483 5833 tribulationis
1518 5785 1573 5832 et
1600 5776 1834 5833 necessi-

227 5871 423 5928 tatis:
454 5879 510 5929 et
549 5871 758 5928 caeteris
804 5871 856 5926 in
891 5871 1136 5942 angustia
1163 5871 1495 5937 constitutis,
1525 5884 1624 5936 ego
1661 5869 1710 5923 in
1743 5875 1828 5922 tua

581 5961 853 6026 Ριτιιοι..
900 5961 1094 6024 CXII.

1898 2013 2077 2060 autem
2107 2021 2295 2061 versus
2317 2046 2332 2072 ,
2363 2006 2409 2060 si
2438 2006 2559 2075 quis
2589 2014 2815 2076 quaerat,
2843 2004 2971 2076 quid
3001 2004 3300 2076 ﬁguraliter
3319 2003 3483 2075 signi-

1895 2095 2082 2161 ficent,
2126 2096 2198 2150 ita
2228 2105 2405 2164 potest
2439 2096 2635 2166 exponi
2667 2111 2682 2150 :
2715 2097 2871 2163 licus,
2917 2097 3075 2151 vinea
3104 2105 3157 2152 et
3187 2097 3326 2152 oliva
3364 2105 3484 2150 erat

1897 2200 2164 2257 synagoga
2187 2184 2516 2251 Judaaorum,
2548 2187 2766 2257 quando
2801 2187 3140 2243 dulcedinem
3165 2187 3320 2242 bona:
3347 2202 3478 2257 ope-

1897 2279 2149 2346 rationis,
2190 2278 2526 2350 ﬂagrantiam
2562 2277 2784 2334 fervida:
2817 2279 3145 2346 dilectionis,
3194 2279 3480 2350 pinguedi-

1897 2387 2018 2426 nem
2078 2371 2244 2426 animi
2300 2370 2668 2425 misericordis
2729 2371 2840 2426 Deo
2896 2372 3088 2426 devota
3152 2370 3480 2440 proferebat.

1897 2465 2038 2521 Oves
2063 2474 2117 2518 et
2141 2465 2308 2520 boves
2333 2464 2494 2535 typici
2521 2473 2676 2519 erant
2705 2463 2760 2518 in
2783 2463 2974 2519 eadem
2996 2463 3170 2534 plebe,
3186 2479 3315 2520 oves
3332 2463 3485 2520 vide-

1897 2553 2025 2610 licet
2053 2555 2107 2609 in
2135 2555 2215 2609 eis
2239 2555 2330 2624 qui
2377 2569 2564 2610 vocem
2596 2553 2790 2608 summi
2817 2553 3051 2623 pastoris
3083 2552 3358 2608 humiliter
3384 2567 3484 2608 au-

1899 2644 2136 2700 diebant.
2168 2642 2340 2698 Boves
2365 2659 2494 2698 vero
2519 2643 2574 2696 in
2604 2643 2740 2706 illis,
2785 2643 2877 2713 qui
2900 2641 3088 2713 jugum
3117 2642 3251 2712 legis
3275 2643 3489 2698 naviter

1899 2745 2176 2810 portantes
2217 2739 2286 2791 ad
2337 2735 2613 2792 faciendos
2653 2737 2919 2792 bonorum
2972 2752 3197 2806 operum
3255 2737 3487 2805 fructus,

1901 2829 2067 2884 corda
2090 2827 2420 2882 audientium
2444 2825 2630 2881 sedulo
2657 2827 2900 2882 docendo
2923 2835 2980 2881 et
3001 2827 3315 2897 castigando
3334 2817 3490 2897 quasi

1902 2931 2106 2976 terram
2143 2919 2355 2974 Domini
2397 2918 2599 2974 arando
2629 2919 2918 2989 parabant,
2951 2919 3145 2988 hisque
3175 2919 3491 2988 spiritaliter

1900 3014 2226 3080 viventibus,
2255 3011 2528 3082 spiritales
2559 3010 2830 3067 faciebant
2851 3025 3008 3066 escas
3031 3011 3209 3081 campi
3244 3011 3492 3082 Scriptu-

1903 3124 2086 3164 rat-um
2118 3106 2422 3162 divinarum
2459 3103 2739 3169 latissimi,
2771 3119 3002 3174 quorum
3032 3102 3492 3173 pabulo-delecta-

1905 3203 2064 3258 batur
2099 3200 2216 3264 ille,
2245 3198 2337 3268 qui
2365 3206 2426 3252 ut
2449 3195 2753 3267 jumentum
2795 3195 2970 3254 factus
2989 3206 3109 3252 erat
3153 3195 3292 3267 apud
3322 3197 3491 3254 Deum

1907 3306 1962 3351 et
2007 3311 2217 3366 semper
2251 3271 2328 3348 illi
2363 3291 2675 3348 adhaerebat
2718 3290 2944 3345 dicens:
2983 3309 3001 3342 ι
3057 3290 3318 3346 Dominus
3356 3291 3495 3361 regit

1907 3405 1994 3444 me
2017 3399 2072 3442 et
2107 3385 2239 3441 nihil
2268 3384 2398 3439 mihi
2429 3383 2620 3448 deerit,
2647 3379 2844 3436 inloco
2873 3395 3084 3450 pascuae
3111 3381 3185 3437 ibi
3215 3396 3302 3436 me
3334 3381 3496 3436 collo-

1908 3481 2054 3536 cavit
2094 3475 2265 3550 (Psal.
2303 3475 2462 3546 xxn).
2503 3495 2522 3527 ι
2570 3471 2676 3528 Sed
2707 3473 2822 3527 hzec
2851 3472 2986 3528 ﬁcus
3016 3471 3244 3528 Domino
3273 3473 3340 3527 ad
3373 3488 3496 3530 eam

1912 3572 2070 3626 tertio
2101 3569 2368 3631 veniente,
2402 3566 2505 3621 hoc
2545 3575 2648 3630 est,
2676 3564 2730 3619 in
2767 3563 3100 3634 legislatione
3120 3579 3219 3633 per
3251 3565 3492 3638 Moysen,

1911 3666 1964 3717 in
2007 3662 2190 3718 sedula
2220 3659 2589 3728 increpatione
2623 3666 2678 3712 et
2709 3657 3087 3712 exhortatione
3124 3672 3222 3726 per
3267 3659 3498 3727 prophe-

1914 3765 2016 3817 tas,
2043 3756 2096 3808 in
2126 3752 2396 3808 oblatione
2426 3749 2613 3822 gratia:
2632 3764 2730 3820 per
2757 3749 2992 3819 seipsum
3020 3748 3236 3802 virtutis
3260 3755 3495 3804 tructum

1911 3850 2058 3902 ferre
2099 3845 2354 3917 neglexzt,
2393 3853 2610 3914 prepter
2636 3841 2778 3912 quod
2817 3843 2882 3897 ad
2929 3841 3361 3896 maledictionem
3383 3841 3500 3910 ejus

1913 3950 2113 3994 aeterna
2160 3936 2414 3990 ariditate
2455 3935 2707 3989 damnata
2745 3941 2857 4000 est,
2896 3932 3094 3987 defecit
3127 3933 3402 4001 generatio
3443 3933 3499 3987 in

1919 4029 2087 4084 vineis
2127 4026 2396 4096 quondam
2427 4024 2660 4090 Domini,
2687 4024 2740 4078 id
2765 4032 2868 4090 est,
2904 4023 3113 4080 fructus
3138 4025 3420 4101 charitatis
3444 4026 3500 4080 in

1916 4118 2089 4174 turbis
2129 4116 2460 4182 Judaeorum,
2508 4123 2729 4186 propter
2757 4115 2898 4185 quod
2929 4115 3132 4170 sitienti
3169 4116 3245 4170 illi
3285 4126 3496 4172 acetum

1915 4228 2013 4283 pro
2059 4212 2186 4266 vino
2225 4208 2554 4274 obtulerunt,
2589 4209 2642 4263 id
2695 4217 2808 4276 est,
2863 4209 3123 4264 virtutum
3173 4210 3495 4266 suavitatem

1915 4304 1971 4359 in
2015 4320 2073 4359 se
2132 4303 2393 4374 quaarenti
2450 4302 2702 4356 vitiorum
2767 4302 3074 4357 acredinem
3128 4303 3498 4373 proferebant,

1917 4397 2277 4452 mentiebatur
2327 4410 2461 4464 opus
2512 4394 2667 4449 oliva:
2693 4435 2708 4460 ,
2763 4410 2886 4450 cum
2937 4395 3128 4450 eadem
3181 4396 3332 4466 plebs
3382 4396 3502 4451 oleo

1917 4487 2242 4542 adulationis
2271 4485 2630 4556 impingttaret
2656 4485 2832 4554 capita
2862 4486 3202 4551 miserorum,
3235 4487 3501 4555 ductaque

1917 4578 2193 4649 propheta:
2225 4577 2436 4632 veracia
2467 4575 2602 4631 falso
2637 4591 2731 4630 ore
2763 4585 3043 4631 resonaret
3069 4576 3254 4631 dicens
3288 4596 3299 4630 :
3337 4599 3353 4628 ε
3391 4578 3504 4646 Ego

1921 4679 2100 4723 autem
2135 4669 2276 4723 sicut
2308 4667 2446 4721 oliva
2482 4666 2761 4720 fructifera
2799 4667 2849 4720 in
2880 4667 3039 4720 domo
3066 4665 3161 4720 Dei
3186 4668 3396 4738 speravi
3446 4669 3502 4722 in

1921 4760 2289 4816 misericordia
2337 4759 2431 4814 Dei
2469 4756 2642 4830 (Psal.
2686 4757 2780 4826 LI).
2813 4758 3040 4828 Propter
3076 4761 3217 4829 quod
3263 4769 3503 4829 tempore

1923 4851 2124 4906 ultimae
2159 4849 2531 4905 retributionis
2574 4848 2870 4903 exstinctas
2919 4847 3143 4902 allatura
3188 4849 3500 4919 lampadas,

1924 4953 2123 5000 etcum
2150 4945 2264 4998 suis
2295 4943 2531 4998 tenebris
2569 4941 2636 4996 ab
2677 4942 2920 5011 ingressu
2953 4951 3037 4996 est
3063 4943 3248 5013 patria:
3269 4944 3506 5000 ctelestis

1926 5037 2467 5108 excludenda.Campi
2486 5051 2589 5091 non
2603 5034 3117 5101 faciuntescas,cum
3142 5037 3294 5106 plebs
3314 5039 3504 5093 eadem

1930 5131 2132 5202 apertis
2176 5130 2479 5185 divinorum
2515 5127 2727 5197 apicum
2778 5127 2986 5197 paginis
3031 5142 3228 5196 pascua
3264 5128 3506 5183 veritatis

1931 5221 2174 5275 inuenire
2222 5228 2368 5273 recte
2405 5216 2748 5287 intelligendo
2788 5231 2893 5270 non
2933 5215 3113 5282 valet;
3151 5217 3406 5271 deﬁciunt
3439 5216 3506 5269 ab

1933 5329 2057 5369 esca
2096 5327 2259 5376 oves,
2289 5311 2414 5381 quia
2449 5310 2642 5379 quibus
2686 5309 2916 5363 internze
2959 5307 3182 5363 refectio
3211 5307 3506 5362 dulcedinis

1935 5384 2106 5466 abest,
2137 5401 2280 5456 unde
2310 5399 2616 5455 innocentia
2637 5398 2760 5453 vitae
2786 5398 3046 5468 simplicis
3069 5396 3369 5467 proveniat,
3400 5411 3507 5449 non

1936 5504 2037 5550 est.
2081 5492 2174 5549 Sic
2214 5501 2389 5547 autem
2423 5491 2622 5545 dictum
2653 5499 2737 5545 cst
2780 5489 3092 5545 defecerunt
3116 5490 3183 5542 ab
3208 5502 3331 5543 esca
3356 5501 3509 5552 oves,

1935 5586 1986 5639 id
2024 5593 2125 5650 est,
2164 5583 2290 5652 quia
2341 5597 2465 5638 esca
2515 5581 2720 5646 deerat,
2775 5581 2916 5636 sicut
2952 5588 3007 5635 et
3053 5579 3106 5632 in
3136 5577 3344 5649 psalmo
3373 5577 3509 5635 Pro-

1933 5678 2092 5749 pheta
2126 5695 2140 5732 :
2172 5695 2190 5727 ι
2225 5675 2294 5731 Ει
2321 5691 2450 5730 caro
2478 5690 2628 5740 mea,
2661 5673 2856 5743 inquit,
2883 5673 3165 5728 immutata
3191 5679 3276 5726 est
3293 5679 3514 5740 propter

1934 5770 2111 5826 oleum
2143 5767 2316 5842 (Psal.
2348 5767 2536 5838 cvm),
2579 5787 2596 5818 ι
2632 5767 2685 5822 id
2720 5774 2833 5828 est,
2862 5765 2987 5834 quia
3015 5762 3224 5827 oleum,
3250 5778 3357 5832 quo
3385 5762 3510 5815 reﬁ-

1936 5879 2090 5920 ccrcr
2118 5865 2229 5920 sive
2258 5878 2493 5934 ungercr
2523 5876 2628 5916 non
2657 5865 2796 5915 erat.
2837 5858 3074 5928 Denique
3105 5857 3322 5930 quidam
3364 5852 3514 5910 codi-

3005 5949 3084 6009 36
