3936 6328
558 314 689 374 “Si
1195 306 1257 367 Β.
1298 310 1555 370 BABANI
1593 310 1816 370 MAURI
1853 304 2170 370 ARCHIEP.
2213 305 2533 368 MOGUNT.
2572 303 2858 365 OPERUM
2894 302 3065 363 PARS
3097 300 3178 364 ill.
3568 322 3656 383 mg

555 449 650 492 ces
674 433 757 490 sic
781 430 1006 497 habent,
1029 425 1366 497 defecerunt,
1393 444 1460 487 eo
1485 431 1633 502 quod
1654 445 1765 488 non
1791 431 2145 488 comederunt
2168 431 2223 494 Α
2247 443 2372 501 ago,
2409 427 2607 483 merito
2649 425 2796 483 enim
2846 408 3156 496 adjuvantur
3180 441 3211 503 a
3248 425 3453 497 Domino,
3484 442 3531 489 ut
3556 437 3658 497 victis

555 540 728 583 oves:
752 537 864 579 non
890 527 1019 581 sunt
1049 520 1109 577 in
1136 521 1402 593 praeripio
1429 521 1618 589 boves,
1644 521 1903 593 quoniam
1926 521 2149 594 quidetu
2250 522 2645 583 testationibus
2670 520 2883 592 probati
2911 521 2977 576 ad
3000 520 3217 592 palmam
3239 536 3442 592 supernae
3459 532 3659 589 vocationis

556 612 1808 688 abundantapudludaaospmsepiacolestium
1823 615 2146 682 litterarum,
2198 624 2211 630 ‘
2248 614 2599 687 perveniant,
2624 612 2719 683 qui
2753 619 2924 668 totam
2949 612 3179 668 victoria:
3207 627 3306 669 sua:
3333 630 3505 672 causam
3525 621 3573 674 ul
3589 626 3661 691 eius

557 710 657 769 sed
696 709 826 783 quia
880 706 1140 779 pabuhm
1190 705 1431 773 celestis
1475 705 1783 765 intellectus
1817 708 1876 764 in
1914 707 2001 764 his
2040 720 2150 764 nou
2245 704 2464 761 laudem
2500 702 2765 759 referunt.
2796 701 3025 771 Quidam
3051 701 3249 759 codices
3268 703 3464 773 habent,
3494 725 3512 759 ι
3534 714 3665 768 urin-

555 802 796 877 sapitmt,
820 800 920 873 equi
944 815 1112 858 suave
1138 797 1333 873 iugum
1355 799 1639 872 Evangelii
1660 798 1903 870 baiulent
1927 801 2146 867 absunt,
2248 814 2369 856 eam
2400 798 2456 855 in
2489 796 2719 855 Cantleo
2746 796 2939 867 ipsius,
2976 813 2996 850 ι
3031 795 3164 867 quod
3186 797 3248 852 ad
3267 813 3405 853 unum
3423 801 3664 875 uldequ

556 908 680 966 quia
708 892 895 951 omnia
935 892 1143 964 perﬁde
1185 892 1331 963 parti
1377 893 1557 963 gentis
1606 906 1719 949 sum
1753 901 2150 964 supervontura
2248 904 2471 947 sensum
2514 887 2757 961 respicit.
2810 887 2991 944 Vincit
3033 888 3170 943 enim
3216 886 3267 944 in
3296 887 3485 961 ,Caatico
3516 893 3665 963 Domini,

556 985 915 1048 considerans
931 982 1204 1053 Propheta
1223 981 1430 1047 statim,
1456 982 1590 1053 quid
1615 981 1731 1053 ipse
1749 997 1875 1039 cum
1900 980 2150 1039 ﬁdelibus
2247 981 2499 1054 quisquis
2539 980 2596 1037 in
2634 979 2867 1045 cunctis,
2916 992 3050 1050 quas
3090 979 3307 1050 patitur,
3338 981 3665 1053 tribulationibus,

557 1073 802 1145 ejusdem
833 1072 1031 1145 gentis,
1054 1073 1166 1129 imo
1190 1086 1315 1128 cum
1351 1071 1537 1138 totius,
1561 1087 1683 1143 qum
1700 1087 1801 1143 per
1822 1072 2010 1129 orbem
2033 1071 2147 1129 eol-
2248 1075 2327 1131 illi
2378 1076 2584 1147 gratias
2627 1087 2697 1129 ex
2745 1072 2911 1129 corde
2952 1086 3109 1143 agere
3143 1071 3299 1137 novit,
3336 1073 3479 1131 sciens
3503 1078 3667 1145 quoniam

561 1163 780 1237 ligenda
804 1163 861 1219 in
891 1160 1133 1230 Christo,
1160 1162 1249 1229 .vel
1282 1162 1509 1221 collecta
1528 1171 1672 1231 erat,
1694 1162 1952 1227 Ecclesiae
1970 1164 2149 1221 socie-

559 1263 675 1312 tate
700 1253 946 1313 factttms
981 1263 1130 1313 esset
1153 1254 1391 1311 ostendit
1421 1255 1609 1312 dicens
1638 1274 1653 1311 :

636 1367 657 1401 s
686 1347 801 1421 Em
823 1355 1008 1415 autem
1043 1347 1099 1407 in
1123 1347 1353 1409 Domino
1378 1348 1646 1420 gaudebo,
1675 1356 1732 1405 et
1769 1349 2057 1406 exsultabo
2093 1348 2151 1405 in

562 1459 586 1497 α
620 1439 739 1509 Deo
763 1438 895 1501 Iesu
926 1454 1070 1509 meo.
1108 1458 1131 1494 ι
1161 1438 1285 1496 Alia
1304 1440 1521 1496 editio:
1559 1457 1580 1493 ι
1613 1440 1726 1514 Ego
1752 1449 1934 1505 autem
1963 1440 2150 1503 ἰαυο-

556 1534 710 1592 mine
752 1533 1048 1607 doriahor,
1094 1532 1346 1606 gaudebo
1387 1534 1446 1589 in
1484 1531 1600 1590 Deo
1624 1532 1753 1590 Iesu
1785 1549 1927 1591 meo.
1976 1553 1997 1588 ι
2036 1533 2153 1607 Ego

561 1633 767 1691 autem
801 1624 1079 1696 inquiens,
1099 1640 1214 1682 non
1240 1625 1296 1681 in
1326 1638 1448 1680 mea
1467 1623 1701 1695 iustitia,
1729 1626 1827 1683 sed
1852 1627 1909 1682 in
1935 1625 2041 1684 ﬁde
2067 1627 2152 1683 di-
2252 1647 2445 1705 genus,
2476 1630 2823 1700 scribamque
2847 1628 3225 1701 panegyricum
3249 1627 3550 1698 triumphanti,
3574 1629 3672 1697 etqri

555 1717 700 1781 vium
742 1717 1100 1790 pmteetionis
1137 1716 1439 1790 gloriabor,
1484 1716 1738 1788 gaudebo
1762 1717 1817 1773 in
1860 1718 1973 1774 Deo
2022 1717 2151 1774 Iesu
2250 1720 2524 1792 principio
2564 1719 2786 1783 locutus
2813 1733 2956 1784 sum,
3003 1736 3025 1772 ε
3056 1717 3328 1790 Usquequo
3358 1717 3548 1773 clamabo
3566 1726 3672 1773 etnon

556 1823 683 1867 meo
713 1825 731 1867 :
761 1808 856 1881 qui
884 1824 994 1866 non
1018 1809 1074 1866 in
1103 1824 1193 1867 me
1213 1823 1413 1877 meam,
1441 1810 1537 1867 sed
1564 1810 1620 1866 in
1642 1809 1734 1869 illo
1762 1810 1994 1869 salutem
2028 1824 2152 1868 esse
2178 1797 2229 1859 Β
2253 1811 2538 1880 exaudies,
2573 1809 2921 1867 vociferabor
2943 1810 3011 1866 ad
3038 1819 3109 1877 to,
3150 1811 3251 1865 vim
3271 1812 3449 1883 patiens
3469 1820 3512 1866 et
3531 1825 3601 1865 non
3617 1809 3674 1865 al

557 1901 858 1975 perpendo,
882 1910 940 1959 et
967 1901 1124 1974 quasi
1150 1915 1520 1975 qumuremus
1540 1902 1612 1960 ab
1638 1917 1726 1969 eo,
1761 1918 1934 1975 quare
1955 1903 2153 1976 gloria-
2253 1909 2432 1974 vabis,
2466 1927 2487 1962 ι
2513 1915 2568 1963 et
2587 1907 2654 1963 de
2670 1903 2882 1976 iustitia
2896 1904 3207 1977 iudicioque
3224 1912 3675 1977 causatussum,postu

2251 1259 2434 1333 (Rom.
2478 1260 2623 1333 vm).
2675 1280 2695 1314 ι
2726 1258 2918 1316 Potest
2954 1266 3133 1315 tamen
3170 1259 3223 1314 in
3264 1259 3356 1315 hac
3386 1260 3671 1333 sententiam-

2249 1354 2431 1426 phetm
2462 1353 2618 1425 juxta
2656 1352 2942 1408 historiam
2973 1350 3093 1407 talis
3129 1364 3240 1406 esse
3277 1363 3453 1417 sensus,
3482 1367 3530 1407 ac
3552 1354 3584 1408 si
3607 1354 3671 1422 ipse

2247 1448 2458 1505 diceret
2492 1466 2507 1503 :
2541 1447 2657 1519 Ego
2703 1446 2918 1501 vincam
2952 1444 3007 1500 in
3051 1442 3295 1509 carmine,
3343 1451 3391 1499 et
3426 1459 3569 1500 manus
3595 1461 3671 1500 me:

2251 1550 2578 1619 component
2620 1540 2902 1613 cytharam
2941 1547 2999 1595 et
3022 1539 3321 1610 psalterium
3338 1547 3385 1595 et
3415 1555 3536 1595 omne
3560 1541 3671 1611 organi

558 2004 715 2061 retur
748 1996 806 2052 in
855 1995 1087 2055 Domino
1122 1996 1266 2057 etin
1296 1994 1411 2053 Deo
1435 1993 1599 2065 Iesu,
1640 2012 1804 2068 quem
1834 2013 1992 2054 suum
2019 2012 2152 2069 pro-
2254 1998 2489 2056 laudabo
2510 1997 2825 2069 aequitatem
2845 2004 2901 2054 et
2930 2004 3182 2054 cantores
3197 2005 3397 2053 caeteros
3420 2009 3515 2051 meo
3531 1994 3675 2050 tat-mitte

557 2090 742 2162 prium
773 2104 985 2162 magna;
1013 2086 1323 2145 dilectionis
1351 2089 1526 2161 gratia
1555 2089 1929 2161 nuncupabat,
1954 2088 2155 2160 gaude—
2255 2092 2542 2164 snperaho.
2588 2090 2823 2147 Pulchre
2857 2098 3040 2146 autem
3069 2089 3312 2145 carminis
3338 2086 3469 2156 hujus
3488 2085 3675 2158 prophetici

556 2191 666 2249 ret,
702 2184 963 2240 continuo
987 2182 1139 2241 velut
1161 2183 1524 2255 iustissimam
1544 2182 1791 2254 ejusdem
1817 2182 2001 2257 gaudii
2024 2198 2151 2241 cau—
2251 2186 2526 2259 principio
2550 2187 2862 2258 respondet,
2893 2186 2990 2257 qui
3018 2186 3160 2242 enim
3184 2185 3366 2241 auditis
3386 2192 3434 2240 et
3448 2179 3676 2240 consideratis

557 2291 677 2333 sam
698 2275 1003 2343 insinuans,
1034 2276 1111 2332 ita
1136 2291 1296 2334 suum
1322 2290 1543 2333 carmen
1570 2274 1903 2332 terminavit.
2254 2266 2469 2335 Domini
2498 2279 2554 2335 in
2594 2292 2763 2335 carne
2804 2278 3123 2351 apparentls
3160 2278 3390 2351 operibus
3410 2275 3577 2331 ﬁdeliter
3593 2273 3678 2326 tinet

568 2400 575 2409 ι
634 2384 655 2419 ι
690 2366 836 2423 Deus
858 2366 1121 2424 Dominus
1140 2365 1401 2424 fortitudo
1416 2381 1538 2422 mea
1558 2374 1615 2422 et
1635 2372 1801 2438 ponet
1821 2364 1987 2435 pedes
2004 2378 2155 2420 meos
2254 2385 2318 2428 ac
2342 2370 2755 2444 pavescit,ﬁt,nt
2775 2371 3105 2443 contemptis
3126 2371 3204 2427 eis
3223 2370 3391 2444 quain
3401 2367 3568 2424 hacvita
3582 2364 3677 2419 im

564 2475 587 2511 ε
620 2455 776 2528 quasi
805 2470 1093 2514 cervorum
1125 2464 1184 2514 et
1218 2471 1385 2529 super
1405 2456 1623 2515 excelsa
1657 2471 1778 2512 mea
1809 2454 2039 2512 deducet
2065 2469 2146 2510 me

2253 2467 2431 2545 pelagi
2460 2466 2777 2529 fluctuantis
2801 2467 2959 2524 vario
2980 2473 3130 2524 statu
3151 2464 3395 2535 feruntur,
3420 2464 3466 2521 in
3485 2458 3677 2537 ipsosnh

566 2567 586 2604 ι
619 2548 816 2608 victori
847 2549 905 2605 in
938 2548 1169 2608 Psalmis
1210 2559 1518 2608 canentem.
1561 2568 1582 2604 ι
1613 2547 1786 2615 Deus,
1818 2548 2015 2619 inquit,
2049 2547 2156 2603 Do-
2257 2560 2519 2633 ειοι-ίθωιι
2545 2569 2601 2618 ει
2630 2560 2885 2633 gaudeat,

557 2643 741 2699 minus
778 2639 1043 2700 fortitudo
1088 2654 1209 2699 mea
1256 2639 1461 2699 nullam
1501 2641 1669 2701 etiam
1710 2639 1894 2705 aliam,
1946 2639 2052 2696 nisi
2098 2639 2155 2695 in

558 2733 796 2798 Ghristo,
844 2733 1060 2792 habebo
1096 2734 1356 2791 virtutem
1393 2740 1451 2790 et
1486 2741 1713 2790 cunctas
1741 2730 1877 2803 legis
1914 2729 2156 2802 justitias

558 2824 887 2898 quisquilias
932 2825 1280 2898 computabo,
1319 2831 1377 2882 et
1412 2830 1578 2896 ponet
1614 2823 1780 2896 pedes
1809 2837 1961 2880 meos
1998 2822 2154 2893 quasi

558 2896 865 2987 cervorum,
896 2926 959 2975 ut
982 2896 1191 2977 calcem
1215 2932 1381 2990 super
1404 2918 1648 2991 aspidem
1669 2925 1726 2973 et
1751 2916 2039 2974 basilicum
2056 2958 2071 2981 ,
2099 2923 2157 2972 et
2367 2899 2786 2965 CANTICUM
2831 2901 3055 2964 LIBRI
3098 2896 3620 2965 DEUTERONOMII.

558 3010 714 3082 quasi
741 3025 881 3085 puer
899 3010 1163 3101 parvulus
1187 3010 1404 3067 mittam
1429 3011 1487 3066 in
1511 3010 1761 3067 foramen
1786 3018 1845 3066 et
1869 3010 2152 3101 extraham
2327 3019 2551 3101 Legitur
2576 3020 2632 3077 in
2667 3021 3111 3089 οευιθι-οηοωίο,
3136 3023 3274 3095 quod
3296 3022 3489 3095 Moyses,
3511 3026 3683 3093 postquam

557 3111 868 3174 serpentem
892 3100 1088 3159 ’“d‘m
1112 3103 1181 3160 de
1200 3101 1448 3160 οοῑυδνοο
1471 3101 1680 3159 ῧθωίιίε
1703 3100 1851 3159 enim
1878 3099 2155 3157 fratruelis
2181 3165 2224 3189 η
2258 3099 2585 3185 conscripsit
2604 3114 2771 3172 verba
2805 3114 2939 3189 legis
2975 3116 3037 3173 in
3064 3117 3330 3183 volumine
3348 3126 3483 3188 atque
3493 3109 3682 3185 completi!»

559 3165 717 3253 meus
746 3209 957 3270 capreae
982 3195 1320 3253 authinnnlo
1340 3210 1621 3253 cervorum
1639 3238 1655 3263 ,
1683 3203 1739 3251 et
1756 3195 1885 3268 quia
1919 3194 2035 3266 ipse
2069 3202 2146 3251 est

2621 3165 2771 3172 7--“
2806 3165 2851 3171 _-
2892 3165 2937 3172 --
2976 3165 3037 3173 _..
3078 3165 3328 3183 .-_-.-_-.,-
3348 3165 3624 3188 --.βπ-,η
3674 3165 3680 3173 ,

2256 3206 2470 3265 locutus
2494 3207 2588 3273 sit,
2610 3165 3152 3266 audienteuuniverso
3169 3219 3306 3268 coetu
3325 3209 3485 3276 Israel,
3495 3207 3607 3264 verba
3620 3218 3683 3262 ctr-

555 3305 772 3357 eervus,
805 3289 941 3346 mihi
968 3300 1184 3361 quoque
1207 3287 1457 3356 donavit,
1484 3296 1545 3345 ut
1566 3303 1763 3345 cervus
1783 3302 1962 3345 essem
1984 3288 2154 3344 subli-
2257 3296 2422 3352 minis
2456 3290 2618 3367 hujus
2656 3304 2712 3353 et
2763 3298 2832 3354 ad
2860 3298 3039 3375 linem.
3076 3317 3244 3375 usque
3270 3299 3566 3377 compleverit
3597 3292 3685 3353 ῧαάο

557 3382 667 3438 mis
691 3380 959 3437 cornibus
977 3379 1193 3437 findens
1216 3380 1470 3455 ungulas,
1497 3381 1647 3437 cibos
1675 3380 1977 3467 ruminans,
2008 3389 2065 3436 et
2084 3379 2153 3436 ad
2255 3385 2453 3455 conjici
2505 3387 2665 3443 datur
2712 3403 2934 3446 carmen
2980 3391 3148 3461 istud,
3204 3395 3336 3467 quod
3373 3394 3420 3450 in
3450 3388 3685 3449 testimoni!!!

558 3473 785 3531 odorem
807 3486 989 3528 meum
1012 3479 1295 3544 serpentes
1335 3471 1564 3545 fugiant,
1607 3471 1676 3527 de
1718 3486 1827 3542 quo
1863 3460 2065 3529 dicitur
2096 3473 2150 3528 in
2253 3477 2381 3535 filiis
2428 3479 2595 3536 lsrael
2622 3478 2835 3553 Moyses
2868 3460 3183 3541 decantavit
3207 3460 3235 3555 ξ
3261 3502 3359 3543 non
3388 3483 3685 3556 simplicem!“-

558 3563 813 3637 psalmo:
851 3581 871 3616 ι
922 3562 1027 3633 Qui
1063 3563 1293 3636 perfecit
1332 3564 1502 3636 pedes
1528 3577 1682 3619 meos
1706 3563 1865 3634 quasi
1905 3563 2051 3620 cervi
2095 3570 2153 3621 et
2253 3572 2536 3629 tummodo
2588 3572 2875 3631 historiam
2915 3591 3136 3643 sonare,
3192 3579 3285 3637 sed
3325 3575 3542 3652 spirituali
3572 3568 3683 3631 ἰηιεῶ

557 3672 725 3729 super
740 3655 956 3714 excelsa
978 3663 1145 3728 ponet
1171 3670 1260 3714 me
1281 3653 1455 3729 (Paul.
1492 3653 1710 3729 xxviii).
1751 3674 1770 3707 ι
1811 3655 1880 3711 Ει
1914 3670 2103 3713 rursus
2132 3671 2148 3711 :
2253 3663 2434 3736 gentia
2465 3663 2842 3734 plenissimum
2875 3683 3018 3725 esse.
3048 3669 3251 3727 Partim
3279 3671 3408 3729 enim
3426 3662 3685 3727 secundumhi-

562 3769 586 3806 s
620 3751 741 3809 Vox
768 3749 983 3808 Domini
1010 3749 1342 3822 perﬁcientis
1368 3763 1578 3807 cervos.
1633 3768 1655 3802 ›
1691 3750 1863 3806 Ponet
1896 3765 2027 3823 ergo
2054 3764 2150 3820 pe-
2252 3749 2475 3806 storiam
2533 3750 2904 3809 lsraelitarum
2957 3772 3062 3827 pro
3114 3757 3380 3817 beneﬁciis
3418 3755 3687 3831 opulentissime

557 3847 657 3903 des
697 3859 850 3902 meos
876 3844 1020 3901 inter
1043 3851 1278 3900 caeteros
1307 3858 1499 3901 cervos
1528 3858 1688 3910 suos,
1720 3850 1776 3899 et
1805 3843 1877 3899 ad
1907 3842 2151 3899 caelestia
2252 3841 2356 3898 sibi
2377 3856 2411 3897 a
2445 3841 2678 3901 Domino
2705 3845 2921 3905 collatis
2958 3853 3259 3922 exprobrat
3281 3852 3521 3926 perﬁdiam
3544 3844 3685 3919 :partin

554 3937 817 4010 perducet
858 3950 970 4003 me,
1000 3942 1062 3991 ut
1098 3934 1242 3991 inter
1282 3934 1503 4007 angelos
1536 3950 1732 3992 canam
1774 3934 1999 4008 gloriam
2047 3936 2150 3990 Do-
2249 3947 2350 4003 per
2377 3932 2687 4007 allegoriam
2719 3937 2786 3994 de
2812 3943 3091 4011 mysteriis
3129 3944 3423 4002 caelestibus
3446 3949 3616 3999 sanctam
3636 3931 3687 3990 Dei

556 4031 693 4088 mini
721 4039 781 4088 et
799 4045 963 4102 super
986 4037 1189 4087 terram
1222 4043 1412 4100 pacem
1437 4029 1751 4085 hominibus
1771 4027 1927 4084 bonae
1954 4028 2147 4083 volun-

558 4126 687 4184 tatis
742 4123 1082 4181 annuntiem.
1132 4123 1338 4180 Canam
1383 4130 1564 4180 autem
1613 4122 1893 4178 victoriam
1934 4121 2050 4192 ejus
2093 4127 2150 4178 et

555 4216 896 4289 triumphum
940 4224 999 4273 et
1037 4213 1341 4286 trophaeum
1385 4214 1587 4271 crucis.
1633 4212 1945 4271 Secundum
1984 4213 2146 4269 aliam

557 4315 741 4366 autem
761 4306 1051 4363 editionem
1072 4305 1190 4360 haec
1207 4303 1524 4375 prophetica
1543 4304 1815 4361 sententia
1838 4303 1910 4359 ita
1930 4303 2146 4376 legitur.

634 4418 655 4453 ι
686 4398 917 4455 Domine
944 4398 1112 4462 Deus,
1141 4395 1317 4452 virtus
1339 4411 1482 4463 mea,
1513 4396 1786 4453 constitue
1812 4397 1975 4468 pedes
1999 4411 2150 4451 meos

560 4511 583 4545 ι
617 4490 676 4546 in
709 4486 1234 4547 consummationem
1271 4494 1329 4543 et
1353 4499 1519 4557 super
1556 4486 1771 4543 excelsa
1816 4492 2019 4541 statuet
2058 4499 2147 4540 me

2935 2796 3177 2847 INCIPIT

2251 4134 2465 4175 morum
2493 4136 2937 4195 unumquemque
2974 4125 3214 4183 ﬁdelium
3243 4135 3472 4201 provocat
3491 4141 3563 4203 per
3585 4132 3688 4191 tmpo-

2248 4314 2433 4362 servet
2459 4304 2756 4379 Scriptura:
2782 4311 3088 4369 veritatem.
3130 4314 3188 4370 In
3224 4315 3455 4391 allegoria
3480 4303 3689 4369 remeans-

2249 4397 2403 4454 deret
2432 4403 2816 4472 mysteriorum
2847 4406 3151 4465 caelestium
3179 4410 3443 4474 rationem,
3467 4418 3510 4465 et
3530 4406 3688 4470 illi"?

2250 4491 2391 4562 logia
2414 4493 2679 4550 bonarum
2707 4497 3114 4568 disciplinarum
3141 4502 3340 4563 ediscat
3364 4503 3689 4567 utilitatemqﬂl'

2251 4023 2471 4081 instruit
2518 4026 2821 4085 Ecclesiam
2857 4049 2871 4086 :
2911 4035 3117 4107 partim
3166 4045 3339 4093 autem
3380 4038 3437 4093 ad
3472 4035 3687 4109 honestam
3776 4023 3777 4091 ἶ

2250 4211 2448 4284 iogiam
2466 4254 2483 4279 ,
2514 4215 2656 4271 unde
2684 4216 2928 4273 sobrium
2952 4218 3215 4278 lectorem
3241 4222 3402 4291 decet,
3428 4216 3536 4276 utin
3555 4213 3687 4275 historia

563 4600 584 4635 ι
619 4589 682 4637 ut
700 4580 918 4635 vincam
942 4578 996 4632 in
1018 4575 1267 4633 claritate
1290 4576 1481 4648 ipsius.
1525 4596 1545 4631 ι
1570 4576 1650 4633 Ac
1676 4577 1723 4633 si
1746 4584 1932 4648 aperte
1959 4577 2141 4633 dicat:
2169 4547 2226 4609 Ῑ)
2251 4547 2409 4640 tenus
2434 4586 2706 4657 tripartite
2727 4547 3503 4653 hac:listinctioue'eduoct‘usad
3519 4547 3690 4645 illanec-

558 4671 750 4730 subtus
776 4685 865 4726 me
899 4668 1119 4740 quidem
1162 4668 1379 4724 turbata
1412 4675 1500 4724 est
1532 4667 1708 4724 virtus
1753 4682 1906 4733 mea,
1953 4667 2009 4724 id
2040 4677 2147 4737 est,

558 4764 688 4821 dum
712 4763 967 4818 humanm
994 4759 1306 4832 fragilitatis
1327 4761 1695 4817 conditionem
1720 4777 1840 4831 qua:
1870 4761 2008 4817 infra
2038 4770 2144 4829 est,

559 4856 794 4919 intueor,
819 4870 882 4911 ac
904 4854 1032 4910 dum
1053 4855 1123 4911 ad
1146 4854 1345 4911 divinae
1368 4853 1739 4926 opitulationis
1760 4855 1989 4927 gratiam
2014 4871 2146 4913 ocu-

556 4946 644 5007 los
678 4946 876 5005 mentis
907 4947 1095 5004 attollo
1114 4988 1130 5015 ,
1166 4948 1219 5003 in
1260 4947 1350 5004 illo
1377 4962 1466 5004 me
1492 4947 1749 5004 virtutem
1779 4947 1961 5004 facere
1986 4962 2145 5021 posse

557 5040 773 5103 conﬁdo
802 5055 819 5097 :
844 5040 961 5114 ipse
997 5056 1217 5114 gressus
1248 5058 1471 5114 cperum
1511 5058 1754 5099 meorum
1786 5043 1854 5099 ad
1890 5058 2144 5099 consum-

556 5134 851 5193 mationem
894 5132 1035 5191 ﬁrmi
1072 5134 1196 5191 ﬁnis
1228 5136 1527 5206 perducere
1562 5135 1709 5191 valet
1739 5154 1752 5191 :
1791 5136 1908 5207 ipse
1938 5152 2024 5193 me
2055 5152 2145 5193 su-

555 5242 657 5299 per
693 5225 907 5284 excelsa
946 5234 1206 5295 statuere,
1248 5234 1309 5282 ut
1331 5226 1584 5283 videlicet
1609 5244 1826 5285 omnem
1859 5231 2145 5287 mundanae

555 5321 813 5391 potentia:
865 5320 1253 5377 sublimitatem
1317 5320 1771 5391 contemplatione
1824 5323 2144 5399 perennium

555 5409 822 5470 bonorum
860 5428 961 5484 pro
1003 5411 1159 5467 nihili
1201 5417 1568 5478 contemnam,
1614 5427 1804 5470 omnes
1842 5429 1963 5485 quae
2007 5415 2140 5470 mihi

554 5500 645 5557 vel
658 5502 727 5559 de
750 5503 1013 5571 adversis,
1036 5502 1122 5559 vel
1143 5501 1211 5557 de
1223 5502 1609 5560 blandimentis
1634 5506 1814 5562 saeculi
1845 5516 2143 5564 occurrunt

555 5594 884 5650 teutationes
908 5593 1123 5649 vincam
1149 5590 1207 5648 in
1239 5591 1487 5649 claritate
1506 5593 1693 5665 ipsius,
1716 5594 1771 5652 id
1796 5604 1903 5663 est,
1925 5598 2053 5655 dum
2084 5598 2139 5653 in

559 5680 834 5749 omnibus,
881 5698 1001 5753 qua:
1030 5697 1150 5754 ago,
1203 5697 1309 5739 non
1346 5698 1525 5740 meam
1552 5683 1801 5757 gloriam,
1849 5688 1941 5744 sed
1972 5688 2140 5761 ipsius

563 5790 772 5847 quare,
814 5791 844 5831 a
890 5792 996 5845 quo
1034 5790 1120 5832 me
1162 5775 1437 5849 accepisse
1463 5778 1683 5834 memini
1715 5778 1979 5852 quidquid
2010 5781 2138 5840 boni

2247 4677 2441 4734 lestem
2477 4680 2768 4749 theoriam,
2800 4684 2905 4740 hoc
2932 4694 3036 4753 est,
3074 4688 3144 4744 ad
3178 4689 3524 4761 inspectionem
3539 4685 3686 4743 secuit

2248 4787 2369 4828 rum
2396 4788 2579 4830 rerum
2608 4770 2761 4832 ct‘ad
2786 4780 3259 4851 contemplationis
3284 4783 3459 4839 divina:
3476 4775 3688 4855 provehi"r

2247 4868 2639 4927 sublimitatem
2661 4912 2677 4938 ,
2709 4888 2810 4928 nec
2839 4889 2946 4930 non
2980 4884 3033 4931 et
3062 4876 3196 4932 illud
3217 4877 3477 4949 diligenter
3500 4866 3687 4941 ἰυερίεἱξιιτ

2245 4958 2376 5019 dum
2415 4969 2493 5016 est
2515 5002 2532 5028 ,
2562 4962 2704 5032 quod
2737 4961 2935 5019 dicitur
2960 4966 3102 5039 loqui
3139 4967 3342 5040 Moyses
3361 4967 3501 5043 verba

2243 5058 2300 5107 et
2317 5051 2386 5107 ad
2413 5051 2573 5107 ﬁnem
2597 5069 2768 5129 usque
2794 5056 3091 5126 complesse
3108 5100 3123 5125 ,
3151 5059 3196 5115 si
3220 5050 3353 5117 forte
3378 5059 3467 5117 hoc
3489 5049 3686 5123 adfirmetis

2245 5151 2308 5200 ut
2339 5143 2431 5216 qui
2455 5160 2549 5201 ore
2578 5146 2746 5201 Deum
2774 5146 2995 5207 laudare
3031 5152 3263 5219 studeat,
3289 5151 3509 5223 operibus
3524 5149 3689 5213 non”

2243 5236 2477 5292 tradicat
2510 5257 2522 5294 :
2559 5255 2666 5296 non
2691 5249 2772 5297 est
2810 5244 2954 5299 enim
2983 5243 3208 5327 pulchra
3242 5240 3687 5327 laudatioinorepf

2245 5422 2470 5480 solverit
2503 5442 2668 5503 unum
2696 5428 2762 5484 de
2792 5432 3061 5507 mandatis
3088 5432 3209 5495 istis
3232 5420 3450 5505 minimis
3470 5434 3514 5501 ei

2243 5514 2325 5571 sic
2355 5515 2636 5585 homines,
2668 5519 2927 5601 minimus
2947 5525 3230 5593 vocabitur
3254 5526 3307 5585 in
3337 5535 3483 5603 regno

2241 5603 2335 5678 qui
2365 5613 2549 5687 autem
2582 5606 2771 5687 fecerit
2796 5598 2857 5668 et
2878 5598 3141 5689 decuerit,
3176 5615 3264 5688 hic
3289 5598 3485 5685 maxillis
3503 5598 3689 5685 Vw

2240 5694 2298 5750 in
2335 5709 2505 5768 regno
2532 5697 2792 5756 caelorum
2812 5698 3025 5776 (Matth.
3059 5704 3197 5777 xix).
3240 5726 3255 5757 ι
3280 5700 3561 5773 Principium
3575 5696 3688 5753 anteI

2238 5784 2402 5861 hujus
2419 5787 2680 5848 carminis
2706 5792 2811 5851 tale
2830 5803 2913 5852 est
2947 5815 2959 5851 :

2246 5331 2469 5427 catoris.
2498 5331 2624 5389 ideo
2651 5334 2763 5411 ipsc
2793 5318 3055 5416 Βοηλζειίιξ
3086 5340 3141 5397 in
3178 5318 3448 5427 EVallSdio
3471 5334 3569 5427 ait}
3592 5346 3607 5379 ‘

2254 1187 2276 1223 s
2309 1167 2666 1240 diligentibus
2708 1167 2879 1223 Deum
2917 1164 3097 1221 omnia
3135 1174 3449 1237 cooperantur
3474 1168 3516 1222 in
3548 1170 3669 1226 bonum
3776 1228 3777 1247 η
