3936 6328
270 320 412 386 H33

941 312 1308 384 ‘COMMENT.
1343 321 1412 381 IN
1449 320 1747 382 CANTICA
1784 318 1953 394 (ὶυῶ
1991 322 2085 381 AD
2121 321 2399 383 LAUDES
2432 322 2825 384 DICUNTUR.

3406 322 3548 381 1154

347 457 369 493 ‹
403 434 623 505 Audite,
666 434 814 505 caeli,
851 450 972 509 qua
1013 437 1245 511 loquar;
1295 439 1480 496 audiat
1511 447 1660 495 terra
1688 438 1853 496 verba
1881 442 1931 505 Α
1956 440 2060 496 via:
2104 439 2222 512 eius
2260 439 2483 510 judicia,
2526 460 2546 494 ι
2592 440 2720 512 quia
2753 436 2935 495 omnia
2960 441 3215 495 mandata
3248 436 3365 508 eius
3394 452 3547 495 vera.

276 553 297 587 σ
339 530 454 589 oris
488 530 616 587 mei.
656 549 676 583 ο
712 528 875 586 Juxta
902 530 1261 602 primordium
1288 531 1439 589 lsaite
1472 531 1750 604 propheta:
1784 530 1860 586 ita

271 623 534 694 scriptum
559 632 645 679 est
687 640 702 676 :
745 640 765 674 ι
804 621 967 689 Audi,
1013 622 1232 691 omium,
1275 631 1331 681 et
1360 622 1583 683 auribus
1621 624 1857 694 percipe.

270 727 443 783 terra,
473 716 600 788 quia
624 713 889 771 Dominus
916 715 1132 773 locutus
1163 724 1247 772 est
1274 714 1410 788 (Im.
1438 714 1500 786 ι).
1529 714 1705 787 Supra
1731 730 1862 788 ergo

271 812 327 870 in
362 812 553 868 eodem
583 808 744 875 libro,
771 807 899 879 quis
918 807 1211 879 Propheta,
1245 810 1401 880 cujus
1428 807 1589 876 ﬁlius,
1617 808 1710 879 qui
1733 823 1862 865 con-

270 909 358 960 tra
382 899 579 958 ludam
608 908 666 957 et
690 899 1056 965 Hierusalem,
1090 900 1204 955 sive
1230 914 1331 971 per
1360 897 1555 955 ludam
1588 905 1646 953 et
1668 897 1864 955 iiieruo

270 994 440 1053 salem
460 1035 476 1062 ,
518 1000 573 1050 et
597 1007 706 1063 quo
734 999 977 1062 tempore
999 990 1200 1046 viderit
1240 990 1396 1046 titulo
1428 989 1863 1051 demonstratum

268 1096 523 1155 cst,nunc
546 1085 742 1143 emittm
760 1094 818 1141 et
835 1093 1040 1141 terram
1069 1083 1139 1140 ad
1153 1084 1480 1140 audiendum
1506 1093 1786 1157 provocat,
1806 1085 1861 1141 in

271 1178 413 1235 ctelo
446 1190 711 1248 supernas
754 1174 1071 1248 signiﬁcans
1097 1173 1481 1246 angelieasque
1512 1175 1777 1241 virtutes,
1804 1175 1863 1230 in

270 1274 417 1325 terra
441 1265 751 1323 mortalium
763 1281 955 1339 genus,
976 1267 1385 1338 metonymicus
1412 1268 1481 1323 ab
1499 1266 1587 1322 his
1600 1282 1720 1337 qua:
1738 1281 1866 1322 eon-

271 1363 450 1419 tineut
471 1376 535 1419 ea
555 1404 571 1429 ,
605 1378 727 1434 qua:
749 1364 1101 1421 continentur
1120 1364 1434 1421 ostendens.
1458 1364 1596 1420 Nam
1621 1364 1750 1437 quia
1768 1378 1867 1435 per

270 1453 491 1526 Moysen
534 1462 701 1510 testes
737 1462 1028 1513 vocaverat
1066 1455 1327 1513 Dominus
1350 1440 1546 1514 caelum
1582 1465 1639 1513 et
1658 1464 1862 1512 terram

271 1548 407 1603 dans
421 1547 791 1618 populolsrael
806 1548 976 1620 legem
993 1556 1229 1615 suam,et
1240 1549 1473 1605 dixerat:
1488 1549 1744 1615 Attende,
1760 1563 1867 1605 cce-

270 1638 404 1707 lum,
417 1649 473 1697 et
486 1640 697 1714 loquar;
712 1641 898 1697 audiat
910 1650 1053 1697 terra
1064 1642 1228 1698 verba
1242 1643 1354 1701 oris
1368 1644 1496 1711 mei,
1510 1651 1657 1715 ipost
1667 1656 1869 1715 praeva-

270 1734 586 1790 ricationem
600 1733 783 1806 populi
796 1734 1015 1790 eosdem
1030 1749 1219 1792 rursus
1232 1734 1288 1791 in
1303 1736 1671 1793 testimonium
1684 1741 1865 1800 vocat,

269 1835 331 1883 ut
354 1836 548 1885 cuncta
570 1828 835 1886 elementa
863 1838 1192 1901 cognoscant
1206 1829 1354 1901 iuste
1374 1830 1544 1886 Deum
1576 1830 1634 1886 in
1654 1820 1860 1889 ultione

270 1920 651 1976 mandatorum
678 1936 899 1977 suorum
933 1924 1001 1978 ad
1028 1922 1367 1979 iracundiam
1399 1923 1752 1980 concitatum.

348 2029 369 2063 ι
403 2010 732 2069 Coucrescat
754 2014 810 2068 in
838 2013 1076 2085 pluviam
1099 2015 1344 2072 doctrina
1365 2032 1506 2081 mea,
1536 2015 1667 2072 ﬂuat
1688 2024 1749 2073 ut
1768 2032 1861 2075 ros

275 2118 299 2153 ι
329 2101 634 2174 eloquium,
680 2104 837 2175 quasi
883 2104 1057 2160 imber
1102 2120 1267 2177 super
1321 2106 1549 2183 herbam
1597 2115 1652 2162 et
1704 2107 1859 2180 quasi

270 2192 429 2250 stillae
457 2209 619 2265 super
631 2195 897 2267 gramina,
920 2196 1050 2267 quia
1063 2213 1262 2254 nomen
1278 2199 1494 2256 Domini
1520 2200 1808 2259 invocabo.
1834 2222 1854 2255 ι

267 2281 390 2340 Alia
432 2285 599 2341 editio
641 2303 654 2341 :
706 2304 726 2338 ι
762 2286 1122 2358 Exspectatur
1165 2289 1307 2345 sicut
1354 2290 1536 2367 pluvia
1587 2292 1859 2364 eloquium

270 2390 478 2442 meum,
505 2384 562 2432 et
583 2377 918 2434 descendant
948 2379 1091 2436 sicut
1114 2396 1206 2437 ros
1234 2381 1400 2438 verba
1424 2398 1567 2450 mea,
1593 2384 1734 2440 sicut
1754 2385 1859 2441 im-

268 2467 371 2525 ber
433 2482 595 2540 super
653 2482 896 2541 germen,
960 2478 1015 2526 et
1076 2470 1217 2527 sicut
1276 2472 1365 2527 nix
1423 2488 1588 2544 super
1653 2473 1859 2544 fenum,

269 2563 397 2633 quia
442 2576 637 2619 nomen
678 2562 893 2618 Domini
934 2563 1203 2621 invocavi.
1239 2585 1258 2619 ι
1286 2566 1575 2639 Eloquium
1603 2567 1737 2638 legis
1766 2569 1862 2625 Dei

268 2663 554 2725 comparat
587 2654 785 2727 pluviae
814 2670 878 2711 ac
909 2656 1021 2712 rori
1041 2698 1057 2723 ,
1082 2657 1211 2728 quia
1232 2659 1476 2730 germina
1499 2661 1860 2731 spiritualium

266 2745 543 2803 fructuum
573 2761 605 2802 a
636 2747 875 2804 ﬁdelium
896 2748 1150 2805 cordibus
1174 2750 1401 2820 expetit,
1428 2751 1546 2821 ipsa
1571 2752 1715 2808 enim
1738 2762 1864 2809 sunt

266 2837 428 2895 vinea
455 2838 686 2904 Domini,
719 2841 863 2896 unde
896 2839 989 2897 ille
1022 2834 1259 2898 fructum
1288 2842 1391 2898 sibi
1417 2843 1727 2910 amabilem,
1759 2846 1865 2901 hoc

269 2938 376 2997 est,
416 2930 683 2987 honorum
709 2946 935 3003 operum
965 2935 1180 3003 quaerit.
1214 2933 1353 2991 Huic
1383 2935 1616 2992 similem
1646 2952 1864 3008 compa-

266 3021 535 3077 rationem
563 3022 620 3077 in
643 3022 779 3078 Isaia
799 3024 1066 3095 propheta
1100 3024 1407 3083 invenimus
1439 3045 1453 3081 :
1491 3042 1510 3078 α
1554 3028 1861 3095 Quomodo,

270 3111 469 3184 inquit,
497 3113 778 3172 descendit
800 3116 975 3172 imber
1003 3124 1060 3173 et
1082 3118 1179 3173 nix
1202 3118 1271 3174 de
1299 3118 1459 3184 cutio,
1488 3127 1545 3174 et
1570 3118 1701 3175 illuc
1719 3118 1862 3175 ultra

1963 531 2116 589 Unde
2134 531 2417 590 Psalmista
2448 534 2524 590 ait
2560 548 2576 588 :
2614 552 2634 586 ι
2668 532 2783 590 Lex
2808 532 3026 589 Domini
3056 533 3551 604 irreprehensibilis

1961 630 2283 679 convertens
2320 622 2548 690 animas,
2593 624 2964 680 testimonium
3011 622 3223 678 Domini
3263 622 3422 680 ﬁdele
3463 639 3552 679 sa-

1959 714 2223 788 pientiam
2250 723 2517 787 praestans
2536 716 2779 787 parvulis
2806 712 2979 789 (Psal.
3003 714 3181 788 xvm).
3216 735 3237 769 ι
3268 714 3336 770 Et
3370 716 3499 771 item
3532 732 3546 770 :

1967 825 1989 861 ε
2026 807 2257 875 Iudicia,
2290 808 2486 879 inquit,
2512 800 2609 865 Dei
2639 822 2791 874 vera,
2822 807 3118 877 iustiﬁcata
3140 806 3199 862 in
3235 808 3548 878 semetipsa,

1962 897 2340 955 desiderabilia
2396 913 2560 969 super
2612 913 2802 954 aurum
2863 908 2919 954 et
2970 896 3207 969 lapidem
3255 897 3551 966 pretiosum

1962 989 2214 1057 multum,
2262 999 2316 1047 et
2347 990 2591 1049 dulciora
2624 1006 2790 1063 super
2822 991 2929 1048 mel
2969 1000 3027 1046 et
3068 989 3250 1046 favum
3279 988 3493 1064 (llud).
3527 1008 3549 1043 ι

1962 1083 2032 1141 Et
2051 1084 2178 1141 alibi
2209 1104 2223 1140 :
2254 1102 2275 1138 ι
2307 1084 2365 1141 in
2396 1085 2572 1152 labiis,
2607 1086 2704 1150 ait,
2726 1086 2864 1143 meis
2887 1086 3233 1159 pronuntiavi
3267 1082 3557 1155 omniain-

1964 1177 2104 1235 dicia
2131 1177 2243 1235 oris
2271 1177 2349 1234 tui
2371 1174 2544 1251 (Psal.
2571 1176 2781 1249 cxvm).
2822 1196 2842 1231 ι

2043 1288 2063 1323 ι
2094 1269 2241 1326 Deus
2280 1267 2454 1327 ﬁdelis
2492 1278 2550 1325 et
2578 1269 2784 1341 absque
2830 1269 2937 1325 ulla
2969 1270 3262 1343 iniquitate
3283 1264 3464 1338 iustus
3502 1278 3559 1325 et

1970 1380 1992 1425 ς
2027 1368 2230 1417 rectus.
2278 1380 2298 1414 ι
2330 1360 2449 1416 Alia
2476 1360 2642 1416 editio
2674 1379 2689 1416 :
2719 1379 2740 1414 ι
2770 1360 2914 1418 Deus
2945 1360 3123 1417 ﬁdelis
3145 1368 3202 1416 et
3228 1376 3336 1417 non
3373 1368 3458 1416 est
3502 1361 3557 1416 in

1965 1466 2034 1510 eo
2080 1452 2362 1522 iniquitas,
2400 1453 2581 1525 iustus
2618 1461 2675 1509 et
2712 1462 2935 1510 sanctus
2972 1453 3255 1509 Dominus.
3304 1473 3323 1506 ι
3354 1451 3560 1509 Fidelis

1969 1554 2070 1611 est,
2134 1548 2260 1618 quia
2319 1549 2463 1618 quod
2514 1549 2787 1619 promisit,
2832 1548 3025 1620 procul
3071 1548 3235 1604 dubio
3292 1547 3555 1619 implevit.

1967 1639 2187 1710 Absque
2217 1638 2324 1695 ulla
2354 1640 2640 1719 iniquitate
2662 1682 2677 1708 ,
2713 1640 2840 1712 quia
2870 1642 3099 1712 aequitas
3123 1656 3332 1696 summa
3362 1641 3559 1712 iniqui-

1968 1732 2099 1789 tatis
2118 1733 2450 1790 consortium
2469 1733 2619 1789 nullo
2638 1735 2799 1790 modo
2821 1735 3031 1813 recipit.
3055 1733 3261 1799 Justus,
3284 1733 3412 1804 quia
3432 1749 3558 1804 pec-

1888 1810 2213 1895 B'_cautibus
2251 1831 2444 1881 etnon
2485 1825 2876 1895 paenitentibus
2912 1810 3013 1895 pro
3047 1824 3204 1881 malis
3245 1824 3359 1880 suis
3398 1825 3561 1880 retri-

1961 1917 2091 1974 buet
2128 1931 2367 1990 poenam.
2418 1917 2657 1983 ﬂectus,
2710 1918 2835 1988 quia
2893 1915 3055 1990 digne
3102 1916 3560 1987 operantibuset

1960 2008 2100 2065 bene
2132 2006 2467 2064 merentibus
2496 2008 2663 2063 vitam
2703 2008 2895 2064 reddet
2932 2017 3277 2080 perpetuam.
3324 2007 3562 2064 Sanctus

1962 2103 2091 2174 quia
2124 2102 2180 2157 in
2224 2102 2476 2159 omnibus
2505 2101 2726 2174 iudiciis
2756 2104 2825 2158 et'
2845 2102 3058 2159 actibus
3101 2102 3217 2159 suis
3252 2110 3337 2159 est
3362 2102 3562 2173 proba-

1962 2194 2207 2251 tissimus
2255 2214 2268 2249 :
2315 2203 2537 2252 sanctus
2577 2195 2727 2251 enim
2776 2203 2831 2251 et
2870 2195 3020 2266 pium
3069 2194 3341 2267 signiﬁcat
3380 2202 3437 2251 et
3466 2209 3563 2265 pa-

1962 2287 2209 2353 tientem,
2234 2295 2290 2342 et
2329 2287 2596 2343 bonorum
2627 2284 2869 2342 omnium
2913 2286 3226 2359 largitorem
3254 2329 3269 2353 ,
3299 2289 3559 2358 quoniam

1963 2377 2223 2448 quidquid
2252 2378 2321 2432 ab
2346 2377 2436 2433 illo
2458 2376 2710 2444 efﬁcitur,
2742 2378 3005 2433 virtutum
3038 2378 3197 2435 laude
3231 2379 3556 2452 completur.

2040 2486 2059 2518 ι
2100 2466 2470 2524 Peccaveram
2505 2468 2554 2524 ei
2580 2482 2687 2523 non
2711 2467 2808 2523 ﬁlii
2836 2467 2955 2539 ejus
2988 2466 3040 2524 in
3068 2466 3337 2525 sordibus.
3378 2489 3397 2523 ι
3439 2469 3561 2525 Alia

1963 2559 2130 2615 editio
2168 2579 2182 2616 :
2222 2580 2242 2612 ‹
2284 2558 2654 2617 Peccaverunt
2696 2576 2804 2615 non
2845 2560 2896 2616 ei
2945 2560 3039 2616 ﬁlii
3090 2561 3494 2619 commaculati.
3537 2582 3557 2614 ι

1964 2650 2246 2719 Quomodo
2272 2667 2381 2707 non
2404 2652 2500 2707 ﬁlii
2520 2652 2637 2715 Dei,
2664 2652 2769 2708 nisi
2795 2653 2920 2723 quia
2938 2668 3045 2708 non
3068 2669 3135 2709 ex
3159 2655 3263 2711 ﬁde
3296 2674 3309 2710 :
3349 2675 3368 2707 ‹
3394 2654 3564 2722 Quot-

1965 2752 2099 2817 quot
2124 2753 2307 2800 autem
2331 2752 2655 2814 receperunt
2677 2758 2801 2801 eum
2821 2784 2837 2812 ,
2874 2742 3023 2799 dedit
3053 2745 3133 2799 eis
3158 2754 3479 2815 potestatem
3499 2744 3564 2800 ﬁ-

1966 2836 2068 2893 lios
2089 2836 2183 2892 Dei
2206 2836 2323 2892 ﬁeri
2338 2836 2423 2893 his
2438 2837 2529 2907 qui
2545 2836 2776 2892 credunt
2790 2836 2844 2891 in
2868 2836 3088 2892 nomine
3107 2832 3224 2904 ejus
3251 2834 3432 2909 (Joan.
3450 2833 3513 2907 ι).
3535 2855 3556 2889 ι

1967 2929 2124 2987 Unde
2154 2930 2417 2986 Dominus
2438 2929 2639 2986 ludatis
2668 2929 2830 2986 ﬁdem
2852 2927 2970 2999 ejus
2990 2929 3233 3001 recipere
3255 2929 3563 2987 nolentibus

1967 3030 2023 3079 et
2047 3022 2348 3079 doctrinam
2386 3021 2532 3079 illius
2570 3022 2969 3095 spernentibus,
3006 3021 3083 3078 ait
3115 3030 3139 3077 :‘
3173 3041 3194 3075 ‹
3229 3018 3341 3078 Vos
3370 3036 3436 3077 ex
3464 3036 3564 3094 pa-

1966 3122 2055 3172 tre
2101 3114 2318 3172 diabolo
2372 3112 2506 3172 estls
2544 3122 2602 3170 et
2645 3114 2915 3172 desideria
2962 3115 3137 3187 patris
3187 3115 3357 3171 vestri
3403 3114 3564 3173 vultis

270 3182 383 3260 non
410 3212 732 3272 revertetur,
763 3206 857 3261 sed
885 3207 1119 3265 inebriat
1139 3214 1343 3264 terram
1370 3217 1425 3264 et
1447 3182 1696 3264 infundit
1718 3225 1861 3277 eam,
1891 3182 1938 3251 (ἶ
1968 3209 2180 3278 facere;
2221 3209 2312 3266 ille
2338 3208 2611 3266 homicida
2632 3206 2736 3264 fuit
2760 3207 2832 3265 ab
2855 3182 3012 3265 initio
3031 3216 3087 3265 et
3110 3207 3270 3265 latro.
3307 3227 3328 3261 ι
3356 3206 3423 3264 Et
3443 3206 3563 3264 Ste-

269 3302 330 3350 et
349 3295 655 3367 germinare
683 3309 805 3352 eam
840 3296 991 3363 facit,
1022 3305 1078 3353 et
1109 3288 1204 3353 dat
1228 3313 1414 3354 semen
1444 3296 1642 3355 ferenti
1684 3307 1739 3355 et
1766 3314 1865 3370 pa-

267 3401 398 3443 rtem
433 3387 735 3444 comedenti
762 3406 776 3442 :
803 3387 883 3447 sic
909 3388 1017 3445 erit
1042 3389 1269 3445 verbum
1300 3404 1498 3455 meum,
1541 3390 1686 3461 quod
1706 3403 1865 3462 egre-

270 3480 456 3538 dietur
490 3482 558 3539 de
603 3497 700 3539 ore
744 3496 887 3549 meo,
910 3499 1019 3539 non
1057 3491 1366 3540 revertetur
1392 3484 1461 3540 ad
1490 3498 1579 3539 me
1610 3499 1862 3549 vacuum,

264 3575 370 3632 sed
410 3574 575 3632 faciet
612 3590 946 3647 quaecunque
978 3577 1124 3633 volui
1150 3588 1205 3635 et
1242 3579 1659 3650 prosperabitur
1692 3580 1749 3635 in
1781 3580 1865 3635 his

263 3673 341 3728 ad
368 3686 489 3741 qua:
528 3671 650 3726 misi
698 3670 829 3726 illud
861 3669 998 3743 (Isa.
1029 3672 1139 3743 ιγ).
1186 3692 1206 3724 ι
1250 3672 1457 3729 Verum
1497 3673 1621 3743 quia
1653 3673 1867 3745 Moyses

264 3764 577 3823 doctrinam
625 3778 779 3819 suam
817 3765 885 3819 in”
911 3762 1149 3836 pluviam
1198 3781 1550 3823 concrescere
1589 3768 1764 3833 dixit,
1808 3775 1869 3823 ut

263 3864 553 3931 patenter,
591 3871 712 3927 qua:
736 3856 855 3913 haec
879 3855 1061 3929 pluvia
1089 3866 1263 3923 esset,
1294 3859 1713 3925 demonstraret,
1743 3859 1869 3915 sub-

261 3949 450 4022 iunxit
476 3948 682 4015 dicens,
712 3968 732 4001 ‹
763 3948 887 4021 quia
927 3964 1124 4005 nomen
1152 3949 1369 4007 Domini
1402 3951 1720 4007 invocabo.»
1756 3951 1867 4008 No-

269 4057 398 4099 men
442 4057 571 4114 ergo
614 4040 827 4098 Domini
862 4051 946 4098 est
976 4042 1247 4110 invocare,
1284 4043 1635 4116 Evangelium
1664 4043 1867 4101 Christi

268 4134 592 4207 praedicare,
645 4133 789 4209 quod
843 4133 938 4204 qui
973 4133 1123 4188 audit
1174 4143 1230 4189 et
1283 4120 1459 4200 facit,
1507 4134 1635 4191 boni
1687 4134 1869 4206 operis

270 4226 513 4283 fructum
538 4227 596 4282 in
630 4226 781 4283 caelis
802 4227 919 4282 sine
944 4225 1108 4283 dubio
1124 4228 1442 4298 possidebit.

354 4340 374 4373 ι
412 4320 544 4375 Date
584 4318 1035 4389 magniﬁcentiam
1082 4319 1194 4376 Deo
1236 4330 1456 4388 nostro,
1503 4320 1597 4376 Dei
1629 4319 1869 4393 perfecta

204 4486 210 4491 .
282 4433 305 4467 ς
331 4421 459 4469 sunt
480 4426 664 4483 opera,
686 4422 741 4468 et
763 4426 952 4468 omnes
971 4412 1072 4467 via:
1086 4402 1437 4484 eius'judicia.
1478 4433 1497 4465 ι
1524 4412 1639 4467 Alia
1662 4413 1826 4469 editio
1851 4432 1865 4468 :

283 4525 305 4560 ς
341 4504 928 4579 Date‘magnitudinem
959 4505 1069 4561 Deo
1096 4514 1306 4562 nostro.
1338 4506 1511 4573 Deus,
1539 4521 1669 4562 vera
1702 4522 1866 4578 opera

276 4600 397 4670 eius
422 4608 477 4656 et
506 4614 697 4655 omnes
722 4599 826 4654 viae
856 4598 976 4670 ejus
1001 4598 1223 4668 judicia.
1260 4620 1280 4654 ι
1317 4599 1661 4673 Magnilicare
1684 4602 1868 4658 Domi-

278 4707 411 4747 num
458 4699 543 4747 est
574 4690 913 4763 maiestatem
952 4690 1252 4747 Salvatoris
1281 4692 1446 4747 corde
1487 4694 1729 4761 credulo,
1773 4708 1868 4750 ore

278 4783 371 4854 pio
405 4782 564 4838 simul
588 4798 710 4837 cum
741 4782 901 4838 bonis
926 4782 1135 4838 actibus
1164 4782 1480 4855 praedicare.
1515 4782 1669 4840 Unde
1698 4783 1867 4839 Maria

280 4884 457 4930 mater
486 4872 696 4929 Domini
722 4874 777 4928 in
810 4873 1024 4928 cantico
1049 4872 1326 4945 Evangelii
1352 4874 1428 4930 ait
1457 4894 1469 4930 :
1506 4894 1524 4927 c
1560 4874 1868 4946 Magniﬁcat

281 4966 463 5022 anima
491 4982 609 5022 mea
632 4966 941 5031 Dominum,
964 4974 1017 5021 et
1047 4966 1339 5024 exsultavit
1369 4966 1604 5037 Spiritus
1633 4984 1785 5025 meus
1812 4971 1865 5035 in

281 5060 395 5114 Deo
422 5057 648 5115 salutari
681 5071 802 5112 meo
838 5054 989 5131 (Luc.
1025 5055 1089 5131 ι).
1126 5076 1144 5109 ι
1186 5076 1205 5110 ι
1243 5058 1369 5137 Dei,
1402 5052 1598 5130 inquit,
1626 5061 1865 5130 perfecta

281 5161 410 5209 sunt
450 5164 634 5221 opera.
690 5170 709 5203 ι
741 5149 871 5218 Quae
900 5164 1033 5220 ergo
1080 5150 1170 5205 illa
1211 5150 1375 5205 sunt?
1400 5152 1524 5206 audi
1568 5151 1785 5223 Moysen
1812 5152 1866 5207 in

281 5244 558 5302 Geneseos
594 5244 860 5300 dicentem
899 5260 912 5295 :
961 5262 979 5293 ‹
1012 5240 1180 5313 igitur
1217 5240 1447 5323 perfecti
1485 5252 1613 5299 sunt
1655 5244 1777 5300 (δα)ιί
1815 5253 1872 5300 et

284 5344 432 5392 terra
451 5340 508 5390 et
526 5333 704 5389 omnis
725 5342 952 5388 ornatus
971 5348 1176 5394 eorum,
1209 5334 1603 5406 complevitque
1623 5335 1766 5392 Deus
1783 5336 1871 5392 die

283 5436 517 5498 septnno
562 5440 699 5495 opus
742 5440 917 5489 suum,
970 5424 1112 5500 quod
1147 5423 1351 5482 fecerat
1387 5436 1444 5482 et
1486 5429 1755 5499 requievit
1786 5430 1875 5485 die

287 5521 520 5591 septimo
545 5520 614 5575 ab
638 5519 891 5575 universo
926 5533 1089 5589 opere
1115 5533 1243 5585 suo,
1277 5520 1419 5593 quod
1448 5529 1692 5591 patraret
1717 5518 1870 5593 (Gen.

288 5614 374 5687 ιι).
405 5632 424 5666 ι
456 5613 602 5684 Opus
634 5628 764 5684 ergo
800 5613 893 5669 Dei
929 5597 1337 5681 est'redemptio
1384 5613 1609 5669 humani
1634 5616 1870 5686 generis,

289 5722 453 5779 quam
495 5705 712 5777 quando
749 5701 993 5776 perfecit,
1047 5703 1344 5761 Sabbatum
1385 5704 1665 5774 spirituale
1698 5705 1752 5760 in
1781 5719 1872 5761 se—

290 5798 482 5869 pulcro
527 5798 871 5867 requiescens
906 5796 1062 5852 nobis
1083 5794 1338 5852 ostendit.
1373 5815 1390 5847 ‹
1428 5793 1650 5864 Omnes,
1676 5796 1872 5868 inquit.

1964 3304 2177 3375 phanus
2197 3303 2267 3360 ad
2294 3304 2515 3359 eosdem
2543 3300 2762 3359 Iudaeos
2787 3301 2865 3357 ait
2893 3318 2907 3355 :
2939 3319 2959 3354 σ
2999 3299 3191 3356 Patres
3203 3300 3372 3356 vestri
3400 3315 3563 3372 quem

1964 3400 2355 3471 prophetarum
2386 3413 2492 3454 non
2518 3406 2648 3453 sunt
2669 3395 2980 3468 persecuti?
3009 3402 3066 3452 et
3092 3394 3408 3452 occiderunt
3444 3410 3561 3467 eos,

1965 3490 2057 3561 qui
2082 3489 2523 3561 pramuntiabant
2550 3487 2618 3543 de
2657 3487 2893 3543 adventu
2917 3484 3049 3557 iusti
3072 3528 3086 3552 ,
3114 3485 3271 3557 cuius
3292 3501 3391 3543 vos
3418 3501 3564 3547 nunc

1964 3585 2290 3658 proditores,
2306 3591 2361 3639 et
2386 3581 2672 3638 homicidae
2694 3580 2895 3651 fuistis,
2910 3584 3001 3653 qui
3024 3581 3310 3655 accepistis
3322 3580 3495 3663 legem
3508 3582 3561 3637 in

1965 3678 2318 3751 dispositione
2340 3675 2655 3749 angelorum
2679 3684 2737 3731 et
2760 3690 2866 3731 non
2894 3675 3226 3731 custodistis.
3251 3694 3270 3727 ›
3308 3673 3411 3742 Qui
3432 3690 3564 3748 ergo

1967 3769 2411 3843 iucorrigibiliter
2436 3776 2645 3843 peccat,
2672 3766 2841 3823 ﬁlium
2868 3766 2960 3822 Dei
2986 3781 3045 3822 se
3065 3782 3172 3822 non
3201 3781 3323 3823 esse
3342 3768 3561 3839 probat.

1965 3860 2059 3916 llla
2081 3869 2263 3916 autem
2283 3859 2473 3925 editio,
2502 3873 2666 3929 quam
2687 3860 3027 3929 septuaginta
3043 3858 3367 3929 interpretes
3383 3858 3566 3914 edide-

1971 3960 2118 4018 runt,
2140 3952 2215 4005 ita
2238 3952 2433 4006 habet:
2465 3967 2484 4000 ι
2516 3948 2889 4005 Peccaveruut
2914 3966 3022 4007 non
3051 3950 3101 4004 ei
3125 3948 3220 4004 ﬁlii
3236 3949 3566 4021 vituperabiw

1967 4044 2068 4101 les.
2095 4065 2113 4098 ι
2150 4044 2303 4114 Quod
2330 4044 2549 4115 quidam
2579 4058 2648 4099 ex
2676 4041 2868 4099 Graeco
2897 4043 3235 4119 interpretati
3264 4053 3388 4100 sunt
3412 4083 3427 4111 ,
3468 4042 3567 4101 lilii

1970 4138 2383 4205 commaculati;
2410 4137 2630 4209 quidam
2655 4179 2670 4206 ,
2699 4136 2798 4193 ﬁlii
2828 4138 3011 4194 otiosi.
3050 4138 3201 4194 Unde
3225 4154 3331 4203 non
3372 4154 3568 4213 magna

1968 4231 2198 4303 quaestio
2220 4271 2236 4296 ,
2291 4230 2400 4287 imo
2431 4229 2577 4287 nulla
2603 4238 2706 4286 est.
2776 4227 2882 4285 Sed
2927 4229 3058 4286 illud
3098 4232 3293 4287 merito
3318 4231 3386 4286 ad
3421 4246 3568 4307 qua“:-

1971 4322 2200 4377 rendum
2238 4328 2440 4388 movet,
2471 4321 2515 4377 si
2548 4320 2878 4393 generaliter
2927 4320 3129 4377 dictum
3160 4328 3266 4388 est,
3302 4335 3566 4397 peccave-

1971 4420 2100 4469 runt
2139 4426 2248 4469 non
2272 4412 2323 4468 ei
2358 4410 2474 4478 ﬁlii,
2503 4411 2760 4483 quoniam
2790 4411 2884 4485 qui
2922 4420 3132 4484 peccat,
3165 4428 3273 4469 non
3302 4410 3415 4469 Deo
3440 4427 3569 4497 pec-

1970 4514 2079 4569 cat,
2112 4504 2164 4559 id
2187 4512 2290 4571 est,
2320 4518 2426 4559 non
2453 4504 2566 4560 Deo
2588 4513 2769 4571 nocet,
2820 4505 2917 4561 sed
2941 4506 3065 4561 sibi.
3099 4504 3382 4573 Quomodo
3407 4505 3568 4561 intel-

1973 4596 2246 4671 ligeudum
2298 4596 2368 4653 sit
2402 4596 2546 4668 quod
2595 4596 2649 4652 in
2703 4595 2913 4668 psalmo
2958 4596 3200 4669 legitur:
3254 4616 3273 4650 ‹
3307 4595 3428 4653 Tibi
3466 4596 3568 4655 soli

1973 4688 2191 4763 peccavi
2219 4684 2393 4761 (Psal.
2426 4694 2502 4755 ι).
2538 4707 2557 4740 ι
2603 4686 2672 4743 Et
2701 4687 2756 4741 in
2799 4684 3073 4743 Ieremia:
3110 4705 3130 4739 α
3159 4685 3275 4742 Tibi
3319 4687 3568 4757 peccavi-

1973 4796 2096 4835 mus
2114 4780 2371 4850 patientia
2385 4779 2573 4847 lsrael,
2588 4779 2815 4836 Domine
2837 4779 3055 4851 (Jerem.
3077 4780 3214 4851 xxv).
3236 4803 3255 4834 ι
3281 4780 3349 4841 Et
3367 4781 3567 4837 iterum

1973 4877 2027 4933 in
2056 4874 2304 4946 psalmo:
2344 4893 2362 4925 ι
2386 4873 2536 4951 ,δθηθ
2569 4874 2806 4930 animam
2833 4889 3027 4942 meam,
3061 4874 3315 4946 quoniam
3348 4875 3567 4948 peccavi

1978 4967 2070 5021 tibi
2098 4962 2272 5037 (Psal.
2301 4965 2412 5039 η).
2444 4986 2463 5019 ι
2493 4966 2562 5021 Εῑ
2582 4973 2762 5020 utrum
2792 4966 2897 5021 hoc
2924 4966 2995 5022 sit
3021 4982 3247 5038 peccare
3266 4967 3397 5037 Deo,
3422 4968 3569 5045 quod

1973 5073 2201 5131 peccare
2231 5059 2286 5113 in
2316 5058 2511 5125 Deum,
2561 5060 2704 5115 unde
2751 5067 2808 5114 et
2850 5056 2967 5114 Heli
3004 5061 3259 5118 sacerdos
3303 5063 3418 5117 ait:
3454 5080 3473 5115 ι
3507 5062 3567 5119 Si

1978 5154 2029 5207 in
2058 5152 2225 5209 Deum
2277 5154 2603 5229 peccaverit,
2634 5154 2758 5226 quis
2803 5155 2983 5211 orabit
3002 5172 3105 5229 pro
3137 5173 3204 5214 eo
3231 5155 3285 5233 (Ι
3320 5157 3446 5231 Reg.
3479 5160 3562 5231 ιι).

1976 5244 2211 5303 Peccare
2238 5247 2291 5301 in
2318 5247 2487 5302 Deum
2515 5255 2599 5303 est
2625 5248 2678 5303 in
2701 5246 2787 5303 his
2807 5264 3057 5327 peccare,
3085 5266 3206 5323 quae
3233 5248 3300 5306 ad
3330 5252 3425 5307 Dei
3451 5251 3573 5327 cui:

1980 5346 2095 5393 tum
2122 5336 2410 5407 pertinent,
2447 5354 2571 5393 nam
2602 5339 2703 5394 hoc
2734 5339 2876 5395 Deus
2901 5339 3098 5412 legitur
3126 5341 3326 5397 dixisse
3352 5340 3421 5396 ad
3445 5340 3571 5403 Abi-

1980 5428 2188 5484 mclech
2215 5429 2277 5484 de
2309 5426 2486 5484 Sara:
2544 5449 2562 5481 ι
2594 5429 2890 5502 Propterea
2923 5433 3141 5505 peperci
3190 5432 3309 5499 tibi,
3347 5447 3417 5488 ne
3440 5446 3570 5503 pec-

1979 5534 2133 5577 cares
2162 5520 2215 5575 iu
2262 5535 2352 5577 me
2401 5519 2557 5594 (Gen.
2597 5524 2711 5595 xx).
2747 5544 2766 5578 ι
2819 5523 3055 5581 Peccare
3103 5532 3282 5581 autem
3332 5524 3566 5591 Domino

1978 5612 2063 5668 vel
2091 5613 2268 5683 potius
2301 5629 2557 5686 peccasse
2586 5614 2836 5681 Domino,
2868 5617 2973 5672 nisi
3022 5614 3161 5673 forte
3202 5615 3401 5671 alicubi
3431 5617 3568 5673 scri-

1978 5714 2126 5778 ptum
2154 5716 2426 5774 occurrat,
2452 5712 2597 5781 quod
2624 5710 2750 5767 huic
2776 5709 2957 5766 sensui
2988 5708 3224 5776 resistat,
3252 5709 3309 5767 hi
3331 5711 3463 5771 mihi
3492 5712 3569 5773 vi-

1979 5797 2177 5856 dentur
2200 5815 2310 5858 non
2334 5800 2611 5858 immerito
2633 5803 2738 5859 dici
2757 5842 2771 5869 ,
2815 5801 2907 5873 qui
2942 5799 3266 5872 condignam
3295 5803 3568 5877 poeniten-
