3936 6328
508 371 644 428 1155

1139 334 1201 424 D.
1242 369 1494 426 RABANI
1531 369 1748 426 MAURI
1785 370 2104 428 ARCHIEP.
2145 369 2452 429 MOGUNT.
2494 366 2782 425 OPERUM
2817 365 2995 422 PARS
3033 365 3116 421 Ill.

3535 376 3634 432 H30

503 482 635 536 tiam
671 479 878 550 peccati
928 477 1012 533 sui
1065 492 1171 532 non
1218 489 1417 551 agunt,
1468 487 1526 533 ut
1559 479 1888 549 gloriticetur
1940 479 2080 534 Deus
2107 483 2160 544 Α
2183 480 2278 536 sed
2309 479 2421 534 haec
2449 477 2727 551 generatio
2759 491 2924 547 prava
2961 483 3014 530 et
3042 489 3278 544 perversa
3315 490 3398 546 pro
3429 482 3635 540 tantisho-

503 574 817 645 ignoscens,
849 586 1067 626 causam
1091 572 1286 641 quippe
1331 572 1560 626 reddens
1591 571 1759 626 David
1792 587 1890 626 cur
1929 571 2081 625 dixe-

503 665 576 720 rit
599 681 612 718 :
651 684 669 715 ι
696 661 815 718 Tibi
837 662 937 718 soli
958 663 1175 732 peccavi
1197 672 1251 716 et
1279 662 1477 716 malum
1502 677 1686 718 coram
1710 670 1762 718 te
1789 663 1888 717 feci
1909 660 2080 733 (Psal.

501 757 577 828 ι).
616 755 914 827 rSubjecit
934 763 990 811 et
1017 756 1182 810 dicit:
1234 775 1251 807 ι
1287 755 1360 812 Ut
1380 755 1696 825 justificeris
1726 757 1778 810 in
1822 754 2085 810 sermoni-

498 849 602 904 bus
652 849 782 913 tuis,
828 857 885 902 et
928 848 1138 913 vincas,
1190 862 1311 902 cum
1337 846 1621 916 judicaris,
1655 867 1674 899 ι
1722 847 1847 917 quia
1873 846 2084 902 cunctis

501 949 651 996 recte
690 939 1082 1006 sentientibus,
1116 940 1317 1010 liquido
1363 948 1604 1011 apparet,
1655 941 1796 1010 quod
1827 941 2085 994 Dominus

499 1040 584 1087 est
603 1031 784 1102 justus
814 1031 869 1084 in
916 1030 1169 1086 omnibus
1193 1031 1295 1085 viis
1323 1030 1452 1095 suis,
1505 1038 1559 1085 et
1587 1017 1805 1084 sanctus
1831 1030 1885 1084 in
1911 1030 2084 1084 omni-

500 1122 602 1178 bus
622 1122 878 1193 operibus
905 1123 1018 1178 suis
1052 1141 1065 1176 :
1123 1143 1140 1174 ι
1180 1122 1289 1178 Nec
1330 1123 1448 1177 vult
1496 1132 1728 1178 mortem
1758 1123 2080 1193 peccatoris,

500 1215 597 1271 sed
623 1224 683 1269 ut
702 1223 1048 1271 convertatur
1072 1222 1126 1270 et
1147 1215 1294 1268 vivat
1339 1211 1512 1285 (Psal.
1541 1213 1652 1284 ιι).
1686 1236 1703 1267 ι
1740 1213 2000 1269 Similiter
2030 1221 2086 1268 et

499 1308 643 1378 quod
671 1324 701 1361 a
729 1306 896 1362 David
925 1308 1127 1362 dictum
1180 1315 1300 1363 est:
1357 1326 1374 1358 ι
1409 1307 1551 1362 Sana
1600 1308 1838 1362 animam
1882 1322 2079 1372 meam,

499 1399 755 1469 quoniam
799 1399 1016 1468 peccavi
1061 1398 1176 1451 tibi.
1209 1418 1227 1450 ι
1274 1397 1387 1453 Hoc
1436 1397 1579 1452 idem
1606 1398 1801 1467 agitur,
1857 1405 1915 1451 ut
1942 1397 2084 1452 Deus

499 1489 830 1562 ignoscendo
866 1488 1229 1559 glorificetur,
1281 1489 1406 1560 quia
1443 1504 1637 1560 magna
1667 1499 1749 1543 est
1777 1487 1892 1556 ejus
1917 1488 2082 1542 mise-

499 1583 734 1637 ricordia
765 1596 927 1651 super
971 1581 1289 1636 conﬁtentes
1338 1579 1440 1634 sibi
1488 1588 1543 1633 et
1570 1580 1858 1634 redeuntes
1893 1578 1960 1633 ad
2004 1592 2080 1632 se.

499 1673 553 1728 In
593 1674 697 1729 hoc
725 1681 905 1750 autem
943 1672 1166 1727 Cantieo
1209 1671 1538 1742 praevidebat
1577 1669 1841 1740 Propheta
1873 1669 2085 1726 futuros

498 1766 780 1836 quosdam,
827 1764 918 1834 qui
954 1764 1048 1834 sic~
1087 1763 1304 1819 fuerunt
1351 1764 1646 1832 peccaturi,
1701 1764 1868 1817 Deum
1916 1762 2084 1818 offen-

2183 571 2267 626 nis
2289 587 2396 625 non
2424 569 2716 639 condignas
2742 575 2922 638 grates
2945 566 3163 621 Domino
3181 581 3269 621 suo
3293 570 3492 638 rependit
3515 590 3526 624 :
3548 576 3637 642 quin

2182 667 2362 738 potius
2387 664 2528 722 idola
2548 665 2651 720 sibi
2677 663 2981 727 fabricavit,
3008 669 3163 730 atque
3191 661 3284 716 illis
3308 663 3502 719 divinum
3523 666 3638 724 hono-

2183 774 2296 814 rem
2323 768 2377 814 et
2406 756 2672 814 sacrificia
2704 755 3017 811 stultissime
3062 753 3304 823 impendit
3338 754 3519 810 dicens:
3558 759 3637 814 illi

2183 858 2309 906 sunt
2341 849 2416 904 dii
2448 849 2549 912 tui,
2574 847 2740 903 lsrael
2759 887 2774 913 ,
2804 847 2897 916 qui
2925 845 3216 900 eduxerunt
3241 852 3286 898 te
3309 843 3367 899 de
3392 855 3508 901 terra
3526 846 3640 920 Egy-

2179 939 2257 1011 pti
2287 937 2483 1009 (Exod.
2513 936 2634 1008 xu).
2665 956 2682 987 ι

2258 1049 2278 1081 ι
2313 1028 2582 1084 Memento
2609 1027 2820 1090 dierum
2849 1026 3206 1096 antiquorum,
3239 1025 3394 1097 cogita
3423 1028 3644 1096 generatio-

2188 1142 2206 1176 ς
2243 1137 2340 1178 nes
2373 1119 2633 1191 singulas,
2665 1120 2936 1189 interroga
2955 1126 3161 1187 patrem
3189 1125 3343 1184 tuum,
3367 1128 3415 1173 et
3439 1121 3645 1174 annuntia-

2189 1231 2209 1264 ι
2242 1213 2324 1269 bit
2343 1212 2474 1276 tibi;
2503 1210 2735 1279 majores
2763 1217 2904 1274 tuos,
2925 1217 2981 1264 et
3009 1209 3184 1264 dicent
3211 1209 3317 1264 tibi.
3345 1229 3361 1261 ι
3387 1209 3482 1263 Alia
3501 1211 3642 1267 editio:

2189 1322 2207 1354 ι
2242 1302 2303 1358 In
2333 1312 2511 1358 mente
2536 1301 2729 1356 habete
2752 1300 2870 1355 dies
2897 1299 3098 1364 saeculi,
3129 1299 3386 1370 intelligite
3404 1316 3563 1366 annos,
3583 1317 3646 1356 na-

2183 1395 2360 1451 tiones
2390 1393 2667 1448 nationum
2687 1434 2702 1459 ,
2744 1393 3018 1461 interroga
3042 1400 3243 1461 patrem
3271 1401 3418 1456 tuum,
3444 1401 3487 1446 et
3505 1408 3647 1447 annun-

2187 1486 2339 1541 tiabit
2368 1484 2495 1549 tibi;
2522 1484 2763 1539 seniores
2787 1492 2930 1548 tuos,
2960 1491 3012 1536 et
3038 1482 3211 1537 dicent
3237 1482 3341 1537 tibi.
3378 1503 3395 1534 ι
3426 1482 3472 1535 in
3505 1498 3646 1538 memo-

2185 1577 2322 1632 riam
2369 1577 2450 1631 eis
2476 1576 2685 1631 reducit
2722 1575 2866 1630 facta
2909 1576 3150 1644 antiqua,
3176 1573 3354 1644 jubens
3391 1589 3468 1628 eos
3489 1575 3647 1628 interro-

2185 1685 2314 1743 gare
2361 1676 2544 1740 patres
2575 1678 2628 1724 et
2677 1667 2746 1722 ab
2777 1668 2856 1724 eis
2884 1668 3095 1723 discere
3123 1665 3337 1736 qualiter
3376 1667 3421 1722 in
3447 1669 3648 1736 pretends

2188 1761 2399 1818 saeculis
2429 1770 2484 1817 et
2518 1762 2958 1833 generationibus
2993 1760 3172 1815 divina
3216 1775 3310 1830 ope
3349 1769 3454 1813 sunt
3489 1761 3647 1826 libenti,

496 1857 670 1911 dendo
698 1856 905 1925 magnis
928 1855 1306 1924 iniquitatibus
1331 1857 1464 1920 suis,
1499 1863 1558 1908 ut
1587 1869 1687 1909 nec
1707 1855 2082 1923 paenitentiam
2111 1843 2158 1902 Β
2186 1865 2347 1926 atque
2375 1857 2572 1927 saepius
2601 1856 2668 1910 ab
2700 1855 2936 1909 inimicis
2965 1854 3213 1924 protecti,
3254 1861 3482 1922 quatenus
3502 1853 3564 1907 vel
3583 1854 3647 1907 hoc

498 1961 657 2018 agerc
685 1945 906 2010 vellent,
940 1954 996 1999 et
1020 1945 1087 1998 ad
1113 1943 1281 2024 Deum
1311 1945 1511 2009 redire,
1535 1954 1596 1998 ut
1620 1954 1946 1999 sanarentur
1972 1961 1985 2008 ;
2017 1945 2084 2000 de

497 2040 693 2109 quibus
720 2039 886 2093 etiam
935 2037 1170 2092 dicitur:
1225 2055 1243 2087 ε
1281 2035 1548 2104 Quoniam
1577 2053 1705 2092 caro
1733 2046 1856 2092 sunt
1881 2045 1937 2091 et
1963 2036 2084 2106 Spi-

496 2133 632 2186 ritus
663 2129 945 2185 ambulans
987 2139 1042 2183 et
1072 2145 1178 2184 non
1217 2138 1531 2195 revertens,
1571 2150 1588 2182 ι
1643 2130 1763 2185 ideo
1799 2129 1938 2183 dixit
1975 2143 2083 2184 non

496 2223 635 2278 ﬁlios
658 2237 781 2277 esse
808 2221 934 2284 Dei,
970 2221 1095 2291 quia
1121 2220 1517 2291 incorrigibiles
1543 2222 1890 2275 exstiterunt.

571 2337 590 2369 ε
629 2314 920 2371 Generatio
945 2329 1113 2384 prava
1137 2323 1304 2384 atque
1329 2330 1583 2383 perversa
1599 2355 1612 2377 ,
1643 2313 1881 2368 haeccine
1905 2313 2084 2368 reddis

501 2428 518 2459 ι
545 2406 813 2463 Domino?
852 2427 871 2458 ι
898 2406 1017 2459 Alia
1040 2406 1247 2461 editio:
1287 2425 1304 2457 ‹
1340 2405 1476 2472 Quia
1520 2406 1799 2476 generatio
1829 2419 1996 2474 prava
2029 2413 2084 2459 et

495 2511 756 2568 perversa
790 2495 906 2549 haec
931 2495 1162 2550 Domino
1189 2493 1510 2550 retribuisti.
1549 2512 1567 2545 ι

544 2585 745 2641 Simili
774 2585 946 2657 elogio
996 2601 1183 2641 eorum
1212 2585 1495 2656 perfidiam
1538 2584 1785 2641 Salvator
1813 2585 1866 2640 in
1909 2586 2086 2641 Evan-

499 2678 638 2750 gelio
703 2677 1008 2743 denotavit,
1065 2677 1156 2746 qui
1209 2677 1542 2732 tentantibus
1586 2685 1644 2731 et
1687 2677 1899 2746 signum
1947 2694 1978 2731 a
2025 2691 2084 2732 se

495 2771 860 2840 quaerentibus
884 2769 1162 2840 respondit
1188 2768 1374 2823 dicens
1399 2785 1412 2821 :
1466 2788 1483 2820 ι
1521 2768 1812 2824 Generatio
1832 2787 1999 2840 prava
2029 2779 2085 2825 et

497 2878 755 2933 perversa
797 2863 1011 2934 signum
1041 2862 1236 2931 quaerit
1279 2870 1336 2916 et
1359 2861 1571 2933 signum
1613 2878 1722 2919 non
1767 2863 1986 2918 dabitur
2009 2864 2079 2928 ei,

496 2956 601 3011 nisi
652 2957 869 3028 signum
916 2955 1067 3011 Iona:
1113 2954 1328 3026 (Matth.
1378 2954 1500 3027 xu).
1534 2976 1552 3008 ι
1610 2955 1703 3011 Sic
1748 2964 1804 3010 et
1850 2956 2084 3012 Joannes

497 3049 736 3120 Baptista
789 3048 964 3103 turbis
1015 3046 1322 3103 Judzeorum
1372 3047 1440 3102 ad
1489 3062 1546 3102 se
1579 3047 1918 3103 venientibus
1965 3050 2080 3103 ait:

502 3159 523 3193 ε
555 3140 839 3195 Genimina
883 3139 1223 3210 viperarum,
1265 3139 1388 3207 quis
1434 3139 1674 3194 ostendit
1703 3139 1856 3194 vobis
1897 3138 2083 3210 fugere

497 3237 566 3291 ab
593 3236 673 3290 ira
703 3234 968 3290 ventura?
995 3232 1158 3287 facite
1186 3247 1316 3301 ergo
1342 3231 1550 3286 fructus
1590 3233 1783 3304 dignos
1811 3234 2080 3302 poeniten-

495 3328 587 3383 tia:
613 3336 667 3383 et
695 3342 764 3381 ne
794 3325 971 3380 velitis
1007 3324 1217 3389 dicere,
1243 3333 1453 3393 patrem
1496 3324 1758 3380 habemus
1785 3325 2080 3380 Abraham.

495 3419 695 3475 Potens
741 3426 826 3473 est
853 3418 996 3471 enim
1029 3416 1171 3471 Deus
1222 3416 1288 3471 de
1328 3416 1595 3486 lapidibus
1650 3417 1769 3471 istis
1819 3419 2084 3472 susdlare

499 3511 638 3564 filios
663 3508 916 3562 Abrahae.
956 3528 974 3558 ι
1019 3507 1308 3562 Generatio
1336 3510 1532 3578 quippe
1554 3506 1862 3564 Judzeorum
1894 3525 2080 3578 prava,

496 3609 837 3670 et-perversa
863 3612 1076 3669 semper
1100 3598 1234 3664 fuit,
1277 3614 1397 3668 qua:
1424 3599 1635 3668 ingrata
1681 3599 1961 3653 beneﬁciis
1989 3599 2082 3653 Dei

495 3692 738 3757 exstitit,
783 3706 882 3747 nec
913 3691 964 3745 ei
1008 3707 1108 3762 pro
1153 3691 1255 3745 hoc
1289 3691 1584 3760 condignas
1631 3690 1848 3757 laudes,
1904 3692 2011 3746 imo
2054 3707 2085 3747 e

497 3785 770 3840 contrario
823 3799 1038 3854 semper
1084 3783 1544 3855 transgressiones
1588 3782 1770 3838 varias
1815 3783 2080 3838 idolorum

496 3879 684 3934 sordes
706 3887 866 3948 atque
895 3878 1227 3932 irritationes
1257 3876 1602 3948 rependebat.

571 3987 592 4036 μ
629 3955 830 4037 Popule
855 3967 1018 4022 stulte
1043 3975 1099 4024 et
1138 3966 1418 4035 insipiens,
1452 3967 1695 4036 nunquid
1723 3984 1827 4024 non
1861 3970 1976 4039 ipse
2001 3978 2086 4024 est

502 4078 520 4110 I
559 4058 721 4114 Pater
751 4068 897 4124 tuus,
942 4058 1035 4128 qui
1085 4057 1325 4126 possedit
1356 4066 1446 4123 te,
1507 4067 1562 4113 et
1609 4058 1736 4114 fecit
1780 4070 1834 4115 et
1881 4061 2085 4116 creavit

501 4170 520 4201 ε
545 4150 634 4205 te?
663 4170 682 4204 υ
716 4149 835 4204 Alia
866 4149 1068 4205 editio:
1103 4167 1122 4200 ‹
1155 4149 1244 4204 Sic
1273 4148 1420 4218 plebs
1449 4149 1596 4204 fatua
1627 4159 1682 4205 et
1706 4167 1811 4206 non
1845 4154 2082 4222 sapiens,

494 4258 677 4298 nonne
701 4243 788 4298 hic
815 4245 927 4312 ipse
949 4250 1033 4296 est
1059 4252 1184 4296 tuus
1213 4241 1396 4308 Pater,
1422 4244 1661 4312 possedit
1693 4254 1768 4310 te,
1795 4247 1924 4302 fecit
1951 4255 2003 4301 te
2030 4254 2086 4301 et

495 4336 700 4390 ereavit
724 4346 794 4391 te.
827 4355 847 4388 ι
902 4334 1064 4389 Pater
1095 4335 1469 4390 universorum
1513 4344 1568 4391 et
1597 4337 1843 4398 cmiditor
1890 4353 2085 4393 secun—

496 4428 625 4482 dum
655 4436 863 4486 natura:
889 4427 1186 4498 potentiam
1214 4424 1463 4490 Deus_est
1493 4444 1662 4494 unus,
1713 4429 1839 4500 quia
1873 4430 1941 4483 ab
1967 4429 2083 4499 ipso

495 4529 551 4575 et
574 4535 673 4590 per
716 4520 891 4591 ipsum
930 4528 985 4575 et
1029 4519 1084 4574 in
1111 4519 1228 4590 ipso
1277 4529 1404 4574 sunt
1447 4521 1669 4588 omnia,
1719 4522 1925 4576 ereavit
1954 4537 2082 4592 ergo

496 4610 640 4666 Deus
686 4611 979 4676 hominem,
1039 4610 1254 4680 quando
1298 4611 1626 4678 materiam,
1677 4613 1818 4667 unde
1857 4612 2080 4668 formari

498 4710 702 4774 posset,
748 4705 1024 4759 condidit:
1073 4704 1232 4770 fecit,
1265 4705 1479 4775 quando
1509 4705 1658 4761 illum
1690 4707 1756 4760 ad
1787 4707 2078 4778 imaginem

497 4805 553 4850 et
592 4795 997 4850 similitudinem
1040 4813 1194 4851 suam
1239 4797 1508 4864 formavit,
1556 4799 1816 4868 possedit,
1865 4799 2080 4870 quando

497 4887 736 4957 expulsis
765 4887 1040 4943 erroribus
1067 4905 1162 4958 per
1199 4891 1356 4946 fidem
1385 4900 1440 4946 et
1471 4891 1699 4962 gratiam
1719 4933 1733 4958 ,
1777 4909 1929 4948 suam
1976 4893 2080 4950 sibi

497 4979 811 5034 vindicavit.
847 4979 1080 5050 Populus
1108 4997 1237 5053 ergo
1259 4985 1456 5039 stultus
1485 4991 1539 5039 et
1566 4984 1825 5054 insipiens
1860 4985 1961 5041 fuit
1991 4986 2082 5043 Ju-

499 5071 736 5125 dzcorum
761 5085 912 5141 gens,
938 5087 1056 5142 qua:
1083 5089 1182 5130 nec
1207 5084 1511 5130 creatorem
1540 5091 1697 5131 suum
1723 5087 1778 5133 et
1795 5078 2077 5147 factorem,

499 5175 662 5231 quem
690 5162 775 5218 lex
805 5163 906 5218 sibi
953 5165 1077 5220 data
1122 5166 1565 5223 manifestissime
1607 5169 1866 5235 ostendit,
1919 5171 2080 5240 digno

499 5254 644 5309 cultu
671 5256 1066 5324 venerabatur;
1121 5273 1222 5314 nec
1266 5257 1382 5328 ejus
1416 5260 1668 5316 beneficii
1698 5276 1922 5328 memor,
1971 5277 2080 5332 quo

499 5345 646 5400 illum
701 5347 755 5401 in
803 5347 1036 5420 :‘Egypto
1085 5365 1183 5420 per
1231 5351 1487 5404 miracula
1519 5359 1679 5420 atque
1723 5353 1966 5422 prodigia
2013 5352 2080 5407 de

499 5453 662 5493 manu
701 5440 1041 5496 inimicorum
1069 5457 1264 5497 eruens
1289 5441 1592 5511 specialiter
1634 5444 1895 5513 possedit,
1943 5445 2080 5501 dans

429 5607 432 5610 _
498 5528 575 5584 illi
603 5530 668 5585 de
695 5531 834 5587 coelo
860 5547 1078 5598 manna,
1110 5540 1166 5587 et
1193 5532 1258 5586 de
1279 5539 1429 5600 petra
1460 5547 1676 5602 aquam,
1717 5549 1819 5591 nec
1843 5550 1950 5590 non
1980 5535 2076 5589 du-

499 5629 680 5676 catum
709 5623 757 5678 ei
788 5624 841 5677 in
881 5623 1018 5677 mari
1050 5624 1431 5692 Rubro,atquc
1464 5624 1517 5678 in
1547 5625 1763 5682 deserto
1791 5644 1889 5696 per
1913 5644 2076 5700 ange-

501 5711 661 5765 licum
721 5714 1078 5768 ministerium
1125 5715 1372 5783 praebuit,
1427 5716 1528 5770 hoc
1572 5727 1691 5781 est,
1743 5720 1796 5772 in
1826 5720 2072 5774 columna

502 5800 660 5857 nubis
684 5818 780 5872 per
812 5803 984 5867 diem,
1032 5813 1084 5860 et
1116 5807 1171 5860 in
1213 5805 1458 5884 columna
1506 5808 1644 5880 ignis
1688 5825 1788 5880 per
1816 5821 2070 5878 noctem;

2184 1947 2345 2002 modo
2374 1946 2442 1999 ad
2470 1945 2843 2016 pmnitentiam
2893 1941 3238 2014 peccatorum
3280 1953 3585 2012 provocentur,
3617 1953 3650 1995 et

2184 2041 2252 2095 ab
2273 2040 2420 2095 omni
2457 2054 2644 2094 errore
2671 2053 2729 2094 se
2765 2035 3012 2093 exuendo
3047 2037 3113 2092 ad
3149 2037 3407 2093 veritatem
3447 2037 3650 2106 appropin-

2183 2147 2352 2203 quare
2379 2131 2522 2186 otius
2547 2130 2872 2185 meditentur
2896 2146 2909 2182 :
2943 2136 3129 2199 patres
3165 2129 3300 2183 enim
3341 2127 3417 2181 hic
3442 2142 3523 2182 non
3548 2124 3651 2194 quili-

2183 2225 2276 2281 bet
2320 2224 2544 2278 hebetes
2570 2231 2624 2279 et
2654 2221 2820 2285 stulti,
2855 2221 2952 2277 sed
2979 2221 3224 2276 doctores
3255 2219 3375 2290 legis
3393 2227 3438 2272 et
3471 2217 3652 2288 praedica-

2185 2323 2331 2370 tores
2377 2313 2655 2384 Evangelii
2705 2313 2934 2384 mystice
2981 2310 3305 2381 intelligendi
3337 2319 3470 2373 sunt,
3499 2322 3652 2377 quorum

2184 2406 2447 2463 doctrinis
2480 2414 2536 2460 et
2570 2405 2832 2476 exemplis
2874 2413 3055 2475 potest
3083 2405 3241 2459 homo
3270 2403 3332 2458 ad
3353 2401 3653 2470 intelligentiam

2185 2498 2422 2554 divinam
2474 2496 2782 2567 proficere,
2827 2496 2974 2550 unde
3019 2495 3299 2566 Apostolus
3345 2494 3406 2549 ad
3439 2490 3656 2548 Corinthios

2184 2590 2428 2647 scribens
2456 2589 2532 2644 ait
2560 2607 2573 2643 :
2627 2610 2644 2639 ι
2681 2586 2816 2642 Nam
2863 2587 2910 2642 si
2943 2587 3132 2642 decem
3163 2587 3319 2641 millia
3351 2585 3653 2657 paedagogorum

2186 2682 2435 2739 habeatis
2461 2681 2516 2736 in
2536 2680 2779 2746 Christo,
2816 2679 2912 2734 sed
2949 2695 3060 2734 non
3087 2679 3277 2734 multos
3303 2687 3478 2749 patres.
3514 2674 3654 2731 Namin

2185 2773 2402 2830 Christo
2430 2771 2558 2828 Jesu
2589 2787 2687 2842 per
2728 2770 3084 2842 Evangelium
3113 2784 3211 2842 ego
3249 2785 3336 2825 vos
3358 2768 3490 2840 genui
3522 2766 3558 2837 (l
3577 2762 3652 2818 Cor.

2185 2869 2282 2940 tv).
2315 2888 2334 2920 ι
2372 2866 2440 2920 Et
2464 2865 2532 2920 ad
2557 2863 2846 2920 Hebraeos:
2885 2882 2904 2915 ι
2939 2863 3157 2929 Patres,
3188 2863 3370 2934 inquit,
3395 2860 3563 2932 quidem
3583 2871 3655 2911 car-

2186 2967 2270 3020 nis
2298 2975 2498 3021 nostra:
2527 2965 2814 3020 habuimus
2843 2963 3148 3019 eruditores
3173 2973 3226 3017 et
3247 2960 3654 3017 rcverebamureos:

2186 3072 2292 3110 non
2323 3057 2492 3111 multo
2513 3057 2686 3128 magis
2708 3055 3205 3125 obtemperabimus
3231 3053 3361 3123 patri
3382 3049 3606 3120 Spirituum
3622 3050 3658 3095 et

2185 3149 2432 3204 vivemus
2460 3158 2517 3203 et
2537 3147 2612 3203 illi
2633 3147 2850 3219 quidem
2879 3147 2933 3202 in
2963 3156 3204 3218 tempore
3225 3156 3486 3215 paucorum
3502 3137 3656 3197 dictum.

2187 3240 2484 3295 secundum
2539 3239 2872 3295 voluntatem
2928 3254 3089 3294 suam
3136 3236 3431 3293 erudiebant
3465 3245 3575 3287 nm:
3604 3225 3659 3280 hic

2184 3344 2365 3389 autem
2393 3334 2460 3388 ad
2489 3334 2562 3399 id,
2591 3333 2734 3402 quod
2761 3332 2891 3388 utile
2913 3341 3001 3388 est
3048 3333 3102 3388 in
3129 3330 3416 3402 recipiendo
3444 3319 3658 3382 sanctiﬁca-

2186 3423 2388 3477 tionem
2418 3423 2536 3493 ejus
2567 3421 2756 3494 (Hebr.
2789 3423 2911 3494 xu).
2953 3442 2971 3473 ι

2261 3533 2278 3564 ι
2315 3513 2546 3580 Quando
2569 3514 2848 3569 dividebat
2873 3513 3184 3570 Altissimus
3205 3520 3394 3584 gentes,
3426 3504 3588 3579 quando
3607 3514 3659 3555 se-

2190 3625 2208 3658 ‹
2255 3606 2481 3678 parabat
2515 3605 2653 3660 filios
2679 3605 2872 3670 Adam,
2916 3607 3199 3662 constituit
3247 3604 3474 3660 terminos
3510 3593 3659 3667 populo:

2192 3716 2210 3748 ι
2259 3713 2378 3751 rum
2417 3695 2571 3763 juxta
2603 3711 2886 3750 numerum
2920 3696 3158 3750 filiorum
3188 3694 3361 3750 lsrael.
3403 3691 3513 3744 Pars
3543 3693 3661 3740 autem

2190 3806 2207 3837 ι
2255 3787 2468 3842 Domini
2502 3788 2730 3857 populus
2763 3786 2902 3856 ejus,
2950 3787 3124 3843 Jacob
3156 3784 3405 3840 funiculus
3425 3774 3663 3836 hereditatis

2190 3897 2208 3929 ‹
2253 3878 2388 3948 ejus.
2426 3897 2444 3929 ›
2477 3876 2594 3931 Alia
2621 3877 2828 3932 editio:
2877 3897 2894 3928 ε
2917 3875 3054 3931 Cum
3083 3875 3328 3932 dividerit
3356 3869 3561 3926 Excelsus
3580 3877 3663 3933 gen-

2186 3979 2288 4034 tes,
2314 3970 2761 4038 quemadmodum
2808 3969 3065 4038 dispersit
3095 3969 3229 4024 tilios
3256 3965 3392 4029 Adae,
3421 3959 3566 4018 statuit
3589 3967 3661 4009 ter-

2186 4061 2361 4116 minos
2389 4061 2629 4129 gentium
2659 4061 2953 4116 secundum
2984 4077 3267 4117 numerum
3305 4056 3562 4128 angelorum
3583 4046 3660 4108 Dei.

2185 4165 2240 4209 et
2273 4154 2414 4209 facta
2441 4165 2524 4210 est
2550 4171 2678 4226 pars
2705 4155 2916 4210 Domini
2963 4157 3191 4226 populus
3212 4154 3324 4224 ejus
3357 4149 3495 4207 Iacob
3516 4143 3662 4199 funicu-

2185 4248 2269 4302 lus
2299 4247 2635 4303 haareditatis
2659 4247 2774 4316 ejus
2799 4248 2982 4304 lsrael.
3021 4269 3040 4299 ι
3090 4248 3330 4303 Historiae
3351 4244 3473 4300 enim
3492 4237 3591 4293 ordo
3609 4246 3662 4284 ra-

2187 4341 2390 4395 tionem
2437 4339 2530 4394 dat
2565 4341 2631 4395 de
2677 4340 2902 4394 humani
2948 4342 3163 4412 generis
3198 4335 3546 4396 distributione,
3579 4323 3663 4396 quia

2186 4449 2307 4488 eum
2338 4433 2624 4488 multitudo
2653 4434 2932 4489 hominum
2963 4444 3113 4490 tanta
3142 4435 3229 4504 sit,
3271 4441 3326 4487 ut
3359 4442 3515 4487 eorum
3537 4430 3662 4477 nume-

2187 4525 2384 4580 rositas
2412 4525 2646 4580 humana
2678 4528 3080 4596 computatione
3108 4520 3463 4596 comprehendi
3487 4530 3568 4570 non
3585 4522 3664 4580 1³0⁵³

2188 4617 2281 4684 sit,
2328 4616 2471 4674 solos
2501 4617 2636 4672 ﬁlios
2667 4617 2836 4672 Israel
2865 4619 2930 4674 de
2955 4627 3102 4674 tanta
3136 4615 3451 4674 multitudine
3483 4610 3526 4663 in
3558 4613 3661 4657 suam

2187 4708 2555 4763 haereditatem
2580 4709 2838 4764 Dominus
2859 4709 3040 4781 elegit,
3071 4710 3158 4764 ubi
3183 4721 3365 4764 nomen
3391 4713 3519 4757 suum
3542 4702 3583 4749 et
3601 4705 3663 4760 p0-

2188 4802 2410 4858 tentiam
2440 4817 2594 4857 suam
2641 4812 2822 4857 notam
2864 4802 3066 4857 faceret
3107 4809 3163 4856 et
3183 4795 3449 4854 voluntatis
3485 4803 3570 4844 sum
3603 4793 3690 4876 50-3

2185 4901 2335 4948 creta
2379 4907 2476 4962 per
2527 4891 2657 4963 legis
2694 4891 2899 4960 judicia
2926 4901 2980 4946 et
3010 4892 3379 4963 prophetarum
3405 4880 3564 4948 scripta
3588 4877 3690 4924 ma—‘

2185 4985 2486 5052 nifestaret,
2543 4987 2686 5040 sicut
2721 4986 2970 5057 superius
3013 4985 3066 5040 in
3111 4980 3348 5055 praesenti
3378 4977 3496 5066 libro
3515 4967 3662 5066 uois”

2185 5087 2414 5134 testatus
2439 5086 2523 5133 est
2553 5078 2739 5133 dicens
2771 5077 2947 5150 (Deut.
2979 5079 3115 5146 vn):
3148 5095 3165 5127 ι
3204 5074 3276 5128 Te
3302 5067 3445 5140 elegit
3471 5062 3660 5115 Dominus

2183 5172 2324 5226 Deus
2357 5180 2497 5236 tuus,
2529 5181 2588 5224 ut
2615 5171 2690 5226 sis
2709 5171 2758 5226 ei
2778 5170 3008 5242 populus
3031 5167 3310 5241 peculiaris
3332 5164 3392 5218 de
3407 5151 3576 5215 cunctis
3596 5158 3660 5214 P°‘

2183 5264 2341 5335 pulis,
2371 5263 2461 5333 qui
2489 5271 2612 5317 sunt
2644 5279 2806 5333 super
2831 5271 3030 5318 terram
3056 5280 3070 5329 ;
3100 5276 3205 5316 non
3229 5257 3343 5328 quia
3368 5255 3551 5307 cunctas
3572 5249 3660 5335 gen:

2185 5329 2265 5408 tes
2294 5329 2520 5410 numero
2547 5329 2864 5421 vincehatis,
2891 5355 3044 5410 vobis
3063 5355 3274 5426 junctus
3303 5355 3378 5402 est
3403 5337 3605 5398 Dominus
3622 5329 3659 5426 et

2187 5445 2349 5516 elegit
2377 5461 2490 5510 vos,
2522 5461 2643 5500 eum
2669 5446 2922 5504 omnibus
2947 5410 3293 5514 sitis.populis
3322 5430 3573 5507 pauciuws,
3594 5410 3658 5469 sed

2186 5515 2312 5607 quia
2339 5537 2529 5592 dilexit
2556 5553 2653 5594 vos
2682 5537 2943 5594 Dominus
2975 5548 3032 5594 et
3069 5531 3339 5592 custodivit
3368 5515 3658 5600 jurameﬁlum

2184 5630 2327 5700 quod
2345 5628 2549 5700 juravit
2571 5633 2816 5701 patribus
2841 5633 3055 5698 vestris,
3081 5628 3353 5696 eduxitque
3373 5632 3454 5672 vos
3477 5613 3520 5676 in
3541 5609 3656 5701 tif“

2184 5693 2311 5776 forti
2335 5693 2391 5776 et
2431 5693 2661 5778 redemit
2686 5725 2752 5779 de
2781 5725 2942 5782 domo
2968 5693 3354 5784 servitutis,_d8
3388 5717 3522 5765 "13"“
3555 5693 3656 5800 Β

2183 5813 2364 5871 monis
2408 5814 2546 5885 τρεῖς
2589 5815 2840 5889 Egypti,
2888 5825 2946 5873 ut
2989 5833 3127 5874 scias
3164 5813 3282 5886 quia
3313 5801 3529 5865 Dominus
3554 5785 3654 5843 Deus
