3936 6328
267 463 396 528 1157

946 462 1300 521 COMMENT.
1340 463 1410 522 IN
1449 462 1745 521 CANTICA
1783 461 1950 530 QUAS
1991 462 2082 516 AD
2121 461 2394 520 LAUDES
2430 459 2803 518 DICUNTUR.

3376 459 3514 515 1158

263 593 398 646 tuus,
427 579 540 650 ipse
583 588 667 634 est
705 579 845 633 Deus
891 577 1045 634 fortis
1074 589 1128 633 et
1170 579 1358 644 fidelis,
1396 578 1706 634 custodiens
1733 591 1830 648 pa.
1853 576 1909 638 Α
1931 577 2228 632 custoditos
2257 591 2411 644 esse,
2445 578 2679 646 quandiu
2711 575 2959 631 mandata
2987 576 3081 631 Dei
3120 576 3510 644 servaverunt;

258 685 397 734 ctum
431 681 486 728 et
514 671 942 727 misericordiam
972 671 1318 741 diligentibus
1358 685 1418 725 se
1443 710 1456 736 ,
1514 677 1568 726 et
1613 669 1698 724 his
1737 668 1828 738 qui

258 763 559 824 custodiunt
585 769 853 832 praecepta
897 759 1014 830 ejus
1059 761 1116 816 in
1147 760 1291 816 mille
1331 761 1726 832 generationes,
1773 770 1830 814 et

260 855 483 912 reddens
503 853 806 908 odientibus
833 868 892 908 se
919 852 1128 918 statim,
1174 861 1246 907 ita
1273 861 1333 906 ut
1357 853 1631 924 disperdat
1656 867 1750 908 eos
1778 860 1833 907 et

258 947 393 1003 ultra
425 959 532 1000 non
575 942 788 998 differat
834 942 1082 1012 protinus
1109 940 1192 996 eis
1221 942 1514 998 restituens
1545 943 1687 1012 quod
1714 958 1830 998 me-

258 1047 457 1094 rentur.
501 1036 721 1093 Custodi
763 1054 892 1110 ergo
918 1045 1184 1107 praecepta
1215 1045 1271 1091 et
1295 1037 1642 1092 caeremonias
1671 1047 1831 1107 atque

253 1127 464 1202 judicia,
511 1146 631 1201 quae
673 1146 774 1202 ego
799 1129 998 1185 mando
1037 1129 1132 1184 tibi
1174 1130 1334 1184 hodie
1375 1139 1433 1184 ut
1475 1128 1661 1184 facias.
1699 1150 1718 1182 ι
1766 1129 1834 1184 Et

258 1225 364 1280 haec
389 1224 680 1279 secundum
715 1223 1035 1278 Hebraicam
1059 1223 1345 1276 veritatem
1369 1221 1443 1276 ita
1467 1221 1688 1293 intelligi
1708 1236 1833 1292 pos-

257 1325 391 1372 sunt.
434 1314 740 1370 Secundum
772 1313 934 1368 aliam
965 1321 1144 1368 autem
1185 1300 1517 1378 editionem,
1566 1311 1658 1367 ubi
1702 1312 1834 1384 legi-

258 1415 358 1471 tur,
395 1407 583 1460 statuit
629 1406 890 1460 terminos
917 1406 1154 1476 gentium
1208 1406 1505 1460 secundum
1546 1420 1832 1460 numerum

254 1496 570 1567 Angelorum
618 1495 712 1551 Dei
741 1503 796 1550 et
843 1496 896 1550 in
945 1495 1180 1550 Danielis
1213 1496 1442 1561 visione,
1477 1496 1568 1550 ubi
1597 1495 1834 1566 Angelus

255 1589 314 1643 de
349 1588 592 1659 principe
619 1587 906 1642 Persarum
946 1587 1048 1642 sibi
1098 1586 1369 1641 resistenti
1398 1587 1678 1656 Propheta:
1709 1601 1834 1640 nar-

254 1677 674 1740 ravit,’videtur
721 1675 865 1731 aliud
927 1676 1083 1731 nobis
1137 1677 1456 1731 insinuare:
1505 1678 1834 1748 Angelorum

253 1766 390 1819 enim
417 1765 716 1820 ministeria
743 1780 907 1836 super
931 1774 1121 1836 gentes
1157 1766 1420 1838 singulas,
1450 1775 1505 1822 et
1545 1784 1708 1838 super
1733 1770 1832 1823 bo-

252 1856 419 1910 mines
444 1856 682 1926 singulos
718 1857 968 1910 ordinata
985 1857 1303 1922 creduntur,
1330 1867 1599 1928 quatenus
1623 1861 1721 1914 sub
1745 1876 1835 1917 e0-

1934 682 2058 722 cum
2081 677 2261 723 autem
2283 683 2347 723 ea
2369 669 2692 740 transgressi
2717 676 2860 732 sunt,
2875 669 3056 724 statim
3082 668 3250 739 plagis
3273 668 3516 738 percussi

1933 769 2096 830 atque
2149 760 2218 815 ab
2275 761 2508 816 inimicis
2555 760 2818 816 devastati
2863 769 3009 814 sunt.
3062 759 3287 831 Mystiee
3336 769 3516 816 autem

1933 852 2195 908 Dominus
2227 853 2389 908 Israel
2424 854 2476 907 in
2516 854 2728 908 deserto
2775 852 3016 918 invenit,
3063 867 3186 907 cum
3219 851 3517 908 Ecclesiam

1934 944 2000 999 de
2025 945 2207 998 mundi
2240 959 2425 1001 errore
2451 944 2590 1009 tulit,
2619 944 2709 998 ubi
2735 943 2929 1000 horror
2951 943 3268 1014 idololatria:
3293 951 3348 998 et
3369 945 3516 999 nulla

1933 1037 2137 1092 mentio
2167 1038 2261 1093 Dei
2290 1038 2410 1092 fuit.
2461 1037 2830 1093 Circumducit
2872 1051 3002 1107 ergo
3030 1037 3290 1092 Dominus
3331 1036 3520 1092 Eccle-

1934 1129 2092 1193 siam,
2143 1144 2267 1184 cum
2299 1129 2352 1184 in
2403 1129 2672 1184 universis
2724 1128 2906 1183 mundi
2941 1127 3184 1198 partibus
3215 1141 3332 1182 eam
3381 1127 3517 1182 dila-

1935 1219 2097 1274 tando
2143 1219 2197 1274 in
2236 1219 2380 1274 viam
2424 1220 2801 1276 mandatorum
2843 1234 3062 1274 suorum
3091 1219 3292 1291 dirigit,
3323 1227 3381 1274 et
3423 1234 3521 1288 per

1936 1307 2196 1379 Spiritum
2221 1317 2466 1365 sanctum
2495 1311 2829 1365 voluntatem
2855 1325 3007 1365 suam
3037 1311 3087 1366 ei
3113 1311 3380 1376 indicans,
3405 1311 3521 1366 ubi-

1935 1414 2040 1470 que
2077 1415 2194 1454 eam
2243 1401 2401 1471 plena
2445 1403 2689 1458 custodia
2719 1445 2733 1469 ,
2779 1403 2921 1473 quod
2971 1417 3069 1472 per
3093 1402 3348 1474 pupillam
3377 1404 3519 1458 oculi

1935 1489 2270 1560 designatur,
2310 1500 2497 1546 contra
2527 1493 2812 1548 haereticos
2837 1499 3000 1564 atque
3026 1502 3401 1564 persecutores
3432 1510 3524 1550 cu-

1935 1582 2120 1636 stodit.
2157 1581 2412 1653 Sequitur
2441 1583 2544 1638 alia
2573 1586 2905 1654 comparatio
2938 1599 2954 1639 :

2012 1691 2032 1724 ι
2070 1673 2222 1729 Sicut
2249 1674 2426 1744 aquila
2456 1690 2758 1745 provocans
2783 1677 2850 1730 ad
2876 1675 3165 1732 volandum
3194 1676 3368 1747 pullos
3394 1691 3522 1732 suos

1941 1783 1960 1817 ς
2005 1773 2058 1820 et
2083 1781 2245 1835 super
2274 1780 2369 1821 eos
2396 1766 2630 1821 volitans
2651 1768 2905 1837 expandit
2933 1767 3048 1822 alas
3075 1782 3202 1822 suas
3236 1776 3290 1822 et
3317 1783 3523 1822 assum-

1941 1873 1961 1906 ι
2006 1856 2112 1925 psit
2135 1871 2228 1911 eos
2259 1863 2420 1924 atque
2440 1855 2676 1926 portavit
2703 1856 2756 1910 in
2788 1856 3028 1911 humeris
3053 1857 3184 1912 suis.
3221 1877 3238 1908 ι
3272 1856 3390 1911 Alia
3411 1858 3524 1912 edi-

255 1963 363 2001 rum
395 1947 656 2017 regimine
676 1955 840 2017 atque
865 1946 1176 2003 defensione
1199 1949 1434 2004 humana
1459 1959 1654 2005 natura
1679 1949 1833 2018 juxta
1862 1965 1909 2025 B
1939 1947 2012 2002 tio
2037 1965 2049 2000 :
2091 1965 2110 1998 ‹
2148 1945 2301 2001 Sicut
2339 1947 2515 2016 aquila
2545 1949 2678 2018 tegit
2713 1947 2898 2002 nidum
2929 1963 3105 2012 suum,
3138 1957 3193 2002 et
3214 1965 3377 2019 super
3401 1950 3520 2020 pul-

253 2036 697 2105 dispensationem
740 2038 1126 2107 omnipotentis
1162 2038 1254 2094 Dei
1307 2041 1642 2096 custodiatur
1671 2050 1832 2112 atque

251 2128 315 2182 ab
339 2127 573 2182 inimicis
603 2119 834 2183 tueatur.
882 2129 1034 2184 Unde
1072 2130 1332 2185 Dominus
1358 2132 1412 2186 in
1445 2132 1736 2204 Evangelio
1765 2135 1832 2189 de

249 2217 486 2287 parvulis
516 2234 620 2274 non
649 2219 1081 2276 scandalizandis
1118 2221 1350 2286 docens,
1401 2237 1527 2277 mox
1557 2222 1832 2291 subjunxit

250 2309 467 2363 dicens:
527 2329 545 2361 ‹
584 2310 771 2380 Angeli
799 2325 987 2364 eorum
1019 2311 1073 2365 in
1100 2311 1253 2367 caalis
1295 2327 1510 2384 semper
1537 2313 1722 2370 vident
1747 2313 1830 2368 fa-

251 2400 383 2455 ciem
410 2399 586 2456 Patris
606 2401 734 2466 mei,
763 2401 855 2471 qui
887 2402 940 2456 in
962 2402 1113 2458 caelis
1140 2411 1226 2458 est
1253 2403 1467 2476 (Matth.
1498 2403 1619 2477 xn).
1649 2425 1669 2458 ι
1696 2405 1831 2472 Quia

248 2494 386 2549 enim
436 2509 669 2564 superna
707 2493 796 2548 illa
840 2494 1030 2550 civitas
1075 2511 1142 2550 ex
1188 2495 1392 2568 angelis
1438 2503 1494 2552 et
1523 2497 1832 2554 hominibus

248 2572 478 2648 coiistat,
525 2585 592 2638 ad
619 2599 782 2654 quam
819 2593 997 2641 tantos
1023 2586 1298 2642 credimus
1323 2603 1390 2643 ex
1422 2580 1702 2644 hominum
1740 2603 1833 2659 ge-

249 2690 376 2730 nere
406 2675 802 2741 conscendere,
848 2685 1076 2746 quantos
1116 2676 1226 2732 illic
1253 2679 1478 2750 contigit
1510 2679 1710 2734 electos
1737 2692 1835 2734 an:

249 2765 395 2836 gelos
421 2767 748 2822 remansisse
782 2767 921 2823 sicut
947 2769 1204 2839 scriptum
1236 2779 1337 2834 est,
1374 2789 1394 2820 σ
1431 2772 1620 2825 statuit
1649 2772 1832 2826 termi-

247 2873 346 2914 nos
372 2859 612 2930 gentium
641 2858 936 2914 secundum
978 2874 1260 2914 numerum
1289 2863 1600 2932 angelorum
1631 2863 1726 2918 Dei
1757 2881 1770 2916 :
1807 2882 1825 2915 ι

247 2950 504 3005 debemus
524 2958 580 3004 et
607 2965 706 3005 nos
731 2949 930 3022 aliquid
953 2965 1018 3007 ex
1047 2952 1149 3008 illis
1183 2953 1621 3008 distinctionibus
1646 2968 1832 3024 super-

248 3055 440 3096 norum
478 3041 674 3096 civium
718 3042 787 3098 ad
811 3058 987 3103 ,usum
1023 3052 1223 3100 nostra:
1251 3045 1678 3101 conversationis
1723 3054 1832 3100 tra-

246 3134 414 3197 here,
463 3148 668 3204 nosque
702 3133 847 3204 ipsos
885 3133 951 3188 ad
999 3135 1328 3191 incrementa
1370 3137 1634 3191 virtutum
1674 3136 1831 3193 bonis

247 3225 444 3281 studiis
479 3224 833 3282 inﬂammare.
880 3225 1016 3294 Quia
1044 3229 1190 3282 enim
1225 3237 1373 3283 tanta
1405 3227 1512 3284 illic
1537 3241 1830 3283 ascensura

1935 2037 2016 2093 los
2041 2053 2166 2093 suos
2189 2038 2451 2103 consedit,
2488 2039 2744 2110 expandit
2769 2040 2883 2094 alas
2909 2055 3064 2104 suas,
3103 2050 3158 2094 et
3185 2042 3394 2112 accepit
3428 2057 3522 2097 eos

1935 2137 1990 2182 et
2016 2130 2254 2200 suscepit
2278 2145 2371 2186 eos
2397 2145 2560 2200 super
2584 2130 2830 2200 scapulas
2867 2147 3012 2188 suas.
3049 2151 3068 2183 ι
3126 2131 3360 2187 Narrant
3388 2134 3523 2206 phy-

1936 2221 2032 2276 sici
2059 2237 2200 2292 quon
2227 2223 2427 2292 aquila,
2475 2239 2595 2294 quae
2629 2225 2697 2280 ab
2724 2226 2974 2281 acumine
3013 2227 3291 2283 oculorum
3320 2238 3403 2284 est
3431 2244 3525 2283 vo-

1934 2322 2078 2378 cata,
2111 2324 2218 2368 tam
2244 2314 2388 2370 acuti
2429 2315 2654 2371 intuitus
2683 2317 2772 2380 sit,
2802 2327 2862 2371 ut
2892 2334 3014 2372 cum
3041 2333 3202 2389 super
3230 2321 3398 2376 maria
3433 2321 3526 2376 im-

1934 2405 2117 2460 mobili
2146 2421 2320 2475 penna
2350 2404 2579 2472 feratur,
2609 2421 2708 2462 nec
2733 2408 2986 2463 humanis
3012 2417 3198 2478 pateat
3223 2409 3521 2478 obtutibus,

1933 2495 2001 2550 de
2030 2505 2178 2550 tanta
2201 2496 2530 2552 sublimitate
2551 2496 2840 2567 pisciculos
2862 2509 3051 2555 natare
3078 2500 3132 2554 in
3159 2516 3296 2570 aqua
3321 2502 3520 2568 videat,

1935 2603 1999 2643 ac
2033 2588 2290 2642 tormenti
2318 2589 2490 2643 instar
2519 2589 2852 2645 descendens
2881 2600 3088 2661 raptam
3127 2593 3365 2661 praedam
3392 2608 3523 2664 pen-

1934 2679 2020 2733 nis
2041 2679 2108 2733 ad
2141 2679 2294 2734 littus
2327 2680 2650 2748 pertrahat;
2686 2696 2809 2735 nam
2839 2689 2894 2735 et
2920 2692 3110 2737 contra
3143 2683 3350 2738 radium
3394 2684 3524 2739 solis

1935 2769 2107 2825 fertur
2129 2771 2374 2826 obtutum
2406 2787 2512 2826 non
2539 2770 2782 2838 ﬂectere,
2820 2775 2963 2828 unde
2993 2773 3246 2844 et'pullos
3273 2789 3401 2831 suos
3425 2793 3526 2831 un~

1934 2875 2037 2930 gue
2077 2876 2372 2930 suspensos
2417 2861 2586 2916 radiis
2616 2862 2746 2918 solis
2791 2862 2999 2932 objicit,
3047 2873 3104 2918 et
3147 2881 3283 2934 quos
3330 2867 3527 2921 viderit

1933 2951 2264 3007 immobilem
2305 2961 2488 3007 tenere
2513 2953 2704 3016 aciem,
2746 2961 2805 3008 ut
2841 2954 3032 3024 dignos
3067 2971 3264 3026 genere
3305 2971 3526 3013 conser-

1933 3050 2064 3109 vat;
2091 3043 2136 3098 si
2166 3058 2303 3113 quos
2328 3059 2458 3099 vero
2486 3043 2760 3098 inflectere
2785 3046 3030 3100 obtutum
3061 3047 3228 3113 videt,
3254 3049 3408 3118 quasi
3429 3049 3522 3106 de-

1934 3149 2158 3204 generes
2189 3135 2414 3204 abjicit;
2448 3135 2703 3190 dicuntur
2731 3144 2786 3190 et
2812 3136 3006 3206 aquila:
3035 3138 3210 3207 pullos
3245 3154 3371 3194 suos
3397 3154 3522 3194 cum

1931 3227 2116 3282 vident
2139 3227 2190 3281 ln
2231 3228 2373 3282 nidis
2397 3228 2757 3298 plumcscere,
2789 3230 2889 3284 alis
2913 3241 3216 3301 percutere,
3246 3242 3300 3288 et
3339 3235 3406 3288 ad
3436 3249 3526 3289 vo-

247 3321 491 3376 creditur
519 3321 804 3376 multitudo
828 3322 1132 3390 hominum,
1180 3332 1379 3394 quanta
1411 3323 1698 3378 multitudo
1742 3338 1832 3377 re-
1859 3331 1906 3394 ο
1937 3317 2156 3373 landum
2184 3333 2279 3374 eos
2305 3320 2371 3374 de
2392 3319 2519 3373 nido
2557 3335 2856 3389 provocare
2883 3339 2899 3386 ;
2949 3323 3230 3380 nidificant
3258 3333 3438 3380 autem
3470 3327 3524 3381 in

243 3414 446 3469 mansit
469 3412 832 3484 Angelorum;
883 3423 1151 3486 superest,
1201 3424 1262 3470 ut
1285 3416 1386 3487 ipsi
1421 3431 1635 3487 quoque
1661 3416 1834 3473 homi-

244 3520 363 3571 nes,
393 3507 486 3575 qui
512 3507 580 3560 ad
620 3505 894 3562 caelestem
921 3507 1155 3578 patriam
1182 3508 1412 3564 redeunt
1453 3523 1520 3564 ex
1559 3509 1640 3564 eis
1663 3509 1835 3580 agmi-

242 3598 407 3653 nibus
440 3597 641 3666 aliquid
687 3597 809 3652 illuc
838 3608 1174 3654 revertentes
1219 3599 1536 3667 imitentur;
1569 3601 1834 3655 distinctae

242 3702 484 3757 namque
518 3689 957 3744 conversationes
983 3691 1284 3756 hominum,
1308 3691 1640 3761 singulorum
1670 3692 1836 3761 agmi-

242 3797 379 3838 num
414 3780 695 3836 ordinibus
742 3791 1064 3852 congruunt,
1109 3791 1164 3837 et
1195 3783 1248 3836 in
1276 3797 1465 3837 eorum
1509 3791 1710 3837 sortem
1740 3798 1837 3853 per

243 3874 674 3929 conversationis
704 3862 1106 3929 similitudinem
1129 3875 1470 3944 deputantur.
1500 3872 1634 3926 Pars
1655 3882 1834 3927 autem

243 3965 460 4020 Domini
503 3965 728 4036 papulus
757 3974 840 4020 est
884 3963 1049 4021 Jacob
1087 3965 1418 4036 spiritualis,
1465 3973 1520 4020 et
1568 3964 1837 4020 funiculus

242 4055 580 4112 hareditatis
606 4054 722 4125 ejus
764 4056 928 4110 Israel
958 4071 1136 4122 verus,
1173 4056 1412 4112 Ecclesia
1441 4055 1693 4111 videlicet
1736 4056 1838 4110 Ca-

243 4150 468 4216 tholica,
517 4151 583 4205 de
627 4165 731 4219 qua
767 4165 865 4220 per
917 4147 1259 4203 Psalmistam
1312 4147 1551 4202 dicitur:
1611 4165 1629 4198 (
1659 4146 1836 4201 Funes

241 4243 561 4299 ceciderunt
604 4243 733 4296 mihi
765 4284 779 4309 ,
833 4244 885 4297 in
934 4241 1248 4312 praclari3°
1299 4239 1499 4296 etenim
1549 4240 1837 4294 haereditas

241 4349 369 4388 mea
394 4331 653 4403 praeclara
685 4341 768 4388 est
789 4333 918 4387 mihi
950 4329 1125 4403 (Psal.
1157 4335 1271 4404 xv).
1302 4351 1321 4382 ι

325 4446 346 4477 ι
381 4425 590 4480 Invenit
613 4440 734 4480 eum
763 4424 817 4479 in
847 4433 991 4479 terra
1021 4425 1254 4488 deserta,
1287 4423 1342 4478 in
1369 4421 1487 4478 loco
1516 4421 1758 4478 horroris
1781 4429 1838 4478 et

245 4535 268 4568 ι
315 4525 485 4570 vastae
523 4515 842 4570 solitudinis.
897 4514 1268 4571 Circumduxit
1309 4530 1431 4570 eum
1477 4522 1533 4570 et
1569 4515 1751 4570 docuit
1782 4522 1838 4570 et

243 4631 266 4666 ‹
317 4612 612 4668 custodivit
641 4613 793 4682 quasi
831 4613 1086 4683 pupillam
1115 4613 1255 4669 oculi
1287 4614 1391 4668 sui.
1431 4633 1452 4665 ι
1479 4612 1597 4668 Alia
1627 4613 1792 4668 editio
1818 4635 1830 4668 :

1935 3411 2104 3482 petris
2145 3418 2202 3464 et
2229 3411 2535 3478 arboribus,
2579 3413 2630 3465 in
2681 3428 2909 3483 quarum
2955 3414 3084 3470 nido
3137 3415 3274 3486 lapis
3319 3419 3527 3474 echites

1935 3500 2254 3566 aedificatur,
2297 3517 2457 3571 quem
2483 3502 2648 3572 aliqui
2683 3513 3014 3560 vocaverunt
3059 3506 3313 3576 gaietem,
3341 3509 3430 3578 qui
3457 3510 3523 3562 ad

1937 3592 2108 3647 multa
2127 3593 2367 3647 remedia
2399 3593 2574 3658 utilis,
2620 3594 2754 3648 nihil
2783 3595 2905 3666 igne
2925 3596 3264 3666 deperdens:
3296 3608 3524 3653 narrant

1938 3691 2118 3737 autem
2147 3682 2310 3738 iidem
2342 3692 2550 3738 natura:
2581 3684 2948 3754 inquisitores,
2997 3689 3141 3758 quod
3175 3689 3366 3758 aquilae
3414 3706 3522 3746 non

1939 3787 2049 3831 tam
2077 3779 2275 3833 obeant
2321 3779 2472 3834 senio
2517 3779 2602 3833 vel
2647 3782 2996 3852 aegritudine,
3045 3799 3205 3854 quam
3256 3785 3418 3854 fame,
3468 3790 3524 3844 in

1941 3875 2149 3921 tantum
2176 3869 2456 3938 superiore
2477 3878 2756 3924 crescente
2779 3881 2978 3940 rostro,
3009 3883 3070 3928 ut
3099 3875 3382 3934 aduncitas
3405 3894 3526 3949 ape-

1937 3957 2036 4012 riri
2067 3973 2172 4013 non
2205 3968 2406 4028 queat;
2457 3959 2550 4016 sed
2577 3977 2698 4016 cum
2723 3963 2846 4018 inde
2870 3965 3067 4020 viderit
3093 3969 3193 4023 sibi
3224 3971 3522 4040 periculum

1937 4049 2239 4115 imminere,
2277 4051 2524 4106 obtundit
2551 4063 2783 4108 rostrum
2822 4055 2878 4108 in
2901 4064 3049 4125 petra
3081 4057 3393 4128 durissima,
3425 4065 3522 4119 do-

1939 4159 2040 4199 nec
2074 4144 2273 4199 iterum
2305 4145 2358 4199 in
2405 4147 2695 4216 pristinum
2730 4163 2884 4203 usum
2935 4161 3264 4207 revertatur.
3311 4155 3377 4210 Et
3402 4155 3526 4211 inde

1939 4235 2171 4306 mystico
2217 4251 2466 4293 sermone
2510 4239 2561 4292 in
2608 4239 2816 4309 psalmo
2861 4243 3122 4311 scriptum
3156 4255 3261 4311 est,
3307 4246 3524 4303 dicente

1937 4329 2206 4401 Propheta
2249 4331 2317 4385 ad
2355 4331 2589 4386 animam
2639 4331 2890 4389 fidelem:
2934 4355 2952 4387 σ
2989 4335 3356 4393 Renovabitur
3387 4339 3528 4395 sicut

1939 4422 2131 4492 aquilae
2153 4421 2408 4490 juventus
2434 4432 2524 4479 tua
2549 4423 2724 4495 (Psal.
2753 4427 2873 4495 cn).
2907 4449 2924 4480 ι
2979 4427 3083 4484 Per
3110 4431 3304 4499 aquilae
3335 4432 3527 4486 simili-

1939 4515 2178 4570 tudinem
2209 4518 2506 4571 secundum
2537 4516 2774 4572 litteram
2795 4520 3132 4585 ostenditur,
3180 4522 3323 4591 quod
3349 4523 3526 4578 Domi-

1939 4623 2042 4662 nus
2062 4606 2314 4677 populum
2345 4623 2503 4662 suum
2532 4611 2875 4678 provocando
2916 4611 2982 4666 ad
3031 4620 3235 4667 terram
3263 4612 3532 4700 Chanaan.

242 4725 264 4758 ι
321 4702 689 4760 sufﬁcientem
717 4720 839 4759 eum
871 4705 971 4760 sibi
999 4703 1127 4760 fecit
1177 4705 1231 4759 in
1259 4720 1444 4760 eremo
1473 4705 1528 4759 in
1568 4705 1656 4760 siti
1688 4707 1832 4762 calo.
1858 4715 1912 4777 ι)
1937 4698 2093 4755 bellis
2119 4699 2496 4768 possidendam
2529 4697 2706 4766 juvit,
2738 4709 2793 4755 et
2836 4700 3140 4769 adjuvando
3183 4704 3252 4758 ab
3293 4697 3526 4760 inimicis

235 4796 348 4861 ris,
379 4796 468 4850 ubi
492 4810 600 4849 non
623 4803 744 4850 erat
765 4810 926 4866 aqua.
963 4794 1337 4851 Circumduxit
1363 4810 1487 4850 eum
1517 4803 1572 4850 et
1600 4796 1836 4852 erudivit

232 4902 372 4942 eum
404 4894 460 4940 et
478 4886 768 4940 custodivit
811 4901 930 4940 eum
959 4886 1098 4942 sicut
1130 4886 1385 4956 pupillam
1426 4885 1589 4943 oculi.
1626 4907 1646 4940 ι
1682 4887 1833 4944 Inve-

232 4977 396 5033 nisse
424 4975 682 5031 Dominus
723 4974 974 5032 Israelem
1004 4977 1202 5031 dicitur
1229 4977 1281 5031 in
1324 4975 1442 5032 loco
1470 4976 1747 5043 horroris,
1779 4986 1835 5033 et

231 5075 418 5124 vastae
453 5067 796 5122 solitudinis:
836 5069 962 5137 quia
992 5068 1044 5122 in
1088 5077 1272 5123 monte
1302 5067 1434 5123 Sina
1473 5068 1644 5140 legem
1675 5069 1830 5136 dans,

228 5169 466 5234 pactum
495 5174 617 5214 cum
645 5172 712 5214 eo
734 5158 912 5224 inivit,
939 5174 1132 5213 manna
1155 5160 1220 5215 de
1239 5159 1377 5215 caelo
1407 5159 1513 5215 illis
1537 5160 1833 5227 distribuit,

233 5261 300 5309 et
341 5266 538 5320 aquam
568 5251 633 5306 de
670 5258 820 5321 petra
859 5251 1134 5320 produxit,
1170 5251 1508 5306 coturnicum
1535 5265 1728 5306 carnes
1751 5250 1837 5304 de-

230 5345 352 5409 dit,
385 5358 601 5398 omnem
650 5341 1024 5400 sufﬁcientiam
1060 5344 1141 5397 eis
1173 5343 1414 5414 praabens
1465 5344 1520 5398 in
1568 5343 1838 5398 alimentis

221 5436 402 5507 juxta
441 5434 493 5488 id
541 5434 684 5504 quod
724 5435 828 5490 sibi
856 5433 1140 5489 videbatur
1169 5435 1250 5490 eis
1294 5443 1623 5506 competere.
1675 5434 1742 5489 Et
1780 5435 1835 5488 in

229 5529 442 5584 eadem
498 5543 682 5584 eremo
743 5527 1100 5600 quadraginta
1153 5529 1310 5584 annis
1375 5543 1470 5584 eos
1527 5528 1836 5583 circumdu-

228 5619 428 5676 cendo
463 5630 730 5691 prazeepta
763 5636 861 5676 sua
903 5621 1104 5686 docuit,
1151 5620 1244 5676 sed
1275 5621 1404 5677 illud
1431 5621 1626 5676 merito
1649 5620 1841 5691 quaeri-

229 5724 361 5778 tur,
409 5714 678 5783 quomodo
711 5715 846 5771 dicit
890 5728 984 5771 eos
1027 5715 1346 5784 protexisse,
1399 5715 1539 5770 sicut
1583 5713 1837 5785 pupillam

224 5803 396 5860 oculi
419 5805 525 5871 sui,
553 5821 676 5860 cum
693 5805 911 5878 plurimi
931 5821 1121 5862 eorum
1149 5804 1406 5875 prostrati
1436 5805 1543 5859 sint
1564 5805 1619 5859 in
1643 5803 1838 5860 solitu-

227 5895 401 5960 dine,
446 5895 551 5951 nisi
594 5895 731 5952 forte
761 5896 1034 5962 dicamus,
1084 5895 1272 5951 tandiu
1319 5909 1414 5952 eos
1449 5902 1724 5966 protectos
1774 5909 1841 5951 ac

1941 4792 2196 4862 protexit.
2243 4791 2549 4847 Secundum
2593 4793 2880 4863 mysticum
2921 4809 3052 4850 vero
3098 4810 3315 4850 sensum
3346 4796 3526 4867 aquila

1941 4881 2058 4936 haec
2085 4879 2372 4936 Dominum
2404 4879 2739 4936 Salvatorem
2766 4881 3066 4953 significat,
3104 4885 3195 4954 qui
3231 4885 3424 4956 aquilae
3449 4887 3524 4941 si-

1940 4973 2298 5030 militudinem
2321 4974 2372 5028 in
2404 4989 2470 5030 eo
2498 4981 2665 5039 tenet,
2711 4975 2853 5044 quod
2881 4975 3117 5045 praadam
3142 4977 3210 5032 ab
3232 4977 3388 5032 hoste
3413 4992 3527 5032 ma-

1941 5066 2086 5138 ligno
2111 5075 2286 5122 morte
2308 5079 2406 5119 sua
2430 5065 2650 5136 eripuit,
2680 5071 2733 5120 et
2759 5075 2883 5136 post
2907 5068 3355 5123 resurrectionem
3371 5083 3524 5123 suam

1945 5172 2160 5212 carnem
2179 5199 2193 5223 ,
2243 5171 2403 5226 quam
2430 5171 2528 5227 pro
2553 5156 2775 5212 humani
2805 5157 3020 5228 generis
3044 5158 3416 5228 redemptione
3441 5174 3527 5213 su-

1945 5247 2135 5317 scepit,
2177 5247 2244 5302 ad
2276 5246 2384 5302 alta
2415 5247 2677 5303 caelorum
2722 5249 2991 5318 provexit,
3041 5264 3141 5305 nos
3169 5249 3328 5305 dictis
3363 5258 3526 5320 atque

1943 5339 2204 5410 exemplis
2247 5340 2541 5395 exhortans
2565 5381 2581 5404 ,
2614 5352 2879 5412 quatenus
2907 5341 3034 5398 il-luc
3081 5357 3372 5414 sequamur
3397 5341 3522 5407 fide,

1943 5432 2335 5502 tendamusque
2371 5431 2677 5498 devotione,
2729 5433 2818 5488 ubi
2849 5433 2964 5503 ipse
2993 5433 3239 5489 ascendit
3274 5445 3521 5501 corpore,

1942 5525 2084 5580 unde
2111 5533 2167 5578 et
2211 5524 2266 5578 in
2295 5523 2585 5594 Evangelio
2615 5526 2691 5580 ait
2717 5540 2732 5580 :
2782 5545 2800 5578 ι
2839 5525 2942 5583 Ubi
2968 5525 3131 5582 fuerit
3159 5539 3386 5594 corpus,
3418 5523 3526 5580 illic

1940 5615 2415 5688 congregabuntur
2469 5616 2661 5687 aquilae
2712 5616 2864 5689 (Luc.
2916 5616 3073 5688 xvn).
3113 5636 3132 5669 ι
3192 5615 3310 5670 Alia
3359 5615 3522 5670 etiam

1941 5708 2185 5778 exempla
2205 5749 2220 5774 ,
2256 5723 2374 5780 qlae
2400 5708 2466 5764 de
2495 5709 2673 5780 aquila
2713 5709 2968 5774 diximus,
3019 5715 3248 5778 possunt
3275 5705 3527 5762 similiter

1943 5802 2011 5857 ad
2041 5802 2214 5872 ipsqu
2240 5811 2296 5857 et
2319 5802 2386 5857 ad
2413 5801 2552 5859 filios
2569 5801 2687 5872 ejus
2709 5802 3008 5874 ﬁguraliter
3032 5800 3336 5857 transferri.
3383 5799 3518 5856 Nam

1945 5895 2084 5950 sicut
2111 5893 2287 5958 aquila
2335 5895 2479 5950 acuti
2531 5895 2757 5949 intuitus
2793 5903 2895 5953 est.
2948 5893 3020 5948 ita
3069 5902 3130 5948 ut
3157 5909 3322 5948 super
3352 5893 3520 5948 maria
