3936 6328
354 492 495 550 M39

999 486 1056 541 Β.
1103 482 1351 541 RABANI
1386 478 1607 541 MAUIKI
1642 476 1967 540 ARCIIIEP.
2010 474 2323 538 MOGUM‘.
2364 470 2648 536 Ol‘l'ZRUSI
2684 472 2863 533 PARS
2907 472 2997 530 Ill.

3504 465 3649 521 1N0

355 601 616 662 immobili
668 615 841 675 penna
897 596 1150 666 sublata,
1208 612 1307 655 nec
1364 596 1615 655 humanis
1677 597 2195 671 appareusAmmn
2242 596 2514 662 fructum,
2567 605 2625 650 ιιι
2666 589 3037 662 unusquisque
3076 600 3175 659 pro
3214 583 3524 657 capacitate
3550 598 3651 639 sna

355 694 662 769 aspectibus
689 692 985 766 pisciculos
1026 688 1094 748 de
1122 699 1269 748 tanta
1318 688 1651 747 subiimitate
1697 698 1947 745 natantes

354 790 543 845 videns
570 788 621 842 in
654 784 844 858 pelago
865 784 1156 857 praedanda
1186 792 1365 856 raptat
1392 794 1447 839 et
1473 782 1540 837 ad
1572 782 1722 838 littus
1746 791 1949 854 pertra-

356 877 459 943 hit,
501 876 580 933 sie
604 876 933 946 Redemptor
977 884 1163 930 noster
1198 888 1364 945 super
1392 889 1587 929 omnes
1608 871 1775 929 cwlas
1802 870 1949 929 exal—

351 979 521 1030 tatus,
564 974 620 1021 et
649 965 716 1021 ab
744 964 996 1020 humanis
1040 963 1351 1034 aspectibus
1377 962 1739 1034 corporaliter
1765 960 1950 1017 subla-

362 1069 469 1125 tus,
495 1058 546 1114 in
577 1056 766 1131 pelago
801 1066 977 1112 tamen
1010 1054 1165 1112 istius
1189 1055 1373 1111 mundi
1401 1054 1704 1125 maiestatis
1733 1071 1842 1111 sna-
1870 1054 1950 1110 iu-

363 1153 501 1209 tuitu
544 1152 723 1220 videt,
770 1167 906 1224 quas
953 1167 1050 1225 per
1097 1155 1334 1229 przedam
1385 1153 1721 1211 salutiferam
1770 1165 1950 1223 cruat,

363 1258 526 1317 atque
549 1247 616 1302 ad
656 1246 805 1303 litttts
832 1256 1063 1303 acterna:~
1092 1248 1442 1305 beatitudinis
1467 1249 1670 1307 amoris
1697 1250 1777 1306 sui
1826 1250 1954 1307 fune

364 1339 621 1394 attrahat.
671 1337 825 1395 Unde
860 1348 913 1394 et
943 1338 1054 1409 ipse
1084 1339 1136 1395 in
1167 1339 1458 1412 Evangelia
1485 1340 1561 1396 ait
1588 1358 1602 1396 :
1642 1361 1660 1395 ι
1699 1341 1765 1397 Et
1784 1355 1883 1412 ego
1903 1340 1951 1397 si
1978 1334 1985 1341 ’

364 1428 633 1485 ειςιιιιιιιιδ
663 1428 815 1484 fuero
836 1445 863 1482 a
894 1439 1057 1496 terra,
1101 1431 1285 1485 omnia
1314 1432 1525 1487 traham
1557 1430 1625 1487 ad
1656 1447 1745 1487 me
1776 1431 1952 1502 ipsum

366 1517 550 1586 (Joan.
579 1520 700 1589 xu).
732 1538 751 1572 ι
787 1514 967 1576 Pullos
993 1534 1142 1587 suos,
1175 1520 1277 1578 hoc
1300 1532 1403 1587 est,
1435 1523 1572 1581 tilias
1602 1538 1699 1595 per
1719 1522 1952 1596 gratiant

368 1611 708 1681 baptismatis
741 1611 843 1668 sibi
875 1622 1094 1670 renatos
1133 1612 1300 1670 radiis
1329 1615 1461 1672 solis
1482 1614 1670 1672 :eterni
1709 1630 1804 1687 per
1825 1630 1954 1672 con-

370 1702 772 1774 templationem
818 1702 1043 1776 objicit,
1092 1716 1149 1762 et
1191 1720 1328 1778 quas
1374 1707 1574 1764 viderit
1614 1716 1953 1763 constantem

365 1791 420 1845 in
445 1790 701 1849 intuemla
731 1792 931 1850 habere
958 1794 1129 1851 aciem
1154 1796 1374 1864 mentis,
1418 1811 1512 1853 seu
1540 1796 1730 1868 dignas
1748 1812 1846 1854 suo
1868 1812 1956 1869 ge-

366 1899 496 1941 nere
524 1885 910 1957 perpetualiter
936 1896 1157 1942 servat:
1186 1887 1230 1943 si
1263 1904 1400 1959 quas
1428 1905 1555 1946 vero
1584 1890 1650 1945 ad
1678 1890 1783 1947 ima
1811 1899 1866 1948 et
1886 1890 1955 1947 ad

365 1977 602 2034 carnalia
636 1978 905 2035 desideria
931 1980 1178 2036 obtutum
1206 1981 1402 2038 mentis
1432 1982 1710 2038 rellectere
1735 1982 1953 2053 canspi-
1983 1960 2032 2024 Β

366 2072 459 2137 cit,
502 2073 622 2138 hos,
654 2072 805 2144 quasi
842 2073 1137 2149 degeneres
1170 2075 1393 2147 abjicit:
1427 2076 1478 2131 in
1501 2076 1670 2147 petris
1694 2086 1958 2133 autemet

368 2164 653 2222 arboribus
674 2166 787 2223 haec
813 2166 992 2237 aquila
1024 2165 1279 2231 uitlilicat,
1323 2168 1449 2240 quia
1472 2185 1610 2240 quas
1637 2170 1820 2225 ﬁrmas
1851 2169 1957 2226 fide

366 2264 423 2311 et
454 2253 844 2313 fructiﬁcantes
876 2257 1172 2314 virtutibus
1205 2258 1432 2330 aspicit,
1467 2259 1520 2314 itt
1550 2260 1631 2316 eis
1658 2260 1956 2331 spiritualis

365 2348 624 2422 germinis
654 2348 1039 2408 fecunditatem
1080 2352 1244 2423 parit,
1275 2354 1456 2427 ibique
1483 2367 1695 2423 gemma
1741 2353 1829 2409 illa
1870 2362 1955 2408 at-

365 2454 473 2509 que
507 2441 798 2510 margarita
828 2441 1222 2513 pretiosissima
1266 2443 1508 2500 nascitur
1532 2484 1549 2511 ,
1596 2459 1758 2514 quam
1802 2460 1959 2501 sacer

368 2528 649 2603 Evangelii
704 2542 884 2591 textus
942 2545 1129 2590 narrat
1175 2536 1568 2607 negotiatorem
1619 2535 1957 2607 spiritualem

365 2621 619 2679 omnibus
643 2622 887 2694 pecuniis
923 2626 1039 2681 suis
1077 2626 1312 2682 venditis
1356 2626 1575 2685 sibimet
1615 2643 1953 2699 comparare.

366 2714 520 2784 Quod
543 2724 724 2770 autem
747 2713 923 2785 aquila
951 2727 1185 2773 rastrum
1208 2720 1538 2789 superﬂuum
1566 2718 1620 2774 itt
1645 2728 1800 2791 petra
1831 2730 1953 2778 tan-

366 2807 469 2873 dit,
519 2817 679 2877 atque
731 2808 802 2864 ita
849 2808 1087 2882 priorem
1133 2810 1352 2867 modum
1393 2812 1637 2879 reducit,
1691 2813 1960 2885 signiﬁcat

366 2900 509 2973 quod
551 2901 722 2958 sancti
754 2902 853 2958 viri
904 2903 1165 2975 quidquid
1199 2904 1252 2959 in
1282 2906 1699 2964 conversatione
1745 2922 1842 2963 sua
1866 2922 1960 2965 su-

366 2992 657 3063 perﬂuunt,
685 3008 747 3050 ac
773 2994 874 3051 sibi
906 2995 1128 3053 noxium
1150 2997 1495 3067 conspiciunt
1529 2998 1857 3057 allidendum
1891 3000 1960 3056 ad

365 3095 576 3158 petram
603 3087 880 3145 Christum
906 3090 1277 3162 confringant,
1307 3099 1471 3161 atque
1513 3101 1689 3149 semet
1717 3108 1814 3164 per
1837 3108 1961 3165 gra-

370 3180 502 3237 tiam
530 3189 585 3236 et
611 3195 708 3251 per
734 3181 972 3237 studium
995 3182 1197 3239 bonum
1220 3192 1547 3241 renavantes
1573 3184 1642 3241 ad
1670 3185 1958 3257 pristinum

372 3271 604 3327 alliciunt
631 3271 838 3328 habiles
865 3273 1117 3328 reddunt.

450 3382 471 3415 ι
516 3364 773 3420 Dominus
796 3365 945 3421 solus
965 3366 1071 3419 dux
1094 3364 1214 3436 ejus
1236 3363 1359 3432 fuit,
1393 3374 1576 3424 etnon
1605 3377 1725 3422 erat
1747 3380 1874 3423 emn
1892 3382 1963 3427 eo

380 3472 398 3505 ι
437 3454 579 3509 Deus
604 3452 830 3509 alienus.
864 3473 883 3507 ι
935 3453 1056 3509 Alia
1084 3455 1294 3511 editio:
1344 3473 1363 3508 ι
1396 3454 1657 3512 Dominus
1681 3457 1829 3515 salus
1865 3458 1963 3515 da—

376 3549 533 3604 eebat
559 3563 653 3605 eos
674 3558 859 3605 etnon
886 3558 1007 3609 erat
1038 3563 1160 3606 cum
1185 3550 1267 3607 eis
1298 3549 1443 3609 Deus
1472 3550 1698 3609 alienus.
1741 3572 1761 3606 ι
1788 3551 1963 3609 Mani-

376 3639 574 3697 festum
599 3648 683 3697 est
717 3639 861 3709 quod
890 3653 1031 3697 unus
1057 3650 1113 3697 et
1156 3640 1306 3697 solus
1331 3640 1476 3699 Deus
1497 3641 1662 3698 Israel
1698 3643 1765 3701 de
1795 3642 1964 3716 Egy-

378 3742 468 3802 pto
515 3730 803 3798 liberavit,
857 3741 914 3789 et
960 3748 1067 3789 non
1111 3732 1251 3790 idola
1305 3732 1463 3801 falsa,
1510 3749 1630 3805 qua:
1678 3736 1961 3793 caluerunt

376 3823 657 3896 .‘Egyptii,
709 3823 790 3882 sic
833 3833 889 3879 et
936 3825 991 3880 in
1033 3826 1315 3897 ereptione
1362 3836 1549 3884 nostra
1602 3827 1669 3884 de
1697 3829 1963 3899 spirituali

377 3918 610 3990 ,ἐξεγριο
636 3934 743 3975 ιιοιι
773 3918 945 3985 alius,
973 3934 1136 3990 quant
1167 3919 1311 3975 idem
1342 3920 1483 3977 Deus
1509 3921 1601 3992 qtti
1630 3921 1761 3979 olim
1792 3922 1963 3978 Israeo

378 4009 501 4064 litas
534 4008 769 4080 eripuit,
816 4018 970 4081 pater
1008 4010 1282 4077 videlicet,
1326 4021 1381 4066 et
1411 4010 1591 4077 ﬁlius,
1640 4020 1696 4068 et
1727 4011 1965 4082 Spiritus

377 4114 596 4161 sanctus
618 4119 755 4161 unus
781 4116 837 4161 et
880 4105 1054 4160 trinus
1084 4120 1311 4181 magnus
1339 4115 1396 4161 et
1427 4106 1771 4177 amnipotens
1800 4106 1963 4174 Dens,

376 4202 467 4272 qtti
512 4214 608 4273 per
648 4200 1076 4257 incarnationem
1121 4197 1249 4255 Jesu
1285 4198 1489 4255 Christi
1532 4200 1746 4257 Domini
1792 4201 1965 4257 nostri

377 4292 570 4350 salutis
606 4302 808 4349 nostra:
851 4292 1015 4349 eiiieit
1052 4292 1403 4364 mysterium,
1452 4294 1594 4351 unde
1633 4301 1965 4365 cognoscant

376 4388 617 4445 lueretici
642 4427 658 4455 ,
693 4402 857 4458 quam
894 4385 1280 4441 miserabiliter
1309 4400 1341 4441 tt
1370 4402 1498 4443 vera
1536 4385 1642 4442 fide
1689 4387 1966 4442 deriatttes

376 4491 580 4548 errent,
621 4496 749 4537 cum
777 4494 839 4536 se
864 4495 961 4551 per
985 4479 1281 4536 schismata
1318 4478 1389 4535 ab
1417 4478 1655 4535 Ecclesia
1685 4477 1965 4536 Catholica

378 4583 742 4646 sequestram,
789 4572 885 4645 qui
910 4581 1043 4644 quot
1086 4568 1387 4639 erroribus,
1439 4580 1519 4627 tot
1545 4569 1704 4626 idolis
1743 4570 1963 4629 obnoxii

376 4650 504 4728 sitm

455 4780 474 4814 ι
510 4760 802 4819 Constituit
846 4774 971 4816 eum
994 4772 1159 4832 super
1200 4756 1471 4815 excelsam
1498 4765 1724 4825 terram,
1770 4766 1832 4812 ut
1867 4772 1960 4815 eo-

384 4874 404 4908 ι
453 4854 632 4911 medat
665 4853 873 4909 fructus
897 4866 1170 4924 agrorum.
1204 4870 1225 4905 ι
1269 4850 1387 4905 Alia
1416 4849 1619 4906 editio:
1671 4866 1691 4902 ι
1722 4848 1967 4904 Adduxit

379 4963 476 5004 eos
520 4947 576 5002 in
625 4945 995 5002 fortitudinem
1042 4953 1234 5010 terra,
1270 4942 1473 5000 cibavit
1514 4957 1610 5000 eos
1653 4942 1962 4998 nascentias

378 5054 654 5113 agrorum.
690 5056 711 5091 ι
742 5037 1026 5094 Excelsam
1057 5046 1257 5092 terram
1281 5034 1609 5091 Palestinam
1633 5043 1811 5101 vocat,
1835 5035 1962 5105 quia

382 5133 451 5188 ad
477 5129 939 5202 comparationem
970 5136 1130 5184 terra:
1163 5125 1384 5200 Egypti
1404 5167 1420 5193 ,
1462 5142 1583 5199 qua:
1613 5126 1771 5197 plana
1794 5137 1849 5181 et
1890 5127 1963 5181 in-

381 5224 532 5297 rigua
558 5233 673 5289 est,
726 5231 1013 5278 montuosa
1041 5229 1097 5276 et
1141 5234 1335 5291 aspera
1364 5219 1617 5283 videtur;
1661 5234 1782 5289 qua:
1812 5216 1963 5273 forti-

384 5313 625 5371 tudinem
655 5312 841 5379 habet,
869 5310 997 5381 quia
1034 5324 1139 5366 non
1169 5308 1392 5375 sterilis,
1439 5309 1533 5364 sed
1563 5307 1835 5365 uberrima
1879 5316 1966 5363 est

381 5404 449 5459 ad
478 5403 831 5474 proferendos
861 5402 1070 5457 fruetus
1100 5410 1262 5455 terra:
1288 5400 1345 5457 in
1372 5400 1715 5465 saturitate!)
1756 5398 1967 5454 habita-

382 5505 563 5551 torum
592 5494 758 5551 illius.
793 5493 985 5558 Aliter,
1017 5489 1229 5547 excelsa
1257 5501 1400 5547 terra
1442 5499 1633 5547 sancta
1666 5499 1751 5549 est
1780 5491 1967 5548 Eccle-

383 5586 486 5650 sia,
512 5601 637 5656 quae
664 5583 955 5640 virtutibus
972 5591 1027 5639 et
1056 5582 1285 5639 scientia
1314 5582 1559 5640 sublimis
1583 5592 1670 5641 est
1688 5583 1866 5649 valde,
1912 5593 1969 5640 et

383 5676 650 5731 bonorum
697 5690 923 5744 operum
968 5673 1212 5745 germine
1263 5673 1614 5730 fertilissima.
1656 5674 1732 5730 lbi
1782 5675 1968 5731 ﬁdeles

385 5766 585 5834 quique
614 5764 891 5819 constituti
923 5762 1212 5819 eontedunt
1238 5763 1445 5819 fruetus
1470 5778 1725 5835 agrorum
1750 5764 1969 5834 spirita-

386 5853 544 5918 lium,
584 5854 713 5923 quia
765 5852 834 5905 ibi
870 5854 1141 5922 germinat
1182 5854 1381 5909 bonum
1426 5868 1609 5911 semen
1657 5855 1807 5913 verbi
1851 5855 1966 5923 Dei,

392 5942 535 5997 aliud
572 5940 926 6005 tricesimum,
958 5941 1099 5998 aliud
1124 5944 1538 6017 sexagesimum,
1569 5944 1716 6001 aliud
1740 5946 1971 6002 centesi-

1984 4692 2043 4760 D

2050 688 2231 746 cibum
2257 686 2614 745 sufﬁcientem
2647 682 2750 742 sibi
2788 680 3049 739 inveniat.

2125 800 2142 834 ι
2175 780 2245 839 Ut
2271 790 2490 852 sugeret
2521 777 2625 835 mel
2649 777 2717 833 de
2741 786 2894 849 petra
2917 783 2971 830 et
3003 771 3185 829 aleutn
3209 764 3276 826 de
3305 780 3440 823 saxo
3466 760 3655 821 duris-

2054 895 2074 929 ι
2117 877 2272 933 sima.
2306 894 2326 929 ι
2368 874 2483 931 Alia
2519 873 2726 931 editio:
2780 889 2799 925 ι
2833 871 3114 927 Sttxerunt
3147 865 3248 921 nth
3280 862 3345 920 de
3376 874 3558 935 petra,
3590 871 3651 916 et

2048 967 2226 1025 oleum
2256 966 2321 1022 de
2349 966 2502 1021 ﬁrma
2544 975 2718 1036 petra.
2749 981 2769 1016 ι
2809 962 2917 1017 Sed
2966 972 3233 1028 nusquam
3285 955 3391 1011 tale
3446 952 3657 1024 aliquid

2043 1058 2198 1131 juxta
2238 1057 2520 1114 historiam
2553 1055 2766 1127 legitur,
2824 1052 2869 1110 si
2921 1062 3033 1107 tota
3062 1042 3399 1105 Tcstamcnti
3443 1044 3659 1102 \‘eteris

2052 1159 2418 1211 recensentur,
2451 1161 2718 1217 nusquam
2747 1145 2813 1201 de
2841 1153 2991 1215 petra
3020 1140 3149 1206 mei,
3180 1152 3454 1208 nusquam
3476 1136 3660 1193 oletttn

2053 1242 2119 1299 de
2152 1244 2307 1298 ﬁrma
2332 1252 2502 1313 petra,
2532 1241 2613 1295 vel
2637 1253 2770 1295 saxo
2796 1235 3087 1294 durissima
3111 1226 3338 1307 populus
3360 1232 3451 1286 ille
3472 1230 3655 1286 suxit;

2052 1336 2147 1393 sed
2184 1336 2310 1406 quia
2357 1333 2511 1405 juxta
2544 1332 2693 1388 Pauli
2730 1345 2956 1387 vocem:
3002 1346 3019 1380 ι
3050 1326 3211 1382 l'etra
3251 1335 3375 1382 erat
3406 1321 3665 1379 Christus

2054 1427 2103 1499 (Ι
2134 1427 2255 1483 Car.
2302 1429 2377 1499 χ).
2417 1446 2436 1479 ι
2491 1424 2591 1481 Mel
2621 1426 2690 1481 de
2742 1434 2893 1495 petra
2938 1431 3224 1485 suxeruut,
3283 1417 3376 1489 qui
3411 1417 3661 1489 ejusdem

2055 1518 2432 1589 Redemptoris
2502 1515 2673 1573 nostri
2732 1512 2873 1570 facta
2935 1521 2991 1569 et
3052 1510 3313 1568 miracula
3379 1508 3662 1563 viderunt.

2054 1609 2241 1668 Oleum
2272 1624 2401 1667 vero
2427 1608 2494 1664 de
2546 1608 2699 1662 ﬁrma
2750 1613 2904 1677 petra
2945 1612 3230 1667 suxeruut,
3264 1599 3358 1672 qui
3393 1596 3666 1655 effusione

2057 1701 2292 1774 Spiritus
2331 1700 2502 1758 sancti
2554 1709 2675 1772 post
2719 1696 3176 1757 resurrectionem
3224 1692 3343 1764 ejus
3380 1709 3515 1763 ungi
3548 1708 3666 1747 me-

2059 1806 2302 1851 ruerunt.
2331 1792 2494 1861 Quasi
2523 1806 2653 1864 ergo
2683 1791 2736 1847 itt
2756 1790 2911 1845 ﬁrma
2942 1798 3095 1861 petra
3121 1792 3225 1845 mei
3246 1786 3421 1851 dedit,
3441 1784 3669 1857 quando

2056 1886 2232 1943 adhuc
2262 1883 2506 1942 mortalis
2556 1881 2813 1939 Dominus
2845 1877 3231 1935 miraculorum
3280 1891 3512 1933 suarum
3546 1872 3668 1927 dul-

2058 1980 2303 2037 cedinem
2343 1976 2621 2049 discipulis
2654 1973 2913 2032 ostendit.
2969 1971 3077 2029 Sed
3106 1972 3261 2027 ﬁrma
3284 1980 3443 2041 petra
3478 1967 3667 2022 oleum

2056 2073 2215 2137 fudit,
2264 2072 2391 2143 quia
2450 2079 2571 2144 post
2622 2067 3099 2125 Resurrcetiauem
3144 2079 3300 2120 suam
3352 2064 3536 2118 lactus
3554 2061 3671 2133 jam

2059 2167 2410 2241 impassihilis
2440 2180 2538 2238 per
2571 2163 2899 2221 alllatianent
2945 2160 3184 2234 Spiritus
3225 2160 3431 2215 domnn
3462 2166 3671 2214 sancta:

2059 2260 2331 2318 unctionis
2371 2258 2665 2317 emanavit.
2721 2257 2797 2315 De
2844 2257 2945 2313 hoc
2995 2269 3214 2326 quoque
3259 2251 3385 2309 alca
3410 2265 3514 2321 per
3542 2264 3669 2319 pro-

2057 2357 2276 2427 phetatu
2311 2353 2548 2411 dicitur:
2585 2368 2605 2405 ι
2638 2349 3051 2422 Camputreseet
3090 2347 3280 2419 jugum
3324 2359 3357 2399 a
3396 2342 3540 2399 faeie
3566 2340 3667 2398 eiei

2059 2448 2195 2520 (lsa.
2229 2447 2313 2519 χ),
2349 2466 2369 2500 ι
2426 2446 2527 2503 sub
2548 2442 2679 2516 iuga
2711 2442 2913 2515 quippe
2956 2440 3279 2498 tenebamur
3314 2434 3669 2493 thetttottiaca:

2058 2540 2477 2605 dominationis.
2506 2538 2601 2595 sed
2628 2537 2774 2593 uncti
2818 2551 3009 2592 smnus
3037 2532 3159 2589 oleo
3195 2530 3439 2603 Spiritus
3464 2525 3664 2591 sancti.

2058 2644 2113 2690 et
2146 2633 2273 2703 quia
2302 2647 2401 2688 nos
2425 2629 2599 2703 gratia
2632 2627 2904 2685 libertatis
2930 2625 3107 2692 unxit,
3135 2619 3535 2680 dominationis
3554 2619 3661 2674 dte-

2058 2726 2322 2785 moniaeze
2344 2723 2535 2796 jugum
2564 2720 2791 2794 putruit.

2134 2844 2154 2878 ι
2199 2822 2460 2895 Butyrum
2494 2819 2561 2876 de
2577 2827 2827 2875 armeme
2855 2823 2912 2873 ct
2939 2812 3108 2873 laede
3132 2811 3328 2870 ovibus
3344 2822 3479 2867 eum
3509 2806 3663 2879 adipe

2066 2934 2086 2969 ι
2130 2928 2390 2987 agnorum
2425 2923 2483 2968 et
2510 2911 2743 2969 arietum
2771 2906 3223 2970 tiliaruntDssan,
3245 2914 3301 2960 et
3329 2903 3523 2959 hircos
3538 2910 3657 2956 eul-

2066 3025 2086 3059 ι
2132 3004 2364 3064 medulla
2412 3002 2580 3060 tritici
2622 3011 2678 3058 et
2726 3000 2994 3071 sanguine
3044 3008 3185 3065 orae.
3213 3014 3232 3048 ι
3276 2993 3403 3052 Alia
3444 2992 3655 3049 editio:

2065 3120 2084 3156 ι
2129 3101 2390 3172 Dutyrum
2418 3098 2581 3154 bourn
2633 3106 2689 3151 et
2714 3094 2797 3150 lae
2826 3096 3009 3150 ovnun
3053 3106 3179 3148 eum
3206 3089 3369 3159 adipe
3399 3099 3661 3159 agnorum

2060 3203 2117 3251 et
2139 3194 2370 3249 arietum
2390 3191 2625 3247 ﬁliorum
2658 3198 2934 3245 taurorum
2956 3192 3014 3242 et
3038 3183 3317 3240 hircorum
3352 3190 3485 3237 eum
3508 3177 3661 3246 adipe

2064 3288 2299 3352 reniunt,
2338 3283 2507 3341 tritici
2543 3291 2600 3339 et
2624 3280 2889 3353 sanguine
2910 3284 3047 3335 un.
3104 3295 3125 3330 ι
3181 3273 3465 3331 Ilaeciiect
3506 3270 3661 3341 juttn~

2062 3377 2343 3434 historiam
2391 3372 2722 3431 fertilitatem
2764 3379 2924 3429 terra:
2951 3367 3211 3425 Chamtan
3236 3364 3543 3425 insinuent.
3578 3372 3659 3417 ta.

2062 3478 2188 3526 men
2218 3466 2395 3524 nltiori
2429 3480 2591 3522 sensu
2622 3461 2809 3535 gratia
2831 3459 3037 3517 Christi
3074 3458 3459 3515 demonstrant
3488 3456 3659 3509 abea—

2061 3562 2324 3625 dantiam,
2382 3573 2545 3626 quam
2590 3563 2778 3613 sancta
2820 3551 3065 3609 Ecclesia
3106 3564 3335 3609 munere
3382 3544 3663 3618 largitoris

2061 3654 2145 3709 sui
2177 3651 2405 3722 accepit.
2456 3646 2805 3721 Bntyrumde
2829 3654 3081 3701 armenta
3122 3642 3389 3705 tulerunt,
3431 3638 3526 3709 qui
3561 3637 3663 3708 pie-

2062 3742 2361 3800 nitudinem
2393 3739 2516 3797 ﬁdei
2568 3738 2638 3795 tle
2681 3734 2942 3807 exemplis
2987 3733 3427 3805 patriarcharum
3462 3729 3663 3787 dulice-

2066 3848 2211 3903 runt,
2253 3844 2310 3892 et
2342 3835 2426 3891 lae
2462 3834 2529 3890 de
2556 3832 2750 3889 oviims
2789 3836 3075 3901 ceperunt,
3126 3840 3219 3897 qut
3249 3825 3661 3896 simplicitatem

2065 3930 2282 3997 mentis,
2327 3929 2442 3985 sive
2482 3926 2797 3985 facilitatem
2834 3923 3095 3980 doctrina:
3133 3919 3200 3975 de
3229 3919 3509 3975 innocenti
3545 3920 3655 3974 vita

2062 4022 2285 4077 Patrum
2328 4019 2394 4074 ad
2436 4016 2852 4075 tediﬁeatianem
2882 4014 2967 4071 sui
3016 4018 3395 4083 sumpserunt,
3448 4020 3505 4067 et
3548 4011 3661 4067 base

2064 4128 2187 4168 cum
2220 4112 2377 4183 adipe
2402 4124 2665 4182 agnorum
2694 4117 2752 4164 et
2776 4106 3029 4171 arietnnt,
3082 4106 3189 4161 hoc
3219 4114 3326 4169 est,
3368 4117 3499 4159 eum
3538 4104 3657 4173 pia-

2063 4203 2293 4276 guedine
2317 4200 2599 4259 charitatis
2626 4198 2993 4271 apostolorum
3021 4206 3077 4253 et
3106 4210 3322 4261 cormn,
3371 4210 3515 4265 quos
3558 4194 3657 4264 ipsi

2064 4296 2132 4351 ad
2173 4294 2333 4351 fidem
2388 4293 2714 4357 imbuerant,
2768 4290 2837 4347 ad
2881 4288 3234 4345 reftctlonem
3294 4287 3499 4343 mentis
3550 4301 3661 4342 sua

2064 4390 2454 4459 perceperunt;
2489 4386 2719 4441 arietum
2751 4384 2896 4440 enim
2933 4383 3152 4439 nomine
3176 4380 3407 4453 apostoli
3445 4390 3499 4434 et
3534 4393 3659 4450 apo-

2065 4479 2269 4537 stolica
2294 4477 2573 4550 dignitatis
2598 4476 2703 4532 viri
2750 4475 3119 4547 designantur,
3176 4473 3306 4544 quia
3354 4472 3459 4544 ipsi
3494 4473 3661 4527 tinens

2065 4581 2191 4629 sunt
2214 4572 2395 4644 gregis
2429 4570 2543 4627 Dei.
2594 4567 2749 4625 Unde
2788 4568 2989 4624 dicitur
3017 4568 3070 4623 in
3094 4567 3305 4638 psalmo
3334 4584 3347 4623 :
3380 4584 3403 4618 ι
3458 4564 3655 4620 Alfene

2064 4664 2314 4729 Domino;
2339 4663 2435 4721 ﬁlii
2466 4661 2583 4726 Dei.
2608 4658 2797 4717 aﬁ‘erte
2820 4659 3048 4717 Domina
3066 4656 3204 4715 ﬁlios
3226 4657 3461 4715 arietant
3486 4654 3653 4725 (Psal.

2066 4754 2281 4827 xxvth):
2314 4775 2334 4809 ι
2375 4753 2531 4822 Quod
2568 4761 2751 4808 autem
2798 4748 3161 4823 subiungitur,
3211 4767 3231 4803 ι
3289 4749 3528 4805 liliormn
3559 4748 3653 4799 ηπ-

2069 4864 2187 4914 san,
2226 4860 2246 4902 ι
2301 4848 2367 4904 ad
2411 4846 2661 4903 euatdem
2715 4828 2950 4917 pertinet
2992 4859 3233 4905 sensum,
3282 4843 3414 4914 quia
3472 4842 3648 4897 Bassa

2067 4940 2337 5013 pinguedo
2386 4940 2793 5010 interpretatur,
2832 4936 2927 4993 lilii
2951 4938 3096 4993 enim
3130 4936 3479 5009 piuguedinis
3512 4946 3657 4995 suat.

2072 5033 2167 5104 qui
2209 5031 2509 5104 disciplinis
2551 5029 2687 5086 Navi
2715 5029 3051 5086 Tcstamenti
3098 5029 3333 5085 instituti
3374 5040 3525 5094 sunt,
3570 5028 3657 5082 ubi

2071 5126 2313 5183 scientia:
2335 5124 2623 5181 multitudo
2671 5133 2727 5179 et
2753 5124 3013 5178 virtutum
3042 5124 3355 5196 magnitudo
3386 5124 3657 5180 eattsistit.

2068 5220 2257 5276 Potest
2285 5226 2341 5274 et
2368 5216 2521 5282 illud,
2560 5215 2706 5288 quod
2751 5216 2803 5270 in
2831 5214 2938 5269 alia
2962 5214 3200 5271 editione
3246 5214 3472 5286 legitur,
3523 5232 3559 5283 ¢_
3594 5213 3659 5267 tio

2070 5311 2265 5367 liarum
2309 5316 2611 5375 taurartsm,
2658 5326 2679 5361 ι
2731 5306 2799 5363 ad
2843 5320 3131 5376 personam
3173 5304 3429 5361 sintiliter
3468 5303 3661 5360 referri

2071 5405 2457 5477 prophetarum
2494 5411 2553 5459 es
2610 5398 3001 5472 apostatarum,
3040 5412 3149 5475 nec.
3182 5412 3291 5452 non
3331 5406 3389 5453 et
3429 5397 3659 5453 aliorum

2075 5503 2382 5552 sanctorum
2429 5491 2739 5555 doctorum,
2778 5489 2907 5560 quia
2951 5489 3025 5545 illi
3065 5488 3235 5547 duces
3298 5497 3432 5544 sunt
3484 5487 3665 5560 gregis

2076 5587 2193 5651 Dei,
2231 5594 2288 5639 et
2315 5582 2579 5639 armentis
2613 5580 2983 5653 spiritualihus
3012 5587 3273 5650 praeut.
3322 5594 3391 5635 es
3426 5590 3663 5650 quantm

2073 5677 2321 5733 videlicet
2342 5674 2603 5733 doctrinis
2627 5674 2743 5744 ipsa
2768 5672 3043 5743 accipiunt
3073 5680 3261 5727 semen
3291 5670 3471 5735 Verbi.
3520 5671 3665 5725 aride

2074 5772 2237 5825 fastus
2272 5770 2535 5824 bonorum
2562 5770 2770 5840 possint
2802 5766 3048 5837 proferre
3089 5778 3315 5835 operum
3339 5782 3353 5820 :
3378 5779 3482 5819 nce
3516 5761 3661 5818 sutili-

2073 5862 2289 5917 ciebaut
2325 5861 2441 5916 haec
2481 5860 2644 5925 dona,
2700 5858 2803 5914 uisi
2833 5858 3161 5914 adderentur
3190 5867 3249 5913 et
3283 5856 3441 5912 hirci.
3511 5850 3659 5908 llirei

2074 5953 2217 6009 enim
2247 5953 2474 6023 figuram
2494 5951 2874 6026 paenitentiam
2904 5951 3126 6021 habent,
3155 5950 3280 6024 quia
3302 5965 3404 6022 pro
3429 5960 3654 6022 ιιθεςξιω
