3936 6328
217 391 343 449 HM

905 353 1261 455 conuersi.
1301 394 1367 453 in
1404 394 1702 455 cannea
1738 393 1908 467 eum
1946 397 2041 453 an
2077 396 2354 456 LAUDES
2393 398 2773 464 nicunrtttt.

3341 411 3488 472 11η

218 510 268 566 in
297 509 411 582 lege
437 506 802 568 oilerebantur
829 527 845 568 :
874 476 1157 573 noneniin
1177 517 1311 573 satis
1337 526 1427 576 est
1442 518 1583 575 dona
1609 519 1780 574 virtu-
1808 520 1865 584 Α
1893 532 1913 569 ι
1955 514 2170 575 Domini
2195 519 2463 577 creatoris
2496 521 2594 577 tui.
2634 538 2654 575 ι
2706 522 2829 579 Alia
2856 523 3069 582 editio:
3127 542 3147 579 ι
3194 525 3366 589 Deum
3386 531 3491 603 qui

216 612 325 660 tum
355 602 561 659 nabere
599 602 873 675 ﬁdelibus,
932 609 1034 666 nisi
1062 610 1441 681 paenitentiam
1484 620 1648 683 agant
1697 626 1797 682 pro

215 694 322 752 suis
351 694 687 762 excessibus,
717 699 860 755 unde
885 697 999 766 ille,
1023 700 1117 770 qui
1148 712 1241 758 res
1271 701 1434 761 simul
1454 712 1511 758 et
1532 703 1799 776 propheta

215 786 333 854 fuit,
382 795 439 843 et
467 787 557 843 cui
581 787 649 845 de
677 787 1052 849 incarnatione
1098 793 1301 851 Christi
1335 794 1665 865 promissum
1688 805 1797 865 est,

214 881 350 951 quod
383 894 450 937 es
495 878 615 950 eius
646 882 855 941 semini.
911 896 1251 954 macerctur,
1298 895 1397 959 pro
1427 887 1543 945 suis
1581 887 1797 947 delictis

212 972 495 1029 Dominum
525 974 852 1046 deprecatur
874 975 1060 1034 dicens
1088 995 1101 1032 :
1137 996 1157 1031 ο
1200 977 1447 1050 Amplius
1467 978 1586 1035 lava
1610 994 1697 1037 me
1723 980 1795 1038 ab

212 1066 469 1138 iniustitia
516 1082 658 1133 mea,
722 1078 779 1127 et
812 1076 846 1125 a
874 1069 1073 1128 delicto
1130 1080 1251 1129 meo
1287 1076 1489 1131 munda
1527 1084 1637 1140 uie,
1664 1088 1796 1147 quo-

212 1158 352 1212 niam
396 1158 740 1229 iniquitatem
787 1168 967 1218 meam
1001 1177 1101 1236 ego
1136 1178 1371 1234 agnosco
1431 1175 1489 1224 ct
1537 1167 1797 1227 delictum

211 1264 389 1306 meum
423 1258 611 1307 coram
641 1267 730 1309 nte
753 1262 839 1309 est
863 1267 1078 1325 semper
1121 1254 1297 1325 (Psals
1322 1258 1397 1328 ι).
1430 1275 1453 1312 ι
1498 1257 1567 1314 Et
1591 1269 1653 1315 ut
1674 1259 1797 1318 inec

208 1344 382 1400 omnia
438 1344 723 1411 bduciieia,
789 1358 908 1416 quae
946 1347 1201 1418 pra-dicta
1240 1359 1389 1414 sunt,
1436 1349 1797 1409 eminentiora

209 1434 346 1489 dono
387 1435 894 1501 accnmulareutur,
935 1437 1165 1502 addidit,-
1216 1430 1504 1495 medullam
1543 1440 1705 1496 tritici
1736 1451 1795 1497 et

208 1528 516 1597 sanguinem
544 1536 678 1582 uvm.
710 1525 849 1595 Quid
872 1529 1017 1584 enim
1039 1544 1137 1601 per
1160 1529 1447 1587 medullam
1473 1530 1658 1596 tritici,
1686 1532 1791 1590 nisi

207 1632 397 1689 corpus
425 1616 655 1684 Christi,
701 1618 831 1690 quid
862 1635 958 1691 per
982 1621 1303 1693 sanguinem
1340 1634 1477 1687 uva),
1508 1622 1613 1680 nisi
1646 1626 1789 1682 calin

206 1708 333 1765 Novi
366 1709 697 1767 'l‘estameuti
727 1711 781 1767 in
810 1712 1013 1769 Christi
1055 1712 1318 1785 sanguine
1342 1716 1639 1786 ﬁguratur?
1668 1716 1790 1773 Plu-

206 1800 352 1855 rimis
381 1801 527 1857 enim
555 1803 714 1859 donis
746 1818 812 1859 ex
837 1803 1038 1873 pietate
1068 1805 1160 1860 Dei
1191 1805 1560 1863 ecclesiastico
1592 1812 1791 1879 popqu

1900 619 1956 667 te
1981 610 2172 684 genuit
2218 608 2585 686 dereliquisti,
2628 624 2689 674 et
2709 615 2909 674 oblitus
2948 631 3016 675 es
3037 617 3209 676 Deum
3252 620 3495 682 alentem

1900 711 1973 759 te.
2010 719 2032 755 ι
2104 699 2307 759 Θθηυίι
2331 703 2593 773 Dominus
2631 709 3035 778 quodammodo
3073 708 3348 771 lsraclitas
3392 731 3493 788 per

1898 798 2077 871 legem
2123 808 2181 856 et
2218 799 2713 869 circnmcisionem,
2758 805 2947 875 genuit
2978 816 3035 862 et
3059 809 3495 869 eccltm’astieunt

1898 890 2155 963 populum
2179 904 2274 963 per
2304 893 2559 965 baptismi
2580 895 2839 968 gratiam,
2880 910 2979 968 per
3000 899 3493 961 sanetiticatienem

1897 983 2133 1058 Spiritus
2158 986 2357 1051 sancti,
2398 1001 2456 1044 ct
2482 988 2801 1046 alimentum
2823 991 3069 1050 ccclesiis
3089 993 3220 1060 cibi,
3247 995 3352 1052 huc
3379 1006 3491 1062 est,

1896 1076 2216 1149 evangelicae
2255 1077 2516 1137 doctrinm
2571 1079 2646 1137 illi
2702 1081 3035 1141 suﬁieienter
3080 1086 3359 1156 praebuit;
3391 1088 3495 1147 sed

1896 1166 1986 1238 qui
2041 1168 2159 1225 llaec
2219 1168 2469 1227 oblivisci
2518 1180 2625 1228 non
2673 1171 2849 1242 timet,
2916 1173 3065 1245 justo
3112 1176 3219 1235 sibi
3284 1178 3493 1236 iratum

1896 1259 2067 1320 Deum
2096 1276 2192 1333 per
2219 1263 2509 1321 vindictam
2555 1265 2772 1322 sentiet.
2848 1264 3003 1325 Unde
3040 1267 3425 1341 subiungitur:

1971 1371 1991 1406 ι
2039 1353 2181 1410 Vidit
2236 1353 2520 1421 Dominus,
2591 1366 2649 1412 et
2688 1358 2761 1414 ad
2804 1357 3142 1415 iracundiam
3180 1360 3491 1419 cuneitatus

1901 1461 1921 1497 ι
1965 1455 2068 1508 est,
2113 1445 2241 1515 quia
2285 1458 2863 1516 provocaverunteum
2892 1448 2988 1507 ﬁlii
3014 1450 3099 1507 sui
3145 1460 3204 1508 et
3232 1452 3377 1521 illius,
3429 1460 3489 1510 et

1900 1558 1920 1592 ι
1964 1541 2071 1596 ait:
2096 1541 2436 1597 Abscondam
2459 1540 2653 1598 faciem
2679 1552 2858 1599 meatu
2876 1544 2947 1599 ab
2969 1541 3039 1599 iis
3055 1552 3113 1599 et
3125 1543 3485 1602 considerabo

1899 1652 1919 1687 ι
1962 1632 2256 1689 novissima
2281 1646 2491 1690 eorum.
2520 1648 2542 1687 ι
2588 1634 2709 1690 Alia
2734 1634 2941 1692 editio:
2973 1648 2995 1687 ι
3024 1633 3173 1692 Vidit
3197 1634 3481 1705 Dominus,

1891 1735 1948 1781 et
1975 1726 2181 1781 zelatus
2216 1734 2327 1790 est,
2369 1735 2425 1782 et
2447 1725 2817 1796 exacerbatus
2837 1736 2924 1783 est
2964 1735 3189 1796 propter
3223 1725 3360 1796 iram
3410 1728 3462 1781 ti.
3551 1740 3566 1790 ε

1882 1801 2081 1858 liorum
2106 1810 2328 1853 suorum
2349 1804 2405 1853 et
2428 1795 2685 1863 ﬁliarum,
2713 1802 2771 1851 et
2791 1796 2929 1853 dixit
2948 1795 2977 1851 ξ
2992 1795 3255 1853 Avertam
3279 1795 3482 1857 {aciem

204 1890 473 1947 concessis
503 1890 606 1947 line
645 1890 789 1948 inter
813 1892 997 1949 omnia
1029 1894 1295 1963 excellit;
1339 1899 1485 1966 quod
1535 1890 1789 1968 corporis
1815 1883 2061 1946 Bmeam
2091 1887 2162 1942 ab
2204 1885 2284 1942 eis
2322 1896 2379 1941 ει
2424 1886 2707 1943 ostendam
2743 1886 2877 1958 (ἰυίά
2922 1886 3030 1969 βῐίῑ
3071 1887 3153 1945 cis
3200 1888 3256 1944 in
3300 1888 3482 1945 DOViS-

204 1991 259 2037 ct
300 1982 577 2054 sanguinis
622 1984 705 2040 sui
748 1996 1086 2043 sacramenta
1142 1986 1195 2043 in
1227 1987 1384 2058 panis
1431 1990 1619 2046 etvini
1652 1998 1788 2047 cott-

202 2073 434 2132 iectibnc
483 2076 553 2133 ad
583 2076 814 2134 Salutem
853 2084 1114 2135 aeternam
1154 2080 1226 2136 illi
1273 2083 1633 2139 ministrabit.
1685 2081 1789 2141 Sc.

201 2168 384 2239 quitur
410 2185 426 2223 :
572 2186 573 2189 η

275 2275 296 2310 ι
340 2256 557 2314 Diberat
592 2259 1047 2327 meracissimum,
1098 2260 1430 2321 incrassatus
1453 2272 1538 2321 est
1562 2264 1789 2325 dilectus

206 2369 227 2404 ι
271 2361 325 2407 et
352 2351 743 2407 recalcitrauta
780 2369 801 2405 ι
851 2352 969 2407 Alia
1010 2353 1229 2410 editio:
1283 2372 1302 2407 ο
1347 2355 1489 2411 Bibit
1516 2356 1697 2411 vintttn
1731 2364 1789 2412 et

201 2438 759 2509 manducavitrlacob,
814 2450 870 2498 et
906 2442 1135 2500 satiatus
1178 2452 1287 2509 cst,
1321 2455 1377 2502 et
1418 2445 1789 2504 recalcitravit

200 2531 446 2588 dilecuts.
482 2551 503 2585 ι
531 2532 737 2603 Nempe
765 2533 1019 2591 universa
1051 2536 1189 2592 dona
1222 2535 1340 2604 Dei,
1380 2538 1499 2595 sine
1539 2539 1655 2596 lece
1685 2539 1787 2595 ali-

198 2623 351 2695 cujus
385 2624 641 2695 nequitia:
677 2620 772 2681 s'cu
802 2626 1140 2697 improperti,
1176 2630 1525 2686 credentibus
1547 2641 1604 2686 ot
1627 2630 1793 2704 digne

199 2716 269 2774 de
293 2717 375 2774 eis
414 2718 777 2776 sentientibus
809 2722 1181 2777 conteruntur.
1227 2722 1333 2778 Sed
1370 2722 1485 2793 luis
1513 2723 1593 2780 sic
1607 2734 1652 2780 tt
1673 2735 1787 2780 car-

199 2811 353 2868 nales
384 2812 661 2883 quondam
700 2812 959 2869 lsraelitm
984 2813 1141 2871 dotus
1170 2813 1263 2872 Dei
1284 2815 1436 2871 abusi
1457 2827 1603 2883 sunt,
1641 2827 1695 2874 et
1714 2828 1783 2875 ex

196 2903 478 2973 beneﬁciis
520 2903 841 2976 largissimis
884 2905 1093 2976 pejores
1124 2904 1273 2973 facti;
1327 2906 1399 2963 ad
1425 2906 1785 2966 idololatrian:

196 2996 434 3069 prolapsi
460 3004 617 3064 sunt;
652 2997 748 3065 ita,
799 3004 934 3068 proli
965 2999 1148 3056 dolor!
1183 3015 1291 3056 non
1317 3000 1473 3072 pauci
1501 3002 1571 3057 de
1609 3003 1786 3060 cccle-

196 3089 418 3146 siastico
461 3090 661 3160 popqu
690 3089 887 3162 ingrati
930 3090 1210 3147 beneﬁciis
1255 3090 1353 3147 Dei
1390 3092 1460 3149 ad
1490 3091 1619 3147 vitia
1642 3089 1793 3149 'r'cia-

194 3180 419 3248 buntur,
467 3186 524 3238 ct
552 3182 653 3237 hoc
696 3182 841 3253 quod
858 3181 963 3239 sibi
1020 3184 1088 3239 ad
1131 3183 1360 3241 salutem
1387 3182 1641 3241 collatum
1673 3194 1779 3253 est,

1883 1982 2043 2039 simo.
2080 2000 2103 2034 ι
2130 1979 2275 2035 Nihil
2308 1980 2527 2053 gravius
2550 1980 2716 2036 estin
2743 1979 2949 2051 pinnis,
2975 1995 3141 2051 quam
3180 1982 3474 2053 praesentia

1882 2084 1942 2135 et
1967 2074 2175 2132 visione
2196 2073 2292 2129 Dei
2320 2073 2543 2144 privari.
2570 2073 2701 2131 Inde
2742 2072 3032 2130 Psalmista
3060 2075 3349 2147 Dominum
3376 2075 3476 2132 de-

1882 2175 2137 2240 precatur
2155 2165 2376 2222 dicens:
2406 2183 2427 2217 ε
2460 2164 2541 2221 Ne
2557 2165 2820 2238 projicias
2832 2180 2920 2222 me
2944 2181 2975 2221 a
2999 2165 3144 2245 facie
3174 2176 3269 2223 tua
3294 2164 3472 2241 (Paul.

1881 2263 1961 2336 ι).
1993 2281 2013 2315 ι
2048 2262 2112 2316 Et
2140 2261 2268 2316 item
2295 2280 2310 2315 :
2343 2280 2363 2313 ι
2390 2259 2471 2317 Ne
2519 2267 2759 2331 avertas,
2790 2260 2988 2330 inquit,
3019 2258 3221 2317 faciem
3264 2268 3416 2319 tuam
3440 2275 3478 2318 a

1882 2368 1989 2412 me.
2022 2372 2041 2405 ι
2088 2352 2223 2407 Hinc
2270 2358 2327 2407 et
2364 2349 2468 2406 Job
2503 2352 2572 2407 ad
2617 2351 2909 2407 Dominum
2943 2342 3185 2422 loquitur
3231 2351 3424 2410 dicens
3455 2370 3472 2409 :

1886 2462 1905 2497 ι
1940 2443 1984 2497 Δ
2011 2441 2150 2499 facie
2174 2449 2266 2496 tua
2292 2455 2362 2497 ne
2410 2442 2717 2499 abscondar
2761 2442 2884 2515 (Job
2926 2442 3068 2516 xui).
3112 2462 3134 2499 ι
3181 2442 3319 2511 Quia
3343 2460 3474 2517 ergo

1879 2534 1979 2591 ﬁlii
2006 2543 2061 2590 et
2099 2533 2239 2598 ﬁliae,
2274 2533 2377 2590 hoc
2404 2540 2513 2601 est,
2536 2534 2821 2605 utriusque
2860 2548 3024 2591 sexus
3063 2533 3313 2592 homines
3350 2536 3489 2601 irri-,

1878 2633 2058 2682 tantes
2085 2639 2210 2681 eum
2240 2639 2340 2695 pro
2368 2623 2526 2680 malis
2554 2624 2689 2691 suis,
2721 2639 2844 2697 quat
2886 2622 3119 2692 faciunt,
3156 2623 3275 2695 ejus
3308 2626 3472 2682 mise-

1878 2715 2172 2773 ricordiam
2213 2729 2321 2770 non
2376 2722 2691 2781 merentur;
2726 2713 2823 2770 sed
2867 2714 2936 2770 ab
2962 2714 3052 2769 illo
3082 2710 3279 2787 ingrati
3316 2730 3472 2786 sper-

1878 2814 2080 2863 nuntur
2100 2805 2155 2860 in
2174 2803 2484 2861 novissimis
2504 2819 2716 2859 eorum.
2745 2803 2861 2860 Hoc
2884 2804 3227 2875 probabitur,
3248 2806 3487 2877 quando,

1877 2899 1936 2957 iu
1974 2912 2169 2971 ptenas
2220 2897 2486 2969 gehennae
2529 2895 2888 2967 projicientur
2935 2903 3192 2964 aeternas,
3236 2896 3341 2952 hoc
3388 2905 3475 2954 est

1872 2993 2023 3049 enim
2087 2990 2435 3048 considerare
2482 2989 2782 3046 novissima
2834 3003 3024 3047 eorum
3046 3029 3063 3055 ,
3119 2987 3470 3045 manifestare

1880 3092 2151 3143 tormenta
2207 3083 2425 3141 illorum
2476 3099 2599 3154 tutas
2650 3082 2768 3154 ipse
2814 3081 2928 3150 eis,
2981 3097 3092 3139 non
3147 3084 3469 3141 conturbato

1876 3178 2084 3244 animo,
2113 3177 2211 3235 sed
2238 3174 2550 3248 tranquillo,
2576 3174 2723 3247 justo
2751 3172 3038 3244 impendit.

194 3270 253 3327 iu
302 3272 658 3343 perditionem
713 3249 877 3330 suam
920 3283 1269 3333 convertunt.
1344 3274 1498 3334 unde
1553 3249 1780 3350 suum;
1805 3249 1853 3315 C
1953 3289 1972 3324 ι
2008 3268 2302 3327 Generatio
2326 3268 2472 3325 enim
2497 3281 2754 3339 perversa
2783 3273 2869 3322 est
2891 3263 3331 3323 etinﬁdelesﬁlii
3364 3265 3469 3337 ipsi

192 3366 447 3446 gitur.

92 3538 105 3552 ι
265 3513 285 3547 ε
328 3490 688 3554 lncrassatus,
713 3470 1079 3558 impingnatus
1107 3492 1164 3541 et
1196 3482 1453 3541 dilatatus
1480 3470 1776 3553 dercliquit

192 3596 215 3636 ι
264 3576 437 3637 neum
467 3568 728 3634 iactarem
752 3574 941 3642 suum,
990 3577 1047 3631 e't
1077 3573 1301 3630 tectissit
1343 3588 1375 3629 a
1403 3572 1517 3630 Deo
1550 3572 1780 3629 salutari

192 3695 214 3731 ι
264 3687 386 3731 suo.
442 3662 882 3727 Prdvocavcrunt
908 3668 1033 3725 cum
1069 3666 1123 3721 in
1150 3666 1255 3723 diis
1283 3662 1498 3733 alienis,
1545 3675 1602 3722 et
1642 3666 1779 3723 alio.

196 3780 218 3819 ι
266 3756 667 3821 minationibus
711 3757 827 3816 suis
875 3745 943 3814 aii
988 3756 1321 3813 iracumliam
1350 3755 1779 3826 concitaverunt,

195 3877 217 3913 ι
268 3848 686 3913 immola’ie’iuut
734 3834 1013 3908 ὡιὲῆὶὁῆἤὲ
1056 3852 1112 3906 ΕΙ.
1149 3853 1254 3905 itou
1300 3848 1430 3915 Doti,
1473 3846 1599 3915 iliis,
1647 3854 1785 3918 quos

197 3968 220 4004 ι
269 3940 613 4022 ignorabant,
664 3944 791 4000 nb'vi
829 3942 1189 4013 rcccittesquc
1235 3930 1506 3996 tenerum
1544 3939 1613 3995 ad
1665 3950 1781 4006 eos,

198 4062 220 4097 ο
268 4056 408 4114 quos
443 4034 549 4095 non
578 4034 859 4094 coluerunt
883 4034 1067 4106 panes
1086 4038 1295 4090 eorum.
1328 4040 1353 4085 r
1408 4030 1528 4087 Alia
1565 4027 1734 4087 editio
1765 4046 1782 4086 :

199 4152 221 4188 ι
268 4128 492 4205 Pinguis
520 4126 694 4186 l'a‘ctu's
727 4118 882 4185 cstci
908 4125 1251 4193 iiici'assavit,
1283 4124 1538 4182 dilatatus
1562 4134 1664 4191 est,
1690 4125 1787 4182 de-

195 4224 423 4296 reliquit
448 4221 639 4289 Dcnm,
668 4219 758 4292 qui
784 4217 911 4277 fecit
930 4218 1077 4286 ciun,
1099 4222 1157 4275 et
1183 4216 1409 4275 recessit
1433 4231 1465 4272 a
1501 4215 1611 4273 Deo
1641 4212 1787 4272 salu-

198 4318 308 4374 tari
360 4332 478 4384 suo,
515 4308 977 4372 cxdccibavcrunt
1020 4318 1108 4369 ine
1140 4311 1194 4368 itt
1219 4305 1528 4376 alienis,‘in
1572 4309 1785 4368 abomi-

196 4399 520 4466 nationibtts
560 4404 674 4465 suis
729 4400 1141 4464 coiiciia'v'crunt
1182 4418 1289 4473 mc,
1344 4401 1788 4461 sacriﬁcaverunt

195 4502 563 4577 dannoniis'ct
584 4516 696 4577 non
730 4502 861 4567 Deo,
907 4501 1009 4575 diis
1028 4515 1165 4571 quos
1192 4514 1300 4556 non
1338 4506 1629 4564 noverunt,
1656 4496 1784 4553 novi

178 4584 445 4650 recentes
466 4576 747 4648 veneruut'
773 4583 843 4646 ad
880 4583 1009 4659 é‘os,
1054 4600 1190 4661 Quos
1226 4587 1541 4649 nesciebant
1585 4603 1771 4664 patres
1798 4607 1854 4669 ι)

177 4698 399 4740 eorum.
437 4702 458 4738 ι
510 4673 623 4739 Hoc
668 4674 882 4739 vetech
922 4676 1183 4739 lsraciitac
1223 4682 1579 4739 bistorialiter‘
1622 4684 1770 4741 fece-

178 4782 342 4841 runt,
381 4764 524 4855 sicut
556 4764 611 4829 iii
657 4770 847 4830 eorum
894 4766 1049 4831 iibris
1097 4770 1426 4831 sufﬁcienter
1454 4772 1771 4855 expressum

174 4870 291 4931 est,
324 4853 422 4922 sed
456 4864 511 4921 et
547 4865 794 4922 moderni
822 4862 1100 4931 lsraelitre,
1141 4864 1363 4938 quando
1402 4866 1542 4922 dona
1574 4867 1669 4924 Dei
1717 4853 1773 4923 in

174 4948 422 5014 scientia
471 4952 842 5014 etvirtutibus
892 4954 993 5014 sibi
1049 4957 1116 5014 ad
1165 4957 1405 5013 divinum
1451 4958 1771 5028 obsequium

173 5064 450 5106 concessa
490 5046 559 5104 ad
589 5044 838 5105 haeresim
883 5048 1001 5105 sive
1047 5044 1377 5121 hypocrisin!
1425 5054 1767 5117 convertunt,

170 5141 349 5197 idolis
372 5146 426 5196 et
460 5150 569 5197 non
604 5136 715 5196 Deo
743 5140 948 5197 servire
987 5138 1303 5213 probantur.
1346 5138 1638 5197 chmoniis
1662 5141 1771 5197 uti-

167 5248 292 5305 que
314 5230 520 5289 cultum
549 5226 855 5289 exhibendo
884 5240 940 5288 et
970 5238 1075 5287 non
1101 5231 1232 5311 Deo,
1269 5230 1413 5302 quod
1446 5236 1631 5303 patres
1667 5230 1770 5287 ἢο-

167 5322 309 5393 stri,
346 5322 450 5382 hoc
491 5333 593 5394 est,
638 5316 988 5397 patriarchae,
1016 5313 1293 5396 prophetae
1316 5325 1373 5379 et
1412 5320 1639 5395 apostoli
1678 5322 1764 5379 at-

164 5434 289 5492 que
340 5414 684 5491 evangelista:
724 5426 1067 5488 nequaquam
1116 5406 1381 5501 icceiutrt,
1409 5400 1557 5481 iinde
1592 5410 1771 5471 evenit

164 5510 307 5569 istis
364 5506 697 5577 idololatria,
750 5504 895 5580 quod
952 5500 1430 5589 clementissimum
1482 5502 1769 5561 Dominum

164 5598 352 5660 malis
382 5603 494 5659 suis
520 5596 821 5666 irriiauiés,
867 5596 1029 5669 quem
1077 5595 1370 5670 propitium
1407 5594 1612 5651 habere
1649 5604 1773 5665 pos-

164 5706 331 5769 sent,
358 5698 408 5771 _si
434 5698 572 5754 bene
595 5692 852 5769 egissent,
880 5700 1099 5765 propter
1140 5689 1283 5748 mala
1316 5684 1482 5759 opera
1517 5696 1765 5744 seventm

163 5800 355 5863 atque
380 5786 683 5846 districtum
709 5784 1017 5860 perpessuri
1042 5784 1172 5841 sint.

256 5903 281 5937 ‹
323 5883 493 5941 Deum
530 5881 624 5955 qui
668 5888 722 5938 te
750 5878 956 5952 genuit,
1003 5872 1360 5947 dereliquisti,
1393 5876 1450 5929 et
1471 5869 1676 5929 oblitus
1705 5883 1766 5927 es

1784 3404 1797 3413 .
1882 3384 1901 3419 ε
1936 3370 2373 3435 provocaverunt
2418 3376 2507 3421 me
2533 3359 2588 3415 in
2619 3374 2705 3425 eo,
2753 3358 2847 3429 qui
2874 3372 2984 3415 non
3024 3366 3144 3415 erat
3180 3358 3466 3426 Dominus,

1882 3475 1901 3510 ι
1935 3465 1995 3514 et
2038 3456 2393 3513 irritaverunt
2421 3452 2479 3509 in
2515 3451 2849 3509 vanitatibus
2888 3450 3024 3519 suis,
3054 3456 3110 3507 et
3142 3442 3246 3523 ego
3270 3464 3466 3522 provo-

1880 3569 1916 3603 c.
1938 3550 2077 3607 eabo
2113 3560 2209 3605 eos
2235 3546 2290 3604 in
2321 3561 2407 3612 eo,
2453 3543 2551 3617 qui
2583 3558 2691 3601 non
2720 3550 2808 3601 est
2830 3541 3085 3615 populus,
3128 3541 3268 3599 etin
3306 3548 3487 3615 gente,

1883 3658 1902 3693 t
1936 3640 2105 3697 stulta
2134 3636 2365 3693 irritabo
2405 3635 2550 3691 illos.
2585 3654 2606 3688 ι
2638 3632 2761 3691 Alia
2783 3632 2997 3703 editio:
3043 3650 3063 3685 ι
3118 3630 3257 3703 Quia
3298 3647 3487 3705 gcnc-_

1878 3735 2021 3792 ratio
2045 3742 2212 3804 prava
2238 3740 2296 3788 et
2321 3744 2578 3803 perversa
2624 3737 2709 3787 est
2738 3729 2832 3785 ﬁlii
2874 3729 2932 3785 in
2968 3729 3169 3800 quibus
3213 3743 3324 3786 non
3378 3738 3487 3793 est,

1878 3825 2015 3882 ﬁdes
2048 3826 2107 3881 in
2131 3824 2287 3895 ipsis,
2333 3822 2435 3894 ipsi
2474 3822 2531 3877 iu
2563 3821 2687 3878 zelo
2710 3819 3090 3892 compulerunt
3129 3834 3219 3877 me
3259 3827 3317 3876 et
3356 3834 3470 3878 non

1878 3921 1934 3977 in
1961 3918 2096 3987 Dee,
2116 3918 2171 3973 in
2193 3918 2274 3973 ira
2300 3915 2712 3974 concitaverunt
2734 3927 2821 3971 me
2848 3914 2905 3970 in
2934 3912 3095 3970 idolis
3116 3912 3253 3981 suis,
3280 3920 3338 3970 ot
3363 3928 3466 3986 ego

1878 4013 1937 4068 in
1966 4011 2084 4068 solo
2127 4008 2399 4081 expellam
2434 4022 2529 4065 eos
2571 4015 2628 4062 et
2670 4021 2779 4063 non
2829 4004 2887 4062 in
2922 4013 3161 4077 gentem,
3205 4004 3262 4061 in
3307 4013 3469 4077 gente

1879 4101 2172 4174 insipiente
2220 4098 2448 4156 irritabo
2491 4111 2604 4154 eos.
2643 4113 2665 4149 ι
2698 4095 2836 4165 Quia
2884 4108 3018 4167 ergo
3056 4092 3319 4155 lsraelita
3368 4093 3466 4151 abn

1874 4197 2020 4268 iecto
2047 4195 2196 4251 cuitu
2215 4189 2430 4249 Domini
2456 4184 2540 4246 sui
2570 4186 2715 4244 idola
2733 4186 3040 4255 coluerunt,-
3062 4194 3119 4244 et
3147 4187 3467 4244 deserentes

1875 4298 2064 4344 verum
2089 4299 2155 4342 ac
2176 4283 2361 4339 vivum
2395 4280 2587 4347 Deum,
2622 4278 2996 4337 daservierunt
3022 4277 3248 4334 vanitati
3293 4276 3465 4335 simu-

1874 4378 2156 4437 lacrorum
2201 4374 2475 4447 gentibus,
2516 4372 2611 4445 qui
2639 4370 2825 4443 populi
2863 4370 2962 4427 Dei
2988 4370 3209 4428 nomine
3235 4370 3466 4427 necdum

1877 4489 1944 4532 eo
1968 4484 2221 4543 tempore
2263 4468 2449 4525 vocari
2478 4473 2815 4533 meruerunt,
2863 4464 2920 4522 in
2962 4464 3320 4536 direptionem
3354 4471 3469 4521 tra—

1879 4564 1981 4622 diti
2011 4570 2164 4621 sunt.
2194 4559 2459 4619 Similiter
2484 4566 2543 4613 et
2575 4555 2955 4623 ecclesiastici,
2996 4555 3087 4626 qui
3116 4555 3330 4612 deserta
3366 4568 3465 4611 ve-

1877 4659 2042 4716 ritate
2069 4658 2139 4714 sd
2175 4670 2390 4712 errores
2430 4653 2860 4717 declinaverunt,
2909 4650 2954 4707 si
3000 4665 3100 4722 pro
3146 4648 3306 4706 malis
3351 4649 3466 4705 suis

1875 4768 1983 4809 non
2007 4749 2364 4822 pmnituerint
2386 4744 2634 4817 malignis
2654 4743 2955 4815 spiritibus,
2987 4740 3080 4812 qui
3102 4740 3464 4812 superbieudo

1872 4841 2224 4913 perdiderunt
2250 4836 2549 4910 angelicam
2578 4833 2896 4906 dignitatem
2920 4832 2990 4888 ad
3023 4829 3352 4887 tradendum
3377 4830 3461 4885 in-

1872 4933 2013 4989 ferni
2063 4930 2376 4989 carceribus
2434 4928 2738 4984 tradentur.
2804 4924 2949 4980 Bene
3003 4937 3135 4995 ergo
3182 4920 3461 4978 daemones

1872 5038 2005 5100 gens
2041 5025 2209 5082 stulta
2247 5024 2354 5080 dici
2397 5030 2649 5095 possunt,
2692 5019 2820 5090 quia
2850 5017 3085 5075 oderunt
3106 5015 3376 5088 justitiam
3400 5024 3459 5073 et

1873 5127 2061 5177 amant
2097 5118 2457 5189 iniquitatem.

1946 5217 1968 5267 ἡ
2000 5211 2151 5286 Ignis
2182 5224 2481 5267 succensus
2524 5208 2694 5266 estin
2745 5204 2931 5262 furore
2976 5217 3101 5260 meo
3144 5209 3203 5258 et
3246 5198 3458 5257 ardebit

1877 5327 1897 5362 ‹
1928 5321 2105 5378 usque
2138 5305 2209 5371 ad
2230 5302 2427 5359 inferni
2452 5299 2772 5357 novissima.
2806 5317 2827 5351 ι
2857 5296 2978 5353 Alia
3001 5295 3169 5355 editio
3199 5310 3214 5348 :
3263 5310 3283 5344 ι
3314 5290 3452 5360 Quia

1870 5402 2012 5473 ignis
2031 5398 2240 5456 exarsit
2270 5396 2341 5452 ab
2369 5396 2450 5451 ira
2470 5407 2613 5459 mea,
2649 5399 2706 5449 et
2727 5389 2937 5447 ardebit
2958 5401 3133 5458 usque
3160 5383 3228 5441 ad
3251 5380 3456 5439 inferos

1872 5494 2147 5553 deorsum.
2182 5510 2201 5543 ι
2249 5489 2328 5546 De
2356 5488 2443 5545 bis
2482 5500 2621 5558 quos
2661 5484 2922 5543 damnant
2966 5477 3199 5550 ﬂagella,
3244 5482 3301 5531 et
3346 5487 3455 5530 non

1867 5588 2104 5645 liberant
2134 5584 2401 5655 scriptum
2448 5589 2531 5637 est
2565 5597 2578 5634 :
2632 5597 2652 5631 ι
2685 5572 3011 5633 Percussisti
3041 5585 3157 5635 eos,
3206 5581 3308 5623 nec
3355 5565 3457 5620 do.

1868 5678 2121 5744 luerunt;
2154 5672 2411 5732 aut-ivisti
2447 5685 2544 5728 eos
2570 5678 2629 5726 et
2668 5672 2970 5726 tenuerunt
3006 5660 3258 5744 accipere
3285 5655 3447 5714 disci-

1866 5769 2071 5843 plinam
2101 5738 2238 5843 (lor.
2268 5765 2347 5838 ν).
2378 5783 2400 5819 t
2433 5762 2531 5821 ﬂis
2553 5759 2767 5834 ﬂagella
2798 5755 2870 5814 ab
2900 5754 3006 5813 hac
3026 5752 3138 5810 vita
3164 5738 3447 5815 inchoent,

1864 5870 1925 5920 ot
1951 5861 2008 5918 in
2050 5867 2255 5918 aeterna
2298 5854 2650 5933 percussione
2689 5848 3011 5925 perdurant.
3054 5843 3210 5903 Unde
3236 5854 3452 5915 quoque
