3936 6328
560 342 702 398 ιιιδ

1192 340 1253 396 Β.
1297 340 1549 398 ΒΑΒΑΝῙ
1583 340 1804 400 MAURI
1839 341 2159 400 ARCHIEP.
2202 341 2506 400 MOGUNT.
2539 341 2824 400 OPERUM
2856 341 3034 399 PARS
3069 343 3154 400 Ill.

3582 361 3688 420 ιιιι

556 474 654 529 per
683 456 898 528 Moysen
932 453 1192 511 Dominus
1229 455 1362 512 dicit
1393 475 1405 510 :
1455 475 1474 510 ‹
1521 455 1666 526 lgnis
1699 458 1905 512 exarsit
1953 459 2024 514 ab
2053 458 2133 512 ira
2161 460 2210 522 Α
2238 457 2456 530 maligni
2485 457 2736 514 videlicet
2765 457 2985 528 spiritus
3033 466 3245 527 peccata
3281 463 3510 530 praeterita
3540 467 3679 540 impro.

559 561 702 605 mea'
733 557 789 604 et
823 547 1032 603 ardebit
1086 563 1259 619 usque
1294 549 1361 604 ad
1409 547 1612 604 inferos
1653 547 1907 604 deorsum
1951 548 2131 621 (Deut.

553 639 756 712 xxx").
806 657 832 692 »τ
881 639 1149 708 Quantum
1195 639 1262 694 ad
1295 639 1854 712 praesentemetenim
1911 653 2136 710 percus-

557 734 764 790 sionem
789 741 1018 803 speetat,
1059 740 1207 788 recte
1228 732 1424 788 dicitur
1453 751 1466 786 :
1497 751 1516 784 ι
1563 732 1707 801 Ignis
1736 731 1942 787 exarsit
1960 732 2028 786 ab
2057 731 2137 786 ira

556 841 698 882 mea.
742 844 761 877 ι
813 825 1084 893 Quantum
1125 840 1254 881 vero
1310 824 1376 880 ad
1407 833 1666 880 aeternam
1714 824 2136 889 damnationem,

556 927 680 988 apte
705 918 809 975 hoc
835 917 1100 983 subditur,
1145 925 1201 971 et
1221 915 1434 972 ardebit
1459 930 1630 987 usque
1659 915 1726 971 ad
1755 914 1954 970 inferos
1981 915 2139 970 deor-

555 1025 700 1076 sum,
730 1009 856 1064 licet
880 1025 910 1063 a
945 1009 1264 1079 quibusdam
1294 1008 1399 1063 dici
1429 1007 1601 1063 soleat
1655 1007 1784 1062 illud
1811 1005 1956 1078 quod
2003 1006 2140 1062 scri-

555 1110 709 1172 ptum
744 1107 866 1156 est:
911 1118 930 1152 ‹
986 1099 1102 1155 Νοιι
1139 1099 1372 1155 vindicat
1418 1099 1562 1154 Deus
1608 1099 1694 1154 bis
1735 1099 1788 1153 in
1825 1099 2072 1168 idipsum.
2112 1117 2132 1152 ι

555 1190 658 1258 Qui
682 1200 862 1246 tamen
899 1192 1023 1256 hoc,
1071 1191 1212 1260 quod
1244 1206 1342 1262 per
1366 1191 1692 1261 Prophetam
1732 1192 1797 1246 de
1823 1191 2023 1260 iniquis
2059 1191 2138 1246 di-

555 1282 718 1347 citur,
760 1298 866 1338 non
894 1282 1199 1348 attendunt,
1251 1291 1306 1338 et
1338 1283 1537 1354 duplici
1571 1282 1888 1338 confusione
1917 1293 2139 1339 contere

555 1387 670 1437 eos,
709 1381 764 1428 et
801 1373 852 1426 id
897 1373 1040 1443 quod
1073 1373 1207 1427 alias
1244 1375 1504 1445 scriptum
1533 1384 1636 1429 est.
1687 1374 1844 1430 Jesus
1880 1375 2138 1445 populum

555 1467 621 1521 de
655 1475 796 1520 terra
824 1464 1042 1538 Egypti
1071 1467 1304 1530 salvans,
1351 1470 1587 1523 secundo
1614 1483 1728 1532 eos,
1777 1469 1866 1538 qui
1889 1484 1996 1523 non
2024 1485 2141 1524 cre-

554 1559 805 1616 diderunt
834 1561 1088 1632 perdidit,
1134 1559 1332 1630 quibus
1355 1571 1534 1617 tamen
1567 1563 1611 1616 si
1641 1577 1963 1616 consensum
1995 1578 2137 1632 prae-

552 1651 798 1716 beamus,
857 1652 1155 1721 quamlibet
1205 1652 1418 1723 culpam
1474 1653 1558 1708 bis
1603 1651 1767 1708 ferire
1809 1668 1916 1706 non
1955 1667 2134 1722 posse,

553 1742 656 1796 hoc
700 1757 767 1795 ex
803 1751 1026 1811 peccato
1051 1742 1323 1810 percussis
1353 1753 1516 1813 atque
1553 1743 1608 1796 in
1646 1750 1870 1813 peccato
1893 1758 1991 1798 suo
2026 1758 2136 1797 mo-

2239 558 2491 619 perantes
2519 563 2613 603 ore
2638 547 2881 602 lacerant
2901 547 3208 603 saevissimo.
3254 548 3389 616 Quod
3407 563 3550 610 autem
3573 561 3674 617 addi.

2241 646 2349 705 tur,
2395 649 2516 710 post
2541 640 2945 694 devorationem
2983 640 3161 695 avium
3201 643 3416 698 extensio
3435 645 3551 704 dorsi
3581 651 3679 710 insa.

2238 733 2432 788 nabilis
2454 774 2470 798 ,
2519 731 2787 803 signiﬁcat
2813 731 3000 802 plagas
3026 731 3321 799 acerrimas,
3347 750 3460 804 quas
3479 741 3680 808 patiuntur

2237 830 2551 894 peccatores
2587 822 2638 876 in
2674 830 2881 877 tortura
2923 822 3239 887 daemonum,
3277 825 3357 892 qui
3391 842 3469 880 eos
3499 830 3587 883 sine
3614 834 3682 889 ulla

2241 915 2587 971 miseratione
2634 914 2893 987 allligunt,
2953 925 3006 969 et
3041 929 3224 984 pmnas
3249 917 3429 974 validas
3469 920 3510 975 in
3540 923 3684 981 inferno

2239 1009 2448 1064 solvere
2491 1017 2711 1080 cogunt,
2743 1009 2946 1064 bestias
2973 1018 3133 1078 atque
3157 1021 3408 1079 serpentes
3441 1013 3566 1069 iidem
3585 1019 3685 1072 mali-

2237 1101 2325 1171 gni
2357 1100 2576 1170 spiritus
2625 1107 2767 1165 sunt,
2811 1099 2904 1170 qui
2943 1099 3132 1154 bestia:
3171 1099 3402 1156 dicuntur
3453 1114 3620 1173 propter
3639 1109 3684 1163 le-

2237 1191 2544 1250 rocitatem.
2603 1199 2884 1260 serpentes
2908 1199 3127 1262 propter
3174 1191 3500 1258 calliditatem,
3537 1197 3686 1253 trahunt

2237 1285 2426 1340 bestiae
2479 1294 2643 1354 atque
2697 1295 2974 1354 serpentes
3027 1284 3277 1355 reprobos
3319 1285 3526 1341 dentibus
3583 1303 3687 1359 super

2237 1387 2442 1431 terram
2491 1391 2612 1431 cum
2639 1375 2842 1446 furore,
2885 1374 3103 1445 quando
3142 1375 3261 1439 hoc,
3291 1375 3414 1444 quod
3450 1377 3565 1446 prius
3592 1378 3687 1431 blan-

2238 1469 2432 1524 diendo
2459 1445 2772 1523 carnalibu‘s
2797 1475 3206 1536 persuaserunt,
3235 1474 3292 1520 ut
3317 1445 3576 1522 seducerent
3597 1479 3687 1540 post-

2238 1561 2455 1616 modum
2495 1559 2786 1614 l'uribundo
2825 1560 3008 1613 animo
3055 1573 3085 1612 a
3129 1559 3468 1629 peccatoribus
3499 1572 3686 1630 expetunt,

2238 1658 2299 1704 ut
2329 1649 2596 1714 crucient,
2649 1649 2782 1703 foris
2826 1648 3066 1703 vastabit
3098 1649 3283 1720 impios
3311 1649 3504 1720 gladius,
3531 1661 3570 1706 et
3597 1653 3687 1707 intus

2240 1754 2440 1810 pavor;
2473 1739 2690 1809 quando
2718 1739 2774 1794 in
2803 1747 3048 1796 extrema
3101 1740 3294 1794 ultione
3326 1741 3524 1810 undique
3563 1758 3686 1810 wrpus

551 1835 816 1895 rierttibus
850 1835 1009 1889 debet
1031 1835 1312 1900 aestimari,
1358 1836 1481 1905 quia
1509 1827 1698 1890 eorum
1725 1835 2004 1904 percussio
2045 1835 2136 1890 hic
2165 1819 2211 1878 Β
2241 1832 2380 1902 ignis
2420 1832 2610 1887 :eterni
2640 1840 2858 1902 torquet
2891 1832 3128 1897 exustio,
3185 1842 3236 1886 et
3257 1832 3388 1887 intus
3415 1843 3596 1888 mentem
3631 1850 3687 1887 an-

549 1928 736 1998 cmpit,
779 1925 886 1980 illic
915 1926 1120 1990 linitur,
1151 1926 1288 1980 utin
1314 1926 1635 1982 incorrectis
1663 1942 1828 1980 unum
1867 1925 2133 1996 ﬂagellum

549 2019 640 2080 sit,
693 2019 834 2088 quod
888 2019 1258 2088 temporaliter
1288 2019 1497 2087 incipit,
1539 2017 1634 2073 sed
1672 2018 1727 2072 in
1754 2018 1974 2073 aeternis
2011 2033 2136 2088 sup-

545 2109 724 2179 pliciis
747 2118 1172 2175 consummatur,
1211 2119 1478 2179 quatenus
1508 2111 1610 2177 eis,
1653 2111 1744 2180 qui
1771 2112 1992 2180 omnino
2016 2127 2135 2166 cor-

549 2200 651 2271 rigi
720 2209 979 2266 renuunt,
1039 2198 1150 2269 jam
1193 2200 1544 2271 prmsentium
1608 2199 1946 2271 ﬂagellorum
2010 2216 2135 2271 per—

551 2291 736 2346 cussio
787 2291 1134 2361 sequentium
1186 2292 1258 2348 sit
1313 2292 1524 2347 initium
1571 2300 1984 2348 tormentorum.
2036 2291 2136 2348 Se-

549 2385 735 2454 quitur
766 2402 780 2438 :

623 2493 641 2525 ι
687 2473 935 2529 Comedit
963 2481 1162 2526 terram
1211 2481 1266 2528 et
1302 2473 1580 2529 nascentia
1609 2473 1743 2544 ejus,
1786 2482 1840 2528 et
1868 2473 2133 2529 montium

551 2581 571 2615 ι
617 2561 964 2617 fundamenta
993 2563 1291 2628 comburet,
1309 2565 1646 2634 congregabo
1667 2579 1830 2634 super
1849 2580 1944 2621 eos
1967 2565 2132 2631 mala,

552 2675 572 2709 ι
616 2663 673 2711 et
704 2655 930 2726 sagittas
967 2668 1116 2709 meas
1163 2654 1446 2725 complebo
1498 2655 1550 2708 in
1586 2654 1686 2710 eis.
1730 2654 2134 2712 Consumentur

550 2765 572 2801 ε
616 2747 777 2810 fame,
819 2754 873 2802 et
917 2745 1254 2802 devorabunt
1277 2761 1370 2802 eos
1401 2761 1531 2802 aves
1561 2762 1742 2802 morsu
1765 2747 2130 2816 amarissimo,

549 2861 569 2894 ι
617 2842 805 2896 dentes
841 2839 1140 2895 bestiarum
1191 2838 1478 2894 immittam
1539 2841 1593 2894 in
1630 2856 1725 2896 eos
1765 2856 1887 2896 cum
1947 2839 2134 2898 furore

549 2953 568 2985 ι
617 2930 945 2986 trahentium
975 2945 1138 3001 super
1175 2937 1377 2984 terram
1415 2939 1577 3000 atque
1605 2933 1958 3002 serpentium,
1997 2933 2133 2987 foris

550 3044 569 3076 ι
613 3023 848 3078 vastabit
880 3037 975 3078 eos
1012 3020 1220 3094 gladius
1251 3030 1307 3076 et
1343 3022 1488 3076 intus
1523 3037 1714 3092 pavor,
1755 3020 2017 3090 juvenem
2063 3023 2134 3078 si-

553 3133 573 3166 c
619 3113 730 3168 mul
771 3128 835 3169 ac
863 3113 1152 3184 virginem,
1197 3113 1486 3168 laetantem
1511 3129 1632 3168 cum
1659 3115 1878 3170 homine
1911 3129 2060 3170 sene.
2105 3135 2124 3168 ι

2237 1925 2427 1995 gustia:
2483 1924 2740 1996 opprimit
2785 1925 3129 1996 magnitudo,
3180 1927 3313 1979 unde
3352 1927 3564 1996 scriptum
3608 1937 3686 1981 est:

2243 2033 2261 2066 ι
2315 2013 2530 2069 Vermis
2563 2029 2750 2069 eorum
2778 2030 2884 2069 non
2920 2016 3207 2079 morietur,
3237 2025 3290 2070 et
3313 2015 3434 2086 ignis
3459 2031 3540 2070 non
3559 2017 3688 2070 exstin-

2237 2113 2429 2175 guetur
2469 2102 2662 2176 (Marc.
2693 2105 2794 2175 rx).
2829 2124 2848 2156 ι
2912 2123 2930 2156 ι
2975 2102 3268 2171 Juvenem,
3315 2106 3483 2176 inquit,
3519 2106 3689 2160 simulac

2235 2194 2521 2264 virginem,
2546 2193 2840 2251 laetantem
2887 2211 3010 2251 cum
3061 2195 3276 2251 homine
3317 2212 3492 2251 sene.»
3536 2197 3688 2251 linum.

2236 2287 2372 2342 ratis
2434 2287 2702 2343 universis
2767 2289 3020 2344 aetatibus
3067 2290 3296 2345 ostendit
3360 2290 3470 2344 nulli
3521 2290 3622 2343 atati
3658 2289 3687 2342 in

2237 2386 2479 2432 extrema
2520 2378 2724 2434 ultione
2748 2394 2870 2435 esse
2913 2381 3266 2449 parcendum,
3297 2395 3419 2450 quos
3448 2380 3558 2434 idem
3584 2378 3689 2431 idolo-

2235 2470 2407 2525 latria:
2430 2469 2727 2527 t‘oedaverat
2755 2471 2951 2528 cultus.
3001 2472 3300 2544 Allegorice
3329 2481 3482 2526 autem
3501 2470 3680 2538 injurene

2235 2565 2497 2621 lascivum
2525 2574 2579 2621 et
2603 2565 2949 2622 libidinosum
2982 2584 2995 2620 :
3025 2567 3078 2621 in
3107 2567 3312 2636 virgine
3335 2581 3362 2620 a
3379 2565 3510 2620 bonis
3531 2563 3689 2634 operibus

2235 2658 2500 2724 sterilem,
2543 2659 2597 2713 in
2646 2658 2881 2714 lactante
2925 2658 3205 2723 hebetem,
3257 2658 3308 2712 in
3353 2673 3464 2713 sene
3493 2657 3688 2728 pigrumct

2181 2783 2187 2798 .
2235 2749 2483 2805 inutilem
2528 2751 2786 2816 ostendit,
2846 2751 2948 2806 bos
2990 2766 3127 2822 ergo
3169 2766 3354 2808 omnes
3387 2750 3508 2820 justa
3541 2746 3688 2801 vindicta

2235 2839 2333 2896 Dei
2365 2841 2420 2895 in
2450 2850 2696 2897 extrema
2741 2841 2944 2899 ultione
2969 2851 3279 2908 consumet,
3319 2857 3440 2912 quos
3462 2854 3569 2896 nunc
3602 2851 3690 2892 eon-

2235 2930 2462 2985 monitio
2517 2938 2570 2985 et
2598 2933 2870 3002 correptio
2892 2949 2922 2987 a
2952 2933 3194 3003 peccatis
3215 2948 3319 2988 non
3347 2932 3542 2988 cohibet.

2311 3039 2330 3072 ‹
2377 3020 2444 3075 Et
2469 3021 2620 3075 dixi:
2658 3019 2889 3077 Ubinain
2930 3033 3083 3090 sunt,
3133 3039 3339 3080 cessare
3385 3023 3543 3077 facium
3571 3018 3690 3074 exlio-

2243 3132 2262 3165 ι
2308 3115 2546 3170 minibus
2593 3117 2909 3171 memoriam
2963 3132 3179 3173 eorum.
3226 3137 3245 3170 ι
3291 3115 3399 3171 Alia
3425 3114 3585 3170 editio:
3614 3131 3626 3160 ο
3655 3109 3691 3161 Et

544 3205 660 3259 Alia
701 3204 866 3260 editio
894 3219 910 3257 :
952 3177 979 3254 ἶ
1024 3177 1270 3258 Comedit
1313 3212 1459 3258 terra
1495 3204 1805 3259 nascentias
1849 3221 2126 3274 agrorum,
2234 3209 2373 3264 dixit
2404 3228 2415 3262 :
2450 3209 2768 3279 Disperdam
2795 3223 2908 3276 eos,
2958 3210 3193 3280 privabo
3217 3218 3386 3264 autem
3414 3223 3468 3263 ex
3487 3201 3690 3261 hominibus

543 3305 600 3351 et
633 3293 1002 3350 concremabit
1045 3293 1393 3347 fundamenta
1418 3295 1702 3359 montium,
1731 3309 2022 3364 congeram
2073 3298 2129 3352 in

545 3390 691 3460 ipsos
734 3387 899 3451 mala,
955 3395 1011 3440 et
1043 3387 1267 3456 sagittas
1292 3399 1443 3440 meas
1493 3388 1885 3443 consummabo
1939 3389 1995 3443 in
2023 3389 2126 3454 eis,

545 3479 887 3533 tabescentes
927 3474 1070 3531 fame
1105 3483 1162 3530 et
1183 3490 1305 3530 esca
1343 3483 1504 3530 erunt
1538 3476 1742 3541 avium,
1791 3486 1845 3531 et
1883 3479 2132 3536 extensio

545 3568 694 3625 dorsi
744 3566 1080 3631 insanabilis,
1131 3566 1319 3622 dentes
1369 3565 1671 3621 bestiarum
1727 3566 2020 3622 immittam
2073 3569 2128 3624 in

545 3675 662 3722 eos,
703 3675 825 3715 cum
867 3657 1052 3714 furore
1092 3658 1422 3714 trahentium
1459 3673 1621 3728 super
1665 3667 1889 3726 terram,
1933 3676 1962 3714 a
1997 3659 2131 3717 foris

542 3756 662 3812 sine
691 3754 816 3808 ﬁliis
844 3751 1078 3824 privabit
1107 3767 1202 3807 eos
1235 3750 1443 3822 gladius
1473 3761 1530 3806 et
1557 3751 1610 3805 in
1634 3753 2018 3823 promptuariis
2043 3769 2134 3809 eo—

543 3859 667 3901 rum
697 3845 880 3910 timor,
919 3842 1149 3912 juvenes
1180 3859 1302 3898 cum
1341 3842 1570 3913 virgine,
1606 3842 1815 3898 lactans
1849 3860 1972 3900 cum
2012 3857 2126 3901 sta-

541 3940 698 3996 bilito
721 3953 867 3994 sene.
903 3957 922 3989 ι
960 3936 1230 4003 Comedit,
1263 3937 1458 4007 inquit,
1525 3945 1726 3991 terram
1769 3946 1825 3992 et
1849 3940 2130 3996 nascentia

540 4031 690 4100 e‘jus:
739 4044 941 4089 terram
972 4038 1100 4083 tunc
1130 4028 1366 4082 comedit
1411 4039 1465 4082 et
1488 4029 1767 4084 nascentia
1817 4029 1955 4098 ejus,
2002 4047 2126 4087 cum

549 4137 768 4178 carnem
793 4119 1152 4192 peccatricem
1199 4129 1419 4188 propter
1447 4135 1612 4190 opera
1644 4120 1884 4176 libidinis
1910 4121 2128 4180 ﬂamma

545 4226 765 4272 aeternae
811 4213 1031 4268 ultionis
1075 4213 1379 4267 comburet.
1429 4212 1717 4268 Nascentia
1763 4215 1907 4270 enim
1947 4217 2129 4272 carnis

538 4307 756 4378 proprie
795 4319 961 4376 Opera
1003 4313 1128 4358 sunt
1150 4304 1602 4373 concupiscentiae
1623 4306 1897 4363 carnalis:
1949 4325 1967 4360 ι
1998 4307 2128 4375 Quae

538 4409 669 4454 sunt
706 4395 1134 4457 fornicationes,
1181 4394 1572 4460 immunditite,
1621 4395 2001 4466 impudicitiae,
2045 4397 2127 4452 lu-

2234 3302 2551 3356 memoriam
2576 3315 2784 3356 eorum.
2818 3322 2838 3355 ι
2881 3301 3240 3376 Interrogatio
3273 3303 3363 3357 Dei
3399 3315 3491 3355 non
3513 3307 3576 3354 est
3605 3297 3692 3364 igne

2237 3393 2433 3455 rantia,
2477 3392 2570 3446 sed
2593 3392 2882 3462 correptio.
2917 3392 3094 3464 Hujus
3133 3393 3402 3449 sententia:
3437 3387 3685 3460 expletiouem

2234 3483 2393 3539 facile
2423 3483 2744 3554 dignoscere
2777 3494 2982 3556 potest,
3055 3488 3150 3557 qui
3189 3485 3391 3540 Iudaeos
3411 3483 3529 3536 videt
3564 3494 3585 3532 a
3606 3485 3689 3528 tem

2234 3580 2672 3651 repromissionis
2693 3580 2918 3648 eiectos,
2937 3589 2992 3636 et
3019 3596 3120 3652 per
3142 3591 3308 3636 totum
3321 3579 3484 3635 orbem
3500 3574 3689 3642 dispersae

2233 3671 2579 3727 Generaliter
2621 3680 2802 3727 autem
2839 3673 3096 3728 omnibus
3138 3671 3486 3742 peccatoribus
3522 3675 3561 3720 et
3577 3664 3690 3727 impu-

2232 3766 2533 3822 nitentibus
2557 3766 2659 3822 hoc
2691 3763 2931 3821 futurum
2956 3767 3228 3832 imminet,
3256 3763 3387 3836 quod
3407 3763 3462 3818 de
3486 3765 3689 3815 sanctorum

2233 3865 2380 3913 terra
2403 3856 2680 3923 tollantur,
2702 3866 2759 3913 et
2782 3858 3044 3913 memoria
3068 3873 3255 3914 eorum
3277 3859 3327 3912 in
3349 3863 3471 3912 creto
3495 3850 3688 3908 electorum

2231 3965 2340 4005 non
2385 3958 2722 4004 numeretur.
2774 3949 2929 4005 Unde
2972 3965 3072 4021 per
3115 3949 3440 4006 Psalmistam
3470 3939 3590 4012 capiti
3618 3949 3685 3987 om-

2231 4045 2380 4101 nium
2403 4043 2714 4112 iniquorum
2753 4027 3071 4098 simul'cum
3107 4053 3219 4099 toto
3240 4053 3448 4112 corpore
3471 4047 3589 4107 ρωηιι
3611 4040 3690 4097 P'I‘

2231 4134 2428 4190 dicitur
2465 4133 2668 4199 futura,
2735 4149 2859 4188 cum
2911 4124 3221 4205 supputatis
3267 4129 3471 4201 singulis
3505 4116 3690 4193 speciebus

2232 4226 2486 4282 vitiorum
2519 4224 2898 4280 subinfcrtur:
2939 4244 2957 4276 ι
3009 4226 3304 4298 Pr0pterea
3329 4225 3586 4278 destruette

2232 4317 2288 4372 in
2329 4317 2516 4382 linem,
2561 4316 2755 4372 evellet
2779 4325 2831 4372 te
2878 4326 2934 4372 et
2968 4319 3261 4388 emigrabit
3283 4325 3333 4372 te
3371 4315 3430 4369 de
3456 4297 3690 4366 tabernaculo

2231 4423 2330 4464 suo
2388 4418 2443 4462 et
2489 4407 2726 4463 radicem
2785 4417 2930 4464 tuam
2983 4409 3052 4465 de
3089 4417 3232 4464 terra
3291 4403 3544 4463 viventium
3583 4389 3687 4463 (Μ’

536 4493 726 4556 xurite,
757 4487 1022 4545 idolorum
1053 4486 1304 4552 servitus,
1329 4485 1620 4554 veneficia,
1650 4488 1970 4552 inimicitiae,
1996 4504 2128 4546 con-
2151 4533 2206 4592 Β
2231 4497 2327 4566 ιι),
2360 4517 2379 4551 ι

535 4583 825 4645 tentiones,
859 4578 1256 4642 :emulationes,
1283 4579 1396 4643 irae,
1426 4579 1579 4644 rixae,
1609 4580 2002 4646 dissensiones,
2027 4597 2118 4638 se-

533 4683 656 4732 ctae,
697 4671 932 4736 invidire,
981 4669 1298 4735 homicidia,
1340 4670 1654 4734 ebrietates,
1697 4673 2124 4730 comessationes

531 4775 588 4821 et
616 4767 701 4821 his
723 4764 939 4830 similia,
969 4779 1088 4835 qua:
1117 4764 1209 4834 qui
1231 4774 1416 4832 agunt,
1451 4784 1469 4814 ι
1499 4774 1559 4819 ιιι
1580 4763 1781 4820 Paulus
1819 4775 2067 4832 testatur,
2099 4787 2118 4820 ι

537 4877 556 4910 c
595 4871 820 4926 regnum
849 4856 941 4910 Dei
973 4871 1078 4909 non
1101 4865 1501 4925 consequentur
1522 4853 1665 4927 (Gal.
1695 4857 1770 4928 v).
1815 4877 1834 4910 ι
1869 4857 1937 4912 Et
1975 4874 2123 4913 mon-

531 4950 664 5003 tium
691 4946 1038 5003 fundamenta
1066 4951 1366 5014 comburet,
1401 4965 1522 5003 cum
1549 4933 1904 5019 superborum
1928 4950 2115 5020 iniqua

529 5037 776 5104 consilia,
806 5037 1000 5108 quibus
1029 5054 1088 5095 se
1110 5040 1328 5109 impune
1355 5055 1515 5111 posse
1535 5055 1764 5112 peccare
1793 5041 2110 5108 credebant,

529 5131 748 5187 aeternis
769 5132 1102 5189 cruciatibus
1121 5143 1422 5196 consumet,
1455 5134 1806 5206 congregabit
1829 5149 1994 5204 super
2022 5148 2116 5191 eos

528 5225 692 5292 mala,
720 5227 936 5294 quando
970 5242 1077 5282 non
1108 5227 1278 5282 solum
1308 5228 1447 5282 mala
1472 5243 1658 5298 opera,
1697 5228 1790 5282 sed
1831 5237 1888 5282 et
1911 5227 2116 5298 cogita-

527 5317 701 5378 tiones
723 5331 1010 5387 perversas
1058 5327 1220 5389 atque
1247 5336 1414 5389 prava
1457 5336 1556 5392 pro
1589 5321 1787 5390 quibus
1815 5321 2116 5392 puniantur

526 5409 581 5464 in
634 5409 948 5464 memoriam
1005 5411 1236 5466 adducet
1273 5413 1459 5477 verba,
1514 5413 1739 5484 sagittas
1765 5429 1892 5469 suas
1927 5414 1979 5468 in
2033 5415 2114 5473 eis

525 5501 837 5570 complebit,
865 5503 1080 5572 quando
1109 5501 1246 5556 iram
1279 5503 1666 5573 indignationis
1687 5520 1797 5561 suae
1838 5519 1936 5577 per
1960 5507 2108 5562 varia

525 5602 795 5648 tormenta
824 5595 1091 5649 ostendet.
1139 5595 1539 5651 Consnmentur
1557 5596 1721 5662 fame,
1754 5600 1857 5654 hoc
1885 5604 2113 5666 est,non.

525 5684 629 5738 cibi
669 5702 766 5740 nec
788 5694 966 5754 potus,
1017 5687 1110 5739 sed
1141 5698 1396 5756 perpetua
1436 5689 1702 5744 bonorum
1746 5705 1968 5759 operum
1999 5700 2110 5747 ste-

525 5771 746 5826 rilitate.
799 5775 866 5828 Et
892 5775 1229 5831 devorabunt
1249 5793 1344 5834 eos
1367 5794 1496 5836 aves
1529 5795 1716 5834 morsu
1743 5781 2107 5848 amarissimo,

2306 4608 2325 4642 σ
2372 4589 2478 4645 Sed
2522 4599 2743 4660 propter
2774 4590 2910 4646 iram
2949 4589 3292 4647 inimicorum
3342 4583 3501 4643 distuli
3533 4594 3583 4634 ne
3605 4575 3688 4627 forte

2229 4705 2246 4735 ‹
2293 4682 2638 4754 superbirent
2689 4683 2872 4737 hostes
2919 4696 3132 4748 eorum,
3175 4689 3244 4737 'et
3288 4681 3519 4737 dicerent,
3563 4673 3684 4723 mam!s

2231 4795 2250 4826 ‹
2295 4781 2483 4828 nostra
2524 4772 2736 4828 excelsa
2777 4780 2832 4827 et
2865 4788 2973 4828 non
3007 4773 3150 4828 Deus
3198 4771 3320 4827 fecit
3356 4768 3456 4823 haec
3495 4756 3638 4819 omnia.
3672 4769 3682 4798 ι

2225 4865 2344 4920 Alia
2385 4863 2595 4919 editio:
2657 4883 2676 4915 ι
2723 4863 2837 4919 Nisi
2887 4873 3108 4934 propter
3147 4865 3282 4918 iram
3330 4859 3618 4916 inimicorum.
3649 4853 3686 4894 ηε

2225 4957 2388 5028 longo
2411 4965 2686 5034 _ten'.pore
2736 4956 2847 5011 sint
2887 4971 3049 5027 super
3087 4965 3309 5017 terram,
3371 4966 3432 5006 ne
3453 4937 3686 5004 consentiant

2221 5048 2516 5104 adversarii
2546 5056 2602 5102 et
2625 5047 2816 5103 dicant
2842 5066 2856 5102 :
2908 5048 3107 5105 Manus
3129 5057 3307 5105 nostra
3331 5042 3528 5102 excelsa.
3565 5041 3603 5088 ei
3620 5039 3683 5080 που

2219 5138 2363 5194 Deus
2405 5136 2533 5194 fecit
2565 5138 2678 5193 haec
2707 5138 2911 5193 omnia.
2948 5160 2965 5191 ι
3025 5139 3150 5195 Ideo
3177 5139 3316 5194 enim
3359 5130 3568 5189 Dominus
3597 5126 3684 5182 ςτνε

2218 5235 2531 5298 peccantem
2552 5225 2808 5296 populum
2835 5227 2925 5282 diu
2963 5228 3240 5284 tolerando
3263 5221 3504 5283 sustinuit.
3536 5228 3586 5269 ne
3603 5219 3681 5278 8⁸η·

2221 5328 2304 5374 tes
2325 5317 2406 5373 eis
2429 5317 2673 5373 contines
2697 5332 2892 5375 nomen
2922 5327 2977 5373 et
2997 5319 3287 5390 potentiam
3315 5316 3418 5386 ejus
3439 5303 3678 5390 blasphemi:

2219 5415 2365 5464 rent.
2389 5406 2542 5462 Unde
2564 5416 2619 5462 et
2645 5407 2855 5479 Moyses
2874 5409 2940 5463 ad
2964 5378 3242 5464 Dominum
3268 5378 3359 5476 pro
3379 5406 3560 5474 peccato
3575 5378 3680 5479 Ιςςῆά

2221 5501 2592 5572 indignantem
2631 5508 2687 5556 et
2713 5474 2806 5556 eas
2825 5501 3131 5571 disperdere
3179 5474 3424 5554 volentem
3454 5491 3542 5546 ait:
3572 5500 3587 5532 ί
3617 5474 3675 5532 Neu

2221 5615 2422 5670 (103380,
2463 5601 2713 5668 Domine,
2751 5603 2934 5657 dicant
2961 5601 3218 5674 Egyptii,
3245 5595 3418 5654 callide
3449 5583 3589 5644 eduxit
3603 5587 3675 5630 tos.

2222 5702 2281 5747 ut
2315 5693 2648 5750 interﬁceret
2681 5696 2736 5750 in
2777 5695 3051 5750 montibus
3093 5703 3149 5749 et
3177 5692 3570 5748 delereteterrn;
3619 5680 3670 5720 πθ·
3767 5725 3776 5744 .

2222 5787 2475 5856 quiescat
2509 5789 2590 5843 ira
2621 5795 2709 5844 tua
2763 5797 2818 5844 et
2845 5797 2964 5844 esto
2996 5786 3272 5859 placabilis
3299 5795 3440 5851 super
3465 5763 3669 5837 nequitiam
