3936 6328
225 382 346 443 ίΐ45

895 378 1250 440 COMMENT.
1287 379 1358 436 IN
1397 379 1694 437 CANTICA
1735 376 1899 446 QUAS
1927 325 2030 434 tAD
2069 377 2339 435 LAUDES
2377 375 2751 474 DICUNTIUB.

3326 377 3466 433 IMG

225 496 385 570 populi
412 502 513 562 tm,
554 494 842 551 recordare
861 473 1172 560 'Abraham,
1195 493 1366 560 Isaac,
1393 501 1449 548 et
1476 491 1640 548 Israel
1659 507 1776 546 ser-
1804 493 1859 554 Α
1882 501 1936 547 et
1955 491 2135 561 justus
2163 501 2274 558 est,
2307 491 2445 546 idola
2476 473 2654 546 autem
2684 489 2922 562 gentium
2951 488 3084 546 falsa
3117 499 3173 546 et
3207 489 3414 546 inutilia
3451 505 3464 541 :

225 605 397 645 vorum
434 597 670 648 tuorum.
717 588 913 662 quibus
937 588 1133 660 jurasti
1176 602 1275 657 per
1321 586 1667 655 temetipsum
1707 583 1786 638 di-

222 695 391 736 cens:
443 679 812 751 Multiplicabo
867 694 1049 734 semen
1105 687 1348 733 vestrum
1419 677 1560 732 sicut
1604 675 1785 731 stellas

220 773 352 839 caeli,
397 780 453 827 et
494 773 801 827 universam
845 780 1052 827 terram
1093 771 1252 834 hanc,
1319 770 1385 823 de
1426 784 1531 840 qua
1576 768 1786 823 locutus

220 881 348 930 sum,
374 864 512 919 dabo
541 864 734 919 semini
750 865 955 928 'vestro,
975 871 1028 919 et
1044 861 1388 933 possidebitis
1407 875 1528 918 eam
1550 875 1783 931 semper,

218 957 554 1028 placatusque
579 964 660 1011 est
694 955 969 1018 Dominus,
1021 969 1087 1008 ne
1119 952 1322 1008 faceret
1354 952 1586 1016 malum,
1643 950 1788 1021 quod

220 1045 415 1102 locutus
454 1045 632 1101 fuerat
669 1047 736 1101 ad
769 1046 1074 1100 universum
1119 1045 1374 1116 populum
1417 1059 1595 1099 suum.
1635 1063 1653 1094 ι
1706 1041 1787 1096 Si—

218 1142 406 1197 militer
425 1148 479 1195 et
502 1155 600 1195 nos
619 1139 834 1210 quando
859 1138 1262 1209 peccaverimus
1287 1145 1509 1208 prepter
1537 1151 1788 1206 magnam

215 1232 518 1304 patientiam
545 1247 696 1286 suam
747 1239 798 1284 et
829 1229 1291 1299 longanimitatem
1323 1229 1553 1284 sustinet
1599 1228 1790 1283 nolens

215 1327 383 1396 perire
407 1338 755 1395 quemquam,
801 1323 893 1377 sed
915 1337 1102 1376 omnes
1122 1321 1296 1376 salvos
1322 1321 1440 1375 fieri
1471 1329 1525 1375 et
1551 1321 1616 1374 ad
1641 1319 1790 1391 agni-

217 1418 404 1472 tionem
430 1415 672 1470 veritatis
706 1414 1008 1484 pervenire,
1030 1412 1184 1482 juxta
1211 1412 1347 1472 illud
1367 1411 1515 1465 Pauli
1539 1411 1788 1482 apostoli,

215 1510 349 1579 quod
377 1510 444 1563 ad
475 1508 749 1562 Romanos
781 1507 1028 1560 scribens
1051 1507 1166 1560 ait:
1231 1527 1247 1557 ε
1284 1506 1578 1560 Existimas
1609 1513 1790 1558 autem

217 1604 333 1668 hoc,
362 1617 394 1655 ο
417 1603 598 1665 homo,
629 1600 720 1670 qui
742 1599 954 1668 judicas
976 1615 1070 1654 eos
1121 1600 1214 1670 qui
1243 1600 1369 1654 talia
1401 1608 1565 1671 agunt
1585 1607 1638 1652 et
1659 1597 1791 1652 facis

213 1711 306 1759 ea,
334 1694 458 1764 quia
500 1695 554 1747 tu
583 1691 1087 1763 eﬂugicsjudicium
1123 1692 1244 1756 Dei,
1285 1707 1353 1745 an
1389 1691 1602 1746 divitias
1643 1690 1796 1744 boni-

214 1787 338 1842 tatis
363 1784 479 1853 ejus
518 1795 570 1840 et
607 1786 880 1856 patientia:
913 1795 967 1838 et
991 1783 1411 1855 longanimitatis
1449 1782 1795 1838 contemnis?

213 1876 464 1946 Ignorans
504 1855 757 1945 quoniam
819 1874 1121 1944 benignitas
1165 1875 1256 1929 Dei
1307 1874 1373 1929 ad
1415 1873 1788 1944 pmnitentiam
1818 1855 1864 1916 Β

133 2017 136 2020 .
211 1978 266 2024 te
303 1969 548 2032 adducet,
594 1967 888 2022 secundum
928 1967 1184 2022 duritiam
1215 1975 1393 2022 autem
1424 1975 1566 2020 tuam
1612 1967 1788 2021 etim-

208 2061 475 2133 paenitens
495 2075 591 2114 cor
618 2059 954 2114 thesaurizas
972 2058 1067 2114 tibi
1098 2060 1232 2112 iram
1256 2059 1310 2112 in
1331 2059 1417 2112 die
1443 2060 1532 2112 irae
1559 2066 1611 2111 et
1639 2072 1790 2111 reve-

209 2154 421 2208 Iatiouis
440 2152 574 2222 justi
598 2151 788 2220 judicii
813 2153 906 2208 Dei
939 2151 1117 2223 (Rom.
1145 2153 1230 2224 ιι),
1266 2169 1284 2203 ι
1321 2161 1426 2207 etc.
1455 2153 1532 2207 Ac
1557 2167 1623 2206 ne
1650 2151 1790 2206 forte

209 2245 426 2316 maligni
453 2245 675 2316 spiritus
711 2245 1013 2315 glorientur
1054 2245 1107 2298 in
1159 2244 1459 2314 perditione
1504 2253 1686 2298 nostra
1724 2244 1790 2298 de

207 2338 522 2393 fortitudine
554 2352 670 2404 sua,
720 2338 874 2408 quasi
899 2338 1183 2392 victoriam
1214 2337 1423 2392 viribus
1449 2338 1560 2392 suis
1598 2352 1788 2406 perce-

206 2431 430 2501 pissent,
476 2445 598 2484 cum
627 2430 678 2484 in
715 2431 817 2485 hoc
847 2445 1062 2500 semper
1086 2437 1297 2484 certent
1328 2471 1342 2494 ,
1374 2439 1433 2483 ut
1469 2428 1788 2483 sententiam

205 2522 467 2578 Altissimi
513 2530 847 2593 pervertant,
899 2521 990 2591 qui
1035 2521 1282 2576 homines
1335 2520 1570 2574 decrevit
1612 2519 1789 2574 locum

205 2616 536 2687 perditorum
581 2614 867 2684 spirituum
920 2615 972 2668 in
1004 2615 1158 2670 caelis
1187 2612 1486 2684 possidere.
1527 2615 1532 2620 ’

289 2723 307 2755 ι
347 2702 491 2759 Gens
526 2703 732 2774 absque
753 2703 976 2759 consilio
1001 2711 1084 2758 est
1127 2711 1182 2758 et
1211 2704 1326 2757 sine
1351 2702 1655 2772 prudentia,
1685 2703 1793 2756 uti-

211 2817 230 2848 σ
277 2813 399 2852 nam
431 2805 682 2866 saperent
729 2805 784 2852 et
806 2797 1192 2869 intelligerent,
1233 2811 1297 2852 ac
1336 2797 1630 2852 novissima
1659 2812 1789 2867 pro-

211 2907 232 2940 ι
281 2887 547 2944 viderent.
583 2908 600 2940 ι
644 2888 765 2943 Alia
793 2889 995 2944 editio:
1035 2907 1054 2940 ‹
1100 2889 1235 2956 Quia
1259 2905 1390 2962 gens
1417 2891 1625 2961 perdita
1659 2907 1791 2946 eon-

205 2980 331 3035 silio
359 2991 412 3034 et
443 2995 550 3035 non
572 2989 655 3035 est
679 2981 733 3034 in
755 2980 855 3044 eis,
885 2980 1226 3051 disciplinam
1254 2996 1360 3035 non
1381 2991 1675 3051 sapuerunt
1712 2982 1795 3036 in-

205 3070 469 3141 telligere,
511 3071 890 3142 percipientin
915 3070 1100 3125 futuro
1137 3080 1398 3141 tempore.
1444 3092 1462 3124 ι
1520 3071 1664 3128 Gens
1705 3070 1795 3125 Ju-

200 3152 467 3229 dmorum,
505 3179 604 3220 nec
627 3179 736 3220 non
761 3173 816 3220 et
842 3166 1084 3220 omnium
1115 3165 1401 3234 impiorum
1432 3165 1548 3219 sine
1565 3165 1792 3220 consilio

1887 584 2029 654 quod
2057 584 2220 639 etiam
2249 597 2355 638 non
2399 582 2571 638 solum
2608 582 2808 646 nostri,
2855 596 3043 636 verum
3072 581 3234 637 etiam
3260 589 3472 638 nostro-

1887 693 2007 734 rum
2030 677 2329 748 approhant
2349 676 2666 732 adversarii.
2692 675 2842 731 Unde
2867 675 3062 744 saepius
3085 674 3301 744 legitur,
3326 675 3468 746 quod

1887 770 2132 826 hostibus
2157 769 2327 824 Judzei
2363 769 2545 823 traditi
2583 782 2682 838 pro
2722 767 3038 821 infidelitate
3068 775 3228 836 atque
3258 767 3474 838 injusti-

1889 863 1960 920 tia
1989 878 2085 918 sua
2115 864 2312 918 merito
2338 864 2406 918 ab
2432 863 2512 919 eis
2537 870 2923 935 arguerentur,
2956 861 3097 917 sicut
3123 860 3389 917 .Ieremias
3417 863 3472 916 in

1887 955 2270 1010 lamentatione
2317 970 2414 1010 sua
2463 955 2635 1010 dicit:
2673 975 2692 1006 ε
2729 953 2990 1008 Viderunt
3032 967 3151 1008 eam
3193 953 3377 1008 hostes
3421 962 3476 1008 et

1888 1046 2195 1102 deriserunt
2224 1046 2445 1101 sabbata
2477 1043 2594 1113 ejus
2623 1044 2840 1118 (Thren.
2871 1045 2932 1114 ι).
2971 1064 2989 1095 ι
3025 1043 3164 1098 Hinc
3193 1045 3334 1100 enim
3374 1060 3470 1098 no-

1887 1141 1973 1196 bis
2001 1156 2339 1210 summopere
2361 1141 2659 1196 cavendam
2691 1149 2794 1206 est,
2821 1156 2889 1196 ne
2921 1141 3105 1197 hostes
3135 1141 3336 1203 nostri,
3375 1141 3466 1212 qui

1887 1248 1986 1304 per
2013 1247 2253 1288 errorem
2295 1231 2610 1287 idololatriae
2657 1232 2851 1286 merito
2895 1231 3150 1286 dicuntur
3192 1231 3472 1295 insensati,

1891 1327 2048 1382 malis
2084 1326 2286 1381 nostris
2312 1327 2588 1397 provocati
2624 1327 2676 1380 in
2719 1326 3110 1395 blasphemiam
3153 1334 3342 1381 contra
3374 1328 3474 1381 Do-

1893 1421 2098 1474 minum
2127 1428 2431 1490 erumpant,
2461 1435 2583 1474 cum
2613 1419 2845 1473 viderint
2872 1433 2970 1473 nos
2989 1427 3292 1488 superatos,
3325 1429 3378 1472 et
3407 1418 3473 1471 ad

1893 1509 2117 1564 nihilum
2159 1520 2381 1579 propter
2424 1518 2645 1580 peccata
2686 1518 2870 1564 nostra
2911 1509 3200 1564 redactos:
3233 1511 3333 1563 hoc
3369 1510 3477 1562 vir—

1894 1599 1995 1653 tuti
2026 1615 2134 1653 suae
2169 1599 2500 1662 adscribant,
2533 1599 2676 1668 quod
2706 1614 2815 1654 non
2847 1613 2943 1653 sua
2972 1598 3234 1669 potentia,
3265 1595 3356 1651 sed
3382 1597 3478 1652 Do-

1895 1692 2028 1748 mini
2051 1692 2256 1763 judicio
2283 1699 2562 1762 peractum
2595 1699 2697 1747 est.

1970 1847 1988 1880 ι
2027 1829 2098 1885 De
2124 1830 2279 1884 vinea
2307 1829 2450 1884 enim
2483 1828 2841 1884 Sodomorum
2867 1829 3024 1884 vinea
3053 1843 3240 1883 eorum
3264 1868 3278 1893 ,
3317 1834 3371 1882 et
3410 1826 3478 1882 de

1897 1942 1916 1974 ‹
1952 1921 2277 1977 suburbanis
2307 1920 2652 1986 Gomorrhae,
2690 1936 2790 1975 uva
2847 1935 3068 1983 eorum,
3102 1935 3203 1972 uva
3236 1916 3397 1983 fellis,
3427 1926 3484 1972 et

1895 2036 1914 2068 ‹
1947 2015 2136 2071 botrus
2166 2016 2525 2071 amarissima.
2561 2035 2580 2068 ι
2615 2015 2734 2071 Alia
2764 2015 2966 2071 editio:
2997 2034 3015 2066 ‹
3046 2015 3121 2068 Ex
3154 2014 3310 2068 vinea
3335 2013 3479 2068 enim

1892 2107 2248 2164 Sodomorum
2279 2110 2401 2164 vitis
2429 2125 2614 2164 eorum
2634 2150 2648 2173 ,
2679 2117 2735 2163 et
2762 2123 3001 2179 propago
3037 2122 3224 2162 eorum
3261 2121 3326 2161 ex
3368 2103 3479 2160 Go-

1890 2203 2131 2268 morrha,
2159 2218 2262 2257 uva
2289 2217 2508 2268 eorum,
2548 2218 2650 2257 uva
2677 2201 2850 2266 fellis,
2879 2202 3071 2256 botrus
3102 2197 3482 2254 amaritudinis

1892 2295 2041 2364 ipsis.
2077 2314 2094 2346 ι
2135 2293 2289 2365 Saepe
2318 2294 2370 2348 in
2412 2293 2708 2364 Scripturis
2740 2293 2914 2367 sacris
2942 2307 3210 2364 synagoga
3243 2290 3325 2346 vel
3355 2290 3482 2346 Hie-

1890 2387 2126 2444 rusalem
2176 2386 2424 2440 Sodoma:
2471 2394 2527 2440 et
2573 2384 2890 2441 Gomorrha:
2917 2391 3323 2454 comparantur,
3355 2383 3483 2454 quia

1891 2481 2033 2536 sicut
2088 2479 2194 2534 illae
2229 2478 2370 2533 male
2405 2477 2559 2533 abusi
2599 2485 2726 2532 sunt
2760 2477 2918 2532 donis
2957 2477 3083 2542 Dei;
3135 2477 3214 2532 sic
3258 2483 3316 2530 et
3363 2476 3483 2530 ista:

1892 2571 2170 2628 beneﬁciis
2193 2571 2284 2625 Dei
2308 2585 2521 2641 semper
2541 2570 2869 2624 exstiterunt
2893 2569 3110 2640 ingrati.
3135 2566 3289 2624 Unde
3314 2567 3482 2622 Isaias

1893 2664 1958 2718 de
2002 2663 2106 2717 illis
2141 2663 2255 2716 ait:
2296 2681 2314 2713 ‹
2347 2661 2459 2716 Nisi
2493 2661 2754 2717 Dominus
2796 2661 3132 2717 exercituum
3175 2659 3483 2730 reliquisset

1894 2757 2049 2811 nobis
2072 2770 2277 2818 semen,
2295 2755 2449 2825 quasi
2479 2753 2714 2810 Sodoma
2743 2753 3055 2817 fuissemus,
3074 2751 3229 2821 quasi
3256 2751 3484 2806 Gomor-

1893 2849 1990 2902 rha
2007 2846 2211 2902 similes
2238 2861 2510 2912 essemus,
2543 2847 2725 2902 audite
2753 2848 2981 2902 verbum
3013 2847 3251 2906 Domini,
3280 2845 3484 2916 princi-

1892 2955 1989 3010 pes
2017 2938 2398 3004 Sodomorum,
2434 2941 2652 3010 percipe
2696 2939 2917 2995 auribus
2935 2939 3109 3010 legem
3155 2938 3248 2993 Dei
3283 2937 3478 3004 nostri,

1893 3031 2122 3104 papulas
2149 3031 2498 3096 Gomorrhaa,
2527 3039 2631 3087 etc.
2667 3030 2802 3103 (Isa.
2833 3030 2894 3101 I).
2934 3051 2954 3083 ›
2991 3029 3161 3086 Vinea
3197 3030 3342 3085 enim
3373 3029 3481 3084 Do-

1893 3127 2047 3191 mini,
2080 3129 2221 3182 sicut
2245 3126 2298 3180 in
2328 3127 2518 3181 eodem
2549 3125 2816 3196 propheta
2845 3124 3105 3194 scriptum
3136 3131 3255 3188 est,
3291 3123 3484 3178 domus

199 3216 609 3320 sitii."'..;‘.;.;
627 3216 814 3326 "illi;
837 3216 1796 3326 ίῖἧέέιᾷξυῶζίὶέῖΒτόξέάρὶῖέιέ
1821 3240 1867 3303 c
1895 3219 2060 3326 ιεῖεθι
2083 3217 2352 3326 ίυίίχίνζῖίξ
2378 3227 2506 3326 ιξιπξει
2531 3217 2599 3326 in
2617 3216 2756 3326 fellis
2783 3217 3200 3326 maxillis???
3222 3228 3484 3326 ξςξιξξδτεξίξ

197 3347 410 3412 sciunt,
454 3356 722 3418 quatenus
745 3348 1114 3402 imminentem
1142 3361 1240 3418 pro
1265 3347 1502 3416 peccatis
1527 3346 1639 3401 suis
1668 3361 1791 3401 eva-

198 3441 337 3496 dant
375 3439 667 3495 vindictam
709 3449 765 3495 et
813 3439 1165 3494 iufernalium
1205 3452 1489 3508 pmnarum
1529 3446 1793 3494 :eternum

193 3529 467 3602 effugiant
524 3539 874 3598 tormentum,
921 3541 975 3586 et
1017 3531 1270 3600 quoniam
1325 3530 1795 3599 disciplinabiliter

193 3629 391 3682 vivere
429 3626 723 3696 negligant,
775 3623 1172 3679 tribulationem
1207 3632 1263 3678 et
1293 3623 1594 3692 angustiam
1634 3623 1687 3676 in
1717 3621 1797 3676 fu-

192 3733 330 3776 turo
379 3718 743 3784 sustinebunt,
779 3715 934 3785 juxta
961 3716 1112 3779 illud,
1155 3716 1296 3786 quod
1323 3715 1388 3769 de
1409 3715 1488 3769 eis
1531 3715 1794 3784 scriptam

191 3819 291 3869 est
339 3810 521 3881 (Prov.
548 3810 636 3882 t):
690 3827 709 3860 ι
761 3807 894 3863 Cum
925 3808 1144 3862 irruerit
1185 3822 1345 3876 super
1364 3820 1456 3860 eos
1515 3807 1793 3876 repentina

192 3905 518 3968 calamitas,
593 3911 648 3959 et
689 3902 938 3957 interitus
977 3902 1129 3970 quasi
1179 3908 1466 3971 tempestas
1513 3900 1794 3971 ingruerit,

193 4002 428 4076 quando
448 4000 657 4056 venerit
677 4014 839 4070 super
866 4013 960 4052 eos
989 3996 1264 4050 tribulatio
1291 4003 1346 4050 et
1369 3995 1639 4066 angustia,
1673 4002 1798 4048 tunc

193 4095 537 4152 invocabant
563 4107 648 4148 me
697 4100 752 4146 et
781 4106 887 4146 non
910 4088 1219 4154 exaudiam,
1271 4102 1431 4143 mane
1469 4093 1800 4155 consurgent

193 4197 260 4244 et
309 4202 417 4240 non
469 4186 744 4240 invenient
793 4198 902 4247 me,
956 4196 1021 4235 eo
1059 4181 1201 4250 quod
1242 4195 1461 4235 exosam
1511 4178 1799 4236 habuerint

195 4277 550 4349 disciplinam
599 4284 653 4332 et
685 4277 934 4331 timorem
977 4273 1190 4327 Domini
1222 4289 1327 4327 non
1378 4271 1734 4340 susceperint.
1773 4290 1791 4324 ι

284 4389 305 4422 ι
345 4369 622 4436 Quomodo
650 4368 994 4439 persequitur
1025 4380 1164 4421 unus
1193 4365 1336 4420 mille
1357 4407 1372 4430 ,
1399 4374 1456 4420 et
1481 4365 1585 4420 duo
1613 4363 1802 4436 fugant

199 4481 224 4516 α
265 4461 456 4516 decem
484 4457 671 4512 millia.
701 4457 889 4512 Nonne
917 4457 1057 4521 ideo,
1085 4455 1210 4526 quia
1236 4456 1381 4512 Deus
1406 4471 1537 4512 suas
1561 4455 1800 4510 vendidit

197 4572 223 4606 ι
262 4566 395 4617 eos,
449 4559 505 4605 et
552 4548 810 4604 Dominus
859 4546 1122 4602 conclusit
1174 4546 1327 4602 illos?
1363 4567 1381 4599 ι
1423 4546 1542 4601 Alia
1588 4545 1794 4600 editio:

198 4661 223 4697 ι
267 4641 556 4711 Quomodo
581 4639 923 4710 persequitur
952 4653 1089 4692 unus
1116 4637 1280 4703 mille,
1311 4646 1366 4692 et
1391 4638 1496 4692 duo
1524 4645 1794 4691 transmo-

191 4735 413 4790 vehunt
439 4733 575 4788 dena
613 4729 814 4796 millia,
845 4729 950 4785 nisi
981 4729 1106 4798 quia
1149 4729 1406 4782 Dominus
1445 4728 1680 4784 subdidit
1706 4743 1799 4782 eos

189 4837 257 4883 et
294 4827 444 4881 Deus
495 4823 716 4879 tradidit
759 4821 900 4878 illos.
937 4842 955 4874 ›
1005 4821 1323 4890 Quicunque
1368 4821 1796 4891 magnitudinem

189 4920 428 4976 Domini
456 4917 720 4974 veraciter
751 4913 1015 4986 agnoscit,
1041 4913 1318 4968 interitum
1347 4928 1566 4968 suorum
1596 4928 1702 4967 non
1729 4929 1796 4967 ex

191 5015 533 5072 inﬁrmitate
559 5011 812 5084 potentia:
839 5009 1007 5080 ipsius
1027 5049 1041 5073 ,
1074 5007 1168 5063 sed
1198 5023 1263 5062 ex
1289 5007 1644 5078 permissione
1664 5005 1796 5075 justi

179 5107 396 5178 judicii
425 5106 542 5177 ejus
575 5105 792 5160 evenire
839 5100 1124 5156 manifeste
1165 5100 1415 5170 probabit
1449 5119 1460 5154 :
1493 5101 1616 5170 quia
1655 5099 1802 5155 nullo

188 5199 375 5254 modo
403 5197 522 5252 fieri
565 5203 751 5266 posset
779 5193 923 5264 quod
954 5208 1093 5248 unus
1120 5201 1532 5263 persequeretur
1558 5191 1723 5257 mille,
1747 5201 1802 5247 et

186 5291 317 5346 duo
351 5288 600 5359 fugerent
628 5287 811 5342 deCem
845 5282 1009 5338 millia
1031 5324 1044 5347 ,
1085 5284 1186 5338 nisi
1217 5283 1476 5340 Dominus
1504 5299 1597 5339 eos
1638 5284 1804 5338 tradi-

185 5383 407 5446 disset,
440 5389 496 5436 et
531 5395 724 5436 exosos
752 5377 1086 5450 projiciendo
1126 5378 1179 5432 in
1221 5393 1411 5433 manus
1456 5378 1799 5434 inimicorum

181 5473 578 5532 concluderet.

281 5587 304 5617 ε
347 5564 462 5620 Non
507 5571 591 5618 est
629 5561 772 5619 enim
813 5563 954 5618 Deus
992 5570 1180 5618 noster
1222 5571 1281 5616 ut
1305 5563 1453 5629 Deus
1491 5577 1700 5617 eorum.
1735 5562 1802 5618 Et

188 5677 214 5710 σ
262 5655 484 5712 inimici
535 5654 703 5711 nostri
751 5664 876 5708 sunt
915 5653 1146 5724 judices.
1191 5673 1209 5704 ›
1249 5653 1366 5708 Alia
1397 5655 1604 5709 editio:
1643 5673 1662 5704 ι
1699 5653 1799 5721 Qui

181 5767 323 5807 non
355 5756 440 5804 est
466 5747 606 5802 Deus
633 5755 835 5811 noster,
859 5744 996 5801 sicut
1019 5745 1094 5800 dii
1135 5745 1370 5812 illorum,
1396 5745 1598 5800 inimici
1621 5756 1798 5800 autem

181 5840 393 5900 nostri
418 5839 699 5896 insensati.
739 5857 757 5891 ι
792 5838 1052 5895 Dominus
1077 5839 1223 5894 enim
1257 5838 1398 5892 Deus
1429 5847 1613 5893 noster
1633 5855 1794 5894 verax

1822 4605 1877 4666 D

1895 3320 2012 3379 est,
2045 3312 2260 3382 quando
2289 3310 2492 3366 Christi
2525 3317 2751 3365 mortem
2797 3307 3181 3364 meditabatur.
3232 3305 3384 3362 Unde
3431 3314 3488 3358 et

1895 3405 1998 3477 ipsi
2025 3405 2078 3460 in
2104 3417 2266 3459 cruce
2293 3401 2547 3475 pendenti
2578 3410 2791 3458 acetum
2816 3400 2940 3456 felle
2965 3401 3195 3456 mistum
3219 3397 3486 3454 arundine

1893 3506 2274 3570 porrexerunt,
2305 3504 2366 3551 ut
2391 3496 2444 3550 in
2475 3496 2580 3550 hoc
2606 3495 3076 3558 demonstraretur
3098 3491 3384 3548 scientiam
3413 3489 3488 3544 le-

1895 3591 1997 3661 gis,
2025 3605 2187 3660 quam
2214 3587 2317 3658 ipsi
2349 3594 2557 3641 rectam
2587 3593 2936 3655 acceperunt,
2977 3583 3098 3638 felle
3133 3581 3351 3637 malitiae
3377 3595 3488 3636 suae

1896 3686 2100 3741 habere
2128 3691 2463 3752 corruptam,
2490 3679 2613 3735 eum
2641 3682 2884 3734 datorem
2912 3676 3048 3748 legis
3079 3675 3146 3730 ad
3174 3688 3233 3728 se
3260 3673 3486 3727 venien-

1897 3788 2006 3834 tem
2033 3779 2276 3848 recipere
2303 3776 2612 3838 noluerunt,
2636 3775 2857 3843 insuper
2879 3770 3238 3825 irritaverant
3260 3773 3316 3820 et
3339 3764 3488 3819 cruci

1898 3869 2203 3924 afﬁxerant.
2235 3866 2409 3923 Aliter
2433 3865 2536 3919 hac
2575 3862 2842 3918 sententia
2879 3867 2936 3913 et
2968 3857 3346 3913 haereticorum
3390 3869 3488 3909 ne-

1856 3980 1864 3988 '
1899 3965 2069 4036 quitia
2097 3963 2437 4034 percutitur,
2464 3959 2555 4031 qui
2597 3958 2722 4013 licet
2756 3957 2945 4028 gratia:
2981 3952 3276 4025 spiritualis
3306 3967 3336 4006 a
3367 3967 3491 4006 san-

1899 4058 2001 4113 ctis
2042 4053 2486 4131 przedicatoribus
2519 4066 2715 4122 parum
2758 4049 2948 4118 dogma
2981 4045 3235 4117 primitus
3269 4057 3492 4112 accepe-

1899 4157 2058 4212 runt,
2091 4145 2191 4218 ipsi
2223 4153 2402 4200 tamen
2449 4142 2726 4199 erroribus
2763 4139 2876 4196 suis
2906 4138 3036 4193 illud
3078 4135 3354 4192 maculare
3382 4149 3501 4213 non~

1900 4240 2356 4312 pertimescebant
2381 4245 2436 4292 et
2464 4237 2585 4292 ideo
2613 4243 2725 4290 tota
2755 4233 3000 4290 doctrina
3026 4245 3216 4286 eorum
3244 4230 3297 4286 in
3327 4227 3489 4292 fellis,

1900 4344 1956 4388 et
1984 4332 2038 4386 in
2067 4329 2321 4386 absinthii
2355 4327 2771 4384 amaritudinem
2801 4339 3063 4383 conversa
3099 4330 3203 4380 est.

1977 4488 1995 4520 ‹
2026 4466 2122 4522 Fel
2166 4466 2460 4521 draconum
2493 4464 2681 4517 vinum
2711 4475 2919 4526 eorum,
2952 4466 3012 4513 ut
3046 4468 3313 4512 venenum
3341 4453 3489 4522 aspi-

1907 4581 1926 4612 ‹
1962 4560 2088 4614 dum
2119 4556 2438 4613 insanabile.
2475 4573 2494 4608 ι
2531 4553 2650 4608 Alia
2689 4553 2899 4609 editio:
2934 4569 2953 4602 ι
2987 4549 3162 4604 Furor
3197 4547 3489 4602 draconum

1903 4655 2087 4708 vinum
2118 4667 2336 4715 eorum,
2377 4655 2432 4704 et
2472 4645 2623 4702 furor
2661 4644 2908 4713 aspidum
2937 4638 3273 4696 insanabilis.
3306 4656 3324 4689 ι
3356 4634 3495 4705 Apte

1901 4742 2207 4798 Iudaeorum
2249 4737 2474 4810 perfidia
2521 4743 2579 4791 et
2621 4732 2997 4789 hmreticorum
3033 4726 3271 4784 versutia
3300 4725 3492 4780 draco-

1902 4849 2030 4888 num
2053 4831 2163 4886 felli
2187 4837 2244 4884 et
2273 4829 2520 4897 aspidum
2541 4840 2751 4881 veneno
2772 4828 3177 4893 comparantur,
3202 4817 3324 4888 quia
3353 4815 3495 4870 sicut

1903 4933 2181 4996 serpentes
2207 4921 2626 4977 amaritudinem
2653 4926 2709 4973 et
2732 4929 3000 4972 venenum
3025 4913 3082 4968 in
3107 4927 3166 4969 se
3191 4909 3489 4976 occultant,

1902 5011 2168 5088 quatenus
2212 5013 2458 5067 incautos
2501 5007 2792 5078 improvise
2836 5005 3068 5071 laedant,
3113 5003 3191 5059 sic
3229 5010 3286 5058 et
3322 4998 3493 5056 Judaai

1906 5117 2068 5180 atque
2097 5104 2336 5161 haeretici
2374 5101 2637 5157 malitiam
2673 5114 2824 5155 suam
2865 5097 2986 5153 dolo
3013 5105 3069 5152 et
3092 5093 3376 5151 fraudibus
3403 5107 3495 5147 ve-

1905 5202 2038 5266 lant,
2057 5207 2325 5271 quatenus
2346 5195 2716 5266 imprudentes
2737 5192 2948 5248 facilius
2967 5191 3330 5260 exstinguant.
3350 5187 3494 5240 Bene

1905 5306 2034 5360 ergo
2061 5289 2259 5343 dicitur
2290 5305 2302 5340 :
2332 5306 2350 5338 ‹
2378 5286 2658 5340 Venenum
2688 5283 2935 5354 aspidum
2962 5279 3284 5343 insanabile,
3318 5297 3336 5330 ι
3369 5276 3492 5345 quia

1905 5382 2283 5439 haereticorum
2333 5393 2492 5434 error
2531 5389 2908 5447 quemcunque
2951 5371 3244 5436 invaserit,
3290 5367 3390 5423 nisi
3435 5381 3493 5421 se

1903 5476 2030 5532 inde
2070 5471 2422 5537 liberaverit,
2473 5469 2591 5524 sine
2634 5468 2797 5524 dubio
2843 5466 2900 5522 in
2945 5473 3205 5522 aeternum
3251 5459 3488 5532 perimit.

1906 5567 2060 5636 Quod
2091 5573 2270 5620 autem
2292 5561 2447 5630 juxta
2477 5559 2640 5615 aliam
2670 5558 2961 5614 editionem
2990 5554 3190 5625 legitur
3217 5569 3230 5604 :
3263 5569 3282 5601 ‹
3316 5548 3492 5602 Furor

1905 5661 2200 5716 draconum
2228 5657 2411 5710 vinum
2447 5668 2656 5718 eorum,
2689 5659 2744 5707 et
2769 5649 2920 5706 furor
2946 5647 3192 5718 aspidum
3223 5640 3493 5697 insanabi-

1903 5751 1999 5818 lis,
2041 5770 2059 5802 ι
2097 5748 2333 5804 ostendit
2357 5762 2462 5801 non
2501 5760 2646 5801 sana:
2669 5758 2789 5800 esse
2825 5740 3055 5805 mentis,
3085 5737 3180 5793 sed
3208 5734 3381 5807 magis
3411 5733 3494 5787 in-

1905 5841 2199 5906 sanientis,
2249 5840 2413 5894 vitam
2454 5845 2712 5895 aeternam
2740 5845 2998 5902 spernere
3021 5839 3077 5887 et
3105 5838 3332 5886 mortem
3363 5840 3490 5901 per-
