3936 6328
456 442 481 498 1
494 442 596 498 147

1099 439 1161 497 Β.
1199 438 1454 498 RABANI
1492 437 1712 498 MAURl
1746 435 2070 495 ARCHIEP.
2108 432 2420 494 MOGUNT.
2462 424 2754 495 OPERUM
2791 433 2972 494 PARS
3006 432 3093 493 Ill.

3612 437 3762 496 1118

452 568 668 631 petuam
706 557 943 631 eligere,
981 558 1269 614 veritatem
1305 557 1583 630 Evangelii
1620 554 1958 627 relinquere,
1990 559 2045 611 et
2068 544 2124 619 Α
2146 550 2214 606 de
2249 560 2409 623 gente
2435 566 2545 606 non
2584 554 2804 618 sancta;
2851 526 2922 606 ab
2968 548 3188 608 homine
3224 550 3413 623 iniquo
3460 562 3523 608 et
3568 550 3760 612 doloso

452 668 697 709 errorum
722 651 991 708 fallaciam
1015 652 1199 723 potius
1226 652 1379 723 sequi
1403 651 1561 708 velle.

526 764 545 796 ι
580 744 772 801 Nonne
803 744 920 801 haec
941 745 1159 801 condita
1185 754 1313 800 sunt
1338 743 1479 816 apud
1509 759 1630 811 me,
1661 750 1716 799 et
1749 743 1959 815 signata
1983 738 2039 795 in

455 856 474 889 ι
511 838 784 894 thesauris
806 837 985 893 meis?
1020 857 1038 890 ι
1078 837 1199 893 Alia
1223 836 1389 893 editio
1413 856 1426 892 :
1457 857 1476 889 ι
1504 836 1693 894 Nonne
1715 837 1831 892 haec
1857 830 2040 891 omnia

450 937 776 1001 wngregata
821 937 949 985 sunt
990 927 1133 999 apud
1175 944 1262 984 me
1307 937 1363 983 et
1411 928 1623 1000 signata
1667 926 1724 983 in
1770 924 2040 983 thesauris

448 1021 626 1076 meis?
663 1040 681 1073 ι
714 1021 881 1077 Moris
906 1030 992 1076 est
1022 1021 1246 1077 humani
1271 1020 1510 1092 generis,
1549 1027 1607 1074 ut
1630 1017 1904 1090 prseterita
1930 1014 2039 1073 cito

448 1113 836 1179 obliviscatur,
866 1122 916 1169 el
954 1128 1076 1183 qua:
1105 1112 1399 1184 aliquando
1430 1112 1658 1185 grandia
1694 1112 2036 1178 videbantur,

448 1206 623 1275 spatio
662 1206 919 1276 temporis
950 1204 1165 1261 labente
1203 1205 1365 1261 simul
1411 1206 1527 1277 ipsa
1571 1205 1624 1259 in
1663 1196 2038 1261 recordatione

448 1299 732 1366 deﬁciant;
762 1300 859 1355 sed
893 1315 1000 1356 non
1030 1299 1105 1354 ita
1140 1307 1226 1355 est
1259 1299 1401 1371 apud
1432 1298 1629 1365 Deum,
1667 1298 1759 1353 ubi
1799 1297 2040 1369 praeteri-

450 1398 563 1445 tum
592 1398 646 1444 et
674 1389 913 1444 futurum
937 1405 1044 1445 non
1070 1399 1176 1458 est,
1204 1390 1299 1446 sed
1324 1404 1581 1460 praesens,
1608 1402 1824 1461 semper
1850 1390 2032 1455 adest;

446 1500 567 1554 quae
607 1484 751 1539 cnim
794 1480 950 1540 nobis
990 1493 1354 1557 prmtereunt,
1402 1484 1475 1540 ibi
1522 1494 1905 1550 reservantur,
1938 1500 2037 1539 nec

445 1577 701 1633 oblivioni
741 1577 1062 1643 tradentur,
1114 1578 1238 1633 inde
1286 1592 1507 1634 necesse
1552 1589 1657 1643 est,
1702 1584 1766 1633 ut
1813 1586 2038 1648 peccata

445 1683 565 1737 qum
600 1669 799 1724 dudum
829 1668 1223 1733 commisimus,
1255 1666 1481 1723 instanti
1510 1668 1831 1739 pmnitentia
1857 1666 2038 1722 delere

445 1774 630 1813 coram
675 1760 847 1816 oculis
893 1761 986 1816 Dei
1037 1760 1374 1826 Studeamus,
1424 1775 1493 1815 ne
1542 1760 1680 1815 forte
1725 1760 1780 1815 in
1829 1759 2035 1826 futuro,

443 1853 660 1919 quando
706 1858 920 1923 tempus
965 1853 1072 1907 erit
1108 1852 1359 1908 vindicta:
1400 1858 1613 1922 reputet
1657 1844 1811 1908 nobis
1855 1848 2037 1909 debita

2140 645 2291 718 eripe
2316 661 2403 703 me
2432 644 2608 720 (Psal.
2638 646 2796 719 mi).
2828 667 2848 703 ι
2882 642 2983 703 Hic
3008 648 3255 719 judicare
3281 664 3384 721 pro
3411 648 3761 710 discretione

2140 743 2392 814 ponitur;
2435 742 2566 798 alibi
2612 750 2797 797 autem
2844 743 2989 798 idem
3033 744 3298 815 propheta
3344 745 3416 800 ad
3456 742 3757 801 Dominum

2140 832 2383 889 clamans
2401 832 2518 888 ait:
2555 851 2575 885 ι
2610 831 2832 897 Judica,
2865 833 3113 901 Domine,
3141 844 3404 891 nocentes
3432 850 3550 900 me,
3583 851 3757 906 expu-

2140 943 2246 998 gna
2278 927 2662 998 impugnantes
2684 941 2774 983 me
2798 920 2974 999 (Psal.
3014 927 3225 999 xxxrv).
3260 947 3279 980 ι
3320 922 3433 983 Sed
3474 928 3573 984 hic
3610 922 3761 997 judi-

2141 1020 2285 1075 cium
2320 1034 2420 1091 pro
2457 1019 2807 1076 damnatione
2840 1021 3079 1091 positum
3123 1030 3247 1089 est,
3282 1021 3563 1094 judicabit
3608 1022 3757 1079 eni

2139 1112 2402 1169 Dominus
2422 1121 2641 1169 sanctos
2664 1129 2809 1179 suos,
2839 1114 3058 1187 quando
3084 1129 3182 1171 eos
3216 1115 3274 1172 in
3308 1115 3399 1172 die
3432 1116 3639 1189 judicii
3672 1132 3757 1173 se-

2138 1221 2429 1278 gregans.a
2470 1206 2845 1278 peccatoribus
2890 1206 3180 1265 collocabit
3221 1208 3278 1264 in
3326 1204 3567 1265 dextera
3612 1225 3751 1267 sua:

2140 1297 2325 1353 hostes
2359 1306 2542 1353 autem
2571 1313 2761 1355 eorum
2790 1306 2845 1354 et
2872 1309 3256 1370 persecutores
3292 1316 3323 1355 a
3361 1301 3612 1357 sinistris
3642 1311 3755 1358 sta-

2138 1398 2276 1454 tuet,
2310 1396 2371 1444 ut
2398 1389 2803 1483 damnationem
2832 1398 3038 1447 certam
3079 1407 3203 1447 cum
3237 1393 3456 1448 diabolo
3489 1404 3551 1449 et
3590 1410 3757 1467 ange-

2138 1483 2205 1539 lis
2233 1484 2349 1555 ejus
2382 1484 2437 1539 in
2480 1482 2693 1539 inferno
2722 1483 3024 1555 recipiant,
3067 1493 3124 1540 et
3166 1484 3321 1541 ibunt
3348 1486 3407 1540 hi
3449 1486 3511 1540 in
3550 1486 3756 1558 suppli-

2138 1577 2283 1632 cium
2311 1585 2573 1632 aeternum
2601 1595 2614 1631 :
2639 1575 2773 1646 justi
2800 1586 2983 1633 autem
3010 1576 3067 1632 in
3088 1578 3257 1634 vitam
3276 1588 3579 1645 aeternam,
3602 1590 3755 1635 tune-

2137 1682 2246 1738 que
2276 1666 2516 1736 perfecte
2545 1667 2669 1733 erit,
2708 1665 2851 1737 quod
2878 1666 2933 1722 in
2963 1666 3225 1737 przedicto
3260 1682 3443 1724 versu.
3455 1670 3751 1739 subsequi-

2139 1767 2269 1815 tur:
2304 1778 2324 1811 ι
2362 1760 2430 1816 Ει
2456 1760 2511 1815 in
2547 1761 2721 1817 servis
2759 1761 2867 1817 tuis
2909 1760 3279 1817 miserebitur.
3315 1782 3335 1815 ι
3373 1764 3523 1832 Quia
3553 1764 3609 1819 in
3644 1780 3753 1821 ete-

2138 1850 2259 1907 lesti
2290 1853 2624 1911 beatitudine
2651 1853 2900 1911 fidelibus
2925 1856 3039 1913 suis
3060 1857 3505 1913 misericordiam
3534 1866 3754 1928 praesta-

443 1952 629 1999 nostra
655 1948 712 1999 et
739 1945 884 2000 dicat
912 1962 926 1998 :
957 1944 1085 2000 Haec
1100 1944 1278 2000 fecisti
1307 1950 1363 2000 et
1390 1946 1554 2011 tacui,
1581 1945 1902 2001 existimasti
1933 1945 2037 1999 ini-
2065 1935 2111 1996 Β
2140 1942 2216 1997 bit
2256 1954 2536 2007 :eteruam.
2571 1946 2727 2015 Quod
2757 1956 2961 2015 autem,
3003 1948 3161 2021 juxta
3206 1947 3371 2003 aliam
3423 1949 3749 2017 editionem,

442 2034 728 2105 quitatem,
756 2036 900 2107 quod
923 2052 1100 2093 essem
1128 2038 1223 2093 tibi
1250 2037 1444 2093 similis
1472 2050 1485 2092 ε
1515 2050 1740 2111 arguam
1768 2046 1823 2095 te
1846 2044 1902 2093 et
1925 2045 2036 2094 sta-

442 2138 590 2186 tuam
621 2131 712 2187 illa
739 2138 930 2188 contra
962 2132 1157 2189 faciem
1194 2142 1363 2189 tuam.

517 2240 536 2273 ι
572 2222 688 2278 Mea
715 2228 800 2279 est
827 2224 962 2280 ultio
999 2232 1055 2281 et
1093 2240 1196 2296 ego
1224 2226 1520 2281 retribuam
1557 2226 1638 2282 eis
1678 2226 1730 2281 in
1767 2230 2030 2297 tempore,

448 2334 470 2369 ι
503 2326 564 2373 ιιι
590 2319 806 2375 labatur
833 2337 931 2392 pes
958 2336 1169 2377 eorum.
1211 2342 1229 2376 ι
1266 2322 1385 2378 Alia
1431 2324 1598 2379 editio
1631 2341 1644 2377 :
1678 2336 1697 2375 ι
1732 2324 1789 2379 in
1828 2320 1916 2380 die
1953 2326 2033 2381 ul-

441 2408 607 2465 tionis
632 2408 855 2466 reddam
886 2413 991 2468 illis
1021 2414 1075 2468 in
1110 2420 1370 2484 tempore,
1403 2426 1511 2484 quo
1538 2412 1719 2486 lapsus
1746 2410 1911 2472 fuerit
1936 2432 2033 2488 pes

440 2506 651 2553 eorum.
700 2518 719 2550 ι
754 2499 913 2557 Certa
958 2508 1086 2557 sunt
1124 2502 1265 2573 apud
1301 2504 1588 2559 Dominum
1624 2508 1682 2561 et
1724 2517 1935 2578 tempus
1977 2516 2034 2565 et

442 2591 636 2647 modus
659 2593 934 2661 vindictae,
959 2598 1068 2667 quo
1093 2604 1426 2668 peccatores,
1454 2598 1499 2655 si
1525 2614 1585 2655 se
1605 2614 1634 2654 a
1656 2602 1894 2672 peccatis
1921 2618 2030 2661 non

438 2684 806 2753 correxerint,
852 2689 1138 2759 torquendi
1176 2698 1322 2746 sunt.
1357 2688 1464 2747 Sed
1494 2692 1621 2763 quia
1652 2693 1837 2751 multae
1862 2696 2027 2752 mise-

437 2777 681 2833 rationes
705 2776 822 2847 ejus
848 2782 1007 2847 sant,
1041 2790 1063 2833 α
1096 2792 1538 2853 prmoccupemus
1584 2783 1777 2841 faciem
1821 2784 1939 2857 ejus
1974 2787 2027 2843 in

437 2869 801 2939 confessione,
824 2872 877 2927 ei
899 2872 952 2928 in
980 2873 1204 2944 'pSalmis
1218 2870 1512 2944 jubllemus
1533 2876 1583 2931 ei
1606 2875 1779 2949 (Psal.
1805 2879 1973 2951 χειν).
2002 2899 2021 2930 ι

436 2961 795 3020 Humiliemus
820 2965 875 3020 in
899 2964 1108 3036 jejunio
1134 2966 1346 3023 animus
1373 2972 1618 3033 nostras,
1651 2967 1938 3040 vigilemus
1974 2976 2030 3025 et

436 3052 673 3122 oremus,
705 3057 961 3127 quoniam
1010 3058 1134 3128 quis
1171 3054 1275 3114 scit
1315 3059 1359 3115 ei
1402 3067 1755 3115 Convertutur
1779 3066 1834 3115 et
1872 3060 2027 3131 igno-

436 3156 554 3205 scat
582 3148 729 3206 Deus
753 3152 810 3205 et
837 3150 1109 3221 relinquat
1139 3160 1259 3221 pust
1288 3164 1348 3207 se
1376 3151 1807 3207 benedictionem
1827 3152 1853 3206 ?

510 3259 531 3293 ι
566 3239 728 3296 Juxta
769 3246 853 3296 est
895 3240 1012 3297 dies
1052 3242 1379 3311 perditionis
1423 3250 1479 3297 et
1526 3242 1720 3299 adesse
1764 3242 2028 3299 festinant

441 3352 461 3387 ι
496 3341 762 3404 tempora.
803 3350 822 3386 ι
855 3332 976 3388 Alia
1004 3299 1172 3389 editio
1201 3346 1214 3387 :
1252 3348 1271 3387 ι
1305 3333 1441 3401 Quia
1470 3346 1635 3406 prope
1660 3342 1742 3390 est
1767 3335 1882 3392 dies
1903 3351 2029 3407 per-
2055 3299 2100 3365 Ο

434 3424 657 3481 ditionis
703 3436 916 3491 eorum,
959 3428 1016 3481 et
1060 3428 1176 3482 haec
1215 3422 1340 3482 sum
1375 3435 1565 3498 parata
1604 3427 1776 3483 Vobis.
1814 3434 1833 3479 ι
1865 3425 2027 3483 Juxta

435 3526 521 3575 est
560 3516 855 3588 unicuique
898 3517 1016 3572 tiles
1063 3517 1323 3584 ultionis,
1369 3516 1497 3589 quia
1543 3520 1730 3574 certus
1761 3524 1886 3585 est,
1927 3530 2029 3575 nec

433 3610 749 3669 diuturnum
772 3612 893 3668 css’c
920 3618 1129 3684 potest,
1155 3610 1298 3682 quod
1320 3610 1610 3682 aliquando
1630 3610 1832 3666 finitur.
1858 3609 2027 3679 Quid.5

435 3704 564 3778 quid
585 3698 731 3761 enim
756 3702 1055 3776 teihporale
1079 3710 1197 3770 est,
1236 3712 1295 3759 ut
1330 3711 1414 3759 est
1446 3702 1684 3759 hominis
1715 3712 1877 3769 aetas,
1903 3698 2031 3759 cur-

434 3813 527 3855 sus
554 3798 840 3869 prmsentis
865 3796 1022 3864 vitae,
1068 3796 1114 3854 si
1162 3797 1231 3853 ad
1272 3796 1631 3853 aeternitatem
1659 3805 2023 3867 comparatur,

434 3907 661 3963 parvum
688 3890 748 3948 lit
799 3888 853 3947 id
899 3886 1018 3963 ejus
1045 3891 1482 3962 comparatione,
1522 3889 1643 3944 ideo
1671 3889 1886 3965 dicitur,
1920 3900 1940 3941 ι
1970 3896 2029 3944 et

435 3982 628 4040 adesse
660 3980 921 4040 festinant
940 3992 1205 4056 tempora,
1237 4000 1257 4036 ι
1292 3983 1422 4053 quia
1453 3983 1563 4037 cito
1594 3980 1859 4036 ﬁniuntur
1888 3988 2026 4035 temo

432 4076 657 4147 poralia,
687 4086 742 4132 et
764 4076 950 4148 parata
980 4075 1181 4146 iniquis
1210 4075 1505 4130 adveniunt
1544 4081 1809 4129 tormenta
1831 4112 1846 4139 ,
1866 4071 2026 4142 juxta

433 4166 487 4223 id
512 4211 527 4235 ,
576 4166 717 4240 quod
759 4169 1020 4240 scriptum
1069 4175 1192 4223 est:
1224 4184 1243 4217 ι
1282 4164 1474 4221 Parata
1520 4172 1647 4220 sunt
1692 4163 2025 4219 derisoribus

426 4262 629 4332 judicia
679 4257 863 4332 (Prov.
906 4260 1043 4335 xu).
1099 4268 1119 4314 Ι
1163 4258 1470 4315 Secundum
1510 4256 1793 4313 historiam
1841 4262 2023 4313 autem

431 4351 799 4408 Israelitarum
830 4352 1069 4407 vindiCta
1097 4349 1456 4422 appropiavit,
1480 4349 1606 4419 quia
1632 4362 1698 4404 ex
1721 4362 1829 4418 quo
1848 4349 2027 4405 rebela

431 4443 545 4500 lare
568 4452 872 4516 cmperunt,
898 4459 1177 4516 nunquam
1205 4442 1444 4515 perfecte
1470 4440 1823 4506 destiterunt,
1852 4440 2024 4497 donec

432 4551 659 4607 regnum
676 4574 691 4601 ,
720 4535 899 4591 locum
927 4543 985 4590 et
1006 4535 1132 4589 vita:
1168 4533 1584 4603 prosperitatem
1608 4530 1817 4603 pariter
1843 4531 2023 4603 perdi-

431 4627 657 4694 derunt,
690 4642 816 4683 nam
839 4634 1126 4699 postquam
1152 4623 1453 4695 Prophetas
1480 4622 1796 4679 occiderunt
1821 4630 1875 4677 et
1901 4618 2022 4677 Sal-

434 4728 677 4775 vatorem
729 4719 1122 4777 crucifixerunt
1173 4715 1527 4773 seditionibus
1583 4715 1819 4785 antiquis
1881 4730 2019 4770 nova

434 4813 946 4886 superadiicientes,
1003 4815 1279 4873 Romanos
1308 4813 1618 4871 rebellando
1647 4813 1703 4868 in
1738 4828 1801 4869 se
1830 4828 2022 4884 provo-

434 4914 665 4972 caruut,
707 4907 799 4976 qui
835 4908 968 4965 urbe
998 4907 1313 4973 destructa,
1356 4904 1559 4977 templo
1598 4918 1888 4971 succenso,
1923 4919 2021 4974 po-

434 4998 561 5071 pqu
590 4999 732 5055 fame
755 5009 813 5055 et
836 5001 1016 5073 gladio
1042 5010 1234 5057 necato
1252 5041 1268 5067 ,
1296 4999 1555 5072 reliquias
1588 5013 1775 5055 eorum
1806 5014 1905 5069 per
1939 5006 2021 5055 to-

438 5101 549 5148 tum
595 5093 783 5148 orbein
829 5094 1235 5166 disperserunt,
1281 5093 1370 5149 ubi
1407 5093 1628 5149 incertis
1664 5092 1885 5149 sedibus
1920 5108 2017 5147 va-

434 5188 609 5262 gando
642 5204 735 5259 spe
764 5187 1065 5244 futurorum
1095 5195 1313 5243 manent
1341 5187 1554 5243 incerti.

510 5299 529 5331 ι
564 5278 840 5335 Judicahit
868 5278 1128 5334 Dominus
1156 5277 1411 5349 populum
1452 5292 1609 5333 suum
1648 5283 1706 5331 et
1743 5275 1799 5331 in
1845 5274 2021 5332 servis

439 5394 459 5429 ι
493 5373 609 5430 suis
634 5371 1000 5429 miserebitur.
1036 5391 1054 5422 ι
1087 5371 1207 5425 Alia
1239 5369 1406 5427 editio
1454 5388 1467 5425 :
1519 5388 1538 5421 ι
1580 5368 1718 5437 Quia
1753 5366 2023 5439 iudicabit

434 5464 694 5522 Dominus
723 5461 975 5534 populum
1014 5477 1168 5517 suum
1198 5470 1256 5518 et
1290 5462 1346 5517 in
1382 5461 1554 5517 servis
1582 5462 1695 5516 suis
1720 5460 2025 5517 consolabi-

436 5568 542 5613 tur.
578 5577 597 5610 ι
630 5556 903 5613 Judicabit
921 5564 1053 5629 ergo
1080 5554 1340 5611 Dominus
1363 5553 1619 5626 populum
1647 5568 1825 5618 suum,
1848 5568 2019 5623 quan-

436 5653 506 5708 do
531 5650 734 5707 electos
766 5662 895 5706 suos
937 5665 969 5704 a
1014 5648 1260 5719 reprobis
1289 5647 1548 5713 secernit,
1577 5661 1701 5701 nam
1729 5646 2017 5718 aliquando

430 5743 675 5813 judicare
701 5758 799 5814 pro
818 5743 1154 5807 discernere;
1181 5740 1471 5812 aliquando
1491 5753 1619 5794 vero
1637 5754 1738 5810 pro
1758 5740 2019 5795 damnare

438 5835 735 5905 accipitur,
775 5833 914 5888 unde
950 5850 1005 5889 ιιι
1054 5833 1263 5904 psalmo
1308 5831 1583 5901 Propheta
1620 5831 1689 5885 ad
1728 5830 2014 5889 Dominum

435 5925 613 5986 dixit:
642 5942 665 5981 ι
692 5922 884 5982 Judica
909 5939 1017 5992 me,
1043 5924 1207 5993 Deus,
1236 5933 1292 5984 et
1310 5923 1564 5984 discerne
1585 5936 1808 5981 causam
1836 5934 2017 5980 meam

2043 4675 2098 4736 D

2135 2035 2397 2094 Dominus
2434 2038 2632 2111 legitur
2670 2039 2727 2095 in
2768 2041 2943 2096 servis
2988 2041 3103 2098 suis
3152 2040 3453 2106 consolari,
3510 2050 3751 2111 metony-

2133 2131 2275 2186 mice
2336 2131 2540 2187 dictum
2597 2139 2713 2197 est,
2775 2130 2869 2188 ubi
2930 2148 3029 2205 per
3097 2134 3152 2188 id
3208 2134 3356 2206 quod
3409 2132 3747 2199 eﬁciturdd

2131 2221 2276 2292 quod
2304 2220 2466 2279 eliicit
2488 2221 2916 2290 demonstratur,
2944 2239 3071 2279 nam
3101 2225 3368 2281 Dominus
3390 2222 3563 2293 juxta
3596 2236 3745 2281 natu-

2133 2329 2249 2370 ram
2294 2329 2512 2385 semper
2551 2314 2707 2370 laetus
2739 2322 2797 2371 et
2831 2316 3159 2387 tranquillus
3193 2324 3316 2383 est,
3366 2333 3477 2373 nec
3511 2335 3743 2390 unqua-

2132 2407 2188 2463 in
2219 2407 2457 2464 tristitia:
2491 2422 2784 2463 maerorem
2814 2416 3203 2477 commutatur,
3232 2411 3302 2465 de
3328 2425 3447 2481 quo
3483 2412 3743 2483 scriptu

2131 2505 2218 2552 est
2247 2514 2259 2550 :
2297 2516 2315 2549 ι
2338 2496 2440 2562 Τιι,
2474 2496 2717 2565 Domine,
2746 2499 2839 2570 qui
2868 2515 2994 2555 cum
3020 2501 3427 2572 tranquillitate
3452 2500 3743 2571 judicaset

2131 2589 2375 2660 disponis
2402 2591 2583 2645 omnia
2610 2589 2762 2663 (Sap.
2795 2591 2918 2665 xu).
2951 2611 2971 2645 ι
2998 2590 3144 2648 Bene
3168 2607 3302 2666 ergo
3323 2592 3543 2649 dicitur
3570 2593 3741 2651 Doni-

2128 2696 2232 2737 nus
2276 2681 2330 2737 in
2375 2683 2548 2738 servis
2582 2682 2696 2739 suis
2724 2683 3032 2751 consolari,
3074 2685 3169 2755 qui
3199 2686 3418 2742 electos
3464 2703 3602 2743 suos
3626 2698 3737 2759 post

2130 2771 2293 2829 finem
2322 2774 2559 2829 tristitia:
2592 2775 2876 2847 praesentis
2904 2784 3105 2832 teterna
3135 2792 3275 2848 pace
3301 2787 3361 2834 et
3392 2782 3602 2852 gaudio
3622 2797 3739 2837 eon-

2128 2856 2356 2919 solatur.
2388 2864 2575 2922 Potest
2603 2875 2658 2923 et
2692 2866 2795 2923 iste
2833 2881 3024 2925 versus
3052 2869 3117 2924 ad
3153 2867 3481 2926 Judmorum
3522 2888 3739 2928 conm-

2128 2956 2339 3011 sionem
2368 2956 2613 3012 ultimam
2639 2952 2866 3025 referri,
2902 2956 3117 3031 quando
3157 2960 3469 3017 miserante
3510 2961 3623 3018 Deo
3646 2978 3735 3035 pe-

2125 3047 2253 3118 pulo
2289 3063 2389 3103 suo
2413 3058 2535 3119 post
2564 3048 2955 3119 plenitudinem
2984 3049 3225 3122 gentium
3256 3052 3326 3107 ad
3356 3049 3535 3107 fidem
3563 3053 3737 3108 subin—

2128 3146 2364 3194 trantem
2384 3143 2563 3195 omnis
2579 3139 2743 3197 Israel
2764 3156 2862 3211 per
2878 3141 3111 3211 gratiam
3132 3140 3379 3199 divinam
3402 3144 3474 3199 ad
3494 3144 3738 3201 eamden

2131 3228 2292 3286 [idem
2320 3244 2617 3287 conversus
2644 3234 2825 3286 salvus
2850 3232 2961 3288 lict.

2208 3339 2226 3372 ι
2254 3321 2473 3376 Videbit
2485 3321 2626 3393 quod
2644 3320 2917 3379 infirmata
2934 3323 3006 3379 sit
3020 3338 3231 3391 manus,
3246 3332 3307 3379 et
3325 3312 3511 3382 clausi
3528 3342 3741 3399 quoque

2136 3431 2156 3465 ι
2188 3410 2523 3479 defecerunt,
2540 3411 2850 3485 residuique
2870 3408 3175 3491 consumpti
3199 3425 3349 3484 sunt,
3374 3427 3440 3475 et
3458 3416 3634 3485 dicet,
3655 3419 3738 3477 ubi

2135 3520 2154 3555 ‹
2189 3511 2317 3558 sunt
2354 3502 2428 3559 dii
2459 3518 2679 3571 eorum,
2712 3500 2769 3559 in
2803 3505 2999 3575 quibus
3035 3496 3312 3563 habebant
3340 3507 3648 3578 ﬁduciam,
3674 3526 3737 3567 ex

2134 3609 2155 3645 ι
2186 3608 2419 3669 quorum
2466 3592 2704 3652 victimis
2748 3590 3107 3653 comedebaiit
3144 3592 3336 3671 adipes
3374 3611 3440 3657 et
3482 3603 3739 3659 bibebant

2134 3705 2154 3739 ι
2187 3687 2374 3743 vinum
2402 3687 2745 3755 libaminum,
2777 3700 3004 3762 surgant
3026 3698 3082 3747 et
3108 3692 3458 3763 opitulentur
3485 3697 3664 3763 vobis,
3688 3708 3738 3755 et

2135 3797 2153 3832 ι
2190 3776 2245 3834 in
2274 3779 2600 3837 necessitate
2626 3795 2724 3836 vos
2747 3790 3053 3853 protegant.
3085 3801 3105 3835 ι
3138 3780 3258 3838 Alia
3283 3780 3464 3842 editio
3496 3804 3511 3840 :
3548 3807 3569 3841 ι
3603 3787 3737 3844 Vidit

2126 3868 2271 3928 enim
2299 3886 2396 3928 eos
2420 3870 2677 3945 fatigatos
2715 3882 2773 3927 et
2807 3870 3048 3929 defectus
3089 3872 3143 3929 in
3178 3875 3521 3934 abductione
3546 3889 3607 3934 et
3632 3878 3735 3934 dis-

2127 3958 2353 4028 solutos,
2377 3972 2433 4019 et
2460 3964 2596 4020 dixit
2628 3981 2642 4019 :
2672 3962 2774 4021 Ubi
2807 3972 2937 4020 sunt
2961 3981 3108 4021 nunc
3148 3962 3222 4021 dii
3249 3958 3499 4036 illorum,
3534 3970 3592 4025 in
3623 3972 3735 4042 qui-

2127 4055 2228 4111 bus
2251 4053 2607 4111 conlidebatis
2636 4054 2690 4110 in
2721 4056 2885 4131 ipsis,
2914 4071 3145 4127 quorum
3183 4048 3403 4128 adipem
3436 4060 3735 4116 sacriﬁcio-

2126 4163 2247 4202 rum
2281 4146 2553 4214 edebatis,
2587 4156 2645 4205 et
2678 4144 2949 4205 bibebatis
2976 4149 3162 4205 vinum
3200 4150 3489 4210 libationis
3523 4170 3729 4219 eorum,

2125 4248 2423 4311 exsurgant
2450 4256 2595 4295 nunc
2613 4244 2668 4295 et
2688 4240 2882 4313 juveut
2910 4256 3007 4297 vos
3032 4248 3087 4297 et
3112 4240 3245 4297 ﬁant
3268 4242 3434 4299 vobis
3460 4255 3732 4318 protecto-

2124 4346 2236 4388 res.
2272 4350 2292 4384 ι
2324 4329 2561 4399 Videbit,
2592 4332 2791 4404 inquit,
2816 4332 2962 4404 quod
2990 4333 3261 4389 infirmata
3295 4334 3365 4392 sit
3386 4353 3595 4395 manus
3614 4354 3729 4394 cum

2123 4426 2311 4486 videre
2351 4426 2546 4483 fecerit
2591 4422 2737 4503 quod
2769 4444 2933 4501 opera
2984 4427 3283 4495 malorum,
3323 4446 3451 4505 quae
3486 4428 3729 4489 fecerunt

2124 4521 2179 4579 in
2206 4516 2512 4577 idololatria
2540 4518 2627 4575 vel
2658 4519 2870 4576 caeteris
2910 4516 3479 4595 transgressionibus,
3516 4524 3725 4580 infirma

2125 4614 2351 4680 fuerint,
2378 4613 2595 4685 quando
2637 4613 2706 4669 ad
2729 4610 2957 4668 nihilum
2986 4614 3230 4681 redacta,
3261 4612 3398 4671 nihil
3432 4616 3519 4674 eis
3548 4617 3643 4689 qui
3663 4632 3723 4673 ea

2122 4708 2366 4766 fecerant
2393 4706 2715 4778 profuerint,
2739 4714 2794 4762 et
2813 4704 2982 4763 clausi
3008 4722 3225 4778 quoque
3252 4704 3601 4777 defecerunt,
3630 4710 3721 4767 hoc

2121 4810 2227 4870 est,
2254 4802 2370 4858 sive
2392 4799 2563 4858 Judaei
2593 4802 2662 4858 ad
2688 4802 3059 4875 captivitatem
3087 4802 3157 4861 ab
3178 4804 3421 4862 inimicis
3450 4807 3603 4862 ducti
3622 4805 3719 4861 ibi-

2122 4896 2245 4952 dem
2275 4895 2581 4964 consumpti
2613 4904 2761 4959 sunt,
2793 4893 2880 4950 vel
2905 4910 3096 4952 omnes
3130 4896 3280 4967 impii
3308 4897 3365 4953 in
3391 4908 3719 4975 potestatem

2120 4987 2425 5044 daemonum
2464 4986 2649 5045 traditi
2676 4986 2820 5043 ultra
2852 5001 2959 5041 non
2986 4986 3380 5057 praevalebunt,
3410 4988 3719 5059 residuique

2123 5080 2434 5152 consumpti
2459 5089 2615 5145 sunt,
2649 5079 2775 5151 quia
2803 5066 3002 5135 ab'hac
3030 5080 3139 5135 vita
3164 5090 3469 5148 exeuntes,
3498 5097 3609 5137 non
3632 5080 3720 5136 ba-

2121 5174 2327 5232 bebunt
2357 5174 2587 5231 ulterius
2616 5182 2945 5246 potestatem
2981 5182 3145 5245 atque
3173 5172 3493 5231 facultatem
3520 5172 3721 5246 aliquid

2122 5264 2375 5323 faciendi.
2397 5267 2606 5325 Idcirco
2627 5267 2680 5323 in
2700 5267 3030 5325 Ecclesiaste
3053 5268 3315 5340 scriptum
3338 5276 3426 5324 est
3453 5286 3468 5322 ε
3498 5286 3517 5320 ι
3546 5266 3715 5337 Quod»

2121 5372 2333 5429 cunque
2367 5366 2547 5431 potest
2586 5373 2777 5417 manus
2804 5366 2895 5413 tua
2923 5356 3108 5415 facere
3151 5357 3425 5414 instanter
3466 5372 3711 5430 operare,

2121 5450 2249 5520 quia
2275 5464 2375 5505 nec
2402 5464 2560 5519 opus,
2597 5464 2696 5505 nec
2721 5449 2885 5515 ratio,
2906 5464 3009 5505 nec
3029 5448 3320 5520 sapientia,
3355 5464 3461 5509 nec
3490 5446 3713 5506 scientia

2122 5552 2281 5599 erunt
2329 5542 2469 5617 apud
2507 5540 2729 5609 inferos,
2766 5558 2876 5613 quo
2922 5550 2977 5601 tu
3009 5557 3273 5615 praperas
3314 5530 3519 5614 (Eccle.
3554 5546 3655 5617 ιι).
3686 5562 3706 5597 ι

2124 5636 2279 5706 Quod
2308 5645 2487 5693 autem
2515 5635 2896 5708 subjungitur:
2928 5653 2948 5689 ι
2989 5634 3091 5694 Ubi
3122 5645 3251 5693 sunt
3285 5636 3371 5693 Dii
3398 5653 3591 5694 eorum
3610 5680 3627 5706 ,
3660 5640 3709 5697 in

2122 5726 2318 5802 quibus
2362 5728 2632 5786 habebant
2676 5728 2961 5796 fiduciam,
2992 5748 3012 5783 ι
3046 5739 3105 5787 et
3139 5728 3382 5801 reliqua,
3419 5732 3709 5803 signitiat,

2121 5825 2264 5901 quod
2294 5824 2586 5882 idololatria
2610 5823 2817 5881 nullum
2849 5821 3187 5899 adjutorium.
3204 5824 3261 5879 in
3285 5825 3375 5880 die
3410 5828 3707 5883 ne.-essita-

2118 5918 2192 5977 tis
2215 5916 2453 5979 habeant
2474 5915 2543 5974 ab
2570 5913 2729 5973 idolis
2746 5952 2763 5985 ,
2788 5914 2986 5990 quibus
3005 5922 3167 5973 antea
3200 5913 3413 5973 cultum
3448 5916 3704 5974 exhibue-
