3936 6328
136 472 266 530 1149

802 468 1158 528 COMMENT.
1197 469 1267 528 ΙΝ
1304 470 1601 528 CANTICA
1638 468 1810 540 ρυλε
1849 473 1942 529 AD
1977 473 2255 533 LAUDES
2292 418 2673 533 ῡιουᾷτυιι.

3247 479 3384 535 “50

133 595 287 652 rant,
330 584 421 642 sed
461 600 563 644 nec
600 584 785 643 mundi
815 594 1118 655 amatores,
1153 589 1246 657 qui
1272 602 1369 657 per
1399 586 1702 653 avaritiam,
1730 591 1780 650 Α
1808 587 2043 658 gladium
2081 590 2202 657 Dei,
2230 598 2335 657 est,
2373 589 2708 661 repentinam
2734 590 3025 648 vindictam
3056 592 3109 648 in
3140 592 3387 651 hostibus

131 693 248 748 quae
281 684 360 733 est
397 672 660 732 idolorum
690 676 957 744 servitus,
983 677 1240 748 pecunias
1266 677 1321 732 in
1350 676 1550 733 mundo
1575 693 1703 733 con-

126 773 497 839 gregaverant,
521 764 615 837 qui
646 762 854 822 deliciis
881 776 1043 837 atque
1064 766 1288 823 luxuriae
1312 767 1702 836 descrrierant,

126 876 350 930 quorum
382 860 524 915 Deus
550 867 741 914 venter
765 868 885 915 erat
929 868 983 915 et
1018 859 1188 931 gloria
1231 861 1286 915 in
1334 859 1704 918 confusionem

126 954 393 1025 ipsorum,
437 953 531 1024 qui
569 961 786 1008 terrena
815 953 1114 1024 sapiebant,
1148 953 1280 1008 nihil
1311 970 1492 1010 secum
1523 955 1704 1012 confe-

124 1055 253 1101 runt
297 1049 359 1102 de
402 1047 656 1101 universo
697 1044 882 1101 labore
929 1060 1050 1111 suo,
1095 1045 1311 1115 quando
1338 1062 1438 1117 pro
1466 1048 1703 1118 peccatis

124 1138 240 1193 suis
267 1138 330 1192 ad
362 1144 621 1192 tartarum
657 1152 688 1191 a
717 1136 965 1208 malignis
990 1136 1268 1207 spiritibus
1296 1139 1698 1209 pertrahuntur.

203 1249 220 1282 c
252 1229 467 1295 Videte,
516 1228 644 1300 quia
690 1243 791 1301 ego
830 1245 950 1284 sum
987 1228 1164 1298 solus,
1213 1240 1268 1286 et
1312 1244 1419 1286 non
1460 1231 1533 1287 sit
1565 1231 1704 1288 alius

128 1342 147 1373 ι
188 1320 323 1378 Deus
366 1330 563 1392 praeter
607 1335 712 1376 me.
750 1340 770 1373 ι
802 1320 919 1376 Alia
949 1321 1160 1378 editio:
1198 1341 1216 1374 ί
1248 1322 1458 1389 Videte,
1498 1323 1707 1392 videte,

120 1412 375 1483 quoniam
404 1426 504 1484 ego
531 1426 650 1467 sum
694 1411 867 1477 Deus,
914 1420 967 1467 et
1014 1428 1120 1466 non
1167 1420 1251 1467 cst
1297 1422 1493 1483 praeter
1536 1428 1642 1469 me.
1674 1432 1693 1466 ι

122 1503 250 1560 llaec
277 1502 567 1563 admonitio
597 1505 923 1577 generaliter
956 1506 1025 1561 ad
1048 1521 1237 1562 omnes
1266 1506 1512 1562 homines
1542 1508 1704 1579 perti-

120 1605 237 1661 net,
267 1604 342 1659 ut,
378 1594 563 1650 relicta
592 1595 829 1651 falsitate
855 1594 1118 1651 idolorum
1139 1636 1153 1662 ,
1184 1606 1347 1668 atque
1387 1599 1701 1668 deceptione

120 1686 526 1753 haereticorum,
575 1685 879 1759 spretisque
917 1686 1158 1742 omnium
1192 1687 1535 1758 iniquitatum
1576 1704 1700 1744 sor-

120 1776 312 1845 dibus,
352 1779 417 1834 ad
449 1794 613 1835 unum
642 1787 698 1834 et
725 1774 896 1835 solum
928 1778 1094 1834 Deum
1121 1777 1371 1845 Patrem,
1398 1787 1454 1835 et
1481 1778 1695 1846 Filium,

119 1879 181 1925 et
207 1868 461 1940 Spiritum
485 1866 731 1925 sanctum
754 1883 850 1939 per
872 1867 1034 1924 fidem
1062 1866 1386 1923 catholicam
1414 1867 1694 1924 colendum

1803 694 2105 736 exercere:
2136 689 2192 736 et
2224 682 2466 751 arripere
2499 675 2765 752 judicium
2810 684 2993 739 manui
3035 685 3232 742 divinae
3279 696 3384 755 est,

1801 785 1899 841 per
1916 771 2123 841 justam
2154 774 2564 829 retributionem
2593 775 2820 846 singulis
2848 777 3143 833 secundum
3170 780 3389 850 propria

1802 864 1997 919 merita
2040 865 2290 932 reddere,
2337 867 2479 923 sicut
2514 868 2771 938 scriptum
2803 876 2926 925 est:
2965 888 2984 920 ι
3026 869 3198 927 Filius
3241 872 3387 927 enim

1802 956 2035 1015 hominis
2059 967 2317 1015 venturus
2335 968 2420 1016 est
2444 960 2499 1015 in
2520 950 2691 1032 gloria
2714 960 2894 1019 Patris
2920 964 3001 1019 sui
3030 979 3156 1021 cum
3181 965 3387 1035 angelis

1801 1050 1942 1117 suis,
1987 1057 2042 1105 et
2077 1060 2203 1106 tunc
2230 1052 2418 1108 reddet
2451 1053 2744 1126 unicuique
2772 1056 3067 1112 secundum
3095 1074 3258 1129 Opera
3286 1073 3385 1113 sua

1802 1138 1979 1212 (Rom.
2004 1140 2089 1213 tt).
2125 1160 2143 1193 ι
2183 1140 2250 1196 Ει
2280 1141 2569 1212 Apostolus
2601 1163 2613 1198 :
2649 1164 2667 1197 ε
2700 1146 2934 1214 Omnes,
2977 1148 3183 1219 inquit,
3222 1147 3390 1204 stabi-

1802 1251 1921 1290 mus
1956 1244 2082 1291 ante
2111 1236 2345 1293 tribunal
2374 1237 2597 1305 Christi,
2640 1249 2699 1296 ut
2743 1241 2971 1312 recipiat
3016 1241 3386 1312 unusquisque

1800 1329 2016 1399 propria
2045 1330 2289 1399 corporis
2320 1339 2481 1401 prout
2508 1332 2675 1403 gessit
2710 1333 2824 1388 sive
2848 1334 3044 1389 bonum
3070 1373 3086 1399 ,
3123 1332 3237 1387 sive
3269 1347 3399 1387 ma—.

1801 1419 1911 1475 lum
1942 1418 2030 1492 (II
2064 1419 2188 1476 Cor.
2216 1421 2292 1493 v).
2332 1440 2351 1473 ι

1876 1529 1895 1562 ι
1929 1509 2210 1573 lnebriabo
2255 1511 2481 1583 sagittas
2528 1527 2678 1569 meas
2732 1513 3022 1583 sanguine,
3071 1520 3128 1568 et
3174 1513 3383 1585 gladius

1808 1620 1826 1653 ι
1862 1616 2017 1657 meus
2060 1604 2404 1659 manducabit
2450 1619 2662 1660 carnes.
2712 1624 2733 1658 ι
2773 1604 2981 1675 Sagitta
3026 1605 3171 1659 enim
3212 1606 3384 1660 homi-

1800 1709 1946 1760 nem,
1980 1695 2106 1750 dum
2135 1710 2241 1750 non
2276 1697 2533 1763 attendit,
2562 1698 2816 1768 percutit,
2850 1707 2903 1753 et
2931 1699 3059 1753 dum
3094 1698 3239 1753 illam
3276 1712 3383 1753 non

1798 1790 2076 1859 praevidet,
2103 1791 2282 1846 subito
2303 1791 2590 1857 interimit,
2614 1793 2827 1863 sagittae
2852 1791 3068 1846 Domini
3092 1798 3221 1846 sunt
3245 1789 3384 1845 cele-

1799 1897 1887 1938 res
1908 1882 2180 1950 vindictze,
2203 1899 2322 1953 qua:
2342 1883 2469 1939 licet
2493 1884 2652 1939 modo
2670 1884 2896 1939 occulue
2918 1884 3026 1938 sint
3049 1898 3231 1937 coram
3255 1896 3385 1938 oeu—

117 1969 524 2027 convertantur,
555 1975 784 2031 eumque
810 1976 877 2015 ex
909 1968 1021 2016 toto
1050 1958 1233 2026 corde,
1264 1968 1373 2015 tota
1406 1960 1585 2016 anima
1610 1970 1694 2016 to-

1809 1975 1862 2031 lis
1884 1974 2214 2044 iniquorum,
2238 1976 2416 2031 subito
2438 1983 2617 2031 tamen
2643 1974 3135 2032 manifestabuntur
3156 1973 3210 2028 in
3237 1974 3385 2029 dam-

120 2062 284 2126 taque
312 2054 506 2110 virtute
532 2052 758 2127 diligant
781 2062 837 2108 et
861 2048 1114 2109 mandata
1146 2048 1262 2122 ejus
1302 2061 1464 2122 atque
1492 2053 1696 2121 judicia

116 2147 396 2219 diligenter
425 2152 768 2212 conservent,
796 2152 1061 2216 quatenus
1089 2143 1239 2217 regni
1265 2144 1504 2200 ctelestis
1533 2143 1699 2201 luere-

115 2242 220 2298 des
242 2240 373 2297 efﬁci
398 2249 726 2297 mereantur.

201 2356 219 2388 ς
255 2334 363 2406 Ego
385 2333 630 2390 occidam
656 2340 711 2388 et
739 2330 923 2388 vivere
948 2318 1164 2398 faciam,
1196 2332 1492 2403 percutiam
1521 2339 1576 2388 et
1596 2347 1697 2405 ego

120 2448 144 2482 ι
182 2428 397 2491 satiabo,
413 2434 585 2482 etnon
599 2426 809 2496 est,qui
836 2425 1006 2496 possit
1029 2425 1095 2480 de
1117 2440 1277 2480 manu
1298 2440 1416 2493 mea
1440 2441 1647 2482 eruere.
1670 2445 1691 2479 ι

121 2543 145 2576 ι
184 2520 300 2576 Alia
327 2518 491 2576 editio
519 2538 532 2574 :
569 2540 586 2571 ι
615 2518 729 2591 Ego
748 2518 1016 2586 occidam,
1036 2512 1215 2575 vivere
1246 2519 1464 2587 faciam,
1505 2532 1698 2591 percu-

114 2614 257 2669 tiam
278 2623 332 2668 et
355 2626 456 2681 ego
483 2610 707 2674 sanabo,
744 2617 801 2667 et
827 2625 933 2665 non
962 2618 1049 2665 est
1092 2609 1185 2680 qui
1214 2608 1412 2689 eripiat
1433 2608 1498 2665 de
1520 2609 1696 2664 mani-

116 2702 227 2759 bus
258 2702 411 2758 meis.
447 2720 467 2755 ι
502 2698 719 2756 Duobus
762 2700 933 2756 modis
964 2700 1304 2770 omnipotens
1340 2696 1482 2755 Deus
1519 2699 1699 2755 vulne-

117 2803 233 2861 rat,
255 2808 388 2865 quos
408 2788 665 2849 reducere
690 2790 757 2846 ad
788 2789 1014 2847 salutem
1037 2799 1211 2857 curat,
1239 2789 1529 2863 aliquando
1553 2792 1698 2846 enim

116 2902 343 2945 carnem
377 2886 629 2958 percutit,
655 2893 711 2941 et
736 2884 932 2940 mentis
955 2883 1154 2939 duritia
1186 2882 1240 2939 in
1262 2899 1360 2940 suo
1387 2899 1587 2955 pavore
1613 2893 1696 2940 ta-

114 2982 315 3048 bescit,
351 2979 685 3036 vulnerando
725 2993 854 3048 ergo
898 2977 967 3032 ad
1012 2975 1237 3033 salutem
1286 2986 1537 3043 revocat,
1572 2992 1696 3033 cum

111 3072 323 3128 electos
365 3085 491 3126 suos
526 3066 711 3139 aflligit
750 3067 1028 3134 exterius,
1070 3077 1127 3124 et
1172 3067 1399 3125 interius
1442 3068 1695 3125 vivificat.

114 3162 290 3219 Recte
313 3176 438 3233 ergo
466 3176 562 3232 per
596 3160 813 3231 Moysen
844 3158 1082 3229 loquitur
1104 3158 1328 3215 dicens:
1361 3178 1379 3210 ‹
1414 3158 1526 3232 Ego
1548 3161 1699 3217 occi-

112 3257 250 3312 dam
291 3264 346 3311 et
374 3256 553 3311 vivere
596 3254 822 3319 faciam,
870 3253 1169 3325 percutiam
1200 3262 1253 3309 et
1287 3270 1386 3326 ego
1413 3254 1635 3311 sanabo.
1673 3275 1692 3308 ι

108 3346 332 3404 Occidit
360 3346 524 3411 enim,
558 3355 617 3400 ut
644 3345 911 3412 viviﬁcet;
947 3347 1204 3416 percutit,
1251 3354 1309 3402 ut
1350 3356 1535 3414 sanet,
1573 3348 1699 3419 quia

110 3437 327 3492 idcirco
360 3435 509 3492 foras
536 3436 759 3492 verbera
786 3436 1055 3502 admovet,
1094 3444 1154 3490 ut
1185 3434 1329 3491 intus
1366 3437 1588 3491 vulnera
1619 3438 1704 3492 in-

106 3527 297 3598 fligat,
347 3527 473 3597 quia
522 3525 715 3580 mentis
760 3534 959 3579 nostra:
996 3524 1250 3580 duritiam
1292 3541 1388 3581 suo
1434 3524 1702 3583 desiderio

108 3615 378 3688 percutit,
405 3615 495 3672 sed
527 3614 873 3686 percutiendo
894 3624 1080 3682 sanat,
1111 3614 1236 3686 quia
1265 3617 1485 3672 terroris
1507 3617 1587 3673 sui
1613 3618 1701 3689 ja-

106 3708 244 3764 culo
287 3704 575 3762 transfixos
610 3706 677 3762 ad
714 3722 929 3763 sensum
960 3722 1059 3763 nos
1088 3706 1425 3764 rectitudinis
1461 3718 1699 3776 revocat,

105 3800 289 3858 corda
332 3799 475 3855 enim
504 3804 689 3855 nostra
723 3799 861 3856 male
896 3815 1027 3856 sana
1059 3810 1218 3866 sunt,
1260 3816 1381 3855 cum
1421 3801 1568 3857 nullo
1605 3802 1702 3857 Dei

107 3908 313 3949 amore
360 3890 691 3959 sanciantur,
721 3906 843 3948 cum
886 3890 1335 3964 peregrinationis
1368 3907 1478 3948 suae
1502 3908 1700 3947 aerum-

108 4000 253 4040 nam
290 3999 395 4038 non
429 3982 699 4048 sentiunt,
729 3997 850 4037 cum
880 3997 1007 4054 erga
1047 3981 1413 4038 infirmitatem
1447 3983 1698 4053 proximi,

110 4090 227 4130 nec
256 4072 495 4142 quolibet
522 4071 744 4127 minimo
766 4070 958 4126 affectu
982 4072 1358 4142 languescunt,
1384 4074 1476 4129 sed
1514 4074 1701 4128 vulne-

108 4178 340 4232 rantur,
368 4166 491 4236 quia
518 4165 719 4220 amoris
743 4166 825 4221 sui
851 4164 1072 4236 spiculis
1102 4178 1310 4222 mentes
1342 4168 1483 4223 Deus
1520 4167 1704 4223 insen-

106 4256 313 4315 sibiles
334 4256 589 4328 percutit,
622 4271 851 4328 moxque
891 4254 991 4312 has
1026 4256 1305 4313 seusibilcs
1336 4273 1435 4329 per
1458 4256 1706 4315 ardorem

106 4348 411 4405 charitatis
438 4346 633 4403 reddit.

197 4454 219 4491 ι
258 4436 474 4494 chabo
501 4438 567 4493 ad
592 4436 787 4494 emittm
812 4454 1027 4493 manum
1057 4454 1233 4495 meam
1253 4448 1307 4497 et
1335 4438 1543 4497 dicam:
1570 4436 1706 4498 Vivo

116 4549 138 4582 ι
180 4543 291 4600 ego
336 4529 388 4583 in
431 4532 709 4583 internum.
754 4545 774 4578 ι
805 4528 923 4582 Alia
960 4528 1163 4584 editio:
1198 4548 1216 4581 ‹
1248 4528 1381 4596 Quia
1420 4530 1601 4586 tollant
1649 4533 1706 4587 in

108 4620 331 4678 cmlum
354 4634 570 4674 manum
601 4634 791 4683 meam,
815 4626 868 4675 et
879 4618 1074 4689 jurabo
1094 4635 1190 4692 per
1209 4618 1484 4676 dexteram
1509 4637 1704 4689 meam,

106 4722 172 4768 et
204 4712 425 4768 dicam:
458 4708 594 4776 Yivo
621 4725 721 4783 ego
744 4711 797 4766 in
825 4718 1103 4766 azternum.
1128 4732 1146 4764 ι
1179 4710 1236 4767 In
1263 4712 1460 4768 caalum
1486 4730 1705 4769 manum

18 4874 21 4877 ι
106 4806 346 4869 levare,
384 4802 497 4858 sive
526 4802 769 4858 attollere
796 4810 879 4858 est
907 4803 1201 4873 potentiam
1244 4805 1560 4860 aeternitatis
1596 4820 1708 4860 sua:

109 4911 297 4964 super
322 4893 501 4949 omnia
526 4893 879 4948 excellentem
908 4893 1190 4948 ostendere
1220 4910 1233 4947 :
1255 4892 1442 4962 jurare
1462 4910 1560 4963 per
1582 4896 1711 4950 dex-

110 4995 332 5049 teram,
360 4988 443 5037 est
462 5022 478 5048 ,
518 4997 616 5052 per
644 4982 811 5037 filium
830 5023 846 5049 ,
873 4984 963 5053 qui
989 4982 1211 5039 dextera
1252 4980 1347 5039 Dei
1375 4985 1706 5052 nominatur,

108 5076 400 5149 promissa
432 5076 598 5149 ipsius
626 5075 682 5130 in
723 5083 1009 5146 conspectu
1052 5076 1328 5132 hominum
1362 5077 1707 5146 conﬁrmare,

108 5178 171 5224 ct
206 5167 576 5223 aeternitatem
616 5182 767 5221 suam
811 5168 1156 5223 credentibus
1202 5168 1304 5224 sibi
1344 5184 1439 5240 per
1468 5169 1709 5244 Evange-

106 5260 259 5316 lium
284 5259 550 5326 revelare,
575 5258 700 5330 quia
724 5264 963 5328 potestas
985 5256 1100 5328 ejus
1120 5268 1358 5330 potestas
1380 5268 1706 5330 est'aeterna,

106 5362 170 5410 et
202 5366 439 5426 regnum
470 5352 606 5423 ejus,
633 5351 774 5422 quod
804 5366 906 5406 non
935 5360 1325 5423 corrumpetur.

195 5467 219 5500 ι
263 5446 330 5504 Si
350 5461 617 5503 exacuere
651 5454 711 5499 ut
740 5442 915 5516 fulgur
956 5444 1191 5516 gladium
1220 5460 1430 5513 meum,
1473 5455 1529 5503 et
1568 5449 1711 5504 arri-

109 5561 134 5596 σ
170 5536 644 5613 pueritjudicium
666 5552 859 5592 manus
880 5540 1018 5603 mea,
1037 5538 1255 5593 reddam
1277 5538 1528 5599 ultionem
1550 5538 1716 5597 hosti-

110 5657 133 5689 ι
168 5635 295 5690 bus
327 5632 461 5687 meis
488 5638 543 5687 et
566 5631 656 5703 qui
681 5630 911 5687 oderunt
938 5647 1025 5688 me
1055 5630 1368 5688 retribuam.
1401 5653 1419 5685 ι
1450 5633 1569 5688 Alia
1597 5635 1712 5689 edi-

102 5728 200 5785 tio
231 5747 249 5781 :
281 5747 303 5778 ι
333 5722 471 5793 Quia
495 5738 754 5779 exacuam
779 5722 925 5778 velut
947 5720 1125 5794 fulgur
1159 5723 1394 5794 gladium
1419 5733 1473 5779 et
1498 5722 1713 5794 agitju-

102 5820 341 5877 diciutn
369 5834 556 5873 manus
582 5832 700 5871 mea
728 5825 783 5873 et
805 5816 1099 5872 retribuam
1120 5812 1383 5886 judicium
1407 5814 1639 5873 inimicis
1661 5824 1717 5874 et

99 5911 207 5965 his
244 5909 347 5980 qui
372 5908 601 5967 oderunt
645 5924 731 5965 me
770 5908 1007 5966 reddam.
1046 5929 1066 5964 ι
1107 5906 1416 5977 Exacuere,
1452 5919 1511 5966 ut
1540 5908 1719 5983 iulgur

1724 3307 1775 3375 ϐ

1796 2066 2015 2123 natione
2040 2066 2393 2136 perditorum,
2438 2075 2494 2122 et
2532 2067 2627 2122 Dei
2655 2066 2865 2138 gladius
2903 2079 3097 2121 carnes
3123 2064 3382 2131 comedit,

1797 2155 1924 2226 quia
1954 2155 2009 2210 in
2039 2164 2281 2212 extremo
2300 2156 2504 2227 judicio
2532 2157 2650 2228 ejus
2675 2157 2942 2214 sententia
2970 2170 3097 2223 eos,
3126 2154 3220 2229 qui
3260 2169 3385 2212 car-

1797 2246 1991 2301 naliter
2013 2247 2246 2317 sapiunt,
2282 2248 2500 2303 occidit.

1873 2357 1891 2388 ι
1929 2339 2004 2393 De
2023 2353 2217 2393 cruore
2246 2338 2550 2394 occisorum
2572 2346 2628 2395 et
2651 2336 2717 2394 de
2737 2338 3049 2410 captivitate
3070 2336 3258 2392 nudati
3281 2335 3384 2392 ini-

1803 2444 1827 2480 ι
1859 2428 2125 2483 micarum
2153 2428 2365 2499 capitis.
2404 2448 2424 2482 ι
2458 2427 2579 2482 Alia
2610 2429 2813 2483 editio:
2844 2448 2862 2479 ι
2890 2427 2937 2482 Α
2974 2428 3234 2498 sanguine
3265 2425 3382 2480 vul-

1796 2526 2107 2574 neratorum
2131 2534 2160 2573 a
2187 2518 2517 2589 captivitate,
2543 2535 2573 2573 a
2601 2519 2776 2589 capite
2806 2518 3108 2587 principum
3138 2515 3384 2572 inimico—

1798 2625 1939 2664 rum.
1978 2629 1998 2662 ι
2038 2608 2119 2663 Ad
2164 2610 2287 2675 hoc,
2319 2609 2461 2681 quod
2491 2609 2655 2675 dicit,
2701 2609 2769 2665 de
2803 2607 3380 2664 cruoreinimicorum

1798 2701 2118 2757 subauditur
2156 2700 2316 2768 illud,
2344 2702 2490 2772 quod
2516 2701 2853 2772 praemissum
2884 2706 2969 2756 est
2995 2718 3008 2754 :
3038 2688 3063 2751 ὶ
3100 2696 3384 2753 lnebriabo

1799 2793 2025 2863 sagittas
2054 2806 2223 2847 ineas.
2258 2810 2278 2843 ι
2317 2791 2553 2847 lncbriat
2595 2792 2856 2846 Dominus
2896 2790 3123 2862 sagittas
3166 2803 3293 2844 suas
3329 2786 3383 2842 in

1799 2898 1993 2941 cruore
2024 2883 2353 2949 occisorum,
2394 2883 2540 2953 quod
2576 2881 2835 2937 ultionem
2871 2889 3091 2937 exercet
3132 2880 3187 2934 in
3224 2879 3380 2935 turba

1799 2973 2141 3029 inimicorum
2167 3013 2183 3039 ,
2227 2982 2462 3045 tuncque
2504 2970 2854 3027 nudabuntur
2896 2971 3075 3041 capita
3122 2969 3380 3035 hostium,

1800 3064 2016 3141 quando
2058 3079 2193 3120 vana
2230 3078 2350 3121 esse
2396 3063 2768 3136 probabuntur
2813 3061 3035 3119 consilia
3078 3060 3385 3131 iniquarum

1801 3159 2080 3224 mentium,
2128 3158 2323 3228 quibus
2369 3172 2429 3214 se
2471 3158 2689 3229 impune
2717 3170 2878 3227 posse
2905 3170 3133 3227 peccare
3157 3152 3387 3211 conﬁde-

1802 3252 1966 3318 bant,
2014 3259 2240 3321 possunt
2269 3258 2325 3304 et
2354 3250 2533 3320 capita
2573 3248 2884 3319 iniquorum
2927 3245 3170 3319 magistri
3214 3243 3386 3315 accipi

1803 3343 2133 3408 errantium,
2161 3342 2217 3396 in
2246 3356 2383 3412 quos
2410 3341 2543 3396 ultio
2580 3340 2872 3396 novissima
2912 3336 3216 3403 redundat,
3258 3336 3387 3408 quia

1803 3435 1895 3507 qui
1919 3434 2137 3490 fuerunt
2162 3450 2326 3490 causa
2349 3444 2718 3505 peccatorum,
2740 3433 2981 3489 sentient
3001 3431 3196 3487 damna
3221 3431 3274 3485 in
3302 3443 3390 3485 rc-

1802 3528 2095 3585 tributione
2135 3540 2439 3598 pmnarum.
2487 3527 2641 3583 Unde
2677 3527 2730 3581 in
2765 3523 3083 3597 Apocalypsi
3125 3524 3385 3594 scriptam

1802 3628 1883 3676 est
1910 3639 1922 3673 :
1957 3638 1976 3672 ι
2004 3619 2071 3674 Ει
2091 3620 2224 3674 exiit
2248 3618 2468 3691 sanguis
2489 3618 2555 3673 de
2581 3618 2701 3674 lacu
2725 3632 2896 3688 usque
2922 3616 2988 3673 ad
3016 3616 3196 3671 frenos
3220 3628 3387 3685 equo-

1804 3729 1922 3768 rum
1957 3710 2140 3783 (Apoc.
2172 3712 2315 3784 xtv),
2356 3732 2374 3763 ›
2411 3713 2512 3767 hoc
2540 3721 2657 3779 est,
2694 3711 2959 3782 processit
2984 3709 3117 3765 ultio
3149 3718 3386 3764 tormen-

1806 3812 1983 3858 torum
2026 3818 2196 3873 usque
2225 3802 2292 3856 ad
2318 3810 2557 3857 rectores
2581 3802 2919 3873 populorum,
2948 3814 3120 3870 usque
3145 3800 3287 3855 enim
3318 3799 3386 3855 ad

1804 3895 2074 3950 diabolum
2113 3902 2168 3949 et
2202 3893 2319 3963 ejus
2345 3892 2564 3964 angelos
2598 3890 2892 3947 novissimo
2925 3890 3220 3946 certamine
3257 3889 3391 3944 exiit

1804 3984 1938 4040 ultio
1963 3983 2238 4057 sanguinis
2264 3993 2575 4039 sanctorum
2602 3980 2781 4047 effusi,
2806 3981 2948 4037 sicut
2975 3980 3235 4051 scriptum
3260 3986 3346 4035 est
3369 3997 3382 4033 :

1811 4095 1829 4127 ς
1864 4076 1921 4130 In
1963 4070 2233 4144 sanguine
2268 4073 2537 4145 peccasti,
2585 4082 2641 4129 et
2683 4071 2903 4145 sanguis
2949 4079 3002 4127 te
3034 4081 3389 4142 persequetur

1807 4167 2024 4240 (Ezech.
2055 4168 2243 4240 xxxv).
2292 4187 2310 4220 ι
2352 4165 2654 4221 Notandum
2688 4180 2814 4223 vero
2849 4164 2991 4236 quod
3032 4163 3134 4220 hoc
3171 4163 3290 4219 loco
3330 4163 3388 4220 in

1806 4263 2045 4317 editione
2074 4259 2218 4315 LXX
2251 4260 2606 4330 interpretum
2636 4258 2879 4329 quaedam
2911 4256 3193 4313 sententia:
3222 4256 3389 4311 inter-

1806 4364 2101 4425 ponuntur,
2125 4369 2246 4425 quae
2272 4353 2325 4407 in
2354 4350 2616 4409 Hebraica
2650 4351 2879 4407 veritate
2900 4366 3008 4406 non
3037 4348 3387 4405 inveniuntur

1808 4447 1911 4505 hoc
1938 4446 2118 4502 modo.

1883 4556 1901 4588 ι
1935 4536 2238 4601 Lmtamini,
2266 4535 2411 4602 coeli,
2441 4535 2601 4591 simul
2629 4550 2753 4591 cum
2779 4549 2865 4601 eo,
2912 4541 2969 4590 et
3001 4532 3228 4587 adorent
3257 4545 3383 4586 eum

1815 4647 1833 4680 ι
1869 4642 2060 4682 omnes
2081 4626 2253 4695 angeli
2270 4626 2386 4682 Dei.
2402 4625 2706 4692 Laetamini,
2722 4634 2934 4697 gentes,
2957 4622 3118 4679 simul
3145 4637 3265 4676 eum
3293 4635 3387 4691 po-

1815 4739 1833 4772 (
1864 4719 1991 4790 pulo
2018 4717 2132 4787 ejus
2155 4726 2211 4773 et
2233 4716 2555 4773 confirment
2589 4732 2713 4771 eum
2740 4730 2929 4771 omnes
2967 4712 3062 4768 filii
3094 4713 3206 4767 Dei.
3243 4732 3261 4765 ι
3294 4710 3388 4766 lite

1810 4821 1989 4867 tamen
2012 4826 2079 4866 ex
2104 4811 2365 4865 canonica
2394 4808 2717 4864 auctoritate
2742 4806 2845 4862 rite
2869 4806 3090 4875 prolata:
3115 4820 3233 4861 esse
3259 4820 3388 4875 pro-

1808 4902 2037 4967 bantur,
2078 4901 2291 4971 quando
2329 4914 2397 4954 ex
2427 4898 2512 4954 his
2534 4896 2733 4953 Paulus
2769 4894 3045 4969 apostolus
3084 4895 3388 4950 testimonia

1810 5007 2025 5048 sumere
2067 4990 2353 5062 reperitur.
2388 4988 2522 5043 Nam
2547 4990 2599 5042 in
2620 4986 2879 5060 Epistola,
2905 5004 3025 5058 qua:
3045 4988 3110 5042 ad
3135 4984 3389 5042 Hebraeos

1812 5083 2012 5155 abipso
2040 5082 2239 5152 scripta
2269 5088 2376 5145 est,
2405 5094 2506 5134 nec
2537 5094 2646 5134 non
2669 5086 2726 5133 et
2756 5078 2811 5133 in
2836 5077 2923 5133 illa
2960 5094 3077 5149 quae
3104 5078 3170 5134 ad
3200 5076 3388 5132 Buma-

1816 5190 1914 5229 nos
1939 5173 2187 5227 similiter
2219 5170 2287 5226 ab
2320 5186 2386 5226 eo
2409 5169 2613 5226 directa
2641 5180 2756 5237 est,
2797 5168 2922 5226 inde
2963 5171 3265 5225 testimonia
3297 5185 3385 5225 as-

1816 5267 2110 5335 sumpsisse
2143 5263 2433 5321 invenitur.
2484 5264 2721 5336 Denique
2756 5267 2823 5321 ad
2853 5264 3106 5321 Hebraeos
3146 5262 3388 5320 scribens

1816 5359 1896 5413 sic
1936 5356 2140 5414 infert:
2178 5376 2196 5409 ι
2235 5357 2453 5412 Etcum
2494 5356 2687 5411 iterum
2731 5356 3019 5413 introducit
3063 5357 3389 5428 primogeni-

1819 5460 1930 5506 tum
1955 5450 2008 5504 in
2036 5451 2224 5505 orbem
2250 5458 2533 5513 terrarum,
2556 5448 2703 5510 dicit,
2720 5442 3028 5504 Etadorent
3050 5462 3174 5503 eum
3197 5462 3387 5502 omnes

1815 5539 1989 5611 angeli
2017 5539 2112 5595 Dei
2149 5536 2336 5611 (Hebr.
2360 5538 2423 5609 ι).
2455 5557 2474 5590 ι
2504 5537 2587 5593 Ad
2611 5536 2884 5594 Romanos
2910 5552 3037 5593 vero
3061 5537 3127 5591 de
3146 5535 3387 5606 gentium

1814 5629 2199 5687 convocatione
2218 5639 2273 5685 et
2293 5624 2543 5684 satietate
2562 5624 2795 5685 Judaicze
2818 5629 2990 5699 plebis
3009 5630 3286 5698 disputans
3308 5628 3389 5682 sic

1816 5728 1929 5777 ait:
1961 5740 1979 5774 ι
2012 5722 2141 5777 Dico
2177 5719 2325 5775 enim
2360 5720 2634 5775 Christum
2671 5719 2852 5777 Iesum
2892 5719 3194 5774 ministrum
3224 5715 3388 5772 fuisse

1814 5796 2242 5881 circumcisionis
2271 5820 2489 5883 propter
2515 5815 2793 5868 veritatem
2833 5812 2926 5865 Dei
2964 5810 3030 5864 ad
3057 5810 3383 5865 confirman-

1816 5903 1913 5961 das
1934 5902 2321 5977 promissiones
2345 5903 2565 5960 Patrum
2593 5894 2765 5977 (Rom.
2793 5900 2906 5975 xv).
2936 5920 2956 5957 ι
2980 5900 3179 5960 Gentes
3204 5907 3385 5955 autem
