3936 6328
671 376 800 433 1151

1303 373 1364 430 Β.
1406 372 1662 431 RABANI
1699 374 1922 434 MAURI
1960 378 2280 438 ARCHIEP.
2324 379 2637 442 MOGUNT.
2676 386 2963 446 OPERUM
3001 391 3172 452 PARS
3205 395 3283 454 111.

3654 424 3726 481 lli"!

663 485 1224 592 super-misericordia
1251 489 1759 592 honorare-Deum,
1805 491 1947 592 sicut
1992 494 2253 592 scriptum
2281 496 2332 556 Α
2363 507 2427 553 tre
2458 498 2593 555 liber
2614 503 2874 566 continet,
2935 504 2986 559 in
3018 505 3232 565 Hebraeo
3253 527 3344 567 non
3382 516 3727 592 habetur,sirutiu

661 592 775 639 est:
799 581 1056 652 «Propter
1067 582 1170 636 hoc
1193 579 1492 637 conﬁtebor
1512 581 1606 636 tibi
1632 582 1686 636 in
1707 584 1977 654 gentibus,
2003 585 2249 653 Domine,

658 683 715 732 et
755 674 959 729 nomini
1005 681 1098 728 tuo
1141 673 1372 729 cantabo
1420 671 1508 745 (II
1542 672 1669 746 Reg.
1709 675 1866 744 χιιι).
1903 696 1921 730 ι
1958 677 2026 732 Ει
2054 677 2250 733 iterum

659 766 792 822 dicit
820 785 832 819 :
857 763 1192 832 «Lzetamini,
1215 773 1424 836 gentes,
1442 780 1563 820 cum
1585 765 1740 835 plebe
1759 765 1876 835 ejus
1903 767 2075 838 (Rom.
2098 768 2211 841 xv).
2226 787 2244 820 ι

660 857 813 913 Unde
834 873 1021 914 verum
1047 865 1296 922 constat,
1341 857 1486 928 quod
1515 859 1743 928 apostoli
1785 867 1840 914 et
1879 859 2023 914 illam
2059 860 2252 917 editio-

657 963 783 1001 nem
816 962 937 1016 quze
970 962 1036 1000 ex
1062 945 1325 1000 Hebraica
1353 946 1581 1001 veritate
1606 955 1709 1012 est,
1742 963 1842 1003 nec
1887 964 1992 1004 non
2021 957 2075 1004 et
2103 949 2249 1006 illam

653 1053 775 1108 qua:
810 1055 874 1094 ex
922 1037 1066 1094 LXX
1095 1039 1502 1109 interpretibus,
1535 1039 1818 1110 mqualiter
1840 1044 2242 1112 probaverunt,

654 1147 778 1188 cum
822 1148 888 1187 ex
925 1141 1155 1202 utraque
1188 1133 1492 1188 testimonia
1521 1145 1887 1204 sumpserunt.
1922 1136 2052 1192 illud
2095 1154 2245 1206 vero,

652 1225 795 1294 quod
837 1223 902 1278 ad
937 1239 1226 1293 supernam
1258 1231 1564 1278 creaturam
1607 1226 1763 1295 quasi
1800 1227 2141 1283 exhortando
2169 1229 2248 1284 lo-

653 1318 839 1388 quitur
860 1317 1063 1380 dicens,
1084 1335 1102 1367 ‹
1129 1315 1435 1382 Laztamini,
1453 1316 1600 1380 caeli,
1618 1317 1776 1372 simul
1796 1334 1916 1372 cum
1943 1335 2027 1385 eo,
2043 1328 2096 1374 et
2118 1322 2247 1376 ado-

651 1419 774 1465 rent
803 1425 924 1464 eum
947 1424 1132 1464 omnes
1153 1409 1328 1479 angeli
1353 1409 1470 1474 Dei,
1505 1429 1523 1460 ι
1555 1411 1821 1475 ostendit,
1846 1412 1986 1481 quod
2009 1422 2131 1482 post
2150 1415 2246 1468 ad-

647 1510 870 1554 ventum
902 1499 1200 1556 Salvatoris
1229 1500 1283 1554 in
1324 1515 1490 1555 carne
1517 1508 1572 1554 et
1593 1500 1856 1570 judicium
1889 1502 2005 1572 ejus
2029 1503 2246 1558 univer-

647 1592 782 1656 sale,
809 1590 1063 1660 quojusti
1093 1600 1429 1647 coronantur
1457 1600 1513 1646 et
1546 1595 2242 1662 peccatores.damnantur,

646 1681 896 1736 caelestes
920 1689 976 1736 et
1003 1689 1293 1736 terrestres
1314 1690 1580 1736 creatum
1615 1681 1776 1736 simul
1813 1683 1867 1736 in
1909 1683 2122 1738 laudem
2158 1683 2242 1739 sui

643 1776 1020 1831 coadunantur
1061 1775 1372 1830 Conditoris
1394 1817 1409 1840 ,
1464 1783 1519 1829 et
1561 1789 1742 1858 regem
1773 1773 2050 1830 Christum
2081 1791 2243 1846 super

2353 597 2562 660 terpres
2573 599 2760 647 noster
2779 593 2988 661 beatus,
3007 597 3240 654 videlicet
3267 601 3716 681 Hieronymusnestatur

2351 680 2445 735 sed
2475 695 2540 735 ex
2563 679 2729 749 Lxx,
2762 683 2848 740 vel
2892 685 3119 742 aliorum
3160 670 3464 763 interpretum
3496 670 3727 771 abii};

2352 774 2496 828 ditus
2523 782 2608 829 est
2628 817 2643 840 ,
2678 775 2770 830 ubi
2797 785 2854 832 et
2879 787 3006 832 ante
3033 789 3270 837 narratur
3288 789 3409 854 quod
3431 795 3596 862 angelus
3608 799 3727 862 Domini

2351 868 2691 924 descenderit
2719 885 2842 925 cum
2871 872 3064 927 Azaria
3101 883 3154 928 et
3180 879 3327 933 sociis
3358 880 3454 950 ejus
3475 885 3515 940 in
3550 889 3714 950 fornacem

2349 968 2405 1015 et
2428 961 2729 1016 excusserit
2771 962 3044 1020 ﬂammam
3074 966 3204 1037 ignis
3243 970 3302 1024 de
3340 971 3533 1041 fornace,
3553 990 3590 1033 et
3626 944 3727 1043 leucri;

2348 1052 2584 1106 medium
2618 1051 2853 1110 fornacis
2879 1056 3035 1125 quasi
3063 1070 3266 1112 ventum
3292 1063 3414 1118 roris
3440 1063 3726 1136 ﬁatttem,etnon

2348 1146 2586 1215 tetigerit
2617 1161 2711 1200 eos
2749 1149 2971 1204 omnino
2999 1149 3150 1221 ignis,
3169 1168 3326 1224 neque
3349 1161 3659 1230 contristarerit,
3677 1187 3726 1226 te:

2345 1236 2639 1307 quidquam
2665 1239 2927 1294 molestia:
2976 1242 3232 1298 intulerit.
3262 1246 3422 1305 Potest
3445 1262 3490 1306 et
3523 1254 3586 1313 hic
3604 1263 3726 1331 angelus

2345 1329 2580 1395 Domini,
2605 1331 2698 1399 qui
2719 1331 3000 1388 descendit
3049 1351 3168 1391 cum
3225 1341 3378 1395 tribus
3395 1346 3539 1412 pueris
3576 1350 3611 1402 in
3639 1329 3726 1408 cami-

2343 1437 2471 1476 num
2513 1423 2652 1492 ignis
2674 1425 2936 1492 ardentis,
2961 1437 3015 1482 et
3051 1443 3144 1484 eos
3183 1434 3394 1500 protexit
3418 1438 3473 1490 ab
3496 1441 3629 1496 ardore
3645 1443 3725 1499 llata-

2343 1529 2578 1581 marum,
2639 1517 2816 1587 typice
2868 1519 3176 1589 signiﬁcare
3223 1525 3469 1582 Dominum
3509 1529 3723 1598 Salutarem,

2343 1623 2502 1677 quem
2543 1610 2804 1678 pr0pheta
2841 1614 3021 1683 magni
3064 1617 3263 1670 consilii
3305 1620 3509 1690 angelum
3539 1627 3723 1688 nominaut,

2341 1713 2406 1753 eo
2434 1699 2574 1769 quod
2598 1715 2709 1756 suae
2732 1709 2786 1756 et
2822 1713 3066 1773 patcrme
3087 1711 3411 1766 annuntiator
3442 1725 3508 1768 est
3541 1718 3722 1774 voluntatis.

2341 1788 2440 1845 Hic
2461 1807 2674 1861 quoque
2698 1794 2980 1850 descendit
3008 1797 3060 1851 in
3087 1799 3225 1855 hunc
3245 1804 3483 1870 mundum,
3506 1808 3570 1862 ubi
3593 1825 3723 1865 metu

641 1867 822 1921 οῐηηὶἱι
857 1874 1175 1937 regnantem
1200 1873 1365 1962 1W1“?
1401 1864 1773 1920 dominantem
1799 1865 2027 1962 390mm
2052 1874 2106 1962 (ξι
2145 1880 2238 1919 νε·
2266 1868 2315 1928 Β
2341 1882 2588 1949 fusionis,
2621 1886 2673 1940 id
2699 1895 2801 1952 est,
2851 1889 3099 1947 diabolus
3144 1892 3420 1961 fornacem,
3447 1865 3525 1952 hoc
3544 1910 3612 1962 est,
3638 1906 3721 1955 corda

640 1967 900 2013 nerantur
927 1959 981 2012 in
1004 1966 1287 2012 aeternum.
1315 1956 1471 2024 Quod
1493 1964 1674 2011 autem
1701 1957 1945 2025 sequitur
1970 1975 1982 2008 :
2013 1975 2030 2006 ε
2061 1954 2234 2010 Laata-

640 2048 796 2113 mini,
813 2056 1021 2120 gentes,
1037 2048 1198 2103 simul
1218 2063 1339 2103 cum
1358 2048 1554 2118 populo
1567 2046 1683 2116 ejus
1703 2055 1756 2102 et
1781 2048 2233 2103 conﬁrmenteum

637 2153 829 2193 omnes
860 2139 954 2192 ﬁlii
987 2138 1115 2204 Dei,
1155 2157 1174 2190 ι
1211 2138 1352 2192 idem
1375 2146 1478 2204 est,
1514 2139 1641 2207 quia
1666 2136 1906 2192 Ecclesia
1937 2135 2138 2191 Christi
2165 2151 2235 2192 ex

635 2227 836 2284 Iudaeis
879 2239 934 2284 et
973 2230 1222 2301 gentibus
1250 2240 1572 2301 congregata
1597 2269 1611 2293 ,
1642 2236 1926 2298 postquam
1954 2229 2008 2282 in
2054 2243 2236 2284 resur-

639 2322 880 2376 rectione
928 2324 1109 2376 carnis
1160 2321 1621 2377 immortalitatem
1665 2329 1721 2376 et
1768 2322 2231 2390 incorruptionem

637 2413 907 2466 veraciter
933 2413 1198 2482 percipit,
1244 2414 1348 2467 hoc
1397 2412 1681 2466 conﬁrmat
1725 2411 1894 2477 facto,
1926 2398 2070 2482 quod
2103 2424 2231 2468 ante

635 2503 1031 2557 testiﬁcabatur
1058 2504 1245 2558 verbo.
1282 2503 1560 2574 Sequitur.

719 2609 736 2648 t'
774 2594 1042 2666 Laudate,‘
1069 2608 1280 2671 gentes,
1305 2601 1559 2671 populum
1592 2601 1728 2672 ejus,
1760 2601 1886 2672 quia
1909 2603 2230 2674 sanguinem

639 2709 658 2741 ‹
694 2703 971 2746 servorum
1001 2706 1222 2746 suorum
1271 2692 1566 2748 ulciscetur
1611 2701 1663 2748 et
1721 2694 2015 2750 vindictam
2061 2695 2226 2750 retri-

635 2782 814 2853 gbuet
837 2783 892 2835 in
921 2782 1102 2838 hostes
1151 2797 1362 2840 eorum.
1397 2804 1413 2837 ι
1472 2784 1590 2839 Alia
1629 2785 1834 2842 editio:
1869 2804 1887 2837 ι
1917 2786 2052 2851 Quia
2104 2801 2228 2841 saa-

627 2875 748 2946 guis
788 2855 1023 2930 ﬁliorum
1053 2876 1171 2946 ejus
1212 2875 1551 2944 defenditur,
1586 2887 1641 2934 et
1667 2877 1926 2946 defendit,
1973 2888 2025 2935 et
2074 2880 2229 2934 retri-

626 2971 787 3024 buam
808 2968 1072 3040 judicium
1097 2971 1357 3037 inimicis,
1385 2979 1439 3026 et
1467 2970 1554 3026 his
1582 2973 1673 3041 qui
1695 2971 1928 3026 oderunt
1946 2989 2070 3028 eum
2102 2970 2239 3027 red-‘

625 3061 733 3116 det.
775 3081 793 3113 ι
835 3061 1156 3118 Laudabunt
1179 3078 1371 3119 omnes
1395 3073 1581 3135 gentes
1601 3065 1855 3135 populum
1873 3065 1990 3132 Dei,
2008 3070 2223 3137 quando

624 3155 878 3209 viderunt
905 3155 1197 3226 gloriosam
1235 3171 1497 3225 apparere
1533 3157 1587 3210 in
1621 3167 1914 3226 conspectu
1961 3159 2218 3218 Condito-

2338 1974 2644 2045 iniquorum
2677 1978 2801 2050 igne
2831 1981 3146 2052 cupiditatis
3167 1994 3316 2054 atque
3338 1987 3524 2044 luxuria:
3539 1989 3721 2050 inﬂammat.

2337 2076 2396 2122 ut
2415 2068 2544 2124 flatu
2569 2069 2802 2154 Spiritus
2827 2079 3001 2130 sancti
3027 2094 3121 2148 per
3145 2082 3354 2150 gratiam
3377 2098 3500 2137 suam
3516 2085 3722 2142 electossztos

2336 2160 2404 2215 ab
2428 2162 2533 2216 hoc
2561 2163 2684 2233 igne
2714 2174 2894 2220 servet
2954 2167 3168 2234 illaesos,
3208 2182 3444 2240 quatenus
3477 2174 3564 2242 ejus
3592 2175 3722 2230 laudibus

2335 2251 2525 2306 intenti
2567 2269 2664 2324 pro
2686 2257 2971 2328 ereptione
2991 2275 3089 2314 sua
3119 2261 3312 2331 gratias
3351 2264 3543 2317 referant
3571 2264 3722 2319 liberatori

2335 2359 2453 2399 suo.
2479 2345 2556 2399 De
2581 2363 2687 2416 quo
2710 2349 2997 2404 subditur:

2407 2457 2426 2489 ι
2464 2439 2614 2496 Tunc
2674 2441 2728 2496 hi
2770 2451 2901 2510 tres,
2931 2445 3087 2514 quasi
3126 2461 3187 2501 ex
3224 2462 3322 2502 uno
3362 2462 3442 2504 ore
3483 2447 3669 2503 laudabant
3693 2459 3720 2503 et

2341 2547 2357 2580 ι
2389 2529 2766 2600 gloriﬁcabant
2796 2541 2853 2587 et
2893 2533 3281 2591 benedicebant
3307 2537 3539 2592 Dominum
3559 2539 3592 2591 in
3607 2538 3722 2591 fornace

2335 2641 2352 2673 ι
2381 2623 2642 2678 dicentes.
2687 2643 2705 2677 ι
2742 2625 2832 2680 lsti
2853 2639 2985 2697 ergo
3015 2634 3128 2682 tres
3155 2628 3272 2694 viri,
3301 2629 3379 2698 qui
3407 2631 3528 2700 quasi
3543 2646 3588 2685 ex
3605 2645 3722 2684 uooott

2327 2713 2621 2769 laudabant
2644 2724 2699 2771 et
2719 2716 2854 2787 glori
2863 2716 3100 2772 ﬁcahant
3119 2727 3165 2773 et
3193 2718 3532 2776 benedicebant
3548 2721 3720 2780 Dominum,

2327 2805 2635 2876 significant
2661 2807 2864 2864 electos
2895 2808 3010 2872 Dei,
3041 2811 3134 2880 qui
3171 2811 3222 2866 in
3257 2821 3434 2868 sancta:
3455 2811 3647 2866 Trinitatis
3668 2811 3719 2864 ﬁde
3781 2867 3784 2876 ,

2327 2895 2539 2950 solidati
2577 2912 2741 2952 unum
2771 2899 2939 2953 Deum
2965 2900 3206 2966 Patrem,
3234 2910 3285 2956 et
3329 2901 3508 2965 Filium,
3527 2910 3564 2956 et
3579 2899 3720 2969 Spiritum

2325 2998 2569 3042 sanctum
2602 2991 2847 3056 adorant,
2879 2993 3067 3048 colunt
3095 3001 3149 3048 et
3185 2993 3466 3063 prtedicant,
3497 2991 3642 3045 laudant
3660 2989 3721 3057 qui-

2324 3078 2447 3133 dem
2477 3096 2600 3135 eum
2627 3091 2772 3137 recta
2798 3084 3123 3140 credulitate
3150 3104 3163 3140 :
3205 3085 3577 3156 gloriﬁcantvera
3606 3080 3718 3136 confes-

2324 3170 2494 3235 sione,
2527 3180 2582 3227 et
2609 3173 2938 3230 benedicunt
2967 3177 3112 3232 bona
3155 3176 3458 3246 operatione.
3496 3174 3601 3230 Unde
3636 3171 3719 3226 etiam

624 3248 702 3302 ris
734 3246 814 3304 Sui
843 3249 1136 3304 Ecclesiam
1173 3249 1292 3313 Dei,
1320 3257 1374 3302 et
1401 3257 1776 3319 persecutores
1809 3250 1924 3320 ejus
1950 3269 2048 3324 pro
2078 3253 2217 3310 effu-
2245 3234 2291 3296 C
2324 3263 2672 3317 concorditer
2694 3265 2881 3319 dicunt
2920 3284 2932 3319 :

624 3355 684 3394 so
708 3357 738 3394 a
767 3355 826 3394 se
859 3341 1122 3410 sanguine
1157 3349 1479 3412 martyrum,
1506 3348 1561 3395 et
1596 3341 1850 3398 omnibus
1877 3345 2034 3399 malis
2094 3363 2215 3416 quae

624 3431 677 3482 in
720 3430 822 3482 hac
874 3430 982 3482 vita
1026 3437 1334 3500 gesserunt,
1361 3445 1458 3500 per
1504 3430 1864 3502 malignorum
1923 3434 2213 3503 spirituum

623 3519 985 3574 ministerium
1016 3522 1220 3576 retrudi
1251 3523 1304 3576 in
1345 3523 1646 3592 gehennam
1677 3524 1814 3595 ignis
1835 3528 2043 3582 aeterni.
2064 3528 2215 3587 Tunc

623 3608 766 3663 enim
813 3619 868 3664 et
899 3608 1024 3664 boni
1063 3610 1263 3667 bonum
1313 3615 1456 3683 quod
1495 3613 1679 3668 vident
1722 3614 2038 3684 laudabunt,
2086 3621 2211 3690 quia

620 3703 903 3772 praemium
927 3704 1128 3774 placet,
1162 3705 1305 3775 quod
1331 3705 1628 3773 habebunt,
1657 3715 1710 3762 et
1756 3709 1905 3780 impii
1954 3711 2006 3764 in
2037 3714 2213 3781 poenis

621 3792 918 3859 constituti,
947 3794 1074 3850 licet
1112 3811 1254 3861 sero,
1282 3811 1380 3866 pro
1405 3797 1546 3853 malo
1570 3800 1710 3868 quod
1734 3812 2018 3871 gesserunt
2037 3807 2210 3873 ι)ωηὶ-

624 3887 831 3952 tebunt,
857 3903 979 3942 cum
1002 3889 1237 3944 viderint
1263 3889 1490 3961 gloriam
1523 3903 1832 3948 sanctorum
1882 3896 2206 3965 clarescere,

621 3989 784 4046 quam
811 3991 915 4030 non
949 3988 1305 4048 speraverunt
1336 3997 1348 4032 :
1379 3997 1398 4030 ‹
1426 3978 1718 4037 Gementes
1747 3985 1890 4038 enim
1931 3986 1983 4039 in
2039 4003 2209 4059 angu-

622 4068 740 4123 stiis
767 4071 1050 4125 constituti
1079 4071 1261 4125 dicent
1292 4072 1432 4126 intra
1457 4087 1515 4128 se
1539 4075 1916 4143 paenitentiam
1941 4089 2164 4150 agentes
2192 4101 2204 4137 :

621 4160 686 4216 Hi
719 4171 862 4227 sunt,
891 4179 1028 4234 quos
1077 4164 1364 4234 aliquando
1395 4167 1680 4222 habuimus
1707 4169 1758 4222 in
1787 4171 2025 4227 derisum
2076 4184 2130 4229 et
2152 4175 2207 4229 in

2398 3369 2416 3402 ι
2467 3351 2793 3409 Benedictus
2813 3370 2893 3420 es,
2920 3357 3148 3412 Domine
3178 3356 3314 3412 Deus
3331 3364 3508 3426 patrum
3527 3361 3720 3408 nostroma.

2325 3461 2344 3494 ι
2382 3453 2438 3498 et
2469 3445 2758 3502 laudabilis
2786 3456 2842 3503 et
2866 3448 3137 3519 gloriosus
3170 3461 3225 3506 et
3257 3449 3603 3522 superexaltatus
3628 3445 3720 3496 ius:~

2325 3555 2344 3588 ι
2374 3537 2517 3592 cuia.
2555 3557 2575 3590 ι
2607 3540 2749 3595 Deus
2775 3556 2906 3612 ergo
2929 3553 3240 3601 nostrorum
3264 3545 3560 3600 Dominusest
3585 3536 3717 3591 Claram:

2317 3646 2436 3684 cum
2452 3631 2613 3688 Patre
2638 3642 2695 3688 et
2715 3633 2918 3705 Spiritu
2945 3647 3138 3693 sancto
3163 3655 3293 3692 unus
3308 3645 3358 3693 et
3377 3636 3623 3705 omnipotens
3635 3627 3716 3680 Deis.

2315 3739 2474 3792 quem
2507 3725 2790 3782 coluerunt
2835 3733 3189 3799 patriarchze,
3216 3733 3523 3787 laudaverunt
3548 3721 3716 3796 ρωρῢθιτθ

2312 3816 2745 3885 praedicaverunt
2793 3823 3046 3891 apostoli,
3076 3826 3248 3879 omnis
3274 3822 3450 3878 Christi
3469 3815 3640 3874 Ecclesia
3654 3825 3716 3863 (119-

2314 3903 2514 3958 litetur.
2555 3905 2655 3961 Hic
2703 3924 2918 3980 semper
2968 3923 3108 3978 erat,
3149 3923 3248 3978 est,
3279 3921 3329 3967 et
3353 3911 3443 3966 erit
3480 3902 3716 3960 laudabilis»:

2312 3995 2581 4066 gloriosus
2610 4007 2663 4052 et
2691 4015 2852 4070 super
2878 4019 3070 4060 omnes
3098 4012 3364 4060 creaturas
3405 3995 3716 4060 exaltatusregﬂil

2310 4088 2364 4142 in
2393 4091 2586 4146 saecula
2615 4092 2954 4150 szeculorum.

2387 4199 2404 4231 ι
2433 4182 2742 4239 Benedicite
2777 4188 2953 4241 omnia
2991 4204 3154 4259 opera
3186 4187 3382 4245 Domini
3408 4173 3711 4242 Dominumnlie-

618 4253 1023 4309 similitudinem
1062 4256 1396 4326 improperii,
1435 4273 1533 4313 nos
1567 4260 1825 4316 insensati
1871 4265 2039 4318 vitam
2090 4266 2208 4322 illo-
2307 4275 2807 4333 neralilaudatione
2825 4253 3126 4350 prmmissa,
3150 4285 3285 4354 quod
3320 4282 3470 4338 omnis
3488 4285 3654 4333 creatura
3671 4267 3714 4318 dt-

621 4361 740 4400 rum
765 4346 1169 4402 aestimabamus
1211 4347 1490 4404 infamiam
1527 4358 1582 4405 et
1611 4352 1772 4406 ﬁnem
1825 4353 2037 4410 illorum
2087 4357 2205 4413 sine
2306 4364 2432 4420 beat
2497 4365 2716 4425 laudare
2783 4346 3122 4440 Dominum,
3167 4346 3226 4431 in
3281 4369 3632 4444 consequentibus
3668 4373 3714 4429 να

616 4439 840 4541 honore.
891 4438 1173 4505 Quomodo
1221 4453 1351 4510 ergo
1380 4445 1693 4541 “computati
1721 4454 1847 4541 sunt
1873 4446 2014 4501 inter
2066 4448 2205 4506 ﬁlios
2305 4468 2488 4528 partes
2527 4462 2765 4533 singulas
2792 4464 3042 4521 hortatur
3070 4438 3282 4541 angelos
3307 4479 3355 4524 et
3386 4438 3533 4528 ctelos,
3552 4459 3712 4528 aquas!"

617 4527 712 4580 Dei
737 4538 792 4582 et
816 4529 956 4582 inter
984 4537 1201 4584 sanctos
1231 4543 1352 4585 sors
1379 4530 1594 4586 illorum
1625 4535 1747 4589 est?
1778 4533 1930 4606 (Sap.
1955 4539 2032 4610 v.)

692 4639 709 4669 ι
739 4618 804 4672 Ει
851 4620 1114 4691 propitius
1162 4621 1268 4676 erit
1325 4622 1582 4678 Dominus
1609 4637 1766 4680 terra:
1793 4627 1974 4697 populi
2022 4629 2126 4684 sui.
2174 4651 2194 4684 ι

613 4707 729 4762 Alia
778 4709 987 4765 editio:
1042 4729 1062 4762 ι
1103 4711 1170 4765 Ει
1229 4714 1544 4768 emundabit
1570 4725 1772 4771 terram
1803 4719 1980 4788 populi
2031 4722 2135 4775 sui.
2176 4743 2194 4776 ι

613 4799 936 4856 Emundabit
987 4818 1115 4874 ergo
1155 4804 1416 4861 Dominus
1457 4816 1660 4862 terram
1709 4811 1889 4879 populi
1931 4811 2034 4878 sui,
2087 4814 2201 4870 sive

613 4895 876 4964 propitius
915 4897 1021 4951 erit
1047 4906 1204 4953 teme
1246 4899 1426 4968 populi
1471 4901 1576 4967 sui,
1625 4902 1844 4970 quando
1901 4904 2198 4962 Ecclesiam

613 5001 788 5046 suam,
811 5001 972 5055 quam
1002 4989 1262 5044 hactenus
1286 4992 1508 5061 regebat
1535 4992 1588 5045 in
1620 4993 1864 5048 adversis
1903 5010 2004 5065 per
2040 4997 2200 5050 mini-

521 5141 538 5160 .
613 5086 753 5132 stros
803 5094 930 5134 suos
975 5080 1043 5134 ab
1063 5081 1316 5136 omnibus
1358 5084 1626 5139 scandalis
1648 5095 1855 5139 erutam
1881 5085 2045 5156 atque
2066 5103 2194 5158 pur-

611 5176 791 5237 gatam
822 5179 1073 5240 perpetua
1095 5187 1228 5242 pace
1257 5172 1525 5228 fruentem
1575 5176 1756 5230 vivere
1802 5176 1930 5232 facit
1971 5179 2024 5232 in
2066 5194 2194 5250 pro-

610 5261 781 5327 speris
801 5261 948 5331 regni
963 5262 1219 5328 ctelestis,
1240 5264 1331 5317 ubi
1356 5264 1474 5320 sine
1501 5264 1606 5321 ﬁne
1636 5268 1910 5338 gaudebit,
1932 5278 1987 5325 et
2008 5270 2193 5330 laudes

612 5347 838 5404 Domino
867 5351 1021 5405 simul
1045 5367 1168 5406 cum
1203 5354 1407 5409 sanctis
1450 5356 1502 5410 in
1525 5365 1788 5414 aeternum
1817 5361 2080 5417 cantabit.

625 5485 2190 5520 ..___.________________

1288 5577 1523 5622 INCIPIT

835 5700 1166 5764 HYMNUS
1208 5705 1459 5767 TRIUM
1501 5707 1960 5772 PUERORUM.

2310 4552 2426 4622 (ιυθὶ
2455 4552 2704 4620 Virtutes.
2755 4555 2924 4611 solem
2961 4567 3017 4614 et
3071 4561 3269 4626 lunam,
3314 4561 3508 4616 imbrem
3539 4563 3578 4609 et
3602 4556 3710 4603 rorem.

2312 4639 2594 4712 Spiritum,
2623 4644 2799 4714 ignem
2825 4655 2879 4701 et
2905 4657 3168 4716 testatem,
3200 4650 3357 4722 frigus
3383 4657 3427 4703 et
3455 4645 3711 4702 aestumetur

2311 4739 2444 4796 tera,
2478 4748 2596 4802 quae
2625 4733 2841 4807 longum
2871 4748 2952 4793 est
2985 4749 3186 4807 texere,
3216 4742 3283 4796 ita
3309 4748 3359 4795 ut
3382 4738 3526 4794 fontes
3542 4726 3711 4802 (ιυοψιεεί

2307 4827 2478 4880 maria
2508 4842 2571 4882 ac
2596 4827 2815 4886 ﬁumina
2835 4871 2850 4897 ,
2879 4843 3052 4889 custos
3101 4844 3154 4890 et
3191 4833 3415 4890 volucres
3460 4823 3668 4885 bestiaﬂlne
3685 4818 3711 4906 έί

2306 4931 2500 4986 pecora
2522 4918 2588 4972 ad
2619 4918 2832 4976 laudem
2856 4923 3069 4979 Domini
3107 4931 3368 4996 provocet,
3412 4927 3457 4974 et
3494 4907 3710 5004 ﬁlios

2305 5024 2454 5075 num,
2490 5018 2545 5064 et
2571 5021 2695 5081 post
2720 5029 2880 5070 omne
2908 5017 3099 5072 horum
3124 5033 3284 5089 genus
3304 5011 3529 5071 lsraelem,
3547 5001 3637 5058 etde
3650 5001 3709 5060 lim

2303 5100 2473 5157 Israel
2490 5105 2798 5161 sacerdotes
2819 5116 2873 5162 et
2892 5123 3078 5164 servos
3120 5108 3337 5172 Domini,
3363 5101 3551 5174 Spiritus
3570 5089 3706 5147 animas-

2302 5210 2408 5265 que
2459 5194 2754 5265 jUSlOI'lIm,
2809 5211 3027 5258 sanctos
3063 5211 3118 5258 et
3149 5201 3361 5258 humiles
3387 5194 3535 5255 corde,
3553 5195 3590 5241 et
3608 5180 3706 5234 adet-

2298 5292 2536 5341 tremum»
2562 5287 2848 5358 Ananiam,
2873 5293 3120 5350 Azariam
3146 5302 3198 5348 et
3215 5288 3479 5349 Misaeletn,
3502 5279 3568 5352 qui
3585 5267 3706 5362 ad“?

2299 5375 2397 5433 des
2417 5376 2628 5434 Domini
2669 5385 2926 5451 praesenti
2961 5383 3220 5441 beneﬁcio
3255 5381 3566 5453 pmvocantur.

2300 5479 2480 5525 autem
2514 5481 2786 5540 creatura,
2819 5491 2922 5531 non
2949 5492 3115 5542 voce,
3154 5451 3418 5543 sed—Opere
3442 5461 3577 5518 laud"
3600 5451 3703 5543 Do

2291 5579 2440 5629 num,
2474 5566 2601 5635 quia
2626 5581 2692 5621 ex
2716 5571 2980 5626 creaturis
3007 5575 3376 5640 consequenter
3400 5565 3566 5616 creator
3567 5537 3700 5642 ξηξευξ·

2288 5654 2433 5724 gitur
2452 5663 2508 5710 et
2536 5657 2587 5710 in
2605 5657 2828 5728 singulis
2851 5659 3100 5729 operibus
3139 5636 3290 5728 atque
3325 5636 3701 5736 eﬂ'ectibus
3788 5719 3789 5736 χ

2285 5745 2594 5816 gnilicentia
2619 5724 3038 5804 demonstratur.
3061 5749 3160 5805 Sed
3177 5724 3290 5818 quia
3318 5739 3458 5798 David
3477 5738 3516 5791 in
3536 5724 3698 5785 Psalteno

679 5815 922 5894 Hymnus
944 5824 1103 5879 trium
1134 5842 1446 5898 puerorum,
1477 5846 1639 5903 quem
1664 5831 1900 5888 Danielis
1943 5835 2179 5905 prophe-
2278 5815 2396 5906 pari
2421 5837 2579 5892 modo
2609 5838 2790 5894 omnia
2818 5855 2982 5909 opera
3005 5815 3226 5901 Domini,
3251 5837 3341 5890 hoc
3355 5840 3440 5889 est.
3464 5819 3696 5880 omnese”
