3936 6328
90 331 240 392 1155

789 332 1149 398 COMMENT.
1187 333 1258 394 IN
1294 335 1594 398 CANTICA
1630 335 1691 412 Ql

1834 337 1928 399 AD
1964 335 2238 399 LAUDES
2273 335 2654 398 DICUNTUR.

3231 340 3370 400 1154

87 451 269 506 tui-as,
292 441 360 495 ad
382 440 809 499 benedicendum
846 454 900 500 et
921 447 990 502 ad
1015 446 1344 505 laudandum
1367 450 1535 506 Deum
1554 465 1677 521 pro-
1702 456 1758 517 Α
1780 449 2020 506 deﬂuunt
2051 466 2170 506 esse
2192 466 2300 506 non
2320 451 2542 506 dubium
2571 458 2678 516 est,
2708 457 2938 505 testante
2959 450 3097 507 libro
3120 451 3368 518 Genesis,

83 544 274 598 vocat,
329 542 498 590 restat
543 543 604 589 ut
643 537 782 592 sicut
811 538 1108 597 historicus
1155 542 1288 598 ordo
1337 542 1440 598 iste
1467 542 1686 598 benedi-

83 628 290 684 ctionis
314 637 480 699 atque
518 629 805 687 laudabilis
854 642 1054 700 exstat,
1081 635 1155 690 ita
1199 644 1256 690 et
1281 635 1526 706 mysterii
1568 634 1686 706 ejus

82 737 285 778 sensus
305 722 566 794 spiritalis
577 723 802 796 singulis
825 727 1112 796 speciebus
1129 729 1517 786 convenienter
1536 736 1686 799 apte—

83 825 198 870 tur.
227 815 372 871 Dicit
391 815 534 871 enim
562 816 732 872 David
757 817 918 888 juxta
974 819 1135 874 linem
1184 820 1468 876 centesimi
1506 829 1562 874 et
1602 835 1686 876 se-

83 905 252 961 cundi
276 905 502 972 Psalmi,
531 921 692 977 quem
719 908 788 962 ad
812 909 1241 965 benedicendum
1266 911 1434 966 Deuni
1460 924 1684 981 compo-

83 1000 222 1067 suit,
251 1001 326 1055 ita
359 1019 371 1053 :
413 1020 433 1052 ‹
467 999 776 1056 Benedicite
821 1001 1107 1058 Dominum
1153 1005 1336 1058 omnia
1363 1019 1547 1076 Opera'
1570 1001 1686 1072 ejus

85 1091 144 1147 in
165 1093 314 1148 omni
341 1093 461 1150 loco
491 1094 874 1152 dominationis
902 1094 1038 1165 ejus.
1075 1115 1095 1148 ι
1126 1095 1396 1152 Admonet
1419 1111 1548 1166 ergo
1570 1096 1685 1166 ipsa

87 1200 257 1255 opera
307 1186 522 1242 Domini
569 1199 849 1243 auctorem
899 1204 1057 1244 suum
1103 1188 1300 1244 debere
1338 1189 1580 1254 laudare,
1627 1194 1687 1242 ut

89 1288 311 1333 terrena
360 1279 710 1350 caelestiaque
757 1281 1133 1347 concluderet,
1161 1298 1288 1337 nam
1336 1298 1459 1338 cum
1513 1289 1685 1336 totum

87 1384 227 1440 opus
243 1367 359 1438 ejus
393 1370 486 1436 sit,
519 1371 702 1426 omnia
732 1371 932 1427 debent
954 1389 1112 1428 suum
1159 1373 1483 1429 benedicere
1523 1371 1684 1428 Crea-

88 1469 291 1527 torem,
331 1464 463 1518 etin
487 1463 636 1517 omni
679 1462 802 1518 loco
831 1463 1220 1518 dominationis
1245 1462 1381 1532 ejus,
1411 1463 1536 1533 quia
1579 1461 1685 1517 sic-

89 1560 150 1607 ut
192 1552 340 1607 nulla
383 1562 635 1609 creatura
659 1570 692 1608 a
727 1553 977 1610 laudibus
1019 1555 1235 1610 Domini
1273 1553 1498 1623 jubetur
1539 1553 1687 1608 exci-

87 1645 168 1715 pi,
192 1645 269 1700 ita
295 1661 397 1700 nec
437 1645 587 1702 locus
621 1645 908 1717 quisquam
947 1646 1293 1717 relinquitur,
1316 1646 1408 1716 qui
1435 1644 1532 1699 tali
1570 1659 1687 1698 mu-

87 1754 220 1793 nere
241 1749 575 1813 segregetur.
592 1739 728 1795 Nam
748 1756 871 1796 eum
898 1741 1127 1796 dicitur:
1157 1760 1175 1792 ι
1206 1741 1261 1795 in
1282 1739 1429 1794 omni
1451 1739 1570 1794 loco
1591 1738 1686 1793 do-

1785 543 1930 615 quod
1957 551 2246 598 cataracta:
2270 543 2393 598 coeli
2440 552 2639 613 aperta:
2673 543 2802 610 sint,
2829 551 2885 598 et
2916 543 3056 598 facta
3091 545 3162 598 sit
3189 545 3372 616 pluvia
3453 587 3456 590 .

1764 650 1948 706 ,super
1968 642 2169 690 terram
2218 633 2574 705 quadraginta
2603 634 2794 689 diebus
2828 642 2884 688 et
2904 634 3256 706 quadraginta
3271 650 3373 688 no-

1785 729 1984 795 ctibus,
2019 736 2147 794 etc.,
2171 728 2315 798 quod
2340 743 2446 783 non
2473 728 2608 784 adeo
2630 742 2874 798 qurerere
2894 727 3253 782 necessarium
3267 732 3370 792 cst,

1784 821 2001 891 quando
2045 829 2138 875 aut
2186 836 2285 890 per
2341 835 2419 886 se,
2456 820 2550 874 aut
2573 834 2670 890 per
2707 819 3038 874 substantias
3085 815 3374 872 rationales

1784 910 2007 968 laudare
2031 912 2317 967 Dominum
2345 913 2528 967 omnia
2566 919 2992 966 commonentur.
3379 946 3413 993 ο

1860 1025 1880 1058 ‹
1915 1005 2245 1072 Benedicite,
2270 1021 2457 1061 omnes
2483 1005 2714 1061 virtutes
2739 1004 2974 1069 Domini,
3011 1001 3315 1058 Dominum.
3349 1021 3367 1053 ι

1785 1096 2175 1154 Devirtutibus
2225 1096 2322 1151 Dei
2377 1095 2578 1151 dicitur
2600 1095 2654 1149 in
2699 1093 2950 1166 psalmo:
3007 1113 3024 1143 ι
3061 1091 3375 1146 Benedicite

1785 1182 2100 1258 Dominum,
2131 1207 2323 1247 omnes
2351 1191 2582 1246 virtutes
2609 1189 2726 1259 ejus
2746 1199 2802 1246 et
2845 1189 3077 1244 ministri
3123 1187 3259 1257 ejus,
3284 1189 3374 1258 qui

1785 1281 1968 1338 facitis
1991 1282 2325 1340 voluntatem
2376 1283 2495 1352 ejus
2537 1280 2710 1354 (Psal.
2752 1280 2867 1353 cn).
2903 1300 2920 1332 ι
2983 1281 3244 1348 Quoniam
3287 1280 3375 1334 illa

1788 1372 2034 1428 sublimis
2089 1373 2496 1443 spiritualisque
2550 1372 2848 1427 substantia
2884 1372 3162 1426 beatorum
3202 1370 3377 1441 Ange-

1787 1465 1986 1530 lorum,
2014 1483 2135 1521 cum
2167 1467 2454 1521 Dominum
2493 1475 2802 1531 centuetur,
2833 1465 2904 1519 ibi
2941 1465 3222 1520 veritatem
3263 1463 3377 1532 ejus

1787 1558 2084 1614 voluntatis
2139 1559 2405 1628 agnoscit,
2434 1573 2535 1613 nec
2572 1572 2708 1626 opus
2759 1565 2842 1611 est
2876 1556 3022 1625 loqui
3074 1557 3269 1626 quibus
3317 1571 3378 1610 se

1789 1651 2044 1708 divinitas
2086 1650 2377 1720 propitiata
2400 1649 2684 1720 patefacit;
2744 1664 2852 1704 non
2888 1649 3033 1704 enim
3067 1647 3234 1711 Deus,
3258 1660 3379 1698 ver-

1787 1740 1980 1796 berato
2019 1757 2146 1796 aere
2168 1741 2428 1810 loquitur,
2451 1741 2545 1796 sed
2571 1741 2927 1811 inspiramine
2955 1755 3054 1795 suo
3079 1739 3381 1793 voluntates

86 1831 407 1886 nnuationis
426 1829 567 1900 ejus,
607 1851 626 1884 ι
661 1832 796 1887 nihil
819 1833 1110 1903 excipitur,
1134 1833 1260 1902 quia
1285 1833 1487 1903 ubique
1510 1831 1683 1886 domi-
1710 1820 1760 1882 Β
1786 1846 1976 1888 eorum
2003 1833 2072 1887 ad
2101 1848 2260 1889 suum
2288 1832 2425 1887 velle
2451 1832 2740 1888 convertit.

86 1929 272 1987 natur,
302 1921 617 1993 significans
641 1922 780 1978 forte
804 1923 1104 1979 Eeclesiaxn
1161 1923 1482 1980 catholicam
1507 1964 1523 1989 ,
1562 1938 1682 1993 qua:

83 2027 188 2081 per
212 2021 382 2068 totum
410 2016 670 2070 mundum
692 2025 830 2082 erat,
863 2016 1091 2072 Domino
1111 2025 1424 2088 prmstante,
1449 2015 1684 2070 creditu-

87 2123 185 2174 ra;
215 2109 332 2178 ipsa
378 2111 525 2166 enim
554 2112 756 2182 ubique
810 2111 1097 2167 Dominum
1139 2112 1428 2176 benedicit,
1485 2111 1685 2181 ubique

86 2201 367 2257 collaudat
403 2211 460 2257 et
524 2203 833 2274 hymnidica
897 2204 1262 2260 exsultatione
1319 2203 1681 2260 concelebrat.

87 2292 249 2360 Quod
272 2303 454 2349 autem
484 2293 539 2349 in
583 2295 960 2351 benedictione
991 2296 1152 2350 trium
1186 2311 1481 2367 puerorum
1501 2295 1685 2366 singu-

84 2383 161 2440 lis
187 2385 434 2440 versibus
464 2385 829 2457 subjungitur,
1302 2459 1306 2463 _

170 2494 189 2527 σ
225 2475 468 2533 Laudato
511 2486 566 2534 et
597 2478 999 2548 superexaltate
1025 2493 1150 2534 eum
1187 2479 1243 2533 in
1270 2478 1488 2545 saecula,
1528 2498 1547 2532 ι
1580 2478 1685 2534 hoc

85 2569 334 2625 ostendit
353 2571 498 2642 quod
536 2571 610 2625 ita
639 2571 815 2628 laudis
861 2573 980 2644 ejus
1001 2572 1334 2642 praeconium
1361 2573 1522 2628 debet
1563 2587 1687 2643 pro-

85 2660 356 2728 nuntiari,
389 2671 448 2716 ut
475 2661 590 2733 ipse
619 2677 782 2734 super
807 2663 992 2719 omnia
1013 2663 1285 2720 exaltatus
1305 2663 1363 2719 in
1383 2663 1581 2720 saecula
1602 2678 1686 2718 re-

85 2768 273 2824 gnans
298 2753 644 2824 pmdicetur.

169 2866 187 2896 ι
223 2846 556 2913 Benedicite,
601 2845 748 2913 caeli,
795 2847 1107 2914 Dominum,
1145 2846 1472 2912 benedicite,
1516 2845 1690 2917 angeli

90 2957 110 2988 ‹
138 2939 378 3006 Domini,
413 2939 720 2996 Dominum.
743 2959 762 2992 ›
781 2939 913 2995 (Σωιὶ
929 2941 1074 2996 enim
1090 2942 1386 2998 secundum
1409 2939 1690 2995 historiam

83 3031 421 3086 benedicunt
464 3031 772 3098 Dominum,
818 3033 945 3102 quia
973 3032 1025 3086 in
1045 3049 1140 3087 sua
1166 3032 1432 3104 positione
1457 3031 1692 3087 laudabi-

84 3109 204 3178 lem
217 3131 274 3178 et
286 3122 629 3180 benedictum
641 3124 936 3180 ostendunt
950 3133 1272 3180 creatorem.
1289 3123 1550 3191 Quamvis
1562 3139 1690 3194 ergo

1861 1946 1880 1977 ‹
1914 1925 2248 1992 Benedicite,
2283 1926 2364 1981 sol
2400 1934 2456 1982 et
2497 1925 2644 1990 luna,
2695 1925 3005 1980 Dominum.
3049 1922 3377 1988 Benedicite,

1789 2034 1810 2067 ι
1840 2016 2006 2072 stella:
2027 2017 2172 2081 cceli,
2205 2017 2515 2071 Dominum.
2547 2035 2565 2068 ι
2593 2016 2670 2071 De
2691 1999 2800 2087 quo
2823 2025 2876 2071 et
2902 2015 3188 2071 Psalmista
3211 2016 3378 2072 dicit:

1794 2127 1814 2160 ι
1850 2109 2091 2165 Laudate
2113 2125 2257 2176 eum,
2274 2109 2354 2165 sol
2375 2118 2430 2164 et
2450 2109 2597 2174 luna,
2622 2109 2836 2166 laudate
2848 2126 2994 2175 eum,
3009 2126 3198 2166 omnes
3214 2110 3382 2166 stella:

1784 2199 2032 2255 etlumen
2051 2200 2224 2272 (Psal.
2247 2199 2490 2272 cxrvm).
2518 2221 2536 2253 ι
2557 2200 2671 2278 Sol,
2692 2202 2840 2268 luna,
2866 2202 3054 2268 stella,
3083 2212 3140 2257 ut
3161 2203 3382 2275 quidam

1785 2291 1994 2355 dicunt,
2023 2292 2126 2347 etsi
2159 2292 2346 2362 aliquo
2374 2291 2579 2362 Spiritu
2612 2294 2832 2364 preprio
2871 2305 3148 2366 regantur,
3196 2303 3381 2350 tamen

1785 2385 1910 2455 quia
1941 2385 2256 2441 carnalibus
2279 2385 2453 2441 oculis
2477 2395 2764 2456 patescunt
2787 2386 3072 2443 inferiores
3100 2404 3224 2444 esse
3275 2389 3383 2442 vir-

1785 2478 2010 2544 tutibus,
2063 2494 2184 2548 quae
2238 2492 2343 2533 non
2379 2477 2665 2545 videntur,
2709 2494 2818 2534 non
2873 2479 3107 2539 absurda
3153 2480 3386 2535 :rstima-

1790 2571 1934 2625 tione
1961 2569 2250 2641 colligitur,
2275 2570 2526 2641 quamvis
2539 2569 2663 2626 caeli
2704 2571 2940 2641 speciem
2958 2572 3154 2628 decoro
3184 2571 3387 2626 lumine

1787 2675 1985 2716 ornare
2012 2660 2322 2725 videantur,
2353 2676 2479 2715 nam
2513 2660 2627 2728 illa,
2671 2663 2736 2716 ad
2763 2678 2886 2732 qua:
2920 2662 3172 2732 pervenit
3201 2671 3387 2717 noster

1789 2764 2064 2824 aspectus,
2091 2752 2218 2808 licet
2266 2753 2377 2808 sint
2435 2752 2620 2807 lucida
2671 2762 2834 2823 atque
2904 2753 3148 2818 subtilia,
3203 2761 3385 2806 tamen

1791 2859 2021 2914 corpora
2046 2859 2167 2899 esse
2190 2843 2536 2899 manifestum
2563 2853 2667 2910 est,
2705 2855 2758 2898 et
2787 2859 3013 2900 necesse
3037 2855 3123 2900 est
3173 2853 3234 2899 ut
3280 2845 3384 2901 illis

1793 2937 1988 2992 cedant
2009 2952 2130 3006 quae
2159 2935 2415 2992 invisibili
2443 2936 2644 2991 virtute
2687 2937 2989 2993 subsistunt
3016 2953 3030 3003 ;
3058 2945 3387 3008 quapropter

1794 3030 1988 3097 solem,
2016 3029 2197 3085 lunam
2219 3038 2275 3085 et
2295 3017 2502 3096 stellas,
2527 3029 2640 3086 sive
2665 3044 2764 3100 per
2790 3029 3064 3100 propriam
3095 3030 3384 3096 rationem,

1797 3121 1911 3177 sive
1935 3136 2033 3192 per
2059 3121 2198 3177 alias
2251 3121 2537 3177 sensibiles
2580 3129 2634 3176 et
2679 3120 3004 3190 judicabiles
3034 3123 3382 3189 substantias,

81 3215 148 3268 in
181 3214 377 3274 Genesi
412 3235 577 3276 unum
622 3220 818 3275 caelum
847 3219 1174 3275 fabricatum
1213 3235 1335 3276 esse
1377 3220 1688 3291 legerimus,
1719 3199 1763 3260 (ἶ
1796 3216 2050 3271 hortatur
2087 3214 2353 3286 propheta
2391 3214 2615 3270 laudare
2651 3215 2960 3281 Dominum,
2997 3216 3124 3286 quia
3176 3224 3387 3272 creato-

83 3319 142 3363 ta
154 3326 282 3364 men
304 3326 398 3369 eos
417 3313 610 3383 plurali
635 3332 862 3371 numero
885 3325 941 3372 et
962 3315 1161 3371 Paulus
1209 3315 1484 3386 apostolus
1511 3314 1694 3386 appel-

79 3402 246 3468 lavit,
280 3407 372 3476 qui
398 3407 563 3463 refert
589 3409 643 3462 in
675 3411 894 3466 tertium
922 3426 980 3464 se
1007 3410 1204 3465 coelum
1238 3420 1476 3482 raptum,
1511 3410 1694 3480 ibique

81 3495 222 3550 talia
248 3500 589 3568 cognovisse,
630 3517 749 3571 qua:
790 3503 996 3557 homini
1039 3519 1144 3557 non
1177 3503 1373 3559 licebat
1419 3503 1596 3564 effari.
1642 3513 1697 3558 et

81 3585 186 3638 hic
210 3583 408 3654 plurali
437 3603 663 3643 numero
687 3599 1095 3659 nuncupantur,
1139 3592 1284 3661 quod
1329 3593 1420 3646 tali
1465 3592 1693 3647 forsitan

79 3676 310 3730 ratione
363 3678 698 3733 concordat:
736 3681 967 3735 dicimus
1013 3697 1182 3736 unum
1233 3698 1352 3737 esse
1401 3683 1697 3770 palatium,

79 3765 236 3834 quod
300 3765 485 3821 multis
531 3770 792 3824 membris
834 3769 1126 3839 multisque
1165 3772 1354 3841 spatiis
1399 3765 1692 3841 ambiatur,

79 3857 172 3910 ita
210 3855 436 3911 forsitan
460 3867 515 3912 et
544 3860 665 3915 caeli
698 3869 882 3931 partes
918 3862 1147 3917 dicimus
1179 3863 1367 3928 cmlos,
1397 3865 1522 3919 dum
1550 3881 1700 3920 coni-

79 3949 279 4021 plexio
305 3959 470 4020 atque
518 3951 671 4007 sinus
721 3952 840 4022 ejus
868 3969 1011 4008 unus
1041 3969 1162 4009 esse
1189 3963 1545 4021 monstretur,
1574 3957 1699 4012 coeli

79 4059 229 4098 vero
257 4045 554 4100 substantia
591 4047 841 4117 quamvis
862 4063 1018 4118 pura,
1048 4047 1227 4104 lucida
1276 4057 1438 4118 atque
1481 4051 1700 4121 egregia

81 4151 220 4192 esse
244 4139 480 4206 putanda
508 4139 599 4204 sit,
642 4140 913 4211 dignaque
950 4141 1148 4197 talibus
1182 4158 1248 4198 ac
1293 4143 1459 4199 tantis
1484 4143 1698 4200 habita-

87 4228 312 4284 toribus
346 4230 480 4296 suis,
513 4239 693 4286 tamen
724 4233 925 4288 animal
972 4249 1092 4288 eam
1126 4251 1250 4292 esse
1277 4252 1384 4291 non
1433 4237 1694 4306 comperi,

83 4331 150 4378 et
176 4323 522 4377 temerarium
542 4333 715 4380 estex
741 4326 995 4396 opinione
1029 4328 1308 4382 hominum
1330 4329 1531 4394 dicere,
1555 4328 1699 4398 quod

84 4414 406 4472 caelestium
443 4416 754 4473 litterarum
808 4435 916 4474 non
977 4421 1143 4476 tradit
1193 4423 1488 4478 auctoritas
1522 4440 1534 4477 :
1571 4438 1696 4477 nam

85 4517 152 4563 et
182 4508 446 4563 caelorum
477 4512 698 4567 nomine
727 4512 780 4566 in
834 4515 1122 4585 scripturis
1149 4517 1438 4588 Apostolus
1478 4527 1533 4572 et
1560 4517 1694 4572 Pro-

85 4603 294 4671 phetas
323 4602 627 4661 invenimus
655 4607 963 4673 denotatus,
990 4609 1082 4678 qui
1114 4609 1180 4663 de
1206 4610 1440 4665 adventu
1480 4610 1692 4665 Domini

88 4695 419 4752 disserendo
439 4699 628 4753 orbem
691 4709 957 4756 terrarum
1001 4704 1203 4758 sanctis
1233 4703 1696 4760 admonitionibus

89 4788 482 4858 impleverunt,
516 4792 570 4846 in
597 4793 793 4862 quibus
815 4793 958 4849 Deus
981 4804 1238 4866 tanquam
1268 4797 1321 4851 in
1361 4797 1516 4852 caelis
1542 4799 1694 4852 habi-

89 4889 200 4944 tat,
241 4881 332 4950 qui
358 4892 550 4938 cuncta
577 4882 682 4939 late
724 4885 1122 4956 complectitur,
1157 4903 1265 4942 non
1295 4903 1359 4942 ex
1387 4897 1559 4959 parte,
1602 4889 1698 4945 sed

93 4981 215 5027 tota
244 4987 338 5028 eos
367 4974 700 5044 plenitudine
739 4994 851 5033 sua:
893 4976 1212 5047 majestatis.
1264 4980 1399 5036 Pars
1455 4980 1600 5036 enim
1643 4981 1700 5037 in

93 5063 214 5119 Deo
242 5081 346 5119 non
375 5076 478 5131 est,
507 5067 599 5123 sed
628 5068 824 5140 ubique
861 5078 1006 5126 totus
1038 5081 1095 5126 et
1135 5071 1323 5141 plenus
1349 5080 1453 5128 est.

177 5175 196 5207 ι
233 5154 567 5224 Benedicite,
591 5175 768 5230 aquae,
793 5177 913 5231 qum
935 5177 1098 5232 super
1132 5163 1300 5217 cmlos
1343 5171 1492 5228 sunt,
1518 5162 1699 5220 Domi-

101 5267 122 5299 σ
161 5264 314 5302 num.
343 5269 360 5301 ι
385 5249 570 5321 Aquas
596 5267 727 5306 vero
745 5268 906 5322 super
931 5252 1098 5308 caelos
1119 5268 1239 5308 esse
1259 5252 1484 5310 Genesis
1500 5253 1696 5322 refert;

95 5344 179 5398 ait
207 5343 357 5396 enim
390 5362 402 5397 :
435 5363 453 5395 ι
496 5344 795 5416 Divisitque
822 5361 992 5416 aquas
1039 5362 1160 5416 qua:
1205 5357 1362 5402 erant
1408 5363 1571 5418 super
1600 5347 1695 5401 fir-

97 5446 442 5492 mamentum
476 5436 628 5509 (Gen.
659 5438 720 5504 ι),
761 5460 778 5492 ›
814 5440 959 5512 quod
1011 5449 1301 5510 nlrumque
1360 5441 1539 5496 nimia:
1584 5441 1702 5496 lau-

97 5529 188 5585 dis
223 5528 472 5602 designat
504 5546 785 5597 arcanum,
813 5542 870 5587 ut
892 5540 948 5587 et
973 5533 1232 5588 caelorum
1264 5536 1497 5591 tenuitas
1546 5535 1698 5592 firma

96 5620 373 5676 consistat
395 5631 450 5678 et
473 5635 634 5693 aqu-.e‘
655 5639 818 5694 supra
855 5625 1030 5696 ipsum
1055 5627 1246 5696 posita:
1279 5644 1401 5684 cum
1449 5629 1558 5684 sint
1585 5645 1704 5700 gra-

99 5716 316 5782 viores,
334 5715 436 5772 nisi
451 5719 668 5788 quando
691 5717 892 5776 fuerint
909 5719 1076 5790 jussa:
1091 5761 1104 5786 ,
1130 5736 1236 5775 non
1259 5720 1512 5776 deﬂuant.
1535 5722 1703 5792 Aquae

102 5819 243 5863 vero
275 5825 396 5865 una:
417 5826 582 5867 suner
609 5810 777 5867 caalos
823 5821 979 5877 sunt,
1010 5822 1070 5868 ut
1099 5811 1334 5868 arbitror
1407 5813 1539 5870 istas
1582 5829 1704 5869 una:

1798 3306 1873 3362 ris
1910 3306 2174 3362 beneficio
2223 3307 2459 3362 existere
2501 3317 2836 3362 meruerunt.
2862 3306 3216 3364 Considerata
3244 3309 3386 3364 enim

1797 3411 1877 3457 tot
1897 3403 2101 3457 lumina
2132 3403 2382 3473 ingentes
2419 3402 2810 3458 admirationes
2844 3412 3100 3473 poterunt
3141 3419 3380 3459 commo-
3457 3451 3471 3467 ,

1797 3509 1948 3558 vere,
1965 3495 2181 3565 quando
2205 3493 2463 3549 mortales
2483 3495 2668 3549 oculos
2689 3495 2875 3550 videre
2896 3494 3100 3551 faciunt
3121 3504 3175 3551 et
3195 3496 3308 3566 ipsa
3333 3495 3387 3550 in

1799 3597 1909 3642 tam
1941 3587 2220 3657 Splendida
2242 3585 2491 3642 claritate
2537 3589 2864 3644 consistunt.
2897 3586 2992 3644 llis
3022 3588 3182 3644 rebus
3205 3589 3388 3645 lumen

1799 3681 2127 3752 generaliter
2149 3681 2464 3750 adjunctum
2489 3690 2595 3748 est,
2617 3690 2676 3736 ut
2705 3691 2900 3738 caetera
2924 3682 3104 3737 lumen
3129 3681 3185 3736 in
3213 3697 3272 3736 se
3293 3684 3391 3738 ha-

1798 3773 2004 3838 bentia,
2026 3791 2145 3843 qua:
2173 3774 2512 3828 dinumerata
2545 3790 2653 3829 non
2683 3784 2828 3843 sunt,
2879 3775 2975 3830 tali
3017 3775 3392 3848 complexione

1801 3865 1870 3919 ad
1926 3864 2113 3920 laudes
2163 3864 2471 3919 Dominicas
2509 3864 2781 3920 incitaret.

1876 3974 1895 4008 ι
1929 3955 2264 4021 Benedicite,
2301 3957 2474 4012 imber
2497 3965 2551 4012 et
2579 3972 2690 4022 ros,
2720 3957 3031 4012 Dominum.
3064 3978 3082 4011 ι
3111 3957 3170 4012 1η
3219 3959 3392 4014 imbre

1799 4049 1944 4105 enim
1981 4059 2038 4104 et
2060 4065 2181 4104 rore
2215 4050 2355 4104 dona
2378 4049 2622 4105 coelestia
2653 4058 2709 4104 et
2738 4059 3008 4122 praecepta
3039 4065 3102 4105 ac
3140 4051 3392 4106 mandata

1800 4141 2016 4197 Domini
2045 4141 2444 4212 exprimuntur,
2476 4157 2596 4212 quae
2630 4143 2979 4209 terram,hoc
3004 4152 3108 4210 est,
3145 4145 3392 4200 homines

1799 4235 2030 4305 irrigant
2046 4243 2101 4290 et
2124 4235 2363 4290 excitant
2383 4235 2450 4289 ad
2475 4235 2857 4305 proferendum
2879 4252 3101 4309 germen
3125 4237 3391 4292 bonorum

1797 4341 2043 4397 operum.
2071 4327 2300 4398 Dignum
2329 4337 2414 4382 est
2434 4328 2601 4394 enim,
2636 4337 2694 4383 ut
2724 4329 2867 4400 quod
2895 4329 3037 4384 dono
3065 4329 3272 4385 caelesti
3314 4345 3396 4384 sa-

1797 4423 2029 4480 lubriter
2066 4425 2376 4479 hominibus
2411 4423 2661 4492 offertur,
2726 4425 2795 4481 ad
2855 4424 3289 4481 benedictionem
3341 4431 3396 4478 ct

1801 4514 2021 4570 laudem
2058 4514 2272 4570 Domini
2306 4514 2571 4586 proﬁciat.

1878 4624 1897 4658 ι
1931 4605 2268 4671 Benedicite,
2296 4621 2488 4660 omnes
2538 4605 2760 4676 spiritus
2791 4645 2806 4671 ,
2853 4604 3162 4660 Dominum.
3197 4625 3216 4657 ι
3284 4603 3395 4658 Hoc

1800 4708 1884 4755 est
1912 4701 2056 4770 quod
2100 4701 2154 4755 in
2198 4699 2464 4755 Psalterio
2494 4699 2789 4755 novissime
2819 4699 3079 4770 scriptum
3110 4717 3124 4753 :
3159 4717 3179 4750 ι
3208 4698 3394 4753 Omnis

1803 4792 1996 4863 spiritu
2018 4791 2198 4847 laudet
2224 4791 2509 4847 Dominum
2531 4788 2706 4862 (Psal.
2736 4789 2844 4862 CL),
2877 4809 2896 4840 ι
2926 4805 3032 4844 non
3058 4789 3244 4860 utique
3266 4805 3394 4844 caro

1803 4894 1860 4940 et
1881 4884 2125 4956 sanguis,
2168 4899 2275 4939 non
2311 4883 2572 4948 ambitus,
2612 4897 2720 4937 non
2781 4881 3051 4938 illecebrae
3079 4880 3393 4946 saeculares,

1805 4977 1900 5032 sed
1928 4975 2058 5030 illud
2085 4975 2230 5045 quod
2259 4983 2345 5030 est
2372 4974 2426 5028 in
2476 4981 2674 5028 natura
2719 4973 3024 5040 sublimius,
3061 4974 3166 5029 hoc
3217 4973 3397 5030 laudet

1805 5067 2116 5132 Dominum,
2147 5066 2289 5136 quod
2312 5064 2556 5120 cmlestia
2585 5064 2769 5134 utique
2799 5065 2963 5136 sapit,
2993 5065 3208 5136 quando
3239 5074 3398 5120 teter-

1806 5178 1873 5216 na
1897 5160 2117 5230 praemia
2141 5159 2518 5230 concupiscit;
2569 5172 2900 5231 quapropter
2939 5161 3191 5217 universo
3245 5159 3395 5230 operi

1806 5254 2026 5310 brevem
2091 5252 2495 5324 perfectamque
2562 5253 2885 5308 sententiam
2956 5253 3122 5319 dedit,
3192 5262 3252 5308 ut
3288 5254 3394 5308 Do—

1806 5352 2014 5406 minum
2062 5347 2399 5406 Salvatorem
2433 5349 2750 5421 spiritaliter
2783 5349 3016 5404 debeant
3051 5356 3245 5404 cuneta
3284 5345 3398 5402 lau-

1805 5441 1956 5498 dare.

1887 5552 1906 5586 ‹
1947 5532 2287 5599 Benedicite,
2322 5533 2463 5606 ignis
2509 5541 2564 5590 et
2599 5541 2792 5600 aestas,
2833 5532 3143 5589 Dominum.
3180 5549 3199 5581 ι
3255 5527 3398 5599 Ignis

1808 5627 2100 5698 aliquando
2125 5627 2447 5683 charitatem
2468 5627 2760 5700 signiﬁcat,
2779 5624 3068 5697 aliquando
3089 5619 3397 5677 tribulatio-

1809 5739 1957 5788 nem,
1984 5723 2065 5779 sie
2089 5731 2146 5778 et
2175 5731 2335 5780 mstas
2363 5723 2656 5793 aliquando
2707 5722 2958 5779 ardorem
3011 5716 3318 5773 dilectionis
3342 5724 3398 5770 et

1809 5813 2146 5871 viriditatem
2175 5815 2303 5872 boni
2332 5816 2532 5882 oneris,
2565 5813 2855 5884 aliquando
2899 5819 3088 5866 aestum
3140 5821 3396 5879 persecu-
