3936 6328
574 342 717 405 1155

1220 334 1569 400 ΒΪΒΑΒΑΝΙ
1605 340 1826 401 MAURI
1862 338 2177 401 ARCHIEP.
2208 336 2522 399 MOGUNT.
2562 332 2849 399 OPERUM
2884 328 3068 397 PARS
3100 330 3186 397 Ill.

3712 340 3835 405 1156

568 473 731 519 tionis
745 460 1015 531 exprimit.
1043 457 1148 515 Sed
1168 459 1286 531 hmo
1302 458 1627 516 benedicunt
1654 458 1959 523 Dominum,
1986 471 2154 528 quan-
2179 458 2231 520 Α
2255 463 2338 511 est
2364 463 2531 523 terra,
2558 463 2615 511 et
2657 454 2936 528 plenitudo
2961 454 3101 524 ejus,
3129 452 3277 510 orbis
3306 458 3586 508 terrarum
3616 458 3681 506 et
3724 454 3831 507 uni-

568 557 637 613 do
689 556 934 612 homines
981 555 1186 610 faciunt
1239 554 1559 610 benedicere
1603 554 1914 610 Creatorem
1964 566 2140 616 suum,

567 650 693 719 quia
724 649 895 704 saricti
917 648 1021 704 viri
1043 656 1099 703 et
1120 647 1175 702 in
1199 648 1473 719 prosperis
1496 655 1551 703 et
1572 646 1627 701 in
1668 645 1910 701 adversis
1932 659 2145 719 semper

564 741 787 796 laudant
826 743 1131 797 Dominum.
1160 740 1316 798 Unde
1348 739 1640 813 Apostolus
1659 739 2007 796 exhortatur:
2035 754 2055 789 α
2083 744 2145 792 ut

567 834 620 889 in
633 835 884 890 omnibus
909 832 1240 903 glorificetur
1284 833 1427 888 Deus
1446 848 1546 904 per
1585 831 1767 888 Iesum
1789 828 2089 888 Christum.
2119 847 2138 881 ι

568 925 832 982 Similiter
854 934 1089 997 quatuor
1110 938 1303 982 versus
1325 932 1616 996 sequentes
1636 921 1861 997 intelligi
1882 927 2140 992 possunt,

565 1019 659 1075 ubi
697 1018 900 1074 dicitur
925 1036 939 1071 :

648 1127 666 1161 ι
700 1106 1029 1177 Benedicite,
1082 1117 1272 1166 noctes
1314 1115 1373 1166 et
1397 1108 1531 1173 dies,
1571 1107 1879 1164 Dominum.
1910 1104 2145 1161 Benedi-

569 1218 589 1252 c
630 1199 757 1264 cite,
797 1200 888 1254 lux
914 1208 970 1255 et
1012 1201 1270 1267 tenebrae,
1320 1200 1627 1255 Dominum.
1685 1197 2017 1263 Benedicite,
2050 1194 2148 1251 fri-

568 1307 589 1341 ‹
624 1305 726 1362 gus
747 1298 803 1345 et
830 1298 1011 1356 aestas,
1044 1289 1352 1345 Dominum.
1381 1289 1713 1354 Benedicite,
1750 1303 1901 1344 rores
1924 1294 1978 1342 et
1997 1285 2147 1357 prui-

470 1372 475 1375 ’
518 1379 547 1411 ⁸
569 1398 588 1431 ι
620 1397 715 1445 na.
738 1381 1041 1436 Dominum.
1074 1400 1093 1435 ι
1120 1380 1224 1437 Per
1250 1382 1556 1437 contrarias
1592 1381 1738 1436 enim
1792 1379 2008 1435 sibimet
2059 1392 2147 1434 res

559 1471 773 1528 laudem
814 1473 1028 1528 Domini
1076 1474 1195 1529 fieri
1247 1474 1497 1530 hortatur
1529 1484 1584 1530 et
1609 1474 1676 1529 ad
1725 1471 2143 1529 benedicendum

557 1574 835 1635 provocat.
865 1564 998 1621 Nam
1025 1567 1141 1622 dies
1166 1575 1221 1620 et
1242 1565 1335 1621 lux
1363 1575 1419 1623 et
1455 1574 1616 1623 aestas
1654 1576 1707 1623 et
1734 1580 1885 1622 rores
1923 1580 2146 1638 prospe-

558 1657 807 1726 ritatem;
842 1665 898 1713 et
934 1666 1157 1714 econtra
1182 1672 1287 1712 nox
1314 1666 1367 1712 et
1407 1659 1642 1714 tenebrae
1664 1658 1836 1730 frigus
1864 1667 1918 1711 et
1951 1657 2147 1727 pruina

2246 549 2387 603 versi
2418 548 2511 619 qui
2539 547 2790 604 habitant
2828 546 2885 603 in
2929 561 2996 604 ea
3025 543 3198 619 (Paul.
3230 545 3417 618 χχιιι),
3450 565 3472 599 ι
3503 552 3563 601 et
3591 547 3833 616 quamvis

2242 648 2448 697 terram
2475 641 2530 696 in
2567 641 2710 697 bono
2738 655 2803 696 ac
2828 641 2874 696 si
2902 639 2958 695 in
2998 639 3141 695 malo
3168 640 3297 713 poni
3327 654 3477 711 saepe
3507 639 3834 704 noverimus,

2244 736 2336 792 hic
2377 744 2560 790 tamen
2592 735 2891 792 Ecclesiam
2936 735 3194 792 debemus
3233 736 3554 803 advertere,
3574 751 3701 807 qua:
3746 735 3835 790 Do-

2244 827 2394 885 mino
2413 827 2723 897 specialiter
2767 842 2906 901 pura
2944 834 3128 883 mente
3173 827 3494 887 famulatur.
3542 826 3689 885 Nam
3728 829 3838 884 licet

2246 922 2429 978 omnia
2458 922 2655 994 abysso
2685 921 2796 978 sint
2823 921 3041 978 condita
3061 962 3078 991 ,
3129 929 3311 977 tamen
3339 921 3479 977 illud
3510 921 3695 994 ipsius
3735 939 3841 979 σει

2243 1013 2463 1084 proprie
2493 1012 2745 1081 dicimus,
2773 1014 2916 1084 quod
2940 1028 3066 1069 eum
3108 1022 3405 1070 veneratur
3433 1022 3765 1083 auctum;
3794 1024 3842 1072 α

2245 1102 2368 1161 ideo
2393 1104 2634 1161 Ecclesia
2660 1121 2770 1161 non
2795 1106 3067 1163 immerito
3086 1105 3369 1163 fructifera
3398 1106 3686 1163 bonorum
3713 1119 3839 1165 terra

2247 1197 2562 1268 suscipitur,
2595 1198 2723 1270 quia
2770 1199 2943 1254 nutrit
2970 1206 3027 1254 et
3077 1200 3320 1256 continet
3368 1199 3647 1273 populum
3694 1200 3837 1256 Chri-

2247 1288 2503 1345 stianum.
2553 1288 2682 1346 Haec
2725 1305 2855 1362 ergo
2894 1299 3042 1347 terra
3070 1304 3287 1362 semper
3334 1290 3535 1349 laudat
3583 1292 3757 1350 Deum
3792 1302 3839 1348 et

2247 1382 2618 1454 superexaltat
2635 1398 2763 1439 eum
2802 1384 2857 1440 in
2883 1385 3250 1457 saecula..quia
3280 1400 3392 1445 non
3420 1384 3615 1441 solum
3643 1385 3700 1441 in
3724 1402 3839 1463 pra-

2246 1473 2388 1528 senti
2437 1473 2655 1542 saeculo,
2686 1475 2780 1531 sed
2808 1474 2972 1531 etiam
3004 1477 3060 1531 in
3102 1474 3288 1533 futuro
3313 1493 3446 1533 eum
3480 1495 3707 1557 semper
3736 1481 3836 1537 hac

2247 1566 2360 1631 dat,
2388 1576 2444 1622 et
2465 1582 2629 1638 super
2652 1567 2833 1623 omnia
2863 1568 3230 1624 dominantem
3257 1570 3560 1641 przedicat.

2324 1677 2344 1711 ι
2386 1658 2720 1726 Benedicite,
2746 1669 2960 1717 montes
3000 1670 3056 1716 et
3084 1662 3271 1727 colles,
3319 1662 3651 1718 Dominum.
3680 1663 3835 1722 Bene-

556 1747 962 1804 tribulationem
999 1747 1324 1820 significant.
1356 1746 1472 1803 Non
1491 1747 1665 1805 solum
1699 1749 1843 1804 enim
1874 1747 2143 1803 elementa
2258 1770 2277 1804 ι
2323 1752 2503 1817 dicite,
2538 1753 2787 1809 universa
2834 1754 3194 1825 germinantia
3239 1756 3293 1811 in
3323 1764 3502 1819 terra,
3540 1757 3833 1815 Dominum.

556 1840 742 1895 mundi
777 1844 834 1896 et
864 1848 1105 1911 tempora
1126 1841 1195 1895 ad
1224 1838 1554 1895 laudandum
1576 1839 1746 1896 Deum
1768 1839 1965 1896 habilia
1995 1847 2139 1905 sunt,
2169 1825 2220 1887 Β
2255 1862 2273 1895 ι
2312 1842 2555 1899 Laudate
2607 1854 2663 1899 et
2711 1844 3109 1915 superexaltate
3136 1860 3262 1901 eum
3304 1864 3361 1902 in
3394 1848 3627 1904 saecula.
3666 1868 3688 1901 ι
3719 1848 3835 1908 Hinc

552 1932 650 1987 sed
673 1931 838 1986 etiam
868 1931 967 2002 ipsi
1021 1930 1287 1997 homines,
1327 1931 1418 2002 qui
1464 1931 1566 1987 sub
1612 1931 1894 1988 elementis
1956 1929 2141 1986 mundi
2247 1936 2409 1991 etiam
2435 1934 2744 2002 Psalmista,
2774 1935 2867 1991 ubi
2895 1951 3086 1993 omnes
3111 1944 3399 1994 creaturas
3422 1941 3500 1995 ad
3522 1939 3833 1995 laudem

555 2028 838 2084 constituti
896 2027 1266 2099 temporaliter
1337 2028 1527 2083 vivunt
1582 2027 1650 2083 ad
1714 2026 2141 2083 benedicendum

551 2122 744 2187 Deum,
761 2120 1032 2176 debitores
1052 2119 1205 2186 fiunt,
1232 2120 1358 2192 quia
1381 2127 1597 2177 creator
1612 2121 1875 2185 omnium,
1898 2119 1978 2175 sic
2002 2126 2140 2174 tem-

548 2220 708 2285 perat
724 2212 911 2271 electis
926 2213 1038 2268 suis
1049 2212 1360 2283 prazsentia,
1382 2220 1443 2267 ut
1469 2212 1569 2283 ipsi
1594 2211 1982 2283 perpetualiter
2005 2225 2140 2281 prae-

553 2305 711 2360 conia
742 2319 852 2359 non
884 2312 1105 2359 taceant
1138 2303 1344 2369 divina,
1370 2305 1514 2359 unde
1543 2302 1743 2358 Paulus
1776 2302 1853 2357 ait
1878 2299 1961 2374 (ΙΙ
2011 2300 2135 2356 Cor.

548 2394 651 2467 xu)
689 2412 703 2450 :
735 2415 754 2447 ι
779 2394 1038 2450 Libenter
1078 2394 1244 2465 igitur
1304 2393 1578 2463 gloriabor
1625 2393 1678 2449 in
1728 2392 2138 2448 infirmitatibus

548 2489 707 2553 meis,
735 2498 797 2543 ut
825 2488 1096 2545 inhabitet
1143 2488 1200 2542 in
1236 2501 1324 2543 me
1350 2487 1524 2542 virtus
1553 2484 1779 2543 Chrisri.
1811 2504 1831 2538 ι
1865 2486 1934 2542 Et
1955 2486 2084 2543 item
2119 2505 2133 2541 :

550 2577 641 2650 (II
667 2576 790 2634 Cor.
822 2577 899 2651 xv)
927 2593 945 2633 :
982 2597 1003 2632 ‹
1032 2579 1115 2645 id,
1144 2579 1337 2650 inquit,
1369 2579 1515 2653 quod
1541 2578 1599 2635 in
1632 2580 1887 2650 praesenti
1915 2588 2001 2635 est
2026 2593 2137 2634 mo-

548 2678 898 2725 mentaneum
943 2676 1000 2726 et
1030 2669 1148 2726 leve
1178 2670 1541 2726 tribulationis
1570 2680 1794 2738 nostrae,
1830 2684 1992 2741 supra
2020 2685 2136 2725 mo-

547 2760 676 2817 dum
695 2760 748 2815 in
763 2758 1152 2817 sublimitatem
1170 2768 1437 2816 aeternum
1463 2760 1649 2832 gloria:
1660 2761 1867 2831 pondus
1879 2767 2137 2831 operatur

544 2854 600 2911 in
656 2856 812 2912 nobis
833 2896 850 2924 ,
883 2871 992 2912 non
1043 2853 1537 2927 contemplantibus
1572 2854 1729 2910 nobis
1763 2867 1885 2925 quae
1941 2853 2133 2909 viden-

548 2954 660 3014 ωτ,
694 2967 715 3001 ι
740 2956 853 3004 etc.
1522 2999 1546 3022 .

622 3056 642 3088 ε
686 3036 1017 3105 Benedicite,
1047 3036 1170 3109 gelu
1191 3044 1249 3094 et
1289 3035 1484 3109 frigus,
1534 3034 1842 3090 Dominum.
1895 3031 2130 3089 Benedi-

542 3132 669 3196 cite,
697 3130 899 3204 glacies
920 3138 977 3188 et
1000 3131 1174 3196 nives,
1200 3130 1508 3186 Dominum.
1545 3145 1565 3180 ι
1585 3128 1646 3184 in
1675 3126 1797 3201 gelu
1826 3133 1883 3183 et
1906 3124 2127 3198 frigore,

2244 2027 2531 2083 Dominum
2581 2036 2861 2099 provocat,
2895 2028 3040 2083 inter
3091 2038 3289 2085 cetera
3333 2031 3447 2085 ait:
3499 2050 3522 2083 ι
3566 2031 3834 2091 Montcset

2247 2134 2439 2176 omnes
2474 2120 2664 2185 colles,
2692 2121 2837 2192 ligna
2869 2119 3147 2187 fructifera
3179 2130 3235 2178 et
3260 2137 3463 2178 omnes
3493 2125 3655 2179 cedri
3680 2123 3829 2193 (Pal.

2242 2212 2488 2285 CXLVIII).
2514 2233 2533 2265 ι
2552 2212 2650 2269 Hic
2680 2220 2891 2268 montes
2918 2212 3190 2285 significat
3216 2213 3479 2271 homines
3508 2230 3629 2284 prae
3655 2217 3829 2271 tnmiia

2238 2313 2509 2377 potestate
2535 2304 2815 2370 sublimes,
2843 2304 3008 2361 colles
3037 2306 3341 2362 mediocres
3372 2307 3703 2376 aequalitate
3738 2319 3829 2361 tra-

2239 2407 2471 2466 ctantes,
2502 2399 2644 2471 ligna
2674 2396 2972 2463 fructifera,
3001 2399 3093 2473 qui
3136 2414 3204 2455 ex
3233 2398 3442 2454 duritia
3498 2408 3829 2473 peccatum

2236 2494 2507 2559 conversi,
2535 2493 2743 2547 fructus
2777 2492 3041 2548 bonorum
3069 2507 3295 2562 operum
3320 2493 3579 2548 intulere
3608 2493 3831 2551 dulcia?-

2236 2599 2374 2640 mos.
2407 2581 2567 2639 Cedri
2598 2596 2812 2655 quoque
2850 2582 3093 2638 absolute
3126 2582 3398 2654 superbos
3428 2584 3765 2659 signiﬁcant.
3788 2591 3834 2638 et

2237 2673 2428 2739 elatos,
2467 2673 2563 2729 sed
2603 2674 2731 2744 quia
2761 2673 3001 2739 mandat,
3030 2673 3175 2744 quod
3222 2674 3495 2729 universa
3547 2683 3707 2730 terra
3730 2687 3833 2740 ger-

2234 2764 2497 2820 minantia
2527 2766 2813 2820 Dominum
2836 2764 3073 2829 laudent,
3099 2764 3340 2820 ostendit
3390 2766 3553 2836 quod
3583 2780 3654 2822 ex
3679 2766 3833 2821 omni-

2233 2856 2336 2913 bus
2382 2856 2588 2913 Christi
2631 2859 2807 2928 gratia
2856 2857 2960 2913 sibi
2988 2855 3193 2913 electos
3238 2866 3431 2928 parat,
3491 2859 3598 2939 qui
3651 2858 3705 2913 in
3753 2857 3831 2911 Hb

2233 2946 2424 3003 ultima
2500 2949 2898 3005 resurrectione
2943 2947 3275 3018 Angelorum
3342 2950 3579 3018 possint
3622 2947 3831 3005 catilla

2234 3040 2542 3111 aggregari,
2574 3048 2629 3096 et
2661 3040 2717 3096 in
2746 3039 2998 3096 laudibus
3025 3038 3337 3096 Conditoris
3373 3039 3468 3095 sui
3500 3040 3563 3096 in
3590 3050 3831 3097 tta-nun

2237 3131 2523 3187 associari.

543 3198 726 3297 glacie
762 3231 818 3280 et
866 3224 991 3278 nive
1041 3220 1324 3294 praesentis
1376 3220 1635 3291 temporis
1684 3198 2002 3281 adversitas,
2046 3215 2130 3272 vel
2156 3198 2203 3264 Ο
2311 3236 2332 3270 ε
2369 3216 2700 3280 Benedicite,
2731 3216 2927 3283 fontes,
2977 3215 3287 3272 Dominum.
3342 3235 3367 3270 ι
3427 3216 3592 3274 Fons
3638 3232 3831 3291 quoque

544 3314 745 3369 duritia
792 3313 993 3368 mentis
1022 3313 1272 3367 humana:
1294 3310 1657 3382 signiﬁcatur,
1689 3310 1787 3366 sed
1832 3322 1973 3380 saepe
2016 3308 2133 3363 hinc
2232 3312 2289 3366 in
2314 3309 2612 3380 Scripturis
2646 3318 2742 3366 aut
2767 3311 3051 3367 Dominum
3078 3308 3360 3365 Christum
3410 3312 3657 3383 mystice
3684 3311 3829 3381 sig-i-

544 3405 808 3461 Dominus
832 3405 887 3459 in
931 3402 1147 3458 laudem
1193 3416 1347 3456 suam
1387 3402 1677 3468 convertit,
1708 3403 1834 3457 dum
1885 3400 2132 3457 homines
2232 3401 2381 3468 fleat,
2413 3409 2508 3455 aut
2530 3400 2758 3472 gratiam
2786 3398 3023 3471 Spiritus
3046 3399 3241 3465 sancti,
3273 3409 3373 3455 aut
3404 3400 3677 3472 baptismi
3704 3402 3827 3455 lava.

542 3493 882 3549 infidelitatis
925 3493 1110 3565 algore
1156 3501 1435 3565 torpentes
1481 3508 1583 3565 per
1626 3492 1749 3549 fidei
1794 3493 2031 3549 calorem
2075 3502 2133 3549 et
2232 3509 2406 3557 crum,
2440 3505 2537 3550 aut
2561 3493 2826 3565 originem
2855 3492 3137 3549 virtutum.
3173 3491 3309 3548 Nam
3344 3493 3645 3551 Christum
3678 3496 3825 3565 signi-

546 3585 817 3642 bonorum
845 3598 1070 3655 operum
1099 3585 1337 3640 studium
1367 3586 1436 3641 ad
1465 3585 1743 3642 servitium
1771 3584 1972 3642 Christi
2001 3601 2131 3642 con-
2232 3586 2379 3653 ﬁcat,
2410 3587 2466 3641 in
2491 3602 2578 3652 eo,
2611 3587 2757 3657 quod
2779 3584 2978 3642 Genesi
3004 3586 3225 3657 legitur,
3256 3584 3470 3643 fontem
3504 3603 3635 3643 esse
3654 3588 3706 3643 in
3728 3602 3821 3641 me-

540 3684 846 3741 vertuntur,
867 3676 1010 3731 unde
1031 3675 1292 3747 scriptum
1308 3677 1469 3733 estin
1489 3675 1806 3733 Salomone:
1841 3696 1859 3728 ‹
1889 3674 2041 3733 Sicut
2074 3676 2128 3732 in
2232 3678 2323 3737 dio
2362 3679 2619 3749 paradisi.
2680 3677 2835 3735 Unde
2883 3685 3119 3748 quatuor
3158 3677 3388 3732 ﬂumina
3444 3679 3817 3749 procedebat.

544 3784 740 3826 sereno
762 3769 985 3842 glacies,
1009 3770 1085 3824 ita
1111 3768 1385 3826 solventur
1407 3776 1632 3841 peccata
1649 3778 1738 3824 tua
1760 3768 1948 3843 (ticali.
1972 3770 2076 3839 ιιι).
2102 3787 2123 3821 ι
2231 3770 2338 3828 hoc
2363 3779 2467 3839 est,
2501 3779 2739 3842 quatuor
2764 3769 3056 3843 Evangelia
3082 3770 3149 3825 de
3172 3767 3326 3826 fonte
3359 3770 3639 3828 salutaris
3658 3786 3819 3843 proce-

543 3861 615 3917 Et
652 3862 709 3917 in
742 3861 988 3932 psalmo:
1028 3879 1047 3911 ‹
1083 3860 1244 3932 ignis,
1277 3862 1474 3933 inquit,
1501 3863 1728 3932 grando,
1761 3862 1873 3927 nix,
1904 3862 2124 3933 glacies,
2231 3861 2413 3917 dentia
2462 3861 2531 3917 ad
2559 3862 2929 3933 irrigationem
2980 3862 3195 3933 generis
3242 3862 3500 3917 humani.
3555 3863 3690 3920 item
3716 3861 3817 3918 fon

540 3953 769 4024 spiritus
810 3952 1169 4023 procellarum
1198 3953 1288 4022 qui
1320 3952 1527 4009 faciunt
1553 3954 1778 4009 verbum
1804 3953 1922 4025 ejus
1949 3950 2123 4025 (Psal.
2233 3950 2470 4026 Spiritus
2496 3954 2672 4010 sancti
2696 3954 2925 4026 gratiam
2947 3953 3197 4025 designat
3229 3952 3285 4007 in
3311 3967 3405 4020 eo,
3461 3956 3617 4025 quod
3658 3953 3829 4008 Doris—-

538 4045 790 4118 exui"),
827 4064 847 4096 ι
898 4045 1095 4115 quibus
1153 4044 1316 4101 rebus
1362 4061 1459 4117 per
1513 4045 1823 4117 allegoriam
1880 4045 2128 4101 homines
2229 4062 2333 4102 nus
2361 4047 2494 4102 dicit
2512 4047 2566 4101 in
2592 4045 2922 4117 Evangelia:
2953 4063 2973 4098 ι
3027 4043 3130 4113 Qui
3176 4045 3380 4101 biberit
3424 4062 3635 4118 aquam
3672 4062 3811 4118 quam

538 4138 831 4210 signiﬁcat,
857 4136 950 4207 qui
980 4138 1036 4192 in
1064 4138 1170 4193 hoc
1198 4137 1398 4193 saeculo
1422 4152 1492 4192 ex
1524 4138 1848 4194 turbulentis
1870 4146 1926 4194 et
1954 4138 2127 4208 pessi-
2230 4120 2331 4210 ego
2350 4139 2438 4205 do,
2472 4138 2565 4194 iiet
2594 4139 2647 4193 in
2678 4152 2744 4193 eo
2775 4137 2897 4193 fons
2921 4150 3076 4207 aqua:
3098 4138 3233 4193 viva
3275 4137 3540 4195 salientis
3566 4140 3624 4194 in
3670 4140 3811 4192 vitam

538 4231 645 4284 mis
671 4229 738 4283 ad
781 4227 1084 4287 devotionis
1127 4226 1577 4297 tranquillissima
1630 4228 1808 4284 studia
1856 4244 2123 4300 pervene-
2229 4239 2486 4287 aeternam
2516 4230 2699 4303 (Joan.
2733 4231 2831 4300 ιν).
2872 4250 2891 4282 ι
2940 4230 3203 4301 Baptismi
3242 4245 3381 4286 vero
3423 4241 3810 4287 sacramentum

541 4329 690 4377 runt.
735 4320 1015 4389 Quomodo
1042 4321 1133 4377 isti
1176 4320 1384 4377 faciunt
1421 4322 1646 4377 verbum
1672 4320 1809 4390 ejus,
1842 4322 1948 4377 nisi
1996 4323 2124 4392 quia
2228 4325 2465 4381 ostendit
2486 4324 2619 4380 illud
2660 4322 2958 4391 Zachariae,
2989 4340 3097 4396 quo
3138 4324 3253 4379 ait:
3289 4341 3311 4376 α
3340 4322 3407 4379 In
3456 4327 3551 4381 die
3598 4326 3685 4381 illa
3728 4324 3811 4379 erit

542 4430 610 4470 ex
643 4414 1027 4487 tempestuosis
1055 4423 1111 4470 et
1139 4413 1402 4484 improbis
1449 4415 1517 4471 ad
1554 4412 1915 4470 confessionis
1954 4414 2127 4485 ipsius
2230 4416 2351 4473 fons
2379 4425 2570 4488 patens
2598 4417 2780 4474 domui
2802 4417 2972 4473 David
3000 4427 3058 4473 et
3076 4417 3461 4474 habitantibus
3489 4418 3810 4474 Hierusale-

542 4506 771 4578 gratiam
792 4505 979 4564 venire
1002 4504 1350 4562 meruerunt?
1608 4552 1613 4559 ,
1698 4530 1703 4535 ’
2150 4571 2197 4581 _
2231 4507 2286 4562 in
2313 4507 2640 4564 ablutionem
2668 4511 2972 4581 peccatoris
2998 4517 3054 4565 et
3084 4516 3449 4564 menstruam
3483 4506 3679 4581 (Ζαριι.
3706 4526 3773 4564 xn
3794 4550 3811 4571 ,

619 4618 638 4652 ‹
682 4596 1011 4666 Benedicite,
1043 4598 1252 4673 fulgura
1279 4609 1335 4655 et
1360 4600 1553 4667 nubes,
1584 4599 1891 4656 Dominum.
1926 4620 1947 4655 ι
1979 4600 2121 4670 Quid
2150 4571 2205 4633 D
2228 4617 2351 4659 nam
2377 4603 2463 4659 hic
2494 4602 2616 4660 fons
2634 4571 2701 4661 de
2719 4606 2879 4662 domo
2899 4604 2992 4661 Dei
3020 4604 3305 4675 egrediens
3326 4571 3511 4661 fertur
3546 4608 3617 4663 ad
3645 4606 3813 4662 Εράιο

499 4714 503 4720 ~
540 4707 671 4763 ergo
699 4706 793 4763 per
821 4692 1008 4756 nubes
1040 4692 1143 4748 nisi
1168 4691 1442 4765 Evangelii
1470 4693 1877 4763 praedicatores,
1905 4702 1963 4749 et
1988 4694 2121 4764 quid
2227 4696 2381 4760 siam,
2413 4705 2469 4752 et
2492 4697 2559 4753 ad
2581 4698 2867 4754 scientiam
2885 4697 3310 4770 Scripturarum,
3336 4710 3399 4753 ut
3418 4715 3621 4759 omnes
3644 4716 3813 4758 res»

539 4800 639 4857 per
673 4784 908 4857 fulgura,
952 4786 1058 4842 nisi
1105 4787 1509 4843 eoruscationes
1536 4787 1920 4844 miraculorum
1964 4791 2123 4846 nobis
2229 4805 2417 4847 camur
2440 4791 2494 4846 in
2520 4792 2739 4849 Christo
2759 4801 2817 4848 et
2840 4809 2947 4849 non
2973 4809 3114 4865 aqua
3142 4792 3497 4864 baptismatis
3524 4804 3715 4850 nostra
3736 4808 3815 4848 no-

540 4877 1018 4933 demonstranturi
1046 4878 1113 4934 de
1152 4880 1350 4950 quibus
1388 4894 1487 4951 per
1514 4877 1857 4936 Psalmistam
1887 4881 2121 4939 dicitur:
2227 4884 2314 4939 bis
2337 4892 2561 4954 peccata
2592 4886 2875 4941 donentur.
2909 4883 3017 4941 Sed
3039 4885 3129 4941 hic
3163 4883 3343 4940 fontes
3396 4901 3699 4955 possumus
3726 4896 3817 4939 tes-

549 4989 567 5020 ‹
622 4968 856 5041 Fulgura
904 4969 1285 5041 multiplicabis
1312 4980 1369 5028 et
1410 4972 1758 5028 conturbabis
1800 4989 1894 5030 eos
1941 4973 2117 5047 (Psal.
2229 4973 2452 5028 timonia
2481 4990 2758 5029 sacrarum
2790 4975 3196 5046 Scripturarum
3222 4990 3322 5045 per
3339 4989 3441 5029 ora
3497 4977 3813 5046 praedicato-

540 5057 699 5131 xvn).
740 5078 760 5113 ι
810 5060 917 5119 Per
958 5063 1061 5119 has
1099 5077 1230 5134 ergo
1276 5063 1446 5119 nubes
1490 5063 1694 5119 lumine
1741 5079 1841 5121 suo
1886 5067 2117 5138 desuper
2221 5080 2342 5120 rum
2363 5065 2569 5137 prolata
2589 5066 2903 5139 intelligere.
2929 5065 3080 5123 Unde
3102 5067 3155 5122 in
3181 5065 3395 5137 psalmo
3422 5068 3697 5138 scripuun
3724 5078 3813 5125 est:

539 5149 802 5207 Dominus
852 5150 1106 5225 fulgurat,
1157 5154 1284 5224 quia
1336 5168 1433 5225 per
1482 5154 1868 5225 praedicatores
1898 5168 2118 5213 sanctos
2228 5175 2248 5209 ‹
2282 5156 2661 5228 Apparuerunt
2684 5158 2860 5215 fontes
2882 5174 3144 5231 aquarum
3167 5156 3342 5231 (Psal.
3365 5163 3511 5232 xvii)
3536 5202 3555 5225 ,
3594 5183 3616 5215 ι
3646 5162 3698 5216 id
3724 5170 3813 5217 δι.

544 5240 973 5297 insensibilitatis
1002 5251 1205 5299 nostrae
1228 5244 1479 5301 tenebras
1498 5246 1662 5301 etiam
1692 5246 1969 5305 miraculis
1995 5249 2117 5303 illu-
2223 5247 2427 5303 veritas
2451 5249 2888 5318 praedicantium,
2909 5252 3003 5323 qui
3031 5250 3211 5308 fontes
3252 5263 3481 5311 aeternae
3513 5257 3654 5311 vim
3704 5268 3817 5308 sal-

534 5340 694 5389 strat.
747 5331 988 5404 Cumque
1032 5335 1203 5391 nubes
1246 5335 1364 5391 ista
1403 5337 1583 5401 verbis
1626 5338 1838 5408 pluunt,
1884 5354 2119 5411 cumque
2223 5339 2431 5395 ctitatis
2457 5355 2552 5396 ore
2574 5341 2847 5408 fuderunt,
2879 5343 2996 5413 ipso
3024 5344 3168 5399 enim
3188 5345 3424 5402 Domino
3446 5348 3818 5415 veniaitepa-

540 5422 820 5481 miraculis
842 5426 951 5479 vim
966 5439 1204 5482 coruscae
1220 5425 1356 5481 lucis
1375 5427 1922 5498 aperiunt,extremos
1944 5432 2110 5489 etiam
2226 5432 2349 5498 tuit,
2378 5433 2522 5503 quod
2544 5435 2849 5490 obscuritas
2879 5436 3043 5491 divini
3070 5440 3286 5509 tegebat
3304 5438 3534 5509 eloquii.

537 5515 723 5571 mundi
758 5515 1017 5573 terminus
1040 5517 1096 5572 in
1125 5517 1362 5577 divinam
1393 5532 1633 5577 amorem
1656 5529 2000 5577 «invertunt.
2298 5542 2319 5576 ι
2344 5520 2670 5591 Benedicite,
2689 5527 2855 5582 maria
2868 5534 2924 5582 et
2941 5525 3187 5595 ﬂumina,
3208 5528 3522 5585 Dominum.
3554 5550 3579 5584 ι
3598 5529 3817 5599 Quando

613 5621 635 5657 ι
669 5602 963 5663 Benedicat
982 5618 1127 5667 terra
1149 5609 1459 5676 Dominum,
1480 5610 1639 5668 lauda
1667 5621 1725 5669 et
1762 5616 2108 5685 superexalta
2221 5614 2565 5685 dicitmaria,
2611 5619 2934 5689 generaliter
2980 5635 3171 5677 omnes
3226 5612 3498 5694 aquarum
3544 5624 3815 5680 collectio-

539 5708 664 5786 eum
693 5694 748 5750 in
776 5696 989 5753 saecula.
1025 5717 1043 5750 ι
1080 5697 1178 5755 Hic
1200 5713 1331 5772 ergo
1357 5710 1499 5757 terra
1537 5712 1778 5760 unctam
1808 5705 2111 5765 Ecclesium
2221 5724 2338 5775 nes,
2364 5712 2480 5767 sive
2498 5710 2654 5767 salsa:
2679 5713 2807 5779 sint,
2833 5713 2949 5768 sive
2978 5712 3165 5769 dulces
3189 5713 3351 5770 simul
3397 5713 3809 5786 compreth
3922 5714 3923 5786 ,

543 5783 834 5852 signiﬁcat,
865 5788 931 5843 de
959 5805 1063 5856 qua
1098 5793 1148 5847 in
1178 5791 1393 5849 Psalmo
1423 5796 1681 5864 scriptum
1707 5806 1818 5853 est:
1857 5799 2103 5856 «Domini
2213 5799 2371 5868 juxta
2411 5801 2560 5868 illud,
2607 5804 2747 5873 quod
2792 5803 3048 5873 scriptum
3096 5813 3225 5860 est:
3277 5825 3297 5857 ι
