3936 6328
190 300 325 365 H57

877 301 1233 377 contuear.
1268 298 1342 371 nt
1371 298 1669 367 cannea
1700 296 1871 379 cum
1906 300 2000 363 an
2045 297 2324 365 munus
2358 292 2743 361 nmumun.

3320 294 3460 361 1158

187 432 447 495 aquarum
464 417 754 501 appellavit
784 419 957 481 maria
999 419 1154 491 (Gen.
1178 420 1269 491 1.),
1304 439 1326 491 ρ
1356 435 1388 479 a
1429 418 1626 507 quibus
1671 416 1770 481 ﬂu-
1797 422 1851 501 Α
1869 416 2139 489 jectorum
2162 416 2392 491 plebem.
2419 414 2621 475 Omnes
2645 428 2777 491 ergo
2806 413 3144 489 adhortatur,
3167 421 3229 479 ut
3253 414 3459 487 praelati

186 512 335 571 mina
356 513 675 591 procedunt,
704 521 767 573 ut
804 521 890 575 est
923 512 1055 577 illud
1091 530 1106 577 ς
1140 530 1161 565 α
1196 512 1387 577 Omnia
1413 510 1648 579 {ﬂumina
1693 510 1774 575 in-

188 613 333 665 trant
355 606 413 665 in
439 622 614 673 mare,
646 615 704 665 et
725 621 879 665 mare
908 622 1015 675 non
1037 606 1325 673 redundat,
1348 606 1416 665 ad
1434 606 1611 667 locum
1631 605 1776 667 unde

187 707 382 757 exeunt
428 696 652 761 ﬂumina
700 707 1068 781 revertuntur,
1100 705 1163 757 ut
1204 697 1400 777 iterum
1445 693 1618 759 ﬂuant
1655 693 1777 769 (Ec-

190 788 287 847 cle.
314 788 378 863 ι),
425 808 446 845 ι
482 789 577 869 ubi
602 790 973 871 metaphoriee
996 803 1151 859 aqua
1186 788 1404 867 nomine
1434 786 1595 855 limus
1616 794 1777 843 terra:

188 889 242 941 et
265 881 318 939 in
340 880 651 947 ﬂuminibus
672 880 919 957 homines
933 879 1327 955 intelliguntur,
1353 876 1448 961 qui
1471 877 1527 937 in
1549 886 1773 943 terram.

188 974 326 1035 unde
344 973 545 1053 sumpti
572 980 700 1047 sunt
728 979 1111 1039 revertuntur;
1143 970 1237 1029 sed
1254 977 1404 1029 terra
1427 983 1618 1035 eorum
1636 967 1774 1027 mul-

191 1063 414 1125 titudine
440 1079 546 1125 non
568 1063 842 1136 impletur.
873 1061 1203 1125 Benedicere
1230 1076 1360 1139 ergo
1394 1060 1653 1133 iubentur
1680 1060 1777 1115 ho-

188 1154 359 1215 mines
406 1154 718 1220 Dominum,
766 1154 871 1217 hoc
916 1162 1019 1219 est.
1045 1161 1325 1213 auctorem
1371 1144 1528 1215 suum
1583 1166 1778 1227 cogno-

194 1262 364 1317 scere,
392 1247 655 1321 illumque
682 1248 786 1315 ﬁde
807 1256 863 1307 et
880 1247 1039 1305 bonis
1063 1246 1318 1320 cperibus
1330 1246 1522 1316 colere,
1550 1245 1678 1333 quia
1708 1246 1776 1309 ab

188 1342 303 1417 ipso
329 1343 499 1407 creati
538 1350 689 1411 sunt,
716 1342 862 1423 etad
887 1340 1004 1412 ejus
1038 1340 1306 1417 judicium
1349 1355 1541 1411 omnes
1588 1354 1774 1407 rever-

192 1441 403 1517 tuntur,
434 1453 453 1488 ‹
491 1444 759 1509 quatenus
788 1434 1159 1515 unusquisque
1179 1434 1397 1513 propria
1426 1431 1671 1509 corporis
1699 1447 1778 1489 re

187 1528 373 1605 cipiat,
418 1533 582 1598 prout
630 1526 825 1609 gessit,
866 1526 982 1595 sive
1022 1526 1248 1607 bonum,
1300 1525 1416 1585 sive
1468 1524 1689 1587 malum.
1750 1541 1770 1579 ο

188 1617 274 1674 (Il
304 1617 425 1677 Cor.
457 1618 538 1693 v).

261 1728 281 1762 ε
309 1710 633 1777 Benedicite,
655 1710 761 1766 ceti
782 1718 839 1766 et
855 1710 1038 1769 omnia
1058 1725 1179 1782 qua:
1192 1718 1479 1775 moventur
1512 1710 1567 1767 in
1596 1708 1774 1780 aquis.

1877 510 2039 575 simul
2063 517 2116 571 et
2140 510 2342 571 subditi
2372 509 2658 571 Dominum
2684 507 2987 581 Christum,
3039 508 3197 583 cuius
3241 526 3464 568 munere

1876 611 2004 665 sunt
2032 600 2354 663 sanctiﬁcati
2394 615 2558 673 atque
2594 600 2841 661 mundati
2879 617 3096 688 semper
3142 602 3466 667 benedicant

1876 693 2036 757 simul
2067 709 2193 759 cum
2222 692 2402 763 ,Patre
2448 702 2505 751 et
2543 692 2749 769 Spiritu
2810 702 3001 777 saan
3043 704 3362 775 regnantem
3410 696 3464 753 in

1877 787 2073 849 saecula
2096 786 2443 847 saeculorum.

1920 897 1973 939 ,ι
2006 877 2339 945 Benedicite,
2366 877 2591 959 spiritus
2613 886 2669 937 et
2688 879 2883 943 anima:
2923 878 3215 962 justorum,
3271 878 3462 941 Domi-

1876 988 2025 1043 num.
2062 993 2081 1031 ι
2116 971 2175 1028 In
2201 971 2425 1057 spiritus
2461 987 2591 1053 ergo
2637 980 2694 1033 et
2739 972 2935 1054 animae
2980 972 3245 1031 vocabulo
3294 981 3465 1049 totam

1878 1067 2247 1143 conditionem
2277 1068 2557 1131 interioris
2602 1068 2840 1143 hominis
2887 1067 3322 1145 comprehendit,
3372 1066 3465 1141 qui

1879 1159 2070 1241 spiritu
2124 1159 2266 1230 sapit
2297 1167 2352 1215 et
2380 1159 2563 1217 anima
2591 1158 2744 1217 vivit.
2778 1158 2997 1217 Mandat
3032 1174 3164 1236 ergo
3192 1158 3464 1229 Propheta

1878 1259 1940 1313 ut
1957 1251 2233 1331 justorum
2260 1251 2483 1329 spiritus
2506 1259 2563 1311 et
2587 1251 2783 1329 animae
2804 1251 3129 1329 benedicant
3154 1250 3464 1325 Dominum,

1878 1344 2005 1415 quia
2035 1343 2111 1399 illi
2142 1344 2481 1400 solummodo
2501 1344 2771 1401 veraciter
2798 1344 3131 1407 benedicunt
3152 1343 3467 1417 Dominum,

1879 1439 1971 1509 qui
1994 1438 2220 1510 justitiae
2245 1449 2302 1496 et
2325 1439 2572 1495 veritatis
2602 1437 2844 1510 regulam
2870 1446 3114 1505 servant,
3160 1438 3466 1506 horumque

1879 1530 2284 1587 benedictiones
2311 1530 2566 1586 divinitas
2592 1538 2871 1603 gratanter
2909 1528 3126 1599 accipit,
3175 1528 3268 1599 qui
3319 1534 3466 1583 recta

1878 1621 2008 1688 ﬁde,
2040 1637 2167 1678 vera
2195 1622 2540 1678 confessione
2563 1637 2627 1677 ac
2668 1623 2809 1678 bona
2849 1621 3167 1695 operatione
3199 1617 3345 1688 juste
3386 1618 3468 1672 vi-

1880 1713 2057 1769 vendo
2087 1711 2242 1767 illum
2274 1711 2614 1767 collaudant.
2884 1692 2917 1701 η

185 1799 468 1855 Dominum
496 1818 509 1857 :
534 1799 748 1859 laudate
767 1809 822 1861 et
841 1793 1242 1879 Superexaltate
1264 1815 1389 1859 eum
1418 1801 1471 1865 in
1498 1798 1715 1861 saccula.
1747 1818 1767 1852 ι
1802 1791 1850 1867 Β
1953 1827 1972 1859 ι
2002 1807 2340 1875 Benedicite,
2361 1808 2535 1865 sancti
2562 1817 2619 1865 et
2639 1807 2874 1867 humiles
2894 1808 3080 1873 corde,
3100 1807 3416 1867 Dominum.
3442 1823 3462 1857 ι

181 1888 245 1946 In
300 1890 433 1947 cetis
489 1904 639 1969 ergo,
697 1891 789 1969 qui
823 1906 921 1969 pro
975 1890 1346 1973 magnitudine
1382 1890 1627 1967 corporis
1686 1890 1769 1952 sui

182 1984 461 2043 montibus
491 1993 893 2061 comparantur,
924 1992 980 2041 et
1004 1985 1218 2045 caeteris
1240 1985 1631 2067 animantibus,
1651 1998 1772 2059 quae

182 2073 243 2130 in
266 2074 398 2129 mari
419 2083 710 2131 versantur
730 2075 1370 2151 prmeminent,potentes
1407 2076 1566 2133 istius
1586 2075 1770 2132 mundi

181 2165 412 2241 exprimi
426 2173 671 2237 possunt.
697 2166 762 2221 Hi
780 2183 901 2239 cum
935 2167 1147 2231 caeteris
1183 2168 1511 2234 hominibus,
1549 2169 1641 2238 qui
1670 2169 1773 2227 hoc

181 2255 382 2312 saeculo
406 2262 691 2310 versantur
703 2254 769 2310 ad
786 2254 1113 2315 laudandum
1136 2253 1446 2312 Creatorem
1469 2272 1625 2311 suum
1648 2271 1774 2331 pro-

179 2354 468 2413 vocamur,
491 2345 646 2418 cujus
674 2362 899 2405 munere
924 2362 1117 2404 omnes
1144 2348 1466 2416 subsistunt,
1508 2356 1563 2403 et
1582 2362 1771 2404 omnes

179 2439 519 2507 nutriuntur,
546 2440 675 2513 quia
701 2440 922 2512 dignum
949 2447 1033 2495 est
1074 2447 1133 2494 ut
1159 2441 1343 2514 magni
1371 2449 1426 2501 et
1457 2441 1613 2513 parvi
1651 2455 1769 2496 om-

178 2530 520 2605 nipotentem
554 2532 905 2601 Conditorem
933 2545 1092 2607 suum
1115 2531 1336 2591 laudent
1358 2541 1414 2589 et
1440 2532 1497 2591 in
1516 2532 1770 2597 saeculum

178 2624 529 2681 benedicant.

262 2736 284 2772 ι
316 2717 642 2797 Benedicite,
661 2715 909 2773 volucres
927 2714 1073 2783 caeli,
1096 2714 1403 2775 Dominum.
1429 2736 1447 2770 ι
1470 2713 1530 2772 In
1550 2714 1775 2773 volucri-

177 2814 292 2873 bus
310 2829 437 2888 ergo
462 2814 768 2906 philosophi
798 2815 971 2903 accipi
997 2822 1245 2887 possunt,
1264 2812 1354 2883 qui
1381 2811 1773 2906 cogitationum

181 2923 404 2969 suarum
431 2898 717 2967 velocitate
746 2898 972 2985 naturas
1001 2922 1183 2977 rerum
1206 2914 1263 2967 et
1303 2920 1495 2970 cursus
1533 2905 1774 2963 siderum

181 3000 460 3061 discutere
479 3010 837 3068 censuerunt;
883 3001 999 3071 sive
1039 3000 1205 3063 etiam
1247 2997 1427 3057 altiori
1471 3012 1632 3071 sensu
1679 3014 1776 3061 ω)-

182 3094 296 3166 geli
317 3094 594 3155 volucrum
613 3093 835 3165 nomine
861 3092 1126 3167 designati
1153 3090 1377 3163 intelligi
1409 3097 1654 3163 possunt,
1681 3090 1774 3165 qui

180 3164 256 3245 ad
283 3187 579 3245 custodiam
603 3186 882 3253 hominum
898 3184 953 3251 in
980 3164 1237 3255 mundum
1268 3197 1299 3251 a
1336 3182 1444 3261 Deo
1466 3180 1770 3261 mittuntur,
1801 3164 1847 3228 (Ξ

181 3284 250 3334 ιιι
278 3291 460 3333 eorum
480 3293 664 3335 curam
686 3285 896 3349 gerant,
921 3284 976 3333 et
1000 3284 1190 3343 contra
1214 3271 1484 3361 spiritales
1504 3271 1774 3349 nequitias

182 3365 313 3423 illos
333 3366 645 3435 defendant,
675 3367 803 3438 quia
838 3383 1053 3439 aequum
1103 3374 1188 3422 est
1229 3360 1289 3419 ut
1335 3377 1525 3425 omnes
1564 3360 1773 3435 praelati

182 3459 353 3517 simul
380 3470 433 3519 et
453 3460 651 3517 subditi
694 3462 935 3516 omnium
985 3460 1383 3523 dominatorem
1427 3454 1772 3520 benedicant,

187 3571 209 3605 ο
249 3551 345 3623 qui
373 3551 503 3629 fecit
543 3551 743 3615 ctelum
769 3559 825 3611 et
861 3560 1083 3615 terram.
1124 3549 1296 3616 maria
1338 3556 1393 3607 et
1427 3548 1607 3615 omnia
1655 3562 1775 3619 qua:

181 3642 245 3699 in
296 3643 377 3697 eis
407 3650 555 3697 sunt.
594 3661 613 3694 ι

269 3749 290 3784 ‹
327 3730 657 3799 Benedicite,
680 3745 868 3801 gmnes
906 3731 1095 3799 bestia:
1119 3738 1175 3789 et
1199 3744 1413 3801 pecora,
1436 3728 1725 3787 Dominum
1757 3745 1770 3781 :

181 3824 409 3881 laudate
454 3833 509 3879 et
530 3808 925 3897 superevaltate
950 3839 1072 3891 eum
1104 3824 1160 3879 in
1198 3822 1413 3879 saecula.
1448 3842 1467 3876 ι
1500 3821 1561 3877 In
1589 3820 1778 3877 bestiis

183 3914 441 3973 crudeles
462 3923 517 3971 et
545 3913 790 3989 indomiti
823 3913 1068 3969 homines
1097 3912 1468 3986 signiﬁcantur
1494 3920 1549 3966 et
1595 3912 1649 3966 in
1684 3925 1779 3983 pe—

185 4007 414 4069 coribus
441 4022 602 4063 omne
635 4004 825 4079 vulgus
865 4013 921 4060 et
947 4004 1171 4061 inlinitce
1220 4002 1425 4079 plebes.
1454 4000 1589 4057 Nam
1645 4002 1779 4059 tales

184 4096 466 4171 PrOpheta
492 4099 760 4165 hortatur,
778 4080 850 4151 ἰιι
880 4096 1126 4151 conversi
1154 4110 1184 4149 a
1215 4094 1533 4151 crudelitate
1580 4102 1638 4149 et
1685 4108 1776 4148 su-

186 4190 382 4262 perbia
408 4188 475 4244 ad
502 4189 859 4247 humilitatem
901 4194 957 4242 et
1000 4184 1365 4241 innocentiam
1410 4191 1773 4248 revertantur,

186 4280 274 4337 ita
299 4288 360 4336 ut
385 4281 570 4346 corde,
592 4295 689 4336 ore
711 4288 767 4336 et
792 4293 955 4353 opere
974 4277 1296 4334 benedicant
1315 4276 1576 4333 factorem
1598 4292 1777 4345 suum,

186 4387 363 4444 aquo
384 4370 610 4443 perfecti
639 4381 766 4442 sunt
794 4370 918 4427 (πειί
961 4378 1018 4426 et
1044 4379 1189 4426 terra
1237 4379 1293 4425 et
1332 4369 1511 4425 omnis
1551 4376 1780 4425 ornatus

185 4477 411 4522 001'0111.

278 4575 297 4608 ι
332 4532 661 4621 Benedicite,
686 4552 780 4608 ﬁlii
801 4553 1102 4619 hominum,
1130 4553 1418 4609 Dominum
1447 4567 1463 4607 :
1492 4552 1780 4609 benedicat
1806 4527 1858 4588 D

186 4647 369 4705 Israel
394 4646 696 4703 Dominum.
738 4665 758 4699 ι
794 4644 851 4700 In
888 4645 1011 4700 ﬁliis
1039 4645 1254 4721 quidem
1292 4644 1571 4699 hominum
1618 4645 1782 4700 ratio-

188 4738 458 4797 nabiliter
481 4738 743 4804 viventes,
772 4746 826 4797 et
855 4738 906 4792 in
928 4736 1095 4793 Israel
1113 4737 1306 4792 divinae
1341 4735 1785 4807 contemplationi

186 4840 460 4887 vacantes
506 4831 874 4905 designantur.
896 4827 1007 4884 Hos
1047 4843 1174 4903 ergo
1238 4828 1304 4883 ad
1356 4826 1787 4883 benedicendum

186 4922 375 4979 Deum
406 4906 778 4993 invitat,‘quia
808 4920 961 4977 valde
983 4920 1201 4997 dignum
1252 4928 1307 4975 et
1347 4919 1555 4990 justum
1599 4926 1681 4973 est
1727 4925 1790 4977 ut

185 5011 297 5086 qui
329 5027 493 5084 super
520 5019 748 5067 caeteras
793 5020 1072 5066 creaturas
1103 5018 1283 5076 terrae,
1319 5008 1424 5064 hoc
1466 5009 1534 5064 ab
1581 5007 1792 5080 opiﬁcis

194 5105 297 5163 sui
330 5103 583 5176 largitate
613 5108 993 5174 perceperunt,
1046 5108 1109 5156 ut
1147 5116 1270 5156 eum
1318 5099 1584 5155 veraciter
1627 5114 1792 5169 agno-

194 5203 431 5255 scentes
457 5203 608 5252 recta
639 5194 743 5251 ﬁde
771 5209 835 5249 ac
860 5194 1015 5248 bonis
1038 5192 1291 5263 operibus
1320 5191 1497 5248 colere
1519 5191 1790 5246 ctmundo

188 5289 372 5346 corde
396 5298 558 5363 atque
586 5303 721 5360 pura
751 5286 1053 5359 intentione
1082 5286 1434 5357 contemplari
1468 5295 1632 5357 atque
1670 5285 1791 5340 dili-

186 5394 334 5450 gere
366 5380 594 5453 possint,
633 5393 909 5450 nunquam
944 5392 975 5431 a
997 5374 1245 5432 laudibus
1271 5377 1391 5446 ejus
1419 5384 1657 5442 cessent,
1689 5375 1786 5431 sed

184 5462 258 5528 in
287 5480 556 5528 aeternum
586 5473 968 5530 benedicentes
1004 5469 1318 5541 praedicent.

277 5603 301 5641 ι
330 5583 663 5657 Benedicite,
704 5585 1019 5653 sacerdotes
1043 5582 1274 5665 Domini,
1324 5582 1651 5643 Dominum:
1698 5585 1790 5641 he-

188 5678 466 5746 nedicite,
515 5680 655 5736 servi
711 5677 947 5744 Domini,
993 5675 1301 5735 Dominum.
1341 5693 1360 5728 ι
1394 5675 1450 5735 ln
1498 5675 1789 5737 sacerdoti-

186 5770 310 5831 bus
336 5771 626 5844 magistros
651 5771 904 5831 Ecclesiae
927 5769 1204 5842 exprimit,
1234 5768 1290 5826 in
1316 5767 1487 5831 servis
1510 5782 1641 5825 vero
1668 5769 1791 5829 sub-

1874 1901 2245 1967 Humilitatem
2268 1903 2452 1959 cordis
2499 1902 2701 1959 habere
2758 1911 2816 1963 et
2862 1916 3106 1983 praesens
3158 1898 3463 1961 versiculus

1874 1994 2049 2059 docet,
2077 2002 2132 2051 et
2160 1993 2314 2059 illud,
2345 1993 2489 2069 quod
2512 1994 2567 2049 in
2592 1993 2887 2069 Evangelio
2932 1994 3132 2071 legitur
3165 2011 3178 2049 :
3213 2011 3232 2044 ί
3266 1991 3471 2048 Discite

1873 2100 1905 2143 a
1930 2099 2017 2145 me
2037 2085 2160 2155 quia
2189 2086 2338 2145 mitis
2357 2102 2476 2143 sum
2499 2094 2555 2141 et
2583 2087 2805 2147 humilis
2847 2088 3029 2159 corde,
3078 2099 3134 2162 et
3184 2085 3473 2151 invenietis

1871 2176 2115 2251 requiem
2146 2177 2432 2253 animabus
2460 2178 2656 2235 vestris
2688 2176 2906 2250 (Matth.
2948 2178 3046 2253 ιι).
3089 2197 3107 2230 ›
3155 2176 3349 2234 Cordis
3378 2192 3473 2235 au-

1874 2276 1984 2333 tem
2008 2270 2097 2327 illa
2126 2278 2211 2345 est
2251 2269 2548 2343 humilitas,
2596 2285 2717 2343 quae
2761 2271 2815 2345 in
2857 2269 2967 2329 alio
3015 2269 3135 2325 loco
3178 2275 3471 2342 paupertas

1873 2362 2093 2435 spiritus
2104 2362 2423 2437 appellatur.
2439 2372 2624 2437 utnon
2646 2364 2921 2437 erigamur
2935 2362 3208 2437 superbia,
3223 2376 3323 2435 nec
3346 2361 3472 2431 ﬁcta

1873 2454 2180 2517 humilitate
2219 2458 2449 2531 gloriam
2510 2468 2781 2531 terrenam
2829 2473 3161 2531 quaeramus,
3219 2457 3315 2521 sed
3361 2462 3472 2511 toto

1874 2550 2041 2609 corde
2065 2548 2397 2629 inclinentur
3460 2548 3467 2555 ’

1951 2658 1970 2695 ι
1998 2639 2330 2713 Benedicite,
2352 2641 2796 2713 Anania,Azaria
2815 2652 2873 2699 et
2893 2641 3102 2708 uisae],
3139 2640 3428 2708 hominum
3453 2656 3468 2697 ς

1880 2751 1900 2785 ι
1934 2731 2213 2804 bymmum
2244 2733 2426 2799 dicite,
2456 2734 2677 2799 laudate
2708 2744 2765 2790 et
2792 2734 3195 2805 superexaltate
3240 2748 3363 2793 eum
3414 2731 3472 2789 in

1881 2845 1901 2901 ᾳ
1944 2825 2160 2885 amcula.
2194 2826 2330 2895 Quia
2367 2827 2512 2885 eruit
2539 2843 2642 2895 nos
2665 2829 2734 2884 de
2773 2827 3008 2896 inferno,
3034 2838 3090 2884 et
3131 2824 3477 2893 salvos‘fecit

1881 2919 2001 2994 ide
2046 2934 2209 2993 manu
2253 2920 2445 3001 mortis
2492 2927 2548 2976 et
2591 2919 2842 2987 liberavit
2879 2920 2948 2976 de
2994 2918 3175 3001 medio
3231 2916 3474 2981 ardentis

1881 3028 1901 3069 t
1930 3007 2181 3081 ﬂammae,
2240 3018 2298 3079 et
2332 2998 2401 3067 de
2432 3010 2612 3075 medio
2659 3009 2800 3080 ignis
2847 3010 2995 3075 eruit
3029 2998 3149 3076 nos.
3188 3027 3208 3065 ι
3283 3006 3473 3071 Novis-

1877 3097 2015 3173 sime
2046 3116 2178 3157 vero
2206 3107 2320 3172 tres
2364 3100 2519 3172 pueri
2570 3101 2892 3172 semetipsos
2930 3101 2997 3167 ad
3043 3100 3472 3169 benedicendum

1877 3190 2165 3267 Dominum
2194 3192 2572 3261 exhortantur,
2599 3199 2655 3249 et
2700 3193 2895 3261 merito
2922 3194 3169 3261 ordinem
3210 3200 3475 3259 creatura

1876 3284 1947 3349 ob
1989 3283 2366 3355 liberationem
2427 3299 2618 3353 eorum
2698 3288 3077 3353 commutavit.
3141 3288 3215 3351 ita
3266 3294 3328 3345 ut
3372 3300 3475 3347 nec

1876 3394 2304 3461 corporacorum
2344 3380 2713 3453 ignislaedere,
2753 3396 2855 3439 nec
2890 3376 3215 3445 vestimenta
3252 3378 3472 3441 ﬂamma

1876 3475 2194 3544 comburere
2216 3484 2420 3547 posset,
2443 3478 2531 3533 cui
2561 3477 2796 3551 hymnus
2815 3487 2900 3539 est
2917 3478 3151 3545 debitus,
3165 3488 3223 3537 et
3236 3478 3475 3537 laudatio

1876 3566 2224 3632 conveniens,
2278 3568 2405 3639 quia
2459 3569 2573 3639 ipse
2627 3585 2843 3640 semper
2893 3569 3181 3629 laudabilis
3226 3579 3285 3628 et
3308 3585 3473 3641 super

1877 3656 2056 3711 omnia
2081 3656 2347 3714 exaltatus
2369 3669 2544 3715 manet
2596 3660 2652 3717 in
2702 3660 2899 3721 saecula
2955 3662 3295 3719 saacnlorum.
3341 3661 3473 3718 Post

1876 3743 1977 3813 has
2005 3762 2221 3816 quoque
2266 3748 2674 3815 benedictiones
2713 3752 2952 3811 additum
2978 3762 3063 3811 est
3081 3768 3111 3811 a
3137 3763 3342 3811 sanctis
3366 3752 3472 3808 Pa-

1878 3835 2053 3893 tribus
2084 3836 2158 3903 id,
2185 3840 2329 3908 quod
2364 3840 2524 3905 modo
2568 3842 2783 3903 canitur
2811 3842 2867 3901 in
2926 3842 3190 3910 Ecclesia,
3241 3845 3343 3900 hoc
3389 3851 3474 3901 est

1879 3935 2077 3999 sanctae
2114 3927 2394 3997 Trinitatis
2442 3931 2561 3997 laus
2607 3941 2664 3989 et
2688 3933 2963 3997 confessio
2981 3934 3140 4005 iuxta
3168 3937 3316 3995 hunc
3356 3952 3474 3994 mo-

1879 4018 2030 4089 dum-

1956 4125 1974 4158 ι
2012 4102 2406 4179 Benedicamus
2438 4109 2657 4185 Patrem
2681 4118 2737 4179 et
2758 4111 2956 4179 Filium
2983 4128 3109 4179 cum
3129 4122 3320 4178 sancto
3349 4113 3471 4186 Spi-

1886 4215 1907 4250 t
1943 4197 2073 4266 ritu,
2102 4198 2386 4271 laudemus
2407 4210 2461 4271 et
2490 4203 2956 4274 superexaltemqs
2981 4221 3104 4275 cum
3130 4206 3185 4269 in
3208 4207 3423 4269 saecula.
3447 4227 3467 4265 ι

1881 4289 2015 4365 Quia
2060 4308 2197 4365 unus
2218 4300 2272 4353 et
2294 4292 2441 4365 solus
2476 4295 2618 4361 Deus
2639 4304 2741 4364 est,
2764 4297 2930 4363 Pater
2954 4308 3009 4354 et
3030 4298 3200 4364 Filius
3222 4310 3277 4357 et
3301 4299 3474 4371 Spiri-

1882 4392 1969 4439 tus
1989 4393 2209 4439 sanctus
2242 4384 2418 4441 trinus
2446 4385 2499 4440 in
2527 4390 2773 4459 personis
2800 4397 2865 4459 et
2892 4406 3033 4447 unus
3052 4391 3109 4451 in
3136 4393 3472 4461 substantia,

1881 4475 1973 4545 qui
2009 4476 2213 4537 creavit
2248 4476 2444 4533 omium
2475 4486 2529 4533 et
2567 4486 2786 4548 terram,
2826 4497 2977 4539 mare
2996 4492 3052 4541 et
3098 4485 3304 4551 omnia,
3356 4500 3476 4556 qum

1885 4568 1941 4625 in
1966 4568 2044 4623 eis
2066 4577 2211 4635 sunt,
2244 4567 2397 4640 cujus
2424 4569 2637 4628 laudem
2664 4574 2962 4642 praedicare
3000 4585 3057 4633 et
3109 4592 3307 4637 nomen
3359 4576 3476 4647 ejus

1888 4673 2050 4729 super
2069 4660 2251 4739 omnia
2276 4660 2361 4717 fas
2388 4669 2469 4721 est
2491 4662 2740 4723 conﬁteri
2760 4666 3012 4721 omnibus
3037 4669 3127 4737 qui
3160 4668 3311 4727 illum
3357 4686 3475 4727 cre-

1891 4750 2040 4815 dunt,
2069 4761 2124 4808 et
2156 4753 2223 4819 ab
2252 4769 2318 4808 eo
2342 4755 2509 4827 vitam
2538 4763 2798 4811 aeternam
2831 4758 3078 4828 accipere
3101 4761 3294 4817 volunt
3331 4763 3477 4833 ejus-

1871 4856 1997 4911 .que
2021 4843 2259 4901 bonitate
2286 4842 2392 4899 frui
2433 4847 2743 4907 desiderant
2793 4848 2847 4907 in
2897 4865 3062 4921 regno
3107 4852 3336 4911 cmlesti.
3362 4852 3476 4912 Hoc

1892 4944 2069 4995 autem
2096 4937 2237 5007 quod
2264 4939 2510 5008 sequitur
2537 4939 2594 4997 in
2614 4941 2718 4997 hoc
2760 4941 2985 5001 Cantica
3036 4953 3165 5005 ante
3186 4944 3470 5017 praelatum

1893 5037 1978 5087 est
2003 5031 2056 5084 in
2081 5029 2219 5085 libro
2245 5030 2583 5105 prophetico,
2618 5030 2706 5091 ubi
2756 5033 3073 5105 priusquam
3108 5050 3474 5107 provocaren-

1894 5130 1983 5193 tur
2019 5136 2181 5197 opera
2231 5122 2443 5193 Domini
2466 5124 2534 5187 ad
2575 5111 3002 5195 benedicendum
3048 5128 3352 5193 Dominum.
3401 5130 3475 5187 ita

1893 5213 2155 5285 scriptum
2170 5212 2425 5284 legitimi
2443 5214 2767 5281 Benedictus
2790 5219 2941 5277 estin
2965 5218 3307 5281 ﬁrmamento
3325 5219 3474 5286 cali,

1892 5312 1947 5361 et
1984 5304 2269 5363 laudabilis
2320 5315 2375 5361 et
2413 5307 2681 5378 gloriosus
2720 5308 2775 5377 in
2814 5310 3032 5373 secula.
3068 5330 3089 5367 ι
3140 5311 3476 5369 Firmamen-

1892 5405 2005 5453 tum
2026 5398 2168 5463 enim
2195 5397 2319 5453 coeli
2340 5407 2433 5457 aut
2452 5399 3049 5472 angelicaspptestates
3084 5404 3371 5473 signiﬁcat.
3419 5402 3475 5461 in

1889 5491 2107 5565 quibus,
2130 5491 2391 5563 Dominus
2410 5492 2795 5563 perpetualiter
2822 5502 3034 5567 meat.
3065 5495 3152 5553 vel
3191 5493 3476 5553 scientiam

1890 5592 2204 5657 sanctarum
2232 5584 2660 5657 scripturarum,
2694 5586 2787 5655 ubi
2818 5587 2985 5649 totius
3010 5586 3141 5645 boni
3178 5594 3237 5647 et
3275 5586 3476 5649 verita-

1891 5677 1963 5736 tis
1986 5677 2399 5754 solidamentum
2426 5687 2533 5749 est,
2559 5688 2613 5749 et.
2640 5679 2899 5751 maiestas
2925 5695 2991 5741 ac
3010 5681 3225 5743 bonitas
3251 5679 3476 5741 Creato-

1893 5770 1969 5827 ris
2020 5769 2235 5849 assidue
2286 5770 2541 5847 laudatur
2588 5781 2645 5831 et
2689 5772 3033 5843 praedicam.
3076 5772 3214 5837 Hinc
3252 5774 3475 5847 quoque
