3936 6328
458 359 596 416 1159

1088 354 1150 412 Β.
1186 353 1443 414 RABANI
1480 347 2054 452 MAURIQRCIIIEP.
2095 353 2404 412 MOGUN'I‘.
2447 351 2734 411 OPERUM
2767 349 2947 408 PARS
2981 349 3068 405 ΙΙΙ.

3595 343 3733 398 “60

456 473 716 544 scriptum
744 477 826 526 est
847 468 1567 541 :Cu'clum'plieabitur,sicut
1595 469 1731 524 liber
1751 469 2036 532 involutus,
2068 470 2122 530 Α
2147 468 2382 522 misisset
2408 484 2421 520 :
2460 484 2480 518 ι
2512 474 2569 521 et
2595 465 2769 520 erexit
2798 478 2966 519 cornu
2997 457 3185 515 salutis
3208 456 3385 520 nobis,
3414 473 3435 506 ι
3473 453 3736 544 continuo

458 573 510 619 et
539 562 695 628 alibi;
722 561 1125 618 ﬁrmamentum
1155 572 1240 618 est
1265 563 1524 618 Dominus
1549 562 1865 617 timentibus
1915 575 2039 615 eum

458 663 512 710 et
535 661 919 709 testamentum
941 653 1129 722 ipsius,
1151 663 1210 708 ut
1239 652 1615 708 manifestetur
1637 651 1742 707 illis
1781 669 1793 705 :
1825 651 2045 722 quicun-

457 761 562 817 que
587 745 731 801 enim
769 746 860 802 hie
897 745 1166 802 veraciter
1203 745 1368 799 Deum
1418 744 1646 816 diligunt
1695 751 1750 800 et
1793 743 2043 798 mandata

456 838 573 908 ejus
598 837 872 895 custodire
905 845 1183 909 appetunt,
1215 837 1569 906 laudibusque
1613 837 1707 890 Dei
1735 852 1839 892 non
1871 836 2045 891 solum

459 944 573 994 ore,
625 929 721 984 sed
762 929 927 984 etiam
977 928 1139 984 corde
1195 927 1410 983 assidue
1447 942 1644 982 vacare
1691 927 1926 992 student,
1979 943 2046 982 ex

460 1019 754 1090 Scripturis
777 1020 948 1076 sacris
971 1019 1396 1076 consolationem
1425 1034 1721 1090 congruam
1774 1019 2047 1089 accipien-

461 1120 544 1166 tes
567 1111 633 1165 de
660 1111 745 1167 die
777 1111 830 1166 in
864 1111 1007 1166 diem
1031 1110 1335 1181 proﬁcient,
1365 1126 1428 1166 ac
1457 1110 1536 1166 sic
1555 1111 1675 1166 sine
1701 1111 1804 1165 ulla
1829 1109 2044 1165 dubita-

462 1202 605 1257 tione
632 1217 729 1272 per
767 1203 998 1272 gratiam
1033 1203 1128 1257 Dei
1175 1211 1296 1273 post
1341 1201 1502 1256 finem
1547 1202 1706 1272 hujus
1753 1201 1878 1256 vitae
1923 1201 2045 1266 hoc,

461 1294 604 1363 quod
631 1293 721 1348 diu
749 1294 835 1351 hic
854 1294 1178 1365 quassierant
1219 1295 1276 1349 in
1321 1308 1487 1365 regno
1528 1292 1737 1350 cmlesti
1779 1293 1897 1349 sine
1942 1292 2050 1348 fine

461 1384 780 1454 percipient.

1139 1598 1375 1642 INCIPIT

819 1703 1229 1766 CANTICUM
1275 1701 1705 1764 ZACHARIJE

757 1825 973 1887 Patris
1009 1827 1084 1885 B.
1122 1825 1391 1886 Joannis
1428 1825 1751 1903 Baptista.

533 1947 697 2017 Igitur
717 1945 1029 2010 Zacharias,
1044 1955 1198 2016 pater
1220 1946 1362 2001 beati
1383 1944 1610 2000 Joannis
1630 1945 1906 2014 Baptistae,
1922 1943 2049 1998 licet

461 2044 685 2106 propter
726 2036 1053 2091 dubietatem
1102 2037 1296 2091 mentis
1342 2037 1431 2090 diu
1464 2036 1653 2090 fuisset
1696 2050 1890 2106 expers
1932 2034 2048 2089 elo—

468 2127 627 2197 quio,
656 2142 880 2182 munere
907 2135 1082 2182 tamen
1113 2142 1218 2182 non
1265 2135 1349 2180 est
1391 2127 1632 2195 privatus
1681 2125 1864 2180 divino
1915 2125 2053 2180 :sed

465 2218 611 2274 edito
653 2235 842 2289 puero,
893 2217 1046 2286 cujus
1101 2232 1298 2272 nomen
1345 2217 1574 2272 tacendo
1623 2216 2050 2284 conscripserat,

469 2310 646 2382 gratia
704 2310 874 2365 sancti
924 2309 1158 2379 Spiritus
1225 2308 1574 2372 illustratus,
1630 2307 1759 2376 quid
1813 2304 2052 2360 futurum

464 2412 612 2459 esset
631 2404 685 2456 in
709 2403 800 2456 Dei
829 2401 1024 2473 populo
1051 2400 1420 2471 prophetaudo
1442 2399 1813 2469 pronuntiavit
1837 2398 2050 2452 dicens:

495 2553 504 2560 ν
545 2513 563 2544 ι
599 2493 922 2548 Benedictus
951 2493 1212 2548 Dominus
1254 2493 1397 2548 Deus
1441 2491 1627 2560 Israel,
1654 2494 1779 2563 quia
1818 2491 2056 2546 visitavit

474 2604 492 2636 ι
527 2593 583 2640 et
607 2582 737 2640 fecit
778 2585 1197 2656 redemptionem
1241 2585 1413 2655 plebis
1456 2601 1587 2640 suae.
1624 2604 1643 2636 ι
1707 2585 1917 2652 Quanta
1966 2599 2056 2639 su-

464 2674 620 2745 perni
651 2676 893 2729 muneris
918 2683 1001 2730 est
1025 2673 1265 2745 largitas,
1297 2675 1344 2730 si
1364 2683 1614 2745 prompta
1662 2675 1730 2730 ad
1781 2674 2053 2744 accipien-

468 2766 598 2819 dum
622 2773 820 2821 nostra:
842 2765 970 2820 fidei
996 2765 1067 2819 sit
1108 2765 1304 2834 pietas,
1357 2767 1692 2836 perpendere
1747 2780 2051 2834 possumus.

467 2859 606 2914 Eree
630 2860 862 2930 loquela,
895 2877 1014 2931 qua:
1057 2862 1172 2916 sola
1224 2870 1308 2918 est
1364 2862 1547 2917 ablata
1593 2862 1876 2928 diffidenti,
1931 2879 2056 2916 cum

469 2951 665 3022 spiritu
716 2952 1016 3022 prophetiae
1062 2961 1144 3008 est
1189 2954 1441 3009 restituta
1487 2953 1748 3009 credenti.
1808 2951 2060 3008 Visitavit

473 3053 654 3098 autem
677 3043 936 3099 Dominus
960 3043 1381 3116 plebemsuam,
1425 3044 1582 3113 quasi
1625 3043 1785 3115 longa
1831 3041 2059 3097 infirmi—
2111 3053 2122 3068 '

473 3143 586 3190 tate
632 3135 1017 3202 tabescentem,
1060 3144 1115 3192 et
1160 3136 1316 3206 quasi
1345 3135 1619 3190 venditam
1664 3136 1764 3190 sub
1810 3141 2054 3204 peccato,

475 3228 621 3282 unici
653 3226 746 3281 filii
777 3229 860 3283 sui
904 3229 1165 3298 sanguine
1202 3227 1451 3292 redemit,
1499 3226 1642 3297 quod
1692 3227 1820 3296 quia
1871 3227 2060 3282 beatus
2088 3213 2132 3276 C

474 3318 768 3374 Zacharias
823 3319 1072 3389 proxime
1112 3317 1417 3372 faciendum
1447 3328 1796 3389 cognoverat,
1839 3319 2065 3388 prophe-

473 3411 583 3466 tico
605 3426 754 3466 more
799 3412 954 3481 quasi
991 3411 1104 3481 jam
1142 3408 1346 3465 factum
1395 3420 1603 3468 narrat.
1639 3411 1704 3466 Et
1747 3412 2061 3477 notandum,

472 3505 617 3574 quod
641 3503 890 3558 visitasse
937 3514 992 3558 et
1042 3504 1335 3560 redemisse
1383 3502 1597 3573 plebem
1646 3519 1799 3558 suam
1845 3502 2060 3558 dicitur.

474 3592 592 3648 Non
613 3592 738 3662 quia
766 3593 1017 3648 videlicet
1061 3594 1128 3648 ad
1187 3593 1328 3648 hanc
1369 3592 1592 3647 veniens
1639 3608 1794 3648 suam
1837 3592 2062 3658 invenit,

475 3684 572 3739 sed
605 3685 734 3754 quia
757 3684 1025 3740 visitando
1064 3699 1218 3740 suam
1246 3682 1397 3739 fecit.

550 3798 568 3828 ‹
605 3777 674 3831 Et
712 3779 886 3833 erexit
927 3791 1094 3832 cornu
1147 3776 1338 3832 salutis
1383 3774 1538 3830 nobis
1585 3775 1640 3829 in
1690 3775 1850 3830 domo
1896 3777 2066 3831 David

478 3870 630 3940 pueri
660 3870 765 3924 sui.
799 3889 818 3921 ι
850 3867 1030 3924 Cornu
1059 3868 1251 3924 salutis
1277 3867 1486 3922 firmam
1527 3868 1900 3923 celsitudinem
1925 3869 2067 3923 salu-

478 3963 548 4016 tis
574 3962 724 4018 dicit.
753 3961 889 4019 Ossa
918 3962 1187 4032 siquidem
1224 3963 1407 4016 omnia
1437 3977 1600 4017 carne
1641 3961 1883 4016 involuta
1918 3970 2060 4016 sunt.

478 4052 658 4110 Cornu
688 4053 902 4108 excedit
930 4068 1176 4117 carnem,
1207 4060 1262 4108 et
1283 4034 1412 4107 ideo
1428 4067 1596 4107 cornu
1625 4053 1815 4108 salutis
1839 4066 2065 4123 regnum

481 4145 781 4202 Salvatoris
801 4144 1002 4200 Christi
1053 4153 1300 4210 vocatur,
1332 4158 1442 4214 quo
1464 4146 1663 4200 mundo
1691 4144 1978 4215 spiritalis,
2013 4150 2070 4199 et

477 4254 598 4308 quae
624 4237 805 4292 carnis
841 4237 1035 4308 gaudia
1071 4245 1307 4306 superet,
1367 4236 1598 4292 altitudo
1653 4237 1936 4291 nuntiatur
1970 4254 1982 4289 :
2012 4236 2065 4290 in

479 4329 632 4399 cujus
657 4330 881 4401 figuram
910 4330 1076 4386 David
1098 4331 1184 4385 vel
1216 4330 1471 4386 Salomon
1520 4346 1690 4386 cornu
1714 4330 1820 4386 olei
1848 4339 1978 4386 sunt
2009 4329 2066 4384 in

486 4425 640 4494 regni
669 4424 899 4496 gloriam
930 4423 1258 4480 consecrati.

556 4535 572 4567 ι
610 4515 762 4570 Sicut
785 4515 999 4571 locutus
1024 4523 1108 4570 est
1138 4529 1234 4585 per
1252 4529 1315 4570 os
1337 4522 1670 4580 sanctorum,
1700 4515 1842 4592 quia
1865 4514 2062 4569 sreculo

485 4627 503 4658 ι
539 4617 661 4662 sunt
690 4608 1071 4678 prophetarum
1103 4604 1240 4674 ejus.
1287 4625 1306 4658 ›
1339 4606 1385 4659 Α
1426 4605 1642 4670 saeculo,
1691 4604 1885 4674 inquit,
1934 4604 2062 4674 quia

481 4715 548 4755 ex
575 4709 681 4754 tota
713 4699 923 4755 Veteris
957 4699 1303 4755 lnstrumenti
1355 4700 1633 4769 Scriptura
1671 4699 1950 4769 prophetia
1995 4699 2064 4754 de

481 4790 696 4846 Christo
767 4793 1054 4862 processit,
1105 4808 1208 4848 nec
1260 4791 1360 4846 soli
1405 4789 1690 4856 Jeremias,
1733 4789 1950 4855 Daniel,
2006 4799 2062 4844 et

482 4881 649 4937 Isaias
679 4884 968 4954 caeterique
999 4884 1154 4947 tales,
1185 4884 1280 4955 qui
1323 4891 1380 4939 et
1422 4883 1697 4952 prophetae
1757 4882 2064 4951 specialiter

482 4973 753 5044 appellati,
779 4983 832 5030 et
861 4976 977 5045 ejus
1001 4976 1235 5031 adventu
1265 4975 1550 5032 manifeste
1569 4982 1695 5030 sunt
1723 4974 1915 5040 locuti;
1973 4991 2065 5030 ve-

483 5081 603 5121 rum
627 5066 740 5136 ipse
758 5075 909 5136 pater
936 5066 1129 5134 Adam,
1157 5068 1292 5122 Abel
1311 5077 1368 5123 et
1384 5068 1591 5134 Enoch,
1635 5076 1690 5124 et
1734 5067 1915 5123 caeteri
1964 5067 2067 5122 Pa-

485 5166 628 5212 trum
662 5155 820 5213 factis
845 5159 1048 5228 quique
1090 5161 1204 5214 suis
1233 5158 1352 5227 ejus
1379 5157 1777 5229 dispensationi
1819 5160 2065 5216 testimo-

486 5249 636 5303 nium
667 5249 912 5303 reddunt.
943 5249 1094 5306 Unde
1128 5250 1388 5305 Dominus
1416 5250 1530 5321 ipse
1566 5251 1876 5308 Judteorum
1925 5253 2070 5310 duri-

487 5341 617 5397 tiam
641 5342 964 5414 redargueus
983 5341 1094 5396 ait:
1125 5359 1144 5392 ι
1174 5341 1232 5396 Si
1257 5342 1549 5398 crederetis
1572 5343 1758 5414 Moysi,
1784 5345 2075 5402 crederetis

487 5431 713 5488 forsitan
739 5434 866 5488 mihi
896 5449 911 5486 :
955 5435 1020 5488 de
1047 5432 1191 5488 enim
1239 5432 1327 5489 ille
1347 5434 1564 5506 scripsit
1592 5434 1773 5506 (Joan.
1807 5453 1840 5491 v
1865 5435 1904 5508 ).
1937 5458 1955 5489 ι

563 5543 582 5576 ι
621 5525 857 5581 Salutem
874 5540 942 5579 ex
963 5523 1195 5581 inimicis
1215 5527 1415 5582 nostris
1442 5537 1497 5583 et
1517 5529 1583 5584 de
1603 5543 1766 5584 manu
1808 5530 2064 5597 omnium,

496 5636 517 5671 ι
547 5619 641 5688 qui
690 5620 921 5674 oderunt
965 5633 1084 5674 nos.
1133 5639 1149 5669 ι
1196 5618 1539 5691 Jungendum
1594 5631 1678 5676 est
1723 5637 1755 5676 a
1801 5622 2064 5691 superiori

491 5709 780 5774 versiculo,
805 5709 990 5762 Erexit
1013 5711 1186 5776 nobis,
1223 5711 1278 5766 id
1309 5722 1412 5778 est,
1443 5714 1620 5768 erexit
1658 5715 1815 5770 nobis
1840 5713 2066 5769 salutem

495 5815 564 5857 ex,
591 5795 824 5855 inimicis
849 5802 1072 5869 nostris,
1102 5818 1225 5858 cum
1267 5805 1412 5860 enim
1439 5806 1615 5876 primo
1668 5808 1907 5864 breviter
1927 5823 2066 5881 prte-

2079 1836 2127 1896 B

2145 555 2298 627 quasi
2334 555 2571 626 apertius
2618 555 2747 625 quid
2803 552 2975 608 erexit
3031 547 3349 618 explanans.
3400 563 3420 595 ¢
3467 543 3738 606 Salutem,

2145 649 2348 720 inquit,
2398 664 2466 703 ex
2512 643 2754 702 inimicis
2811 642 3014 698 nostris
3067 649 3123 696 et
3172 640 3239 694 de
3287 653 3452 692 manu
3499 635 3740 689 omnium

2146 740 2237 810 qui
2260 741 2493 794 oderunt
2531 753 2649 792 nos.
2681 755 2700 789 ι
2756 734 2959 792 Omnes
3003 743 3181 788 autem
3217 731 3305 800 qui
3351 729 3590 784 oderunt
3623 743 3740 790 nos,

2147 829 2231 884 vel
2261 829 2507 884 homines
2541 841 2844 898 perversos,
2873 825 2957 881 vel
2995 813 3299 878 immundos
3319 821 3556 890 spiritus
3579 820 3734 888 signi-

2149 921 2298 987 ﬁcat,
2329 920 2395 975 de
2423 933 2656 988 quorum
2687 932 2849 972 manu
2870 925 2924 970 et
2945 913 3160 969 interim
3184 925 3278 982 spe
3298 910 3434 966 salvi
3485 909 3624 963 facti
3659 925 3744 963 su-

2150 1028 2288 1076 mus,
2313 1021 2367 1066 et
2393 1011 2448 1066 in
2483 1010 2665 1064 futuro
2713 1009 2889 1078 reipsa
2940 1005 3202 1062 salvandi.
3253 1003 3410 1070 Quod
3457 1011 3648 1057 autem
3699 1002 3746 1055 in

2150 1106 2474 1178 quibusdam
2501 1103 2761 1158 Ecclesiis
2787 1102 3016 1166 canitur,
3055 1122 3073 1152 ι
3114 1110 3170 1156 et
3217 1098 3479 1156 liberavit
3539 1111 3644 1151 nos
3689 1095 3748 1148 ab

2152 1185 2390 1255 inimieis
2420 1196 2644 1260 nostris,
2669 1203 2725 1249 et
2758 1193 2825 1249 de
2847 1209 3010 1249 manu
3037 1193 3280 1249 omnium
3325 1191 3419 1262 qui
3471 1203 3580 1244 nos
3631 1187 3748 1241 ode-

2151 1302 2299 1358 runt,
2347 1311 2366 1342 ι
2394 1291 2535 1346 idem
2561 1297 2663 1354 est,
2697 1289 2820 1358 quia
2854 1297 2982 1343 tunc
3012 1287 3172 1358 plene
3205 1287 3438 1343 salutem
3461 1300 3537 1340 ex
3581 1284 3748 1338 inimi-

2149 1387 2231 1439 cis
2263 1382 2463 1438 nostris
2496 1380 2842 1451 accipiemus,
2874 1380 3088 1450 quando
3111 1380 3179 1435 de
3226 1395 3418 1434 eorum
3454 1376 3678 1433 insidiis
3703 1385 3750 1430 et

2151 1474 2553 1531 seductionibus
2588 1470 2826 1542 perfecte
2855 1471 3066 1526 liberati
3093 1470 3381 1535 fuerimus,
3425 1477 3496 1524 ut
3545 1467 3752 1522 miseri-

2154 1565 2394 1620 cordiam
2423 1579 2607 1634 quam,
2634 1578 2731 1634 per
2759 1563 2992 1634 gratiam
3022 1562 3117 1618 Dei
3147 1571 3202 1618 et
3248 1561 3482 1616 Patrum
3543 1558 3749 1620 men‘ta,

2155 1659 2244 1714 hic
2267 1673 2334 1713 ex
2365 1667 2519 1728 parte
2541 1657 2860 1727 accipimus,
2888 1656 2941 1710 in
2971 1655 3148 1712 futura
3171 1657 3282 1711 vita
3306 1655 3560 1726 pleniter
3582 1655 3752 1723 possi-

2159 1753 2400 1807 deamus.
2432 1749 2580 1806 Unde
2595 1759 2651 1804 et
2676 1750 2953 1820 sequitur:

2232 1863 2250 1895 ι
2283 1843 2366 1898 Ad
2393 1842 2694 1898 faciendam
2727 1842 3154 1898 misericordiam
3184 1856 3308 1896 cum
3355 1840 3617 1910 patribus
3667 1851 3754 1891 no-

2156 1960 2174 1991 ι
2199 1940 2408 2003 stris,et
2423 1937 2709 1994 memorari
2729 1937 3033 1992 testamenti
3049 1936 3126 1992 sui
3142 1935 3335 1996 sancti,
3346 1932 3754 2006 jusjurandum,

2157 2054 2175 2084 ι
2212 2032 2352 2102 quod
2373 2030 2577 2099 juravit
2613 2029 2679 2084 ad
2723 2028 2995 2083 Abraham
3046 2039 3255 2098 patrem
3298 2037 3563 2081 nostrum
3611 2025 3758 2076 datu-

2158 2145 2176 2177 ‹
2205 2141 2323 2178 rum
2345 2139 2403 2178 se
2435 2122 2612 2188 nobis,
2643 2130 2704 2176 ut
2727 2123 2844 2176 sine
2878 2123 3071 2176 timore
3097 2121 3162 2175 de
3196 2121 3462 2175 manibus
3507 2118 3754 2172 inimico—

2159 2235 2177 2268 ‹
2217 2231 2336 2270 rum
2378 2223 2683 2270 nostrorum
2730 2214 2943 2269 liberati
2975 2213 3274 2269 serviamus
3322 2213 3426 2267 illi.
3473 2233 3496 2264 ι
3549 2213 3758 2266 Dixerat

2155 2309 2436 2364 Dominum
2462 2307 2617 2376 juxta
2648 2307 2862 2376 eloquia
2888 2307 3274 2376 prophetarum
3304 2306 3362 2360 in
3390 2306 3565 2360 domo
3605 2305 3756 2359 David

2155 2401 2514 2464 nasciturum,
2544 2399 2674 2453 dicit
2705 2399 2950 2453 eumdem
2996 2397 3062 2450 ad
3104 2396 3435 2466 explendum
3467 2403 3755 2449 testamen—

2155 2504 2293 2559 tum,
2324 2492 2466 2562 quod
2501 2491 2736 2546 Abrahm
2761 2491 3046 2560 disposuit,
3079 2507 3176 2546 nos
3204 2507 3325 2546 esse
3373 2491 3755 2550 liberatum,

2156 2586 2281 2657 quia
2311 2583 2559 2639 videlicet
2601 2583 2685 2638 his
2726 2584 2995 2654 praecipue
3039 2584 3371 2653 patriarchis
3427 2584 3502 2639 de
3548 2600 3648 2638 suo
3685 2597 3760 2635 se-

2156 2679 2304 2732 mine
2332 2677 2416 2730 vel
2444 2675 2790 2746 congregatio
2817 2675 3195 2746 gentium,-vel
3218 2674 3428 2730 Christi
3463 2685 3558 2730 est
3587 2677 3758 2729 incar-

2157 2771 2308 2825 natio
2335 2767 2624 2839 promissa,
2647 2769 2791 2838 quod
2820 2767 3104 2823 Matthzeus
3132 2783 3350 2838 quoque
3400 2768 3654 2822 breviter
3691 2765 3763 2818 in-

2161 2861 2355 2915 timare
2385 2859 2569 2923 voluit,
2598 2859 2690 2928 qui
2715 2857 2984 2926 Evangelii
3005 2859 3085 2913 sui
3106 2858 3438 2928 principium
3472 2857 3584 2912 hoc
3617 2855 3762 2909 modo

2161 2951 2318 3019 GBle
2345 2963 2359 3002 :
2410 2970 2430 3000 ς
2465 2949 2630 3004 Liber
2658 2949 3021 3020 generationis
3057 2947 3185 3004 Jesu
3208 2948 3420 3004 Christi
3449 2949 3556 3002 filii
3583 2947 3759 3004 David.

2162 3042 2258 3097 filii
2292 3044 2587 3098 Abraham.
2625 3062 2644 3094 ι
2681 3042 2782 3098 Ubi
2809 3043 3121 3106 notandum,
3168 3043 3312 3112 quod
3354 3042 3505 3112 apud
3558 3051 3762 3096 utrum-

2162 3153 2268 3207 que
2317 3135 2704 3207 evangelistam
2767 3137 2935 3192 David
2985 3136 3270 3206 praefertur
3323 3137 3592 3198 Abrahae,
3647 3135 3760 3204 quia

2165 3238 2218 3284 et
2245 3230 2288 3302 si
2315 3230 2572 3299 temporis
2592 3230 2782 3284 ordine
2811 3229 3079 3297 posterior
3098 3270 3113 3294 ,
3143 3230 3540 3299 promissionis
3593 3237 3764 3280 tamen

2166 3331 2249 3375 est
2279 3335 2502 3374 munere
2552 3319 2744 3388 major.
2777 3320 3009 3374 Abrabze
3054 3335 3288 3389 namque
3325 3320 3424 3389 qui
3471 3321 3658 3373 adhuc
3718 3317 3764 3370 in

2165 3413 2427 3481 prmputio
2449 3412 2658 3482 positus
2689 3412 2906 3483 propria
2939 3412 3248 3482 dereliquit,
3283 3413 3454 3468 Deum
3485 3412 3763 3483 cognovit,

2167 3502 2290 3556 fidei
2332 3503 2699 3557 testimonium
2753 3504 2970 3567 meruit,
2999 3502 3131 3557 fides
3174 3513 3386 3558 tantum
3437 3505 3690 3576 gentium
3715 3513 3763 3555 et

2167 3603 2551 3650 sacrosanctus
2582 3593 2836 3649 Ecclesia:
2863 3603 3034 3650 cretus
3055 3603 3139 3649 est
3173 3595 3507 3665 promissus,
3560 3596 3764 3649 dicente

2166 3688 2232 3742 ad
2255 3703 2374 3742 eum
2405 3686 2657 3752 Domino,
2695 3706 2713 3738 ι
2735 3697 2898 3756 atque
2924 3687 2976 3740 in
3009 3697 3060 3742 te
3081 3686 3476 3742 benedicentur
3505 3689 3766 3742 universae

2167 3781 2519 3850 cognationes
2543 3788 2731 3846 terrae;
2761 3800 2775 3830 ι
2802 3779 2967 3834 David
2992 3789 3173 3835 autem
3187 3780 3413 3836 oraculo
3427 3781 3762 3840 sublimiore,

2165 3872 2308 3941 quod
2339 3886 2404 3925 ex
2437 3871 2555 3941 ipso
2576 3871 2828 3926 Christus
2863 3872 3156 3926 secundum
3192 3887 3418 3927 carnem
3457 3872 3766 3926 nasciturus

2166 3972 2309 4017 esset
2354 3961 2558 4016 audivit
2595 3980 2608 4016 :
2673 3983 2691 4014 ι
2741 3962 2984 4033 Cumque
3026 3963 3360 4032 impleveris,
3409 3963 3618 4033 inquit,
3659 3963 3764 4015 dies

2168 4064 2310 4119 tuos,
2338 4063 2396 4108 ut
2420 4056 2585 4110 vadas
2620 4055 2686 4109 ad
2711 4064 2896 4125 patres
2919 4064 3062 4120 tuos,
3086 4055 3362 4111 suscitabo
3394 4071 3592 4110 semen
3625 4064 3762 4107 tuum

2165 4156 2288 4215 post
2317 4156 2390 4210 te,
2423 4147 2562 4216 quod
2590 4148 2696 4200 erit
2721 4146 2786 4200 de
2830 4145 2956 4201 filiis
2990 4147 3095 4200 tuis
3120 4157 3176 4202 et
3219 4147 3498 4201 slabiliam
3545 4161 3764 4218 regnum

2166 4234 2302 4304 ejus.
2330 4234 2450 4304 Ipse
2470 4234 2760 4290 :edificabit
2783 4235 2915 4290 mihi
2945 4237 3184 4294 domum.
3209 4245 3267 4290 et
3293 4235 3534 4290 firmabo
3581 4235 3764 4289 solium

2166 4327 2286 4397 ejus
2309 4344 2478 4398 usque
2513 4328 2567 4382 in
2602 4337 2884 4383 aeternum.
2928 4327 3040 4397 Ego
3081 4344 3176 4383 ero
3221 4328 3272 4383 ei
3317 4329 3372 4382 in
3429 4338 3672 4399 patrem,
3716 4335 3766 4380 et

2168 4424 2284 4497 ipse
2313 4427 2418 4480 erit
2446 4426 2576 4480 mihi
2608 4425 2663 4480 in
2696 4425 2864 4479 filium
2901 4424 2952 4497 (Ι
2988 4424 3116 4479 Par.
3149 4424 3307 4495 xvu).
3341 4443 3360 4474 ι

2245 4539 2263 4571 ι
2292 4520 2349 4574 1η
2366 4519 2653 4574 sanctitate
2669 4517 2936 4586 etjustitia
2953 4534 3137 4574 coram
3165 4519 3280 4588 ipso
3295 4517 3560 4571 omnibus
3583 4516 3768 4570 diebus

2172 4610 2392 4664 nostris.
2433 4627 2450 4660 ι
2500 4609 2702 4678 Aperte
2738 4617 2795 4664 et
2831 4609 3068 4665 breviter
3107 4608 3378 4678 quomodo
3425 4607 3497 4662 sit
3543 4606 3770 4661 Duo-im

2171 4705 2513 4761 serviendum
2558 4705 2825 4774 designat,
2875 4704 3126 4759 videlicet
3153 4711 3209 4758 et
3242 4703 3294 4757 iu
3346 4702 3654 4757 sanctitate
3709 4715 3766 4752 ac

2166 4796 2396 4867 justitia,
2426 4804 2482 4851 et
2509 4811 2693 4851 coram
2721 4795 2860 4865 ipso,
2887 4805 2942 4850 et
2969 4796 3223 4850 omnibus
3265 4793 3482 4850 diebus.
3511 4793 3656 4847 Nam
3680 4791 3766 4860 qui

2170 4889 2256 4944 vel
2281 4897 2406 4944 ante
2432 4897 2658 4945 mortem
2679 4889 2746 4943 ab
2767 4889 2885 4959 ejus
2907 4889 3132 4944 servitio
3175 4888 3428 4951 discedit,
3469 4886 3766 4941 immundi—

2178 4983 2250 5038 tia
2278 4982 2536 5053 qualibet,
2589 4983 2702 5037 sive
2751 4979 3034 5050 injustitia,
3079 4981 3204 5036 fidei
3241 4997 3352 5036 sum
3389 4981 3768 5035 sinceritatem

2170 5075 2546 5141 commaculat,
2578 5075 2660 5130 vel
2703 5091 2889 5131 coram
2935 5076 3225 5130 homnibus
3271 5082 3508 5138 tantum,
3565 5083 3627 5128 et
3663 5087 3766 5126 non

2171 5169 2336 5222 etiam
2370 5183 2553 5223 coram
2576 5167 2806 5222 Domino
2857 5175 3077 5222 sanctus
3121 5167 3419 5237 perdurare
3460 5162 3766 5220 contendit.

2171 5270 2228 5316 et
2240 5259 2434 5330 justus,
2462 5260 2691 5314 necdum
2719 5258 2956 5329 perfecte
2976 5259 3042 5314 de
3070 5274 3230 5313 manu
3272 5256 3648 5329 spiritualium
3672 5253 3768 5308 ini-

2175 5351 2439 5406 micorum
2467 5349 2727 5405 liberatus
2751 5350 2979 5405 Domino
3011 5349 3201 5413 servit,
3226 5349 3324 5404 sed
3369 5348 3629 5416 exemplo
3671 5359 3766 5398 ve-

2177 5451 2352 5512 terum
2379 5441 2844 5496 Samaritanorum
2882 5440 2986 5496 diis
3030 5440 3271 5510 gentium
3315 5440 3528 5510 pariter
3555 5447 3614 5491 et
3664 5436 3766 5489 Do-

2172 5535 2320 5590 mino
2342 5534 2547 5590 servire
2587 5542 2835 5589 conatur.

2248 5648 2266 5678 ‹
2296 5627 2363 5682 Ει
2387 5635 2468 5692 tu,
2491 5642 2644 5696 puer,
2676 5625 2944 5694 Propheta
2978 5623 3240 5680 Altissimi
3281 5621 3594 5680 vocaberis.
3621 5618 3764 5673 Pra-

2175 5740 2195 5774 ι
2229 5721 2332 5776 ibis
2356 5722 2500 5775 enim
2527 5728 2653 5775 ante
2684 5719 2876 5774 faciem
2922 5718 3150 5782 Domini,
3184 5732 3376 5787 parare
3413 5717 3532 5768 vias
3562 5712 3696 5781 ejus.
3737 5727 3752 5754 ι

2168 5811 2403 5870 Pulchre
2437 5829 2568 5870 eum
2592 5815 2658 5871 de
2696 5814 2924 5870 Domino
2960 5811 3269 5881 loqueretur
3307 5808 3377 5866 ad
3424 5807 3756 5874 Pmphetmt
