3936 6328
214 320 331 380 1161

886 318 1239 405 cunnum.
1279 319 1345 376 IN
1383 317 1677 377 cannea
1714 317 1770 386 Qi

1877 320 1881 369 ι
1916 316 2009 372 AD
2041 315 2313 372 LAUDES
2346 313 2719 371 DICUNTUR.

3300 318 3437 375 “63

209 432 416 505 repente
437 445 534 488 sua
568 434 731 488 verba
758 433 1043 497 convertit,
1074 440 1136 487 ut
1168 432 1270 487 hoc
1311 445 1525 502 quoque
1558 427 1761 485 beneﬁ-
1788 432 1839 493 Α
1860 428 1982 494 bus,
2021 428 2178 498 quasi
2222 442 2253 482 a
2290 442 2349 482 se
2375 427 2491 482 hree
2526 434 2732 491 essent,
2760 425 2984 494 extulit;
3026 428 3120 485 sed
3161 437 3222 485 ut
3264 433 3438 500 magis

208 520 338 578 clum
389 534 507 577 esse
556 520 771 576 Domini
820 521 1210 593 designaretur.
1266 522 1463 578 Verum
1508 520 1768 592 quaeritur

205 610 462 683 quomodo
478 616 602 665 octo
627 608 836 664 dierum
863 610 1169 681 alloquatur
1195 610 1494 669 infantem?
1523 610 1620 666 sed
1661 623 1766 680 qua

205 700 405 756 ratione
430 713 617 757 vocem
640 700 811 769 patris
829 715 937 756 non
961 700 1191 757 audierit
1230 709 1410 766 natus,
1439 699 1533 771 qui
1571 699 1769 754 saluta-

203 791 393 847 tionem
419 790 602 849 Marize
623 791 801 847 adhuc
827 799 982 848 utero
1000 792 1214 848 clausus
1243 791 1481 847 audivit?
1500 790 1606 845 nisi
1628 788 1768 845 forte
1791 827 1798 835 ρ

200 883 462 954 putandus
491 890 576 939 est
600 881 892 938 Zacharias
912 891 1132 954 propter
1151 899 1247 940 eos
1272 883 1470 954 potius,
1510 882 1603 953 qui
1643 881 1768 936 ade-

200 982 338 1041 rant,
361 974 701 1031 instruendus
728 974 905 1031 futura
926 976 1012 1030 sui
1038 974 1132 1029 ﬁlii
1156 988 1401 1039 munera,
1423 989 1542 1043 qua:
1567 971 1766 1027 dudum

198 1079 298 1137 per
321 1065 565 1136 angelum
599 1066 881 1131 didicerat,
916 1080 1065 1132 mox,
1103 1073 1164 1121 ut
1196 1063 1341 1134 loqui
1386 1063 1581 1135 potuit,
1625 1076 1765 1133 pra)-

204 1152 378 1209 dicare
405 1153 658 1211 voluisse.
686 1153 924 1210 Audiant
949 1168 1079 1209 sane
1119 1153 1304 1208 Ariani
1334 1160 1390 1207 et
1420 1150 1765 1217 erubescant,

204 1243 416 1297 audiant
437 1244 703 1300 mansueti
730 1252 784 1299 et
813 1243 1079 1309 laetentur,
1108 1242 1251 1313 quod
1284 1241 1559 1298 Christum
1583 1241 1766 1297 Domi—

204 1349 349 1401 num,
388 1349 551 1405 quem
603 1334 838 1392 Joannes
877 1335 1254 1406 prophetando
1291 1333 1540 1405 praeibat,
1567 1333 1766 1389 altissi-

202 1438 344 1478 mum
368 1433 545 1489 vocat,
558 1423 717 1497 juxta
736 1425 877 1496 quod
922 1425 1203 1481 Psalmista
1250 1425 1419 1481 Deum
1473 1424 1770 1480 hominem-

200 1528 305 1585 que
322 1515 615 1586 perl'eetum
637 1515 691 1570 in
721 1530 826 1570 una
850 1528 1080 1586 persona
1106 1513 1416 1570 collaudans
1454 1513 1567 1569 ait:
1606 1532 1625 1566 ι
1659 1513 1769 1568 Ma-

202 1611 289 1660 ter
311 1603 439 1662 Sion
464 1606 604 1662 dicet
630 1625 643 1661 :
670 1607 833 1662 homo
855 1613 910 1662 et
952 1607 1116 1663 homo
1143 1604 1315 1661 factus
1360 1605 1415 1660 in
1441 1619 1526 1671 ea,
1570 1613 1626 1661 et
1654 1605 1768 1675 ipse

197 1694 438 1751 fundavit
454 1711 575 1752 eam
594 1695 900 1753 Altissimus
916 1695 1086 1768 (Paul.
1106 1696 1347 1768 Lxxxvr),
1378 1716 1396 1748 ι
1418 1711 1541 1754 eum
1562 1699 1765 1753 factum

1866 518 2144 589 magisque
2172 517 2327 573 donis
2359 525 2503 572 esset
2526 525 2647 586 apta
2672 517 2886 584 divinis,
2912 518 2967 572 in
2993 520 3289 575 custodiam
3330 523 3434 577 hu-

1864 606 2108 663 militatis
2128 608 2323 663 mentis
2347 621 2457 662 suae
2476 620 2717 676 gressum
2744 606 2883 674 ﬁxit,
2909 623 3117 664 memor
3143 606 3438 681 Scriptum

1863 700 2252 771 praecipientis:
2282 717 2300 751 ι
2328 698 2539 766 Quanto
2563 714 2787 769 magnus
2810 714 2889 766 es,
2912 700 3135 755 humilia
3164 709 3218 757 te
3244 704 3298 757 in
3321 718 3440 759 om-

1865 791 2024 846 nibus
2067 790 2255 863 (Eccli.
2294 792 2401 861 ιιι),
2447 805 2680 861 moxque
2722 798 2783 845 ut
2817 790 3037 862 angelus
3063 792 3156 863 qui
3195 791 3434 849 divinum

1864 878 1915 934 ei
1943 885 2158 949 partum
2193 880 2472 935 nuntiabat
2514 880 2581 935 ad
2628 879 2868 935 coelestia
2912 880 3089 944 rediit,
3139 881 3329 951 surgit.
3370 884 3438 938 ad

1867 978 2124 1024 montana
2143 969 2474 1034 conscendit,
2499 978 2825 1041 gestansque
2852 970 2907 1024 in
2928 979 3082 1025 utero
3102 969 3293 1037 Deum,
3324 986 3438 1027 ser-

1866 1074 2055 1115 vorum
2082 1060 2176 1115 Dei
2202 1059 2507 1115 habitacula
2543 1061 2715 1131 petiit,
2742 1076 2807 1116 ac
2846 1060 3073 1131 requirit
3100 1060 3353 1133 alloquia,
3384 1063 3438 1118 in

1865 1150 2019 1220 cujus
2048 1151 2280 1206 adventu
2300 1149 2571 1207 Elisabeth
2602 1151 2977 1207 salutationem
3012 1152 3202 1209 matris
3229 1152 3440 1208 Domini

1866 1239 2108 1305 audiens,
2136 1255 2262 1295 mox
2302 1241 2369 1297 de
2401 1243 2844 1313 ea.prophetavit
2875 1252 2931 1297 et
2958 1252 3186 1299 matrem
3228 1244 3441 1301 Domini

1867 1330 1937 1386 ad
1985 1345 2045 1386 se
2090 1331 2303 1386 venisse
2346 1339 2541 1387 testata
2570 1342 2673 1397 est,
2718 1344 2883 1402 quam
2916 1331 3256 1388 benediclam
3300 1333 3445 1388 inter

1867 1422 2120 1479 mulieres
2160 1438 2281 1479 esse
2321 1432 2378 1479 et
2424 1425 2762 1481 benedictum
2808 1420 3041 1482 fructu'm
3075 1427 3279 1483 ventris
3326 1428 3445 1498 ejus

1863 1516 2250 1587 pronuntiavit,
2278 1516 2499 1586 insuper
2526 1525 2581 1572 et
2612 1517 2682 1572 ad
2714 1530 2900 1574 vocem
2935 1517 3053 1587 ejus
3094 1520 3338 1573 narravit
3364 1520 3445 1574 in-

1865 1611 2066 1668 {autem
2088 1612 2142 1667 in
2171 1619 2326 1669 utero
2361 1627 2459 1668 suo
2485 1612 2784 1670 exsultasse
2813 1614 3015 1686 Spiritu
3048 1624 3235 1671 sancto
3264 1618 3442 1688 reple-

1866 1714 2001 1761 tum.
2026 1704 2152 1761 Hmc
2177 1720 2391 1776 quoque
2428 1707 2656 1762 audiens
2697 1705 2886 1771 Maria,
2921 1721 3029 1761 non
3078 1721 3137 1762 se
3174 1705 3446 1776 jactanter

198 1785 294 1856 qui
338 1785 582 1842 fundavit
627 1786 873 1843 eumdem
922 1787 1192 1843 hominem
1237 1801 1399 1859 quem
1442 1787 1764 1844 altissimum
1794 1778 1842 1840 Β
1870 1795 2019 1852 inani
2048 1796 2216 1868 gloria
2252 1795 2465 1861 extulit,
2490 1796 2585 1852 sed
2629 1797 2802 1868 magis
2823 1811 2921 1866 per
2951 1797 3304 1853 humilitatem
3333 1805 3443 1853 tota

196 1888 487 1951 nuncupat.

274 1988 294 2023 ι
316 1970 397 2026 Ad
422 1971 653 2027 dandam
674 1970 957 2027 scientiam
972 1970 1163 2028 salutis
1181 1970 1323 2042 plebi
1356 1970 1476 2041 ejus
1500 1969 1556 2025 in
1575 1968 1768 2025 remis-

193 2060 397 2118 sionem
409 2070 755 2133 peccatorum
776 2078 983 2120 eorum.
1009 2083 1028 2116 ι
1054 2062 1217 2131 Quasi
1230 2061 1385 2119 Jesus
1402 2062 1545 2118 idem
1564 2078 1629 2118 ac
1650 2060 1772 2117 Sal-

193 2153 396 2209 vatoris
434 2169 630 2210 nomen
661 2169 932 2225 exponere
961 2170 1026 2211 ac
1049 2155 1356 2227 diligentius
1388 2153 1770 2210 commendare

192 2244 742 2311 desiderans,‘salutis
762 2245 1090 2302 mentionem
1110 2245 1436 2316 frequentat,
1459 2259 1581 2301 eum
1600 2257 1770 2300 cornu

192 2334 382 2391 salutis
431 2335 765 2407 erigendum,
809 2336 1040 2393 salutem
1087 2353 1157 2392 ex
1210 2335 1445 2392 inimicis
1499 2333 1767 2399 futuram,

192 2425 473 2481 scientiam
518 2425 708 2482 salutis
752 2425 897 2496 plebi
944 2426 1173 2483 dandam
1214 2434 1632 2492 commemorat;
1675 2424 1772 2482 sed

190 2531 267 2573 ne
288 2517 631 2588 temporalem
658 2519 1037 2591 carnalemque
1071 2520 1313 2592 promitti
1348 2520 1575 2576 salutem
1616 2526 1774 2590 puta-

192 2623 306 2675 res,
343 2628 362 2662 ι
394 2610 449 2664 in
480 2609 873 2678 remissionem,
907 2612 1099 2682 inquit,
1134 2621 1481 2684 peccatorum
1503 2626 1712 2667 eorum.
1747 2627 1767 2662 ι

191 2695 395 2753 Verum
444 2697 612 2755 Judaei
672 2715 781 2755 non
840 2700 963 2756 ideo
1021 2700 1207 2757 Jesum
1272 2700 1545 2758 Christum
1605 2699 1775 2756 susci-

188 2803 344 2860 pere,
378 2790 471 2847 sed
504 2791 892 2847 Antichristum
920 2791 1132 2848 malunt
1148 2802 1492 2864 exspectare;
1516 2791 1643 2862 quia
1667 2805 1775 2847 non

192 2881 362 2949 intus,
403 2884 497 2939 sed
546 2883 680 2939 foris
706 2884 930 2952 salvari,
977 2901 1084 2941 non
1105 2900 1137 2940 a
1164 2885 1376 2957 peccati
1397 2885 1657 2953 dominio,
1681 2885 1775 2942 sed

190 2974 266 3031 ab
287 2975 535 3032 humana:
560 2977 837 3033 servitutis
862 2979 1087 3048 cupiunt
1106 2976 1238 3049 jugo
1256 2978 1495 3035 liberari.

273 3086 292 3120 ι
321 3068 426 3123 Per
443 3071 652 3125 viscera
682 3071 1064 3127 misericordiae
1104 3070 1196 3126 Dei
1240 3072 1430 3137 nostri,
1480 3070 1535 3126 in
1577 3071 1773 3143 quibus

1864 1887 2165 1944 intentione
2193 1886 2359 1942 animi
2383 1885 2585 1958 gratias
2608 1887 2719 1943 Deo
2746 1886 2933 1942 retulit
2953 1886 3142 1943 dicens
3171 1904 3185 1941 :

1941 1994 1962 2028 ι
1984 1976 2289 2048 Magniﬁcat
2303 1976 2482 2032 anima
2497 1992 2617 2032 mea
2631 1975 2939 2043 Dominum,
2962 1983 3017 2031 et
3033 1975 3325 2032 exsultavit
3337 1976 3447 2048 spi-

1865 2067 2003 2124 ritus
2031 2082 2185 2124 meus
2209 2069 2264 2123 in
2294 2068 2405 2124 Deo
2433 2067 2657 2124 salutari
2696 2082 2838 2124 meo.
2870 2087 2891 2121 ι
2918 2066 3115 2133 Tanto,
3138 2067 3330 2137 inquit,
3354 2080 3446 2122 me

1867 2158 2150 2225 Dominus,
2181 2166 2400 2229 tamque
2427 2158 2668 2214 inaudito
2692 2172 2914 2214 munere
2941 2158 3272 2224 sublimavit,
3301 2158 3446 2229 quod

1867 2264 1975 2305 non
1996 2248 2107 2305 ullo
2127 2248 2322 2319 lingua:
2346 2247 2526 2305 ofﬁcio
2550 2247 2830 2318 explicari,
2870 2248 2963 2304 sed
2992 2248 3110 2320 ipso
3133 2248 3224 2303 vix
3255 2248 3448 2304 intimo

1866 2341 2105 2412 pectoris
2151 2339 2345 2396 ail'ectu
2387 2339 2565 2395 valeat
2608 2338 3013 2409 comprehendi,
3043 2347 3099 2393 et
3136 2339 3256 2394 ideo
3305 2346 3450 2394 totas

1868 2431 2063 2487 animae
2090 2430 2236 2487 vires
2276 2430 2331 2485 in
2373 2429 2597 2501 agendis
2636 2429 2933 2501 gratiarum
2979 2428 3226 2483 laudibus
3254 2426 3446 2494 oll‘ero,

1867 2530 2040 2578 totum
2060 2523 2115 2578 in
2144 2522 2556 2594 contemplanda
2584 2524 2954 2595 magnitudine
2987 2522 3102 2596 ejus
3126 2524 3211 2580 cui
3236 2538 3344 2578 non
3366 2529 3449 2580 est

1869 2612 1994 2669 ﬁnis
2016 2613 2276 2685 quidquid
2302 2614 2446 2680 vivo,
2472 2615 2663 2678 sentio,
2687 2615 2960 2681 discerno,
2981 2614 3313 2686 gratulanter
3340 2614 3445 2670 im-

1869 2704 2067 2774 pendo,
2096 2702 2223 2772 quia
2251 2710 2308 2757 et
2335 2702 2573 2773 ejusdem
2600 2701 2749 2770 Iesu,
2771 2703 2829 2759 id
2852 2711 2957 2769 est,
2981 2702 3254 2769 salutaris,
3283 2703 3446 2773 spiri-

1872 2801 1961 2848 tus
1995 2805 2146 2846 meus
2175 2798 2377 2846 aeterna
2405 2791 2683 2846 divinitate
2716 2791 2948 2858 laetatur,
3002 2792 3156 2862 cujus
3185 2806 3273 2848 me
3320 2807 3450 2848 caro

1873 2881 2153 2952 temporali
2185 2885 2535 2952 conceptione
2568 2881 2816 2950 laetatur;
2858 2882 2947 2937 cui
2974 2882 3151 2938 simile
3195 2890 3280 2938 est
3318 2882 3449 2939 illud

1872 2975 2194 3032 Psalmistae.
2225 2992 2245 3028 ι
2284 2974 2482 3029 Anima
2526 2982 2704 3030 autem
2732 2987 2854 3029 mea
2894 2973 3186 3029 exsultabit
3233 2974 3288 3029 in
3337 2973 3450 3030 Do-

1875 3067 2064 3134 mino,
2106 3074 2162 3123 et
2211 3064 2566 3122 delectabitur
2607 3078 2772 3135 super
2817 3064 3056 3120 salutare
3104 3060 3221 3132 ejus
3274 3061 3447 3135 (Psal.

197 3176 219 3210 ι
253 3159 490 3215 visitavit
517 3176 615 3217 nos
638 3162 819 3218 oriens
844 3178 911 3218 ex
953 3161 1081 3218 alto.
1113 3181 1131 3216 ι
1161 3163 1229 3218 Et
1275 3131 1538 3234 propheta
1565 3131 1631 3219 de
1669 3163 1776 3219 Do-
1799 3131 1846 3197 θ
1875 3131 2086 3233 xxxrvj,
2116 3178 2136 3213 ι
2167 3166 2221 3215 et
2250 3159 2366 3230 ipse
2398 3157 2543 3213 enim
2568 3131 2783 3212 Patrem
2802 3154 3105 3226 Filiumque
3136 3131 3255 3226 pari
3282 3131 3447 3212 vene-

190 3249 344 3304 mino
365 3251 587 3322 loquens
619 3270 633 3307 :
658 3271 677 3304 ι
720 3253 860 3337 Ecce
876 3255 980 3321 vir,
995 3255 1192 3325 inquit,
1214 3256 1397 3311 oriens
1419 3269 1613 3311 nomen
1634 3254 1772 3326 ejus,

191 3337 384 3409 (Zach.
414 3342 514 3414 vi),
543 3362 563 3395 ι
599 3342 689 3412 qui
715 3343 834 3399 ideo
858 3353 1004 3400 recte
1034 3345 1218 3400 oriens
1241 3352 1485 3411 vocatur,
1520 3345 1648 3416 quia
1679 3360 1775 3402 no-

188 3430 281 3486 bis
304 3440 480 3486 ortum
521 3446 661 3489 vera:
697 3434 834 3490 lucis
870 3437 1116 3506 aperiens
1147 3436 1286 3493 ﬁlios
1327 3436 1501 3493 noctis
1527 3446 1581 3493 et
1620 3444 1771 3492 tene-

185 3523 415 3579 brarum
450 3523 588 3579 lucis
609 3522 783 3579 eﬁ‘ecit
813 3524 970 3592 ﬁlios,
989 3526 1143 3599 juxta
1168 3529 1313 3597 quod
1341 3528 1534 3583 beatus
1571 3525 1775 3582 Zacha-

185 3614 305 3670 rias
332 3623 725 3684 consequenter
750 3616 970 3687 exponit
996 3617 1209 3673 dicens:

274 3722 297 3755 ι
332 3701 643 3762 Illuminare
672 3705 758 3760 his
803 3705 895 3775 qui
919 3706 975 3761 in
1017 3707 1252 3764 tenebris
1281 3716 1336 3762 et
1358 3708 1549 3763 umbra
1585 3705 1776 3762 mortis

192 3816 216 3848 ε
256 3797 449 3852 sedent
473 3795 540 3851 ad
562 3795 869 3868 dirigendos
884 3798 1048 3868 pedes
1068 3805 1282 3855 nostros
1302 3799 1354 3853 in
1388 3798 1529 3853 viam
1551 3798 1721 3869 pacis.
1752 3815 1770 3848 ι

189 3886 528 3944 Sedentibus
555 3887 752 3957 quippe
780 3888 837 3942 in
875 3888 1116 3944 tenebris
1135 3897 1190 3944 et
1214 3890 1403 3945 umbra
1443 3891 1636 3947 mortis
1669 3890 1776 3945 Do-

188 3978 351 4034 mino
370 3978 699 4045 illuminare,
721 3986 805 4034 est
829 3978 914 4034 his
939 3979 1033 4050 qui
1063 3978 1118 4033 in
1146 3981 1384 4051 peccatis
1423 3988 1478 4036 et
1527 3982 1777 4053 ignoran-

190 4068 287 4123 tia:
309 4069 553 4124 cmcitate
575 4068 810 4124 vixerint
832 4067 1124 4139 agnitionis
1145 4069 1452 4140 amorisque
1485 4072 1569 4126 sui
1600 4072 1778 4128 radios

190 4159 508 4225 infundere,
548 4159 803 4230 qualibus
849 4160 980 4215 dicit
1027 4159 1318 4231 Apostolus
1369 4161 1604 4233 (Ephes.
1645 4163 1716 4235 v)
1761 4178 1777 4218 :

194 4270 217 4304 ι
260 4250 468 4307 Fuistis
492 4252 778 4322 aliquando
809 4253 1069 4318 tenebrae,
1096 4270 1238 4309 nunc
1266 4260 1445 4309 autem
1466 4253 1558 4310 lux
1584 4255 1640 4310 in
1675 4255 1781 4312 Do-

187 4343 369 4399 mino.
404 4362 422 4396 ι
449 4342 620 4400 Pedes
656 4352 836 4399 autem
859 4344 1096 4400 nostriin
1112 4346 1250 4401 viam
1272 4346 1424 4418 pacis
1455 4347 1778 4419 diriguntur,

188 4450 326 4490 cum
349 4435 621 4490 actionum
646 4443 953 4490 nostrarum
984 4435 1088 4491 iter
1108 4451 1204 4507 per
1229 4437 1412 4492 omnia
1452 4435 1780 4508 Redempto-

187 4526 277 4581 ris
302 4524 788 4595 illuminatorisque
824 4525 997 4580 nostri
1035 4527 1222 4596 gratia:
1267 4528 1599 4595 concordat;
1641 4543 1774 4583 con-

185 4634 341 4690 gruo
364 4633 492 4674 sane
531 4617 719 4674 ordine
748 4617 924 4687 primo
963 4616 1309 4673 illuminanda
1358 4619 1522 4674 corda
1558 4627 1613 4674 et
1656 4625 1779 4690 post

184 4724 370 4779 opera
390 4707 666 4780 dirigenda
698 4715 947 4775 testatur,
969 4707 1095 4777 quia
1118 4720 1298 4774 nemo,
1324 4724 1486 4778 quam
1526 4724 1634 4764 non
1652 4718 1777 4765 ante

182 4798 455 4853 didicerit
483 4815 671 4869 pacem
699 4799 847 4854 valet
870 4799 1103 4869 operari.
1131 4798 1282 4854 Unde
1302 4810 1449 4855 recte
1470 4800 1773 4856 Psalmista.

191 4911 215 4943 ι
228 4890 475 4961 Inquire,
494 4891 685 4961 inquit,
700 4905 887 4961 pacem
901 4900 953 4946 et
967 4905 1195 4960 sequere
1205 4904 1323 4946 eam
1344 4888 1714 4963 (Psal.xxxm)
1725 4932 1739 4956 ,
1750 4909 1770 4942 ι

184 4983 349 5053 quod
372 4991 457 5038 est
476 4984 676 5048 dicere,
699 4982 1024 5047 illuminare,
1049 4982 1140 5051 qui
1170 4982 1224 5036 in
1252 4982 1490 5037 tenebris
1531 4981 1777 5047 sedebas,

179 5082 249 5129 et
275 5074 420 5129 viam
438 5074 609 5146 pacis,
632 5088 662 5126 a
686 5088 792 5143 qua
815 5072 1016 5128 diutius
1036 5070 1340 5137 exsulabas,
1372 5071 1671 5141 ingredere.

881 5276 1118 5321 INCIPIT

634 5380 1044 5446 CANTICUM
1084 5379 1368 5442 ΜΑΒΙΛΕ

719 5499 955 5561 Matris
994 5497 1274 5559 Domini.

266 5626 593 5685 Beatissima
616 5624 769 5695 virgo
788 5620 956 5677 Maria
994 5628 1278 5693 postquam
1302 5634 1361 5677 se
1394 5619 1601 5677 caelesti
1624 5628 1784 5691 partu

181 5723 486 5796 gravidam
511 5718 780 5792 cognovit,
807 5731 1150 5788 nequaquam
1176 5730 1234 5773 se
1259 5716 1326 5772 de
1368 5715 1522 5773 donis
1552 5713 1785 5771 ctelesti-

568 5814 835 5874 Ρηιιοι..
883 5808 1078 5872 CXII.

1874 3255 2098 3310 rabatur
2120 3266 2328 3308 amore.

1948 3362 1968 3397 ι
2013 3344 2151 3413 Quia
2203 3342 2441 3414 respexit
2481 3341 2838 3400 humilitatem
2883 3341 3095 3399 ancilla:
3144 3356 3276 3408 suae,
3322 3354 3452 3398 ecce

1878 3453 1897 3488 ι
1925 3434 2071 3490 enim
2094 3449 2161 3489 ex
2190 3434 2292 3489 hoc
2321 3432 2537 3488 beatam
2580 3447 2667 3488 me
2694 3431 2875 3488 dicent
2919 3444 3109 3487 omnes
3150 3429 3451 3502 generatio-

1878 3544 1898 3578 ι
1930 3540 2048 3582 nes.
2079 3544 2098 3576 ι
2124 3523 2288 3594 Cujus
2332 3523 2609 3579 humilitas
2652 3523 2940 3594 respicitur
2980 3530 3131 3578 recte
3179 3521 3341 3577 beata
3382 3521 3453 3576 ab

1872 3618 2124 3676 omnibus
2145 3615 2575 3689 cognominanda
2616 3615 2934 3685 gratulatur,
2978 3615 3118 3670 sicut
3146 3614 3452 3671 econtrario

1875 3707 2026 3778 cujus
2050 3706 2300 3777 superbia
2332 3706 2582 3775 despecta
2613 3705 3021 3771 condemnatur,
3051 3703 3225 3770 ὦναξ,
3250 3704 3306 3759 id
3346 3712 3451 3770 est,

1875 3811 1956 3852 vae
1985 3796 2102 3851 sive
2129 3793 2471 3860 calamitatis,
2497 3793 2716 3848 nomine
2738 3792 2964 3848 multata
2998 3792 3245 3848 tabescit.
3286 3793 3451 3849 Dece-

1877 3889 1971 3945 hat
2007 3886 2153 3943 enim
2180 3894 2239 3941 ut
2273 3885 2416 3941 sicut
2444 3900 2543 3956 per
2567 3883 2874 3954 superbiam
2907 3886 3099 3954 primae
3128 3893 3327 3941 nostrai
3361 3900 3455 3956 pa-

1878 3980 2050 4035 rentis
2072 3994 2220 4035 mors
2240 3977 2295 4032 in
2323 3975 2580 4033 mundum
2602 3976 2848 4043 intravit,
2870 3976 2946 4031 ita
2971 3992 3071 4047 per
3098 3977 3453 4034 humilitatem

1878 4070 2061 4126 Mariae
2086 4069 2210 4124 vita:
2232 4068 2486 4124 introitus
2510 4065 2858 4138 panderetur.

1955 4180 1975 4214 ι
2001 4160 2137 4229 Quia
2166 4159 2294 4215 fecit
2315 4158 2448 4213 mihi
2472 4172 2661 4228 magna
2684 4157 2777 4228 qui
2806 4164 2996 4229 potens
3007 4166 3113 4225 est,
3134 4166 3189 4214 et
3210 4166 3452 4215 sanetum

1886 4275 1906 4310 ι
1937 4272 2132 4313 nomen
2189 4253 2325 4324 ejus.
2355 4272 2375 4306 ι
2405 4253 2487 4309 Ad
2532 4253 2746 4308 initium
2782 4254 3039 4310 carminis
3076 4256 3316 4325 respicit,
3362 4256 3455 4312 ubi
3546 4302 3559 4321 ,

1881 4352 2084 4409 dictum
2126 4356 2250 4405 est:
2280 4365 2299 4399 ι
2332 4346 2638 4416 Magniﬁcat
2673 4347 2853 4402 anima
2898 4362 3018 4403 mea
3063 4347 3348 4404 Dominum
3379 4366 3393 4403 :
3430 4368 3449 4400 ι

1882 4443 1995 4500 sola
2020 4443 2216 4513 quippe
2244 4441 2424 4497 anima
2467 4439 2578 4506 illa,
2606 4440 2692 4495 cui
2731 4438 2992 4497 Dominus
3038 4456 3233 4513 magna
3276 4441 3457 4500 facere

1883 4532 2158 4606 dignatur,
2202 4532 2378 4603 dignis
2413 4546 2539 4586 eum
2566 4531 2846 4602 praeconiis
2886 4532 3254 4603 magniﬁcare,
3296 4543 3351 4590 et
3387 4533 3454 4590 ad

1883 4632 2163 4680 consortes
2204 4622 2446 4695 ejusdem
2488 4620 2599 4676 voti
2642 4636 2707 4676 ac
2741 4622 3001 4692 propositi
3041 4632 3221 4693 potest
3258 4614 3454 4680 cohor-

1884 4718 2046 4773 tando
2063 4716 2269 4771 dicere:
2292 4734 2310 4767 ι
2333 4713 2672 4786 Magniﬁcate
2690 4713 2973 4768 Dominum
2992 4729 3222 4780 mecum,
3238 4724 3291 4771 et
3310 4716 3456 4771 exal-

1884 4815 2058 4862 temus
2085 4820 2283 4861 nomen
2311 4804 2427 4875 ejus
2456 4805 2509 4859 in
2540 4803 2801 4868 invicem;
2831 4822 2850 4855 ι
2882 4818 3007 4857 nam
3033 4804 3336 4873 quicunque
3355 4820 3456 4859 no-

1883 4908 2055 4955 strum
2101 4912 2260 4967 quem
2304 4894 2579 4967 cognovit,
2606 4900 2867 4964 quantum
2894 4893 2957 4949 in
2985 4908 3045 4950 se
3068 4903 3172 4961 est,
3215 4895 3458 4967 magniﬁ-

1882 5005 2009 5047 care
2056 4998 2113 5045 et
2156 5002 2354 5045 nomen
2385 4986 2502 5058 ejus
2544 4986 2883 5043 sanctiﬁcare
2920 4986 3320 5058 contempserit,
3360 5002 3457 5041 mr-

1881 5082 2062 5137 nimus
2089 5080 2371 5137 vocabitur
2398 5078 2453 5132 in
2474 5092 2639 5148 regno
2665 5076 2944 5133 caelorum.
2976 5076 3231 5133 Sanctum
3258 5091 3453 5133 nomen

1879 5169 1998 5240 ejus
2034 5179 2278 5235 vocatur,
2321 5167 2412 5238 qui
2441 5167 2728 5239 singularis
2758 5167 2990 5224 culmine
3012 5169 3265 5239 potentiae
3308 5178 3456 5231 tran-

1882 5259 2093 5316 scendit
2119 5272 2334 5314 omnem
2378 5265 2683 5312 creaturam
2713 5265 2876 5328 atque
2920 5258 2989 5313 ab
3028 5256 3297 5312 universis
3336 5268 3454 5324 quae

1882 5347 2012 5404 fecit
2036 5347 2195 5419 longe
2230 5354 2563 5418 segregatur,
2586 5346 2730 5415 quod
2757 5346 2945 5403 Grreca
2967 5346 3237 5403 locutione
3263 5345 3452 5400 melius

1883 5436 2219 5507 intelligitur,
2247 5435 2305 5490 in
2323 5450 2429 5504 qua
2454 5434 2628 5505 ipsum
2646 5435 2892 5504 verbum,
2913 5437 3055 5507 quod
3075 5435 3272 5491 dicitur
3293 5434 3452 5508 ἅγιον,

1882 5529 2040 5599 quasi
2069 5536 2222 5584 extra
2249 5535 2449 5581 terram
2489 5540 2611 5581 esse
2651 5525 2938 5598 signiﬁcat,
2963 5522 3118 5594 cujus
3154 5524 3318 5579 etiam
3357 5540 3458 5579 nos

1883 5619 2183 5678 imitatione
2206 5632 2306 5689 pro
2333 5615 2549 5672 modulo
2577 5626 2766 5672 nostro
2798 5614 3068 5687 segregari
3116 5612 3456 5684 praecipimur

1885 5713 1953 5768 ab
1992 5711 2241 5768 omnibus
2281 5708 2373 5780 qui
2413 5722 2521 5764 non
2555 5716 2681 5765 sunt
2712 5707 2883 5764 sancti
2911 5720 3015 5760 nec
3052 5704 3166 5762 Deo
3203 5704 3454 5770 dedicati,
