3936 6328
447 288 599 342 1165

1096 285 1156 338 Β.
1195 281 1445 339 RABANI
1485 280 1704 338 MAURI
1741 279 2059 336 ARCIIIEP.
2103 278 2408 338 MOGUNT.
2451 280 2736 338 OPERUM
2776 281 2954 337 PARS
2993 282 3080 337 III.

3583 289 3724 348 1164

457 401 670 456 dicente
698 397 926 453 Domino
957 415 968 451 :
1007 417 1025 449 ι
1057 397 1240 452 Sancti
1281 403 1472 460 estote,
1512 394 1638 463 quia
1676 401 1731 448 et
1769 407 1871 464 ego
1912 407 2036 446 san-
2062 396 2110 457 Α
2137 393 2342 450 sionem
2365 395 2590 465 accepit,
2617 403 2676 450 ut
2709 395 2788 450 sic
2820 396 3102 465 utriusque
3147 395 3328 466 populi
3365 405 3527 468 pater
3569 400 3730 458 ﬁeret

456 501 575 545 ctus
613 505 731 544 sum
758 487 810 560 (Ι
835 487 950 543 Pet.
981 486 1020 558 ι)
1059 486 1391 557 .Quicunque
1420 485 1566 540 enim
1603 499 1661 540 se
1685 498 2036 540 consecrave—

457 581 546 644 rit,
573 579 767 634 merito
790 586 944 634 extra
971 584 1172 632 terram
1199 583 1253 630 et
1274 585 1426 631 extra
1453 575 1711 630 mundum
1741 575 2032 630 videbitur.

455 669 639 723 Potest
661 668 806 722 enim
834 675 891 720 et
920 666 1035 736 ipse
1061 665 1263 730 dicere,
1288 679 1448 734 super
1476 672 1677 720 terram
1697 663 2036 720 ambulantes

457 756 922 812 conversationem
953 755 1008 809 in
1035 755 1188 810 caelis
1225 755 1502 810 habemus.

518 871 535 901 ι
570 850 638 904 Ει
677 848 1046 904 misericordia
1076 847 1194 917 ejus
1224 863 1254 902 a
1281 847 1536 918 progenie
1570 847 1620 901 in
1661 846 1946 916 progenies
1974 847 2040 900 ti-

463 963 480 993 ε
513 942 785 998 mentibus
808 957 954 997 eum.
986 961 1003 992 ι
1030 940 1074 994 Α
1103 941 1425 1012 specialibus
1455 955 1514 996 se
1537 940 1692 995 donis
1719 941 1784 995 ad
1811 955 2040 1010 genera-

463 1036 533 1088 lia
563 1033 657 1088 Dei
677 1032 882 1102 judicia
903 1041 1249 1097 convertens,
1271 1032 1436 1086 totius
1455 1031 1674 1086 humani
1695 1031 1908 1102 generis
1927 1040 2038 1086 sta-

459 1136 572 1178 tum
611 1121 884 1186 describit,
916 1130 971 1176 et
1017 1121 1143 1191 quid
1194 1121 1430 1190 superbi,
1477 1121 1606 1190 quid
1653 1120 1883 1175 humiles
1923 1134 2039 1174 me-

456 1224 699 1279 rcantur,
737 1212 864 1283 quid
909 1212 1004 1266 ﬁlii
1033 1211 1161 1267 Adae
1189 1227 1286 1282 per
1313 1211 1546 1288 liberum
1581 1211 1886 1276 arbitrium,
1912 1210 2040 1280 quid

453 1308 552 1361 ﬁlii
581 1307 678 1362 Dei
723 1307 832 1360 sint
855 1319 947 1375 per
975 1305 1228 1376 gratiam,
1265 1305 1490 1360 alternis
1513 1306 1758 1360 versibus
1787 1305 2038 1375 explicat.

456 1399 575 1453 Non
604 1413 753 1470 ergo,
782 1397 976 1466 inquit,
1009 1396 1108 1452 soli
1135 1397 1267 1452 mihi
1303 1396 1433 1452 fecit
1468 1412 1686 1468 magna,
1727 1397 1819 1466 qui
1850 1403 2043 1467 potens

457 1495 561 1546 est.
607 1486 702 1542 sed
721 1486 850 1542 etin
871 1485 1021 1540 omni
1052 1494 1209 1556 gente
1229 1495 1284 1541 et
1308 1486 1586 1557 progenie,
1606 1486 1696 1554 qui
1725 1486 2038 1552 timeteum,

466 1589 520 1632 et
544 1585 802 1647 operatur
819 1575 1106 1644 justitiam,
1130 1584 1494 1647 acccptus.est
1523 1576 1617 1632 illi.

535 1688 554 1720 ι
592 1667 1069 1738 Fecitpotentiam
1093 1670 1146 1724 in
1174 1670 1397 1724 brachio
1423 1685 1542 1736 suo,
1573 1671 1825 1739 dispersit
1854 1685 2043 1740 super-

462 1783 480 1814 ι
512 1762 612 1817 bos
637 1769 818 1816 mente
845 1761 1025 1816 cordis
1055 1761 1158 1816 sui.
1198 1781 1216 1814 ›
1245 1761 1304 1816 In
1327 1760 1550 1816 brachio
1573 1777 1692 1828 suo,
1719 1761 1773 1816 in
1805 1761 1920 1832 ipso
1944 1761 2040 1816 Dei
2070 1752 2116 1812 Β

457 1854 596 1909 Filio
621 1852 912 1923 signiﬁcat,
939 1868 1045 1908 non
1074 1852 1218 1922 quod
1238 1854 1381 1908 Deus
1414 1852 1572 1907 Pater
1587 1853 1756 1924 ﬁgura
1788 1853 2041 1909 determi—

459 1955 616 2001 netur
644 1945 827 2000 carnis
853 1945 1124 2001 humanm.
1163 1941 1322 2015 eique
1350 1941 1519 2001 Filius
1567 1952 1817 2016 taanQm
1865 1957 2038 2002 ulmtr-

454 2035 611 2092 ltrtun
655 2037 897 2106 corporis
931 2037 1164 2101 haereat;
1211 2036 1306 2091 sed
1355 2051 1478 2106 quia
1514 2036 1692 2091 omnia
1730 2052 1827 2106 per
1865 2053 2041 2108 ipsum

457 2127 600 2184 facta
630 2138 775 2194 sunt,
809 2128 931 2183 ideo
964 2127 1246 2182 brachium
1277 2127 1488 2182 Domini
1531 2127 1708 2182 dictus
1754 2136 1857 2183 est.
1891 2127 2043 2183 Sicut

457 2221 602 2274 enim
627 2227 778 2275 tuum
807 2219 1090 2274 brachium
1121 2233 1219 2288 per
1244 2221 1386 2287 quod
1411 2218 1676 2288 operaris,
1697 2219 1775 2273 sic
1798 2218 1892 2274 Dei
1919 2220 2043 2274 bra-

459 2313 644 2368 chium
687 2313 890 2368 dictum
920 2320 1004 2368 est
1054 2311 1172 2382 ejus
1212 2309 1470 2375 Verbum,
1507 2310 1631 2379 quia
1666 2326 1764 2380 per
1804 2311 2043 2365 Verbum

461 2413 718 2474 operatus
737 2410 822 2458 est
850 2401 1142 2466 mundum;
1171 2416 1273 2456 cur
1291 2400 1432 2455 enim
1461 2401 1624 2454 homo
1651 2399 1953 2464 brachium,
1985 2408 2044 2453 ut

468 2495 672 2564 aliquid
722 2501 976 2563 operetur
1025 2492 1308 2546 extendit?
1352 2491 1479 2560 quia
1524 2505 1628 2545 non
1679 2489 1934 2544 continuo
1985 2489 2044 2542 ﬁt

464 2587 607 2656 quod
632 2586 858 2650 dixerit;
885 2584 930 2640 si
954 2592 1132 2639 autem
1155 2590 1305 2638 tanta
1331 2589 1597 2653 potestate
1623 2580 1962 2650 praevaleret,
1986 2589 2045 2634 ut

457 2678 576 2732 sine
628 2676 735 2730 nllo
802 2683 950 2730 motu
995 2673 1238 2745 corporis
1294 2671 1377 2726 sui
1432 2671 1575 2740 quod
1619 2671 1822 2726 diceret
1865 2670 2040 2736 ﬁeret,

455 2767 737 2822 brachium
765 2763 882 2833 ejus
925 2765 1149 2819 verbum
1185 2761 1303 2831 ejus
1335 2770 1498 2817 esset.
1536 2761 1672 2815 Dum
1722 2775 1851 2831 ergo
1888 2761 2044 2816 audi-

458 2857 636 2912 vimus
664 2854 944 2911 brachium
986 2853 1081 2908 Dei
1109 2853 1290 2909 Patris
1317 2867 1439 2908 esse
1466 2853 1636 2906 Deum
1672 2851 1890 2918 Filium,
1933 2865 2041 2906 non

456 2949 612 3005 nobis
658 2949 937 3018 obstrepat
969 2946 1301 3003 consuetudo
1343 2945 1596 3011 carnalis,
1648 2946 1741 3001 sed
1781 2953 2041 3016 quantum

453 3041 546 3096 illo
577 3041 809 3096 donante
851 3049 1161 3110 possumus,
1207 3038 1304 3094 Dei
1338 3039 1591 3092 virtutem
1632 3045 1684 3092 et
1723 3038 2039 3108 sapientiam

457 3132 774 3204 cogitemus,
807 3145 904 3200 per
927 3145 1090 3200 quam
1119 3129 1260 3185 facta
1289 3136 1417 3184 sunt
1439 3129 1640 3184 omnia.

534 3243 552 3275 ι
587 3223 845 3293 Deposuit
875 3231 1124 3292 potentes
1143 3220 1210 3275 de
1244 3219 1391 3284 sede,
1422 3226 1475 3272 et
1503 3219 1760 3274 exaltavit
1787 3220 2035 3284 humiles,

460 3336 478 3367 ι
509 3314 815 3370 esurientes
851 3311 1092 3381 implevit
1133 3310 1310 3377 bonis,
1339 3317 1394 3364 et
1437 3309 1631 3366 divites
1679 3311 1883 3366 dimisit
1925 3312 2040 3365 ina-

460 3425 478 3459 ι
513 3421 630 3460 nes.
672 3423 691 3456 ι
721 3403 781 3458 In
809 3402 1035 3457 brachio
1061 3416 1190 3471 ergo
1218 3415 1315 3456 suo
1335 3401 1596 3456 Dominus
1617 3417 1714 3471 per
1733 3416 1922 3456 omnes
1941 3416 2040 3456 sae-

454 3497 557 3551 culi
590 3494 968 3564 generationes
987 3500 1254 3563 potentes,
1279 3492 1382 3547 hoc
1408 3499 1512 3558 est,
1541 3489 1801 3561 superbos
1823 3490 1890 3546 de
1912 3491 2038 3545 sede

445 3585 730 3660 jactantite
774 3599 886 3640 sua:
913 3583 1153 3655 deponit,
1181 3591 1236 3638 et
1261 3582 1464 3638 exaltat
1502 3580 1755 3647 humiles,
1793 3580 1885 3651 qui
1929 3595 2037 3635 non

453 3692 549 3732 sua
579 3675 840 3747 potentia,
883 3675 976 3729 sed
1012 3673 1066 3728 in
1096 3673 1188 3728 Dei
1230 3672 1476 3728 bonitate
1524 3670 1822 3736 conﬁdunt,
1853 3689 1872 3722 ‹
1910 3670 2036 3740 quia

448 3770 627 3826 omnis
660 3769 753 3840 qui
779 3785 838 3824 se
871 3767 1094 3834 exaltat,
1124 3767 1496 3824 humiliabitur
1527 3784 1540 3820 :
1568 3775 1623 3821 et
1654 3766 1745 3836 qui
1777 3780 1835 3822 se
1861 3765 2037 3822 humi-

449 3863 567 3928 liat,
604 3861 931 3916 exaltabitur
977 3859 1193 3930 (Matth.
1232 3858 1412 3928 xxm).
1449 3877 1467 3909 ι
1497 3856 1758 3912 Similiter
1807 3864 1861 3910 et
1907 3871 2034 3912 esu-

449 3954 652 4009 rientes
703 3953 796 4023 qui
856 3951 1100 4009 esuriunt
1151 3958 1206 4004 et
1269 3948 1461 4004 sitiunt
1500 3949 1768 4020 justitiam
1814 3949 2034 4006 mternis

446 4047 604 4102 bonis
629 4045 832 4115 implet,
853 4052 908 4100 et
929 4043 1126 4100 divites
1147 4057 1342 4097 avaros
1363 4051 1417 4096 et
1444 4056 1636 4112 parcos
1662 4043 1852 4098 inanes
1876 4042 2033 4099 bonis

449 4139 705 4209 operibus
725 4137 904 4208 perire
932 4135 1079 4192 sinit.

525 4247 544 4280 ι
579 4228 828 4298 Suscepit
848 4226 1014 4281 Israel
1038 4240 1265 4296 puerum
1306 4239 1462 4279 suum
1495 4224 1784 4280 memorari
1813 4223 2028 4279 miseri-

451 4340 468 4372 ι
499 4320 698 4376 cordia:
719 4333 849 4374 suae.
885 4338 904 4372 ι
940 4316 1177 4372 Pulchre
1218 4315 1384 4371 Israel
1421 4331 1650 4386 puerum
1691 4313 1904 4370 Domini
1938 4329 2031 4384 ap-

444 4409 629 4480 pellat,
657 4410 749 4480 qui
784 4409 852 4464 ab
875 4423 942 4464 eo
970 4407 1042 4463 sit
1088 4407 1157 4462 ad
1202 4406 1518 4462 salvandum
1567 4413 1869 4474 susceptus,
1893 4403 2025 4459 obe-

2134 499 2232 555 pcr
2261 484 2441 548 ﬁdem,
2486 483 2644 554 juxta
2681 486 2824 556 quod
2871 485 3160 556 Apostolus
3192 488 3260 542 ad
3309 489 3590 548 Romanos
3617 493 3728 562 ple-

2135 575 2359 630 nissnme
2404 575 2681 631 disseruit.
2713 575 2995 631 Adventus
3033 592 3161 647 ergo
3196 576 3518 645 Salvatoris,
3550 582 3728 637 Abra-

2134 666 2219 722 hae
2245 675 2302 722 et
2322 666 2514 722 semini
2542 666 2660 737 ejus
2690 666 2744 721 in
2789 666 2984 722 saecula
3010 669 3310 738 promissus
3335 679 3421 725 est
3452 670 3581 726 ﬁliis
3607 688 3734 741 pro-

2136 757 2430 822 missionis,
2477 757 2674 826 quibus
2716 758 2951 813 dicitur:
2983 777 3000 810 σ
3039 758 3096 813 Si
3133 767 3314 814 autem
3357 776 3460 816 vos
3503 761 3731 824 Christi,

2137 862 2264 917 ergo
2293 846 2524 900 Abrahze
2570 861 2754 902 semen
2791 849 2944 914 estis,
2969 850 3263 904 secundum
3305 853 3734 921 promissionem

2138 937 2380 991 haeredes
2400 933 2599 1006 (Galat.
2617 935 2718 1007 ut).
2749 957 2765 989 ι
2793 937 2936 993 Bene
2959 938 3086 992 item
3106 939 3191 993 vel
3211 939 3453 1007 Domini,
3473 942 3736 998 velJoan-

2139 1025 2225 1098 nis
2271 1034 2518 1080 exortum
2575 1033 2779 1080 matres
2822 1028 3195 1098 prophetando
3246 1033 3618 1100 praeveniunt,
3679 1044 3738 1088 ut

2139 1118 2278 1173 sicut
2301 1127 2581 1188 peccatum
2612 1134 2642 1172 a
2672 1118 2987 1174 mulieribus
3014 1121 3200 1191 coepit,
3224 1122 3298 1176 ita
3321 1125 3494 1178 etiam
3524 1125 3672 1180 bona
3706 1144 3734 1180 ει

2140 1207 2458 1262 mulieribus
2487 1207 2768 1279 incipiant,
2804 1219 2857 1264 et
2883 1226 3004 1280 quae
3031 1227 3128 1281 per
3167 1214 3325 1269 unius
3351 1217 3734 1288 deceptionem

2138 1296 2300 1366 perit,
2339 1296 2549 1352 duabus
2578 1298 2827 1354 certatim
2879 1303 3316 1370 prteconantibus
3362 1308 3572 1362 mundo
3621 1308 3734 1362 vita

2139 1385 2417 1440 reddatur.

2141 1503 3707 1531 _____._________________

2817 1608 3052 1651 INCIPIT

2223 1708 2703 1772 BENEDICTIO
2747 1712 3116 1774 SIMEONIS
3165 1715 3650 1780 PROPHETE.

2208 1825 2407 1882 Narrat
2428 1829 2758 1900 evangelista
2779 1829 2952 1886 Lucas
2977 1833 3140 1902 quod,
3167 1851 3290 1890 cum
3317 1849 3582 1906 parentes
3605 1840 3730 1896 Iesu

2139 1918 2352 1980 Domini
2387 1920 2557 1980 nostri
2585 1919 2758 1986 insunt
2789 1936 3016 1996 puerum
3047 1923 3366 1986 inducere-nt
3395 1937 3450 1987 in
3477 1930 3734 1989 Hierusa-

2139 2017 2244 2070 lem
2293 2015 2361 2070 ad
2411 2016 2669 2086 templum
2720 2018 2976 2085 Domini,
3034 2027 3094 2074 ut
3141 2020 3385 2076 facerent
3432 2027 3732 2078 secuan

2139 2107 2276 2180 legis
2346 2123 2445 2179 pro
2520 2124 2586 2164 eo
2611 2150 2626 2175 ,
2696 2118 2752 2165 et
2811 2110 3070 2167 oﬂ'errent
3147 2114 3357 2169 hostias
3430 2118 3733 2170 secundum

2142 2200 2286 2270 quod
2360 2200 2619 2270 scriptum
2676 2210 2758 2256 est
2825 2201 2883 2257 in
2940 2202 3056 2274 lege
3130 2204 3387 2272 Domini,
3459 2209 3732 2277 acceperit

2139 2304 2263 2344 eum
2285 2289 2464 2360 justus
2497 2289 2713 2347 Simeon
2749 2293 2804 2346 in
2831 2293 2988 2348 ulnas
3032 2310 3182 2360 suas,
3213 2305 3267 2349 et
3293 2297 3646 2352 benedixerit
3675 2299 3730 2351 il-

2141 2381 2274 2447 lum,
2295 2384 2680 2464 prophetizans
2724 2385 2790 2440 de
2835 2385 2973 2456 ipso.
3013 2386 3204 2458 Magna
3249 2389 3476 2458 quidem
3521 2391 3728 2445 Domini

2141 2475 2405 2544 potentia,
2452 2475 2546 2530 sed
2592 2491 2701 2531 non
2738 2477 2917 2533 minor
2965 2478 3133 2534 claret
3175 2480 3498 2546 humilitas,
3539 2492 3598 2536 ut
3643 2483 3726 2550 qui

2145 2563 2280 2619 caelo
2305 2571 2556 2635 terraque
2588 2581 2696 2620 non
2727 2566 2938 2637 capitur
2975 2568 3246 2638 grandaevi
3289 2569 3536 2624 hominis
3564 2583 3729 2640 geste

2144 2663 2232 2710 tur
2285 2665 2430 2712 totus
2472 2657 2526 2714 in
2578 2658 2751 2726 ulnis;
2785 2659 2878 2715 sed
2922 2669 2978 2715 et
3014 2661 3218 2731 tropice
3259 2663 3464 2735 accipit
3515 2665 3728 2721 Simeon

2145 2747 2440 2816 Christum,
2467 2759 2757 2806 veteranus
2783 2751 3063 2818 infantem,
3087 2761 3147 2808 ut
3180 2753 3374 2810 doceat
3404 2772 3513 2811 nos
3538 2771 3728 2812 exuere

2143 2845 2383 2894 veterem
2425 2839 2700 2896 hominem
2728 2881 2743 2906 ,
2787 2841 2878 2910 qui
2928 2844 3296 2912 corrumpitur
3343 2861 3472 2900 cum
3525 2847 3727 2903 actibus

2144 2929 2282 3000 ejus,
2310 2938 2365 2983 et
2385 2939 2642 2986 renovato
2665 2931 2859 3001 spiritu
2885 2932 3083 2986 mentis
3124 2941 3326 2988 nostra:
3358 2935 3589 2990 induere
3610 2953 3726 2990 eum

2143 3025 2234 3092 qui
2266 3025 2557 3080 secundum
2603 3026 2770 3080 Deum
2802 3035 3022 3082 creatus
3046 3036 3130 3082 est
3160 3029 3213 3084 in
3242 3028 3481 3099 justitia,
3531 3043 3588 3086 et
3611 3049 3728 3087 san-

2067 3107 2114 3170 C
2144 3114 2354 3180 etitate,
2377 3127 2433 3169 et
2459 3115 2710 3182 veritate,
2745 3115 2849 3172 hoc
2875 3126 2974 3182 est,
3007 3117 3340 3190 deponentes
3363 3123 3724 3184 mendacium,

2145 3203 2290 3273 loqui
2315 3205 2625 3273 veritatem,
2653 3214 2709 3262 et
2733 3217 2928 3264 caetera
2959 3212 3080 3280 quae
3122 3213 3190 3268 ad
3210 3213 3334 3268 novi
3363 3213 3610 3270 hominis
3627 3225 3728 3270 sta-

2141 3303 2255 3349 tum
2281 3296 2554 3366 pertinent
2576 3312 2692 3362 ore,
2721 3300 2884 3354 corde
2899 3308 2953 3355 et
2987 3316 3176 3371 opere,
3199 3301 3490 3372 perﬁcere.
3523 3305 3729 3375 Accipit

2140 3384 2324 3440 senior
2348 3385 2530 3456 justus
2569 3389 2863 3444 secundum
2896 3389 3069 3456 legem
3097 3399 3153 3446 et
3188 3393 3479 3448 timoratus
3505 3409 3726 3464 puerum

2138 3473 2322 3529 Jesnm
2345 3475 2400 3529 in
2422 3475 2578 3532 ulnas
2603 3493 2750 3545 suas,
2787 3488 2847 3534 ut
2893 3480 3159 3550 signiﬁcet
3179 3483 3450 3552 justitiam
3478 3499 3724 3555 Operam,

2139 3578 2258 3633 qua:
2286 3579 2356 3620 ex
2381 3565 2498 3636 lege
2523 3575 2705 3633 erant,
2731 3569 2853 3639 quis
2882 3571 3025 3624 enim
3051 3573 3257 3626 neseiat
3294 3589 3462 3644 opera
3491 3591 3594 3646 per
3613 3592 3723 3630 ma-

2137 3672 2239 3712 nus
2264 3665 2317 3712 et
2342 3658 2562 3713 brachia
2595 3659 2771 3716 solere
2801 3660 3042 3730 ﬁgurari.
3091 3662 3291 3718 Humili
3333 3667 3567 3735 quidem
3591 3667 3725 3722 sala-

2137 3752 2272 3807 taris
2311 3751 2437 3807 ﬁdei
2463 3753 2789 3824 evangelica:
2832 3755 3004 3826 gratia
3028 3757 3285 3812 mutanda
3314 3760 3524 3830 accipit
3555 3762 3724 3815 senior

2135 3842 2395 3920 infantem
2425 3843 2728 3911 Christum,
2770 3855 2831 3901 ut
2869 3847 3104 3903 insinuet
3131 3848 3232 3904 hoc
3268 3851 3536 3907 saeculum
3579 3854 3722 3924 quasi

2135 3933 2286 3988 senio
2309 3933 2423 4004 jam
2468 3942 2523 3988 et
2569 3935 2809 4008 longaeva
2855 3945 3014 3992 astate
3042 3937 3314 3996 defessum
3363 3942 3436 3997 ad
3471 3943 3722 3999 innocen-

2134 4023 2286 4090 tiam,
2315 4032 2389 4089 et,
2412 4032 2473 4080 ut
2513 4025 2588 4080 ita
2630 4026 2883 4094 dixerim,
2914 4027 3196 4084 infantiam
3221 4029 3559 4088 Christiana:
3603 4051 3721 4090 eon-

2131 4121 2457 4176 versationis
2495 4121 2822 4190 rediturum,
2857 4130 2913 4179 et
2958 4124 3099 4179 sicut
3141 4125 3336 4195 aquila:
3380 4126 3718 4195 juventntem

2133 4211 2278 4265 illius
2301 4226 2423 4266 esse
2460 4213 2846 4268 renovandam.

2208 4321 2226 4353 ‹
2251 4300 2320 4354 Ει
2336 4301 2613 4358 benedixit
2636 4303 2802 4358 Deum
2815 4313 2871 4359 et
2890 4304 3057 4360 dixit:
3084 4304 3238 4361 Nunc
3258 4306 3714 4363 dimittisservum

2137 4412 2156 4445 ‹
2188 4401 2361 4460 tuum,
2389 4393 2638 4460 Domine,
2663 4397 2959 4452 secundum
2985 4398 3209 4453 verbum
3236 4407 3386 4453 tuum
3413 4401 3471 4454 in
3513 4416 3663 4472 pace.
3695 4419 3713 4452 ι

446 4466 692 4556 dicatam
713 4499 964 4554 videlicet
1002 4503 1058 4553 et
1101 4495 1381 4561 humilem,
1407 4493 1560 4563 juxta
1586 4466 1743 4549 Oscae
1778 4466 1978 4548 dictum
2013 4512 2024 4547 :

2138 4483 2297 4539 Vides
2323 4499 2430 4538 non
2474 4483 2645 4539 solum
2681 4485 2836 4554 Novi,
2883 4487 2977 4542 sed
3006 4495 3061 4543 et
3109 4487 3316 4544 Veteris
3362 4466 3714 4546 Testameuti.

451 4609 469 4642 ι
503 4589 638 4656 Quia
664 4604 796 4661 puer
819 4587 987 4644 Israel
1013 4596 1068 4643 et
1100 4587 1260 4643 dilexi
1281 4601 1404 4641 eum
1435 4584 1579 4656 (ωδε.
1609 4581 1712 4656 xx);
1744 4603 1761 4634 ι
1790 4598 1915 4638 nam
1936 4583 2029 4655 qui

445 4680 745 4737 contemnit
789 4679 1082 4745 humiliari,
1117 4693 1226 4734 non
1257 4685 1435 4748 potest
1463 4676 1648 4746 utique
1687 4674 1902 4742 salvari,
1929 4689 2030 4732 nec

445 4771 627 4827 dicere
651 4785 772 4825 eum
793 4769 1094 4840 Propheta:
1122 4787 1140 4820 ι
1170 4768 1311 4824 Ecce
1333 4767 1478 4822 enim
1504 4767 1647 4821 Deus
1671 4765 1888 4834 adjuvat
1918 4781 2027 4831 me,

445 4870 502 4917 et
533 4859 792 4916 Dominus
823 4870 1098 4932 susceptor
1150 4866 1234 4916 est
1273 4858 1469 4914 anima:
1507 4872 1639 4912 meae
1690 4855 1860 4928 (1⁷ιαί.
1885 4856 2024 4927 mu).

447 4953 765 5024 Quicunque
786 4961 966 5009 autem
987 4950 1356 5008 bumiliaverit
1377 4965 1456 5016 se,
1484 4949 1624 5005 sicut
1642 4947 1918 5018 parvulus,
1939 4946 2026 5002 hic

445 5053 530 5102 est
554 5044 727 5114 major
755 5046 810 5100 in
837 5061 1003 5117 regno
1033 5045 1295 5101 caelorum
1326 5043 1541 5116 (Matth.
1566 5041 1744 5112 xvui).
1778 5060 1796 5092 ι

524 5155 542 5188 ι
579 5135 732 5191 Sicut
755 5136 968 5192 locutus
993 5145 1074 5192 est
1105 5135 1172 5190 ad
1196 5143 1377 5205 patres
1425 5141 1641 5188 nostros
1675 5132 1947 5187 Abraham
1971 5139 2028 5187 et

453 5247 469 5278 ι
499 5225 693 5282 semini
727 5223 843 5295 ejus
873 5225 926 5279 in
960 5226 1174 5280 sarcula.
1213 5245 1230 5276 ι
1265 5223 1461 5278 Semen
1501 5223 1732 5278 Abrahae
1761 5237 1864 5276 non
1907 5237 2026 5276 car-

445 5315 588 5381 nale,
611 5317 705 5371 sed
734 5313 976 5385 spiritale
1003 5313 1288 5385 signiﬁcat,
1317 5311 1370 5366 id
1399 5319 1500 5376 est,
1527 5326 1635 5366 non
1673 5308 1790 5378 ejus
1814 5318 2022 5365 tantum

443 5422 608 5463 carne
633 5407 971 5479 progenitos,
1015 5405 1107 5460 sed
1142 5405 1256 5460 sive
1285 5404 1341 5458 in
1382 5403 1792 5459 circumcisione
1832 5417 1927 5458 seu
1965 5402 2020 5457 in

443 5499 706 5569 praeputio
729 5498 852 5554 ﬁdei
876 5496 1016 5554 illius
1038 5496 1265 5569 vestigia
1296 5506 1545 5552 secutos:
1579 5512 1706 5551 nam
1743 5503 1797 5551 et
1825 5497 1939 5566 ipse
1967 5495 2021 5550 in

443 5589 708 5658 praeputio
748 5589 956 5659 positus
996 5589 1250 5655 credidit,
1290 5597 1703 5659 reputatumque
1753 5598 1838 5645 est
1873 5587 1921 5643 ei
1954 5586 2021 5641 ad

446 5677 727 5746 iustitiam,
758 5687 920 5747 atque
943 5678 1182 5746 ejusdem
1214 5679 1334 5734 Iidei
1373 5679 1707 5744 signaculum
1735 5677 2019 5734 circumci-

2125 4578 2302 4649 justos
2329 4591 2423 4648 spe
2457 4577 2654 4634 futura:
2681 4579 2804 4634 vitae
2848 4580 3181 4652 desiderium
3213 4581 3474 4639 habuisse
3504 4583 3714 4640 dissolvi

2133 4686 2163 4725 a
2189 4685 2438 4740 corpore,
2478 4670 2587 4725 imo
2611 4671 2760 4740 pacis
2787 4672 2929 4726 viam
2969 4671 3280 4742 deputasse,
3317 4675 3600 4730 sarcinam
3635 4675 3709 4730 de

2129 4775 2330 4832 ponere
2372 4769 2706 4828 terrestrem,
2741 4771 2803 4818 ut
2848 4771 2974 4834 pote
3008 4764 3102 4834 qui
3134 4779 3194 4820 se
3227 4765 3284 4820 in
3331 4766 3459 4820 sinu
3490 4768 3712 4822 Abraha

2131 4852 2372 4921 requiem
2415 4868 2522 4907 non
2552 4853 2860 4910 dubitarent
2892 4853 3170 4911 habituros
3215 4872 3336 4912 esse
3374 4867 3695 4928 perpetuam

2128 4943 2368 5011 Denique
2403 4950 2459 4997 et
2501 4942 2714 4999 ldithun
2740 4983 2755 5009 ,
2786 4945 2886 4999 hoc
2932 4952 3039 5011 est,
3071 4946 3410 5002 transiliator
3459 4949 3694 5018 cupidita

2131 5043 2240 5089 tum
2273 5033 2637 5099 saecularium,
2674 5044 2957 5104 postquam
2981 5037 3148 5092 multa
3175 5038 3264 5093 diu
3295 5040 3498 5095 tacitus
3525 5039 3708 5095 mundi

2126 5123 2266 5178 mala
2309 5123 2702 5193 contemplatus
2758 5124 2970 5178 interna
3010 5140 3197 5181 secum
3253 5128 3439 5182 cordis
3493 5129 3694 5183 medita

2127 5213 2272 5268 tione
2313 5213 2610 5278 concaluit,
2659 5212 2870 5268 tandem
2917 5214 3128 5270 locutus
3175 5215 3232 5269 in
3266 5215 3454 5286 lingua
3500 5232 3626 5282 sua,
3661 5224 3714 5271 et

2125 5325 2248 5380 quae
2268 5310 2414 5364 intus
2441 5307 2614 5379 egerit
2633 5323 2906 5378 promens.
2944 5327 2964 5360 ι
2995 5308 3215 5374 Notum,
3241 5309 3440 5380 inquit,
3469 5309 3580 5376 fac,
3605 5310 3708 5364 Do-

2128 5401 2292 5464 mine,
2317 5399 2478 5453 ﬁnem
2491 5413 2692 5464 meum,
2713 5406 3062 5454 etnumerum
3087 5399 3298 5454 dierum
3324 5415 3600 5463 meorum,
3620 5397 3706 5464 qui

2127 5498 2228 5554 est,
2257 5498 2318 5543 ut
2342 5489 2510 5544 sciam
2562 5488 2692 5559 quid
2719 5488 2857 5544 desit
2884 5489 3014 5544 mihi
3040 5506 3054 5554 ;
3079 5504 3206 5544 ecce
3232 5499 3449 5545 veteres
3480 5488 3706 5558 posuisti

2127 5582 2243 5637 dies
2295 5595 2446 5638 meos
2474 5579 2647 5652 (Psal.
2696 5579 2958 5650 xxxvm).
2991 5599 3010 5632 ›
3040 5578 3248 5646 Quibus
3293 5579 3500 5649 absque
3545 5577 3706 5632 dubio

2127 5675 2308 5729 verbis
2335 5673 2530 5742 aperit,
2563 5685 2722 5740 quam
2754 5671 3048 5726 maximum
3095 5685 3153 5724 se
3179 5669 3528 5738 praesentium
3559 5665 3702 5721 cala-
