3936 6328
205 363 331 419 “65
1203 349 1402 408 LIBER
1444 351 1532 407 DE
1571 350 1812 408 SACRIS
1851 351 2219 408 0RDINIBUS
2289 350 2440 406 E'I‘C.
3323 351 3460 409 I166

202 475 446 529 mitatum
476 475 763 524 nacturum
814 471 997 536 speret
1040 466 1094 520 in
1145 464 1250 520 ﬁne
1301 465 1574 530 solatium,
1611 477 1770 534 quem
1801 467 1851 526 Α
1877 465 1969 535 qui
1998 472 2178 519 tamen
2215 463 2382 534 gloria
2415 463 2587 533 magis
2630 462 2815 526 Israel,
2845 464 2932 518 cui
2969 465 3060 519 diu
3108 473 3375 536 speratur,
3407 477 3464 522 et

200 565 459 633 tantisper
487 559 743 615 advenire
771 557 1063 613 desiderat.

271 674 288 707 ‹
323 653 460 721 Quia
512 650 768 708 viderunt
813 648 956 705 oculi
986 647 1094 704 mei
1138 647 1374 703 salutare
1428 655 1599 711 tuum,
1633 641 1776 715 quod

205 769 224 802 ι
258 747 460 820 parasti
496 753 623 800 ante
668 743 862 799 faciem
906 741 1148 798 omnium
1182 740 1523 812 populorum.
1563 758 1580 789 ι
1624 737 1774 792 Beati

198 839 334 895 oculi
357 837 452 910 qui
481 837 664 894 vident
694 849 813 904 qua:
847 831 1064 888 Simeon
1093 833 1248 886 vidit.
1292 851 1312 882 ‹
1341 829 1494 886 Beati
1536 828 1629 900 qui
1668 843 1776 883 non

200 930 449 985 viderunt
469 934 525 982 et
545 925 917 982 crediderunt.
957 943 976 974 ι
1010 923 1143 978 Illud
1167 923 1361 992 ipsum,
1402 921 1598 991 inquit,
1637 918 1782 990 quod

201 1019 449 1076 omnibus
499 1016 841 1088 postmodum
879 1013 1146 1084 gentibus,
1184 1013 1414 1084 populis,
1459 1021 1515 1066 et
1555 1011 1781 1096 linguis,

201 1121 378 1169 mente
405 1126 470 1167 ac
519 1110 624 1166 fide
678 1107 1119 1178 conspiciendum
1152 1106 1379 1178 parasti,
1417 1120 1511 1176 spe
1539 1120 1603 1162 ae
1643 1105 1782 1160 dile-

200 1205 376 1261 ctione
430 1201 780 1272 quaerendum
838 1198 1133 1270 praevidisti
1163 1240 1178 1264 ,
1237 1199 1352 1270 ipse
1415 1198 1780 1254 desideratum

200 1312 338 1351 nunc
380 1302 437 1349 et
473 1293 657 1348 carnis
686 1303 741 1348 et
765 1291 945 1348 cordis
971 1290 1143 1347 oculis
1188 1299 1341 1345 tuum
1371 1289 1608 1344 salutare
1649 1303 1778 1344 con—

201 1386 449 1458 templor.

273 1497 291 1530 ι
325 1478 530 1533 Lumen
554 1477 622 1532 ad
643 1475 1027 1532 revelationem
1055 1475 1311 1547 gentium,
1343 1483 1399 1531 et
1423 1473 1649 1546 gloriam
1669 1473 1782 1544 ple-

206 1587 226 1620 α
258 1568 341 1624 bis
377 1577 483 1623 tua
529 1567 713 1623 Israel.
751 1587 770 1618 ι
806 1566 1012 1622 Lumen
1058 1567 1275 1636 quidem
1324 1565 1540 1636 utrique
1584 1565 1782 1637 populo

199 1659 430 1714 salutare
475 1659 595 1725 Dei,
620 1658 674 1714 id
717 1667 820 1724 est,
845 1658 1094 1714 Christus
1131 1675 1162 1713 a
1198 1658 1310 1714 Deo
1342 1657 1507 1713 Patre
1535 1665 1783 1728 paratus,

1885 569 1951 609 ex
1981 569 2088 624 quo
2111 553 2503 624 praenuntiatus
2539 553 2778 608 advenit.
2809 552 3060 608 Gentium
3106 569 3235 611 vero
3262 555 3463 611 dicitur

1884 659 2004 702 esse
2029 644 2308 710 revelatio,
2348 659 2580 714 quarum
2604 644 2803 699 mentis
2846 645 3030 700 oculos
3065 645 3328 715 profunda
3348 645 3464 716 jam

1883 738 2129 794 caecitate
2155 737 2450 802 demersos,
2487 751 2661 806 neque
2695 736 2804 791 ulla
2843 752 2938 807 spe
2983 738 3244 793 adventus
3275 739 3460 794 Domi-

1882 825 1992 881 niei
2022 834 2236 882 erectos
2264 826 2378 897 ipse
2417 825 2638 881 visitare
2681 817 2886 895 pariter
2914 825 3157 882 revelare
3197 835 3364 897 atque
3393 827 3499 882 il-ll

1880 915 2115 971 lustrare
2150 917 2399 987 dignatus
2449 925 2552 971 est.
2610 916 2678 971 Et
2726 917 2863 972 bene
2909 917 3169 973 revelatio
3217 918 3466 990 gentium

1880 1006 2098 1062 lsraelis
2126 1006 2310 1078 gloriae
2340 1007 2646 1078 przefertur,
2678 1007 2769 1077 qui
2807 1026 2825 1058 ‹
2862 1023 2985 1063 cum
3015 1007 3293 1078 plenitudo
3333 1024 3470 1080 gen-

1883 1099 2018 1153 tium
2040 1098 2331 1165 introierit,
2361 1105 2492 1152 tunc
2525 1099 2703 1154 omnis
2729 1098 2893 1154 Israel
2913 1099 3093 1154 salvus
3129 1098 3240 1164 ﬁet,
3273 1119 3291 1151 ι
3325 1113 3464 1169 quo-

1883 1189 2044 1244 modo
2065 1197 2121 1244 et
2162 1187 2450 1244 Psalmista
2483 1203 2608 1244 cum
2637 1189 2845 1244 diceret
2875 1207 2888 1243 τ
2920 1208 2938 1241 ι
2973 1188 3173 1245 Notum
3201 1189 3330 1244 fecit
3354 1190 3464 1246 Do-

1880 1282 2060 1336 minus
2110 1280 2348 1336 salutare
2377 1296 2532 1346 suum
2580 1289 2706 1335 ante
2734 1289 3082 1350 conspectum
3115 1280 3356 1352 gentium
3378 1293 3464 1336 re-

1879 1374 2078 1430 velavit
2111 1373 2378 1444 justitiam
2404 1388 2556 1428 suam
2587 1371 2762 1445 (Psal.
2790 1373 2981 1442 xcvn),
3012 1392 3030 1424 ι
3059 1371 3354 1441 subiunxit,
3382 1380 3466 1427 at-
3492 1415 3502 1424 .

1883 1481 1990 1536 que
2015 1465 2112 1531 ait,
2147 1484 2165 1516 ι
2194 1465 2398 1522 Memor
2419 1465 2520 1521 fuit
2544 1466 2932 1523 misericordia:
2955 1481 3066 1522 sua:
3092 1465 3259 1522 Jacob
3292 1475 3348 1522 et
3373 1479 3465 1521 ve-

1885 1558 2064 1616 ritatis
2093 1573 2204 1614 suae
2234 1558 2417 1615 domui
2442 1557 2623 1613 Israel.
2662 1579 2680 1610 ι

204 1811 3462 1850 m

775 1975 1354 2088 BEATI
1429 1977 2164 2090 BABANI
2239 1973 2860 2102 MAURI

917 2183 1298 2242 FULDENSIS
1337 2185 1627 2242 ABBATIS
1669 2185 1758 2240 ET
1797 2185 2182 2243 MOGUNTINI
2218 2183 2738 2242 ARCHIEPISCOPI
2803 2257 2813 2269 _

309 2356 346 2401 ⁸
393 2353 695 2481 LIBER
774 2351 909 2480 DE
990 2349 1343 2481 SACRIS
1427 2353 2017 2497 0RDINIBUS,
2119 2350 2826 2484 SACBAMENTIS
2907 2351 3332 2496 DIVINIS.

977 2756 1687 2837 VESTIMENTIS
1763 2754 2665 2836 SACERDOTALIBUS

1471 2938 1579 2999 AD
1622 2937 2196 3014 THIOTMABUM.

789 3168 1177 3226 PREFATIO.

265 3266 512 3322 Russus
535 3303 551 3330 ,
603 3277 791 3319 servus
827 3262 1029 3318 Christi
1061 3265 1212 3329 Jesu,
1255 3261 1577 3318 THIOTMARO
1621 3260 1776 3315 fratri

192 3358 441 3413 salutem.
491 3355 762 3410 Sicubme
800 3353 1022 3424 rogasti,
1065 3352 1293 3409 amande
1333 3353 1536 3417 frater,
1577 3361 1634 3406 ut
1676 3351 1777 3406 ali-

192 3462 329 3518 quas
377 3445 702 3516 quaestiones
755 3443 823 3498 de
865 3444 1219 3498 sacramentis
1263 3443 1458 3498 divinis
1503 3457 1565 3498 ac
1609 3441 1779 3497 sacris

190 3541 494 3602 ordinibus,
529 3553 628 3592 nec
659 3552 764 3590 non
789 3544 844 3590 et
877 3536 942 3591 de
973 3536 1312 3590 vestimentis
1335 3534 1775 3599 sacerdotalibus,

191 3633 294 3686 tibi
331 3629 647 3698 exponendo
687 3626 1045 3691 absolverem,
1091 3626 1192 3680 feci
1222 3635 1482 3695 quantum
1517 3625 1686 3696 potui,
1723 3633 1780 3680 et

188 3721 326 3792 quid
372 3719 424 3772 in
469 3733 525 3772 se
563 3717 804 3788 mysterii
847 3717 1081 3771 habeant
1127 3717 1324 3787 partim
1376 3716 1780 3787 interpretando

188 3810 503 3882 partimque
541 3822 700 3862 sensu
740 3822 835 3861 eas
862 3806 1203 3862 dilucidando
1232 3806 1535 3875 explanavi.
1563 3806 1630 3861 Et
1654 3806 1780 3876 quia

192 3899 303 3954 mei
327 3906 730 3968 cooperatorcm
753 3897 806 3953 in
833 3911 988 3952 sacro
1011 3895 1310 3951 ministerio
1331 3904 1383 3950 te
1407 3896 1563 3967 elegi,
1594 3898 1783 3951 hortor

190 3996 256 4043 ut
286 3988 428 4057 quod
458 4003 558 4058 pro
587 3986 900 4042 inﬁrmitate
932 3985 1173 4055 corporis
1199 4001 1380 4041 coram
1409 3985 1592 4041 multis
1618 4001 1782 4057 expo-

190 4093 330 4132 nere
359 4093 466 4131 non
496 4092 738 4147 possum,
776 4085 832 4130 tu
860 4077 950 4146 qui
980 4075 1164 4144 junior
1191 4085 1350 4132 astate
1389 4085 1444 4132 et
1465 4077 1693 4132 validior
1722 4092 1782 4132 es

192 4182 442 4236 corpore,
489 4167 593 4222 illis
632 4168 721 4238 qui
764 4168 829 4222 ad
871 4167 1232 4222 sacerdotium
1271 4169 1504 4224 ordinati
1543 4177 1688 4232 sunt,
1728 4177 1783 4224 et

190 4257 555 4311 ministerium
588 4257 922 4313 sacerdotale
943 4272 1105 4329 agere
1129 4259 1346 4323 debent,
1380 4266 1564 4313 notum
1592 4257 1776 4325 facias,

190 4355 249 4400 et
280 4347 362 4401 eis
395 4347 722 4416 persuadeas
741 4388 756 4412 ,
779 4347 888 4403 imo
917 4346 1140 4415 jubeas,
1169 4355 1229 4402 ut
1259 4347 1546 4420 diligenter
1571 4347 1782 4404 discant

189 4436 340 4504 quod
369 4437 421 4490 in
449 4436 550 4492 hoc
574 4437 828 4507 opusculo
853 4437 1217 4508 conscriptum
1245 4447 1350 4504 est,
1393 4447 1447 4493 et
1485 4438 1553 4493 ad
1590 4453 1777 4495 eorum

187 4526 430 4583 ofﬁcium
460 4531 690 4598 pertinet
729 4549 742 4584 :
778 4538 1043 4601 quatenus
1079 4531 1177 4602 ipsi
1209 4533 1312 4587 hoc
1350 4533 1601 4588 noverint
1634 4534 1779 4602 quod
1805 4515 1850 4577 C

186 4635 292 4675 eos
319 4621 459 4676 seire
492 4623 778 4688 convenit,
805 4632 860 4678 et
888 4623 1029 4693 plebi
1062 4623 1163 4678 sibi
1193 4625 1497 4679 commissae
1529 4625 1780 4680 intiment

186 4712 325 4780 quid
357 4712 459 4767 illis
487 4714 540 4767 in
585 4713 890 4769 Christiana
938 4715 1197 4786 religione
1231 4717 1580 4782 credendum,
1617 4732 1780 4788 agen-

189 4803 323 4857 dum
355 4813 512 4874 atque
543 4807 830 4861 tenendum
856 4807 965 4872 sit,
997 4807 1076 4862 sic
1107 4810 1342 4879 utrique,
1373 4817 1428 4863 et
1456 4808 1661 4879 prmlati
1698 4819 1780 4864 at-

187 4907 302 4961 que
350 4895 548 4950 subditi
594 4896 725 4951 salvi
779 4896 894 4952 fieri
946 4905 1217 4967 possunt,
1267 4899 1471 4954 scilicet
1520 4899 1566 4954 si
1607 4899 1779 4971 legem

189 4983 407 5039 Domini
448 4985 651 5041 intente
687 4989 1033 5054 meditantur,
1064 4997 1118 5043 et
1161 4990 1411 5044 mandata
1441 4991 1622 5046 divina
1662 5006 1775 5045 ser-

186 5088 325 5128 vare
377 5075 431 5129 in
475 5078 724 5134 omnibus
771 5081 1124 5135 contendunt.
1177 5081 1254 5135 Ita
1296 5081 1440 5135 enim
1488 5081 1777 5152 Apostolus

185 5165 440 5221 scribens
482 5169 548 5222 ad
584 5170 901 5240 discipulum
940 5186 1096 5226 suum
1129 5172 1184 5226 in
1215 5172 1450 5242 Epistola
1474 5188 1570 5228 sua
1595 5173 1779 5229 docuit

185 5259 383 5314 dicens
411 5259 474 5331 (I
507 5260 642 5316 Tim.
675 5277 759 5327 tv,
787 5262 873 5333 14)
907 5281 920 5316 :
955 5281 973 5313 ι
1000 5263 1231 5318 Attende
1257 5263 1472 5318 lectioni
1500 5272 1553 5319 et
1581 5265 1778 5319 exhoro

188 5348 385 5402 talioni
416 5350 692 5405 doctrinm.
741 5350 860 5406 Noli
905 5352 1174 5423 negligere
1212 5354 1439 5424 gratiam
1473 5369 1593 5424 qua:
1632 5354 1686 5408 in
1729 5362 1781 5410 te

185 5445 299 5501 est,
339 5453 459 5507 qtne
496 5439 618 5493 data
649 5449 732 5495 est
760 5440 853 5495 tibi
880 5482 894 5506 ,
933 5457 1031 5512 per
1057 5443 1394 5513 prophetiam
1419 5458 1540 5498 eum
1569 5443 1785 5513 imposi-

186 5529 344 5584 tione
376 5546 568 5586 manus
603 5533 946 5604 presbyterii,
986 5535 1102 5590 haec
1127 5533 1409 5600 meditare,
1446 5536 1502 5590 in
1530 5535 1614 5589 his
1643 5544 1778 5601 esto,

1807 3168 1853 3228 Β
1880 3176 1938 3221 ut
1975 3168 2251 3237 profectus
2293 3175 2418 3223 tuus
2453 3165 2773 3222 manifestus
2814 3167 2884 3221 sit
2915 3166 3186 3223 omnibus.
3235 3167 3468 3226 Attende

1879 3261 1975 3316 tibi
2005 3270 2056 3316 et
2087 3261 2367 3325 doctrinm,
2408 3261 2547 3315 insta
2578 3260 2634 3314 in
2672 3259 2777 3315 illis
2807 3278 2820 3313 :
2854 3260 2957 3316 hoc
2999 3259 3144 3315 enim
3175 3259 3382 3318 faciens
3411 3270 3468 3318 et

1880 3352 2111 3423 teipsum
2152 3351 2358 3408 salvum
2399 3351 2656 3407 facies‘et
2689 3366 2783 3407 eos
2809 3353 2897 3422 qui
2945 3361 2996 3407 te
3037 3353 3280 3408 audiunt.
3310 3354 3465 3422 Quod

1879 3445 2058 3500 divina
2094 3445 2268 3516 gratia
2308 3452 2361 3499 te
2408 3443 2460 3498 in
2500 3452 2679 3498 mente
2716 3459 2852 3514 pura
2888 3443 3090 3499 habere
3133 3452 3188 3498 et
3215 3460 3465 3502 sermone

1879 3553 2034 3604 sano,
2058 3547 2218 3608 atque
2239 3537 2381 3593 bono
2401 3552 2564 3607 opere
2584 3553 2961 3594 consummare
2987 3537 3169 3605 faciat,
3198 3547 3468 3610 quatenus

1879 3628 1968 3684 hic
1993 3629 2046 3683 in
2070 3628 2186 3697 ejus
2210 3629 2434 3685 servitio
2461 3629 2595 3684 satis
2615 3629 2761 3684 utilis
2785 3627 2902 3695 ﬁas,
2930 3638 2985 3686 et
3006 3638 3128 3700 post
3155 3629 3313 3698 hujus
3341 3631 3467 3686 vitat

1882 3718 2168 3772 terminum
2202 3719 2386 3773 aeterni
2411 3719 2590 3788 gaudii
2615 3719 2668 3773 in
2699 3719 2908 3774 emlesti
2938 3735 3106 3790 regno
3131 3735 3254 3775 cum
3279 3720 3470 3777 electis

1882 3808 1976 3864 Dei
2002 3809 2270 3878 particeps
2299 3809 2521 3864 existas.

2040 3921 2166 3978 CAP.
2209 3921 2248 3976 I.
2285 3952 2356 3963 ——
2392 3921 2470 3975 De
2495 3938 2600 3975 una
2628 3921 2727 3976 Dei
2750 3921 2989 3976 Ecclesia
3015 3922 3293 3978 catholica.

1954 4035 2069 4108 (De
2106 4034 2283 4088 Instit.
2319 4033 2442 4088 cler.
2467 4033 2504 4087 ι.
2535 4049 2580 4096 l,
2608 4050 2654 4086 c.
2685 4034 2758 4102 l.)
2795 4033 3038 4088 Ecclesia
3079 4047 3208 4105 ergo
3244 4033 3338 4089 Dei
3375 4049 3468 4091 ca-

1884 4125 2078 4180 tholica
2105 4166 2118 4188 ,
2165 4139 2285 4194 qua:
2311 4138 2409 4193 per
2434 4132 2603 4178 totum
2639 4123 2825 4178 orbem
2874 4123 3094 4178 dilatata
3129 4123 3462 4189 diffunditur,

1881 4217 2086 4273 Christi
2125 4217 2342 4273 nomine
2378 4215 2660 4271 nobilitata
2699 4215 3052 4286 glorificatur.
3097 4215 3284 4272 Omnis
3321 4217 3465 4272 enim

1881 4310 2043 4365 homo
2069 4309 2158 4380 qui
2191 4316 2353 4364 rectae
2381 4308 2504 4362 ﬁdei
2533 4308 2716 4363 existit
2746 4309 3034 4378 particeps,
3069 4317 3124 4363 et
3150 4323 3306 4364 sacro
3329 4309 3466 4378 bap-

1879 4399 2098 4454 tismate
2125 4406 2494 4469 regeneratur,
2525 4414 2553 4451 a
2584 4397 2799 4476 Christo
2839 4397 3179 4454 Christianus
3221 4406 3464 4462 vocatur,

1882 4496 1936 4543 et
1965 4488 2059 4544 Dei
2087 4488 2264 4543 Patris
2292 4497 2454 4558 atque
2483 4487 2738 4558 Ecclesia
2766 4489 2955 4545 matris
2981 4489 3224 4544 noscitur
3246 4504 3368 4545 esse
3397 4489 3464 4544 fi-

1881 4577 2002 4634 lius.
2037 4578 2278 4634 Ecclesia
2307 4557 2903 4634 Grzecum'vocahulum
2935 4588 3032 4642 est,
3059 4579 3201 4648 quod
3231 4579 3284 4633 in
3323 4578 3470 4634 Lati-

1881 4684 2006 4723 num
2059 4669 2288 4723 vertitur
2332 4668 2631 4722 convocatio
2683 4668 2796 4722 sive
2847 4676 3165 4730 conventus,
3209 4681 3276 4721 eo
3322 4668 3466 4737 quod

1879 4774 2070 4815 omnes
2096 4767 2360 4815 convocat
2385 4760 2453 4814 ad
2493 4773 2570 4813 se.
2611 4757 2891 4814 Catholica
2932 4765 3111 4812 autem
3145 4757 3378 4821 dicitur,
3413 4757 3465 4812 id

1878 4859 1984 4915 est,
2011 4850 2352 4912 universalis,
2379 4847 2506 4919 quia
2535 4849 2588 4902 in
2619 4856 2729 4902 toto
2756 4848 2959 4903 mundo
2985 4863 3090 4903 una
3120 4856 3202 4904 est
3223 4847 3464 4904 Ecclesia

1879 4940 2078 4996 Christi
2111 4956 2231 5012 quae
2255 4948 2308 4996 et
2335 4955 2531 5010 sponsa
2558 4947 2613 4993 et
2643 4953 2838 5009 corpus
2863 4937 2980 5008 ejus
3002 4946 3104 4994 est.

2053 5052 2180 5109 Car.
2221 5053 2284 5107 II.
2317 5083 2387 5092 —
2416 5052 2494 5107 De
2521 5052 2688 5106 tribus
2718 5052 2988 5107 ordinibus
3010 5031 3296 5108 Ecclesiae.

1953 5166 2058 5240 (Ib.
2091 5184 2138 5221 c.
2174 5167 2254 5240 2.)
2292 5166 2433 5223 Sunt
2489 5176 2668 5224 tamen
2714 5175 2826 5223 tres
2863 5168 3079 5224 ordines
3124 5167 3180 5222 in
3219 5165 3460 5221 Ecclesia

1881 5263 2338 5328 conversantium,
2382 5262 2435 5317 id
2483 5270 2596 5322 est,
2659 5261 2939 5328 laicorum,
2979 5261 3368 5317 monachorum
3407 5263 3465 5312 et

1881 5355 2227 5420 clericorum,
2259 5368 2488 5424 quorum
2518 5353 2743 5425 primus,
2772 5353 2825 5408 id
2846 5361 2946 5416 est,
2980 5352 3171 5416 laicus,
3201 5348 3335 5404 ordo
3359 5360 3461 5416 po-

1882 5446 2088 5517 pularis
2137 5445 2540 5515 interpretatur.
2593 5441 2732 5498 Laos
2777 5443 2919 5498 enim
2961 5441 3147 5498 Graece
3173 5478 3188 5504 ,
3228 5434 3463 5507 populus

1883 5537 2076 5593 Latine
2122 5536 2338 5593 dicitur.
2381 5532 2662 5591 Secundus
2699 5541 2785 5588 est
2827 5530 3178 5588 monachicus
3205 5567 3220 5593 ,
3268 5525 3321 5580 id
3371 5529 3458 5579 est

268 5677 292 5706 ο
326 5665 443 5740 Hoc
487 5671 801 5740 opusculum
839 5673 890 5728 in
954 5671 1138 5728 multis
1177 5672 1316 5728 idem
1356 5681 1439 5728 est
1477 5687 1600 5727 cum
1664 5669 1844 5728 libror
1885 5674 1950 5731 de
1998 5671 2337 5728 Institutione
2379 5669 2724 5736 clericorum,
2766 5667 2860 5725 sed
2905 5663 3130 5736 epistola
3177 5657 3458 5733 praemissa

188 5745 283 5791 est
308 5738 540 5795 diversa.

3884 4305 3897 4578 ᾗ

3869 4785 3894 5999 Ι
