3936 6328
423 285 560 340 1167

1022 284 1083 338 Β.
1122 281 1379 338 RABANI
1414 279 1635 340 MAURI
1668 281 1990 373 ARClllEP:
2035 282 2341 341 MOGUNT.
2383 283 2666 342 OPEBUM
2698 285 2880 343 PARS
2930 286 3017 343 Ill.

3544 288 3688 344 1168

419 401 769 474 singulariter
790 416 1137 467 conversaris,
1170 401 1275 458 hoc
1301 410 1402 469 est,
1433 415 1465 456 a
1500 399 1745 457 saeculari
1770 414 2003 456 conver-
2026 406 2076 465 Α
2104 406 2400 453 renovatur
2423 397 2480 453 in
2524 398 2858 471 agnitionem
2900 399 2995 454 Dei
3033 396 3170 472 (Col.
3214 414 3301 466 Ill,
3334 399 3416 471 9),
3460 418 3482 453 ι
3525 416 3697 470 quam

417 491 628 549 satione
652 500 912 547 remotus.
939 489 1135 547 Mones.
1157 491 1301 546 enim
1325 489 1512 546 Graece
1537 489 1882 562 singularitas
1913 489 1997 545 di-

416 583 581 647 citur,
608 588 667 637 et
690 581 988 637 monachus
1022 580 1312 650 singularis
1339 579 1424 636 vel
1462 580 1755 637 solitarius.
1781 579 1996 635 Tertius

414 682 501 730 est
544 674 678 730 ordo
708 672 994 728 clericalis.
1035 672 1219 728 Cleros
1254 660 1451 743 quippe
1497 671 1684 728 Graece
1729 686 1883 737 sors,
1912 672 1996 728 vel

413 762 704 817 haereditas
729 760 943 817 dicitur.
969 760 1155 817 Cieros
1182 769 1367 816 autem
1392 760 1477 818 vel
1501 761 1730 817 clericos
1752 761 1881 818 hinc
1901 777 1997 832 ap-

413 853 642 924 pellatos
672 852 930 909 Doctores
957 854 1131 909 nostri
1156 853 1363 919 dicunt,
1397 854 1524 923 quia
1561 852 1818 909 Matthias
1849 862 1996 910 sorte

413 947 620 1004 electus
655 953 777 1012 est,
802 936 960 1016 quem
989 945 1222 1015 primum
1254 946 1323 1001 ab
1365 945 1623 1014 aposto.is
1651 945 1880 1016 legimus
1911 959 1998 1000 or-

414 1038 678 1094 dinatum.
723 1034 816 1091 Sic
850 1044 905 1090 ct
933 1050 1026 1091 eos
1055 1049 1190 1106 quos
1219 1035 1324 1091 illis
1354 1036 1684 1107 temporibus
1720 1036 1993 1092 Ecclesia-

411 1143 535 1184 rum
563 1126 834 1198 principes
867 1126 1189 1182 ordinahant
1211 1166 1227 1190 ,
1265 1135 1412 1183 sorte
1453 1127 1723 1199 legebant.
1760 1127 1898 1182 Nam
1939 1135 1995 1183 et

412 1218 700 1275 hereditas
747 1216 934 1273 Graece
978 1216 1305 1274 cleronomia
1349 1218 1647 1288 appellatur
1668 1257 1685 1285 ,
1727 1225 1784 1274 et
1819 1219 1995 1274 haeres

411 1310 773 1366 cleronomus.
800 1308 1091 1379 PrOpterea
1136 1324 1265 1381 ergo
1298 1308 1429 1365 dicti
1460 1318 1588 1364 sunt
1621 1309 1829 1375 clerici,
1867 1309 1991 1378 quia

409 1402 480 1459 de
505 1409 655 1459 sorte
679 1408 809 1458 sunt
830 1401 1064 1467 Domini,
1088 1402 1173 1458 vel
1196 1401 1322 1469 quia
1344 1402 1630 1482 Dominum
1660 1411 1869 1473 partem
1898 1403 1995 1457 ha-

407 1496 559 1562 bent,
607 1494 748 1551 sicut
775 1495 841 1550 dc
874 1494 954 1549 eis
991 1494 1250 1564 scriptum
1276 1502 1390 1560 est,
1432 1493 1685 1564 loquente
1717 1492 1946 1549 Domino
1975 1510 1989 1546 :

406 1584 524 1658 Ego
550 1585 829 1641 hereditas
849 1601 1025 1639 eorum
1049 1583 1222 1657 (Psal.
1247 1601 1410 1642 xxxv:
1428 1626 1444 1653 ,
1470 1585 1578 1657 18).
1605 1585 1757 1641 Unde
1782 1599 1994 1656 oportet

406 1685 469 1732 ut
494 1675 587 1747 qui
617 1677 785 1732 Deum
811 1676 1129 1731 haereditate
1154 1675 1438 1746 possident
1467 1677 1670 1746 absque
1697 1675 1807 1733 ullo
1828 1677 1995 1746 impe-

405 1770 647 1827 dimento
675 1768 855 1825 seaculi
888 1769 998 1824 Deo
1029 1768 1233 1824 servire
1261 1768 1532 1835 studeant,
1572 1776 1634 1824 ut
1659 1783 1894 1839 congrue
1938 1767 2001 1823 il-

404 1861 495 1917 lud
524 1859 822 1916 Psalmistae
843 1860 1026 1915 dicere
1052 1859 1298 1930 possint:
1323 1859 1579 1914 Dominus
1606 1877 1726 1931 pars
1759 1859 1985 1915 heredi-

405 1950 528 2004 tatis
551 1965 680 2004 mea:
709 1946 883 2021 (Psal.
913 1962 1003 2013 xv,
1031 1946 1105 2019 5).
1137 1945 1243 2002 iste
1272 1956 1454 2002 autem
1475 1947 1607 2003 ordo
1630 1947 1755 2018 jure
1780 1962 1988 2019 praepo-

403 2040 553 2098 nitur
580 2041 634 2097 in
666 2040 929 2108 Ecclesia,
956 2042 1082 2111 quia
1111 2042 1162 2096 in
1199 2042 1403 2099 sanctis
1433 2044 1690 2110 deseruit,
1717 2050 1773 2099 et
1808 2058 1991 2099 sacra-

400 2140 586 2189 menta
605 2131 816 2204 populis
844 2132 1139 2204 dispensat.
1163 2131 1315 2189 Sicut
1338 2133 1483 2190 enim
1504 2134 1559 2190 iu
1590 2131 1772 2191 Veteri
1798 2134 1987 2190 Testa-

402 2234 610 2291 mento,
638 2224 812 2281 tribus
836 2208 966 2280 Levi
995 2240 1108 2296 prae
1130 2226 1345 2281 cmteris
1374 2224 1620 2283 tribubus
1648 2227 1990 2298 peculiariter

401 2332 434 2371 a
464 2316 694 2372 Domino
715 2315 886 2373 electa
917 2324 1021 2383 est,
1061 2316 1130 2372 ad
1171 2318 1511 2374 serviendum
1546 2318 1623 2373 illi
1654 2335 1753 2390 per
1778 2319 1989 2375 diversa

366 2424 371 2429 '
400 2407 579 2465 ollicia
615 2409 670 2464 in
702 2409 1053 2465 tabernaculo
1078 2428 1092 2465 :
1125 2410 1200 2466 ita
1238 2419 1292 2466 et
1318 2411 1552 2468 clericus
1583 2413 1718 2468 ordo
1744 2413 1992 2484 speciali-

401 2509 489 2555 ter
519 2500 679 2556 modo
710 2499 915 2556 electus
947 2508 1032 2555 est
1067 2502 1134 2556 ad
1163 2502 1577 2560 ministrandum
1612 2503 1723 2561 Deo
1765 2504 1820 2560 in
1861 2520 1991 2563 vero

401 2591 499 2647 Dei
532 2590 881 2647 tabernaculo
915 2592 1058 2662 quod
1104 2601 1187 2648 est
1227 2592 1468 2649 Ecclesia
1495 2609 1754 2665 praesens,
1794 2603 1849 2651 ut
1877 2610 1992 2651 ser-

400 2680 557 2735 viant
585 2678 636 2735 ei
675 2679 764 2735 die
801 2695 867 2736 ac
903 2689 1064 2737 nocte
1093 2681 1145 2736 in
1177 2681 1378 2753 templo
1423 2692 1612 2740 sancto
1633 2683 1770 2753 ejus,
1798 2694 1857 2741 ut
1884 2686 1993 2741 sint

399 2772 599 2844 populo
641 2773 695 2828 in
729 2772 816 2829 his
856 2788 977 2845 qua:
1020 2773 1089 2829 ad
1118 2772 1288 2829 Deum
1320 2774 1616 2845 pertinent,
1665 2784 1724 2831 ut
1763 2775 1992 2834 oﬁ'erant

400 2865 512 2920 Deo
534 2864 675 2920 dona
701 2871 759 2920 et
783 2863 1051 2920 sacriﬁcia
1079 2880 1180 2935 pro
1208 2880 1307 2920 sua
1327 2874 1381 2921 et
1410 2881 1509 2936 pro
1536 2868 1717 2938 populi
1741 2868 1993 2938 ignorau-

401 2954 499 3021 tia,
532 2962 595 3009 ut
614 2954 1031 3026 judicent'inter
1049 2953 1256 3024 justum
1279 2962 1335 3011 ct
1366 2955 1624 3028 injustum
1651 3000 1666 3026 ,
1707 2968 1763 3014 et
1790 2960 1993 3016 discer-

406 3051 544 3100 nant
580 3044 726 3103 inter
752 3053 1001 3102 sanctum
1027 3057 1083 3101 et
1108 3046 1421 3117 profanum,
1450 3048 1594 3103 inter
1637 3050 1895 3119 pollutum
1938 3060 1992 3107 et

2094 491 2501 546 renovationem
2532 490 2588 545 in
2617 500 2798 546 mente
2830 496 3045 562 oportet
3088 490 3240 556 ﬁeri,
3279 492 3377 548 sed
3414 492 3475 547 in
3514 493 3701 562 capite

2092 580 2472 644 demonstrari,
2512 581 2604 637 ubi
2633 581 2750 652 ipsa
2781 597 2936 637 mens
2966 582 3210 638 noscitur
3230 582 3510 639 habitare.
3535 582 3701 650 Quod

2092 686 2221 728 vero
2263 672 2488 730 detonso
2519 672 2770 743 superius
2793 673 2970 743 capite
3008 672 3236 728 inferius
3265 672 3459 729 circuli
3489 686 3699 729 corona

2092 760 2433 830 relinquitur,
2460 761 2826 818 sacerdotium
2854 777 3187 833 regnumque
3214 761 3481 819 Ecclesia:
3514 763 3571 816 in
3611 762 3695 818 eis

2091 853 2342 907 existimo
2372 853 2614 925 ﬁgurari.
2653 853 2853 909 Thiara
2884 855 3030 909 enim
3069 855 3213 925 apud
3239 865 3464 911 veteres
3490 856 3697 910 conati.

2094 944 2343 1000 tuebatur
2385 945 2441 1000 in
2485 946 2664 1016 capite
2704 947 3069 1012 sacerdotum,
3098 948 3218 1002 haec
3257 961 3327 1001 ex
3356 946 3529 1019 bysso
3556 961 3698 1000 con-

2092 1034 2232 1092 fecta
2260 1037 2487 1093 rotunda
2509 1046 2631 1094 erat
2649 1039 2805 1109 quasi
2834 1040 3047 1109 sphaera
3075 1039 3277 1105 media,
3304 1048 3364 1094 et
3394 1039 3504 1093 hoc
3528 1036 3702 1109 signi-

2093 1127 2286 1184 ﬁcatur
2322 1129 2377 1184 in
2404 1139 2561 1199 parte
2592 1130 2788 1200 capitis
2830 1139 3007 1187 tonsa.
3045 1130 3261 1187 Corona
3304 1140 3492 1186 autem
3524 1144 3699 1185 aurea

2091 1217 2317 1276 latitudo
2336 1231 2420 1277 est
2441 1222 2650 1287 circuli,
2682 1238 2803 1293 quae
2828 1238 3014 1294 regum
3045 1224 3225 1293 capita
3250 1224 3446 1294 cingit,
3478 1231 3700 1276 utrum-

2092 1323 2199 1378 que
2224 1310 2405 1381 itaque
2433 1311 2645 1384 signum
2679 1313 3003 1382 exprimitur
3032 1313 3087 1368 in
3116 1314 3295 1384 capite
3333 1313 3699 1376 clericorum,

2092 1408 2153 1455 ut
2194 1400 2484 1472 impleatur
2527 1403 2695 1458 etiam
2739 1402 2989 1474 corporis
3031 1404 3261 1473 quadam
3308 1402 3696 1466 similitudine,

2093 1490 2236 1560 quod
2268 1491 2531 1560 scriptum
2572 1500 2692 1559 est,
2731 1491 2896 1548 Petro
2931 1493 3174 1564 apostolo
3212 1493 3433 1549 dicente
3472 1510 3487 1546 :
3522 1511 3544 1543 ‹
3581 1490 3699 1547 Vos

2091 1566 2224 1639 estis
2242 1599 2412 1655 genus
2429 1584 2682 1651 electum,
2698 1585 2879 1656 regale
2899 1586 3262 1642 sacerdotium
3300 1584 3355 1657 (I
3380 1583 3503 1639 Pet.
3521 1600 3587 1650 ιι,
3612 1583 3693 1655 9).

2093 1671 2372 1740 Quaeritur
2396 1683 2579 1731 autem
2616 1691 2714 1732 cur
2748 1676 2891 1731 sicut
2929 1677 3069 1748 apud
3114 1677 3371 1746 antiquos
3395 1675 3694 1729 Nazarasna

2027 1760 2074 1821 B
2102 1780 2207 1820 non
2232 1773 2358 1820 ante
2386 1779 2539 1821 coma
2562 1765 2802 1819 nutritur
2820 1772 2876 1820 et
2898 1766 2978 1822 sic
3005 1766 3247 1821 tenditur
3277 1782 3293 1819 :
3324 1764 3421 1819 sed
3453 1764 3548 1834 qui
3576 1764 3695 1818 hac

2086 1857 2412 1928 exquirunt,
2455 1857 2741 1913 advertant
2778 1856 2909 1928 quid
2952 1857 3025 1913 sit
3066 1857 3210 1912 inter
3238 1856 3372 1911 illud
3401 1855 3691 1927 propheti~

2086 1962 2210 2003 cum
2255 1947 2617 2004 velamentum
2657 1956 2714 2003 et
2749 1949 2891 2004 hanc
2932 1949 3215 2020 Evangelii
3256 1948 3691 2015 revelationem,

2087 2037 2155 2092 de
2189 2051 2300 2107 qua
2338 2038 2471 2092 dicit
2508 2036 2802 2108 Apostolus
2835 2056 2848 2091 :
2887 2055 2908 2090 ι
2940 2037 3076 2097 Cum
3119 2038 3406 2095 transieris
3437 2037 3695 2094 adChri—

2087 2134 2255 2193 stum,
2297 2123 2543 2182 aufertur
2576 2127 2824 2183 velamen
2860 2126 2946 2198 (II
2983 2128 3107 2182 Cor.
3139 2144 3200 2184 ιιι
3224 2170 3241 2193 ,
3277 2127 3407 2201 16).
3462 2148 3485 2182 ι
3532 2127 3690 2197 Quod

2089 2224 2270 2272 autem
2292 2217 2634 2287 signiﬁcabat
2655 2218 2900 2274 velamen
2916 2218 3296 2290 interpositum
3317 2219 3471 2276 inter
3492 2219 3690 2275 faciem

2089 2306 2259 2378 Moysi
2285 2316 2343 2362 et
2370 2316 2649 2378 aspectum
2686 2296 2923 2365 ﬁliorum
2962 2309 3159 2377 Israel,
3194 2312 3299 2366 hoc
3341 2310 3692 2382 signiﬁcabat

2091 2396 2198 2451 illis
2231 2398 2562 2468 temporibus
2587 2414 2741 2454 coma
2782 2409 3119 2456 sanctorum.
3148 2400 3282 2456 Nam
3312 2411 3371 2457 et
3394 2401 3691 2472 Apostolm

2091 2508 2302 2550 comam
2336 2509 2436 2564 pro
2466 2494 2770 2551 velamento
2805 2512 2928 2552 esse
2970 2497 3119 2552 dicit.
3159 2497 3396 2554 Proinde
3428 2498 3555 2569 jam
3580 2513 3690 2553 non

2090 2592 2306 2655 oportet
2346 2594 2407 2639 ut
2442 2585 2688 2642 velentur
2720 2587 2964 2643 crinibus
2992 2588 3171 2659 capita
3209 2604 3400 2645 eorum
3443 2589 3542 2659 qui
3586 2589 3691 2645 Do-

2092 2677 2241 2732 mino
2270 2687 2677 2746 consecrantur,
2703 2680 2799 2735 sed
2831 2687 3044 2736 tantum
3072 2690 3133 2735 ut
3163 2680 3481 2736 revelentur
3509 2699 3526 2734 :
3560 2681 3689 2750 quia

2091 2769 2235 2842 quod
2264 2780 2381 2826 erat
2416 2772 2687 2827 occultum
2729 2773 2785 2828 in
2827 2780 3169 2829 sacramento
3195 2773 3541 2843 pmphetiaz,
3576 2772 3691 2842 jam

2092 2861 2147 2917 in
2178 2862 2469 2933 Evangelio
2506 2863 2836 2919 declaratum
2877 2871 2981 2918 est.
3029 2863 3170 2919 Sunt
3207 2880 3425 2934 quoque
3466 2865 3689 2935 quidam

2094 2953 2378 3010 doctorum
2416 2954 2508 3025 qui
2551 2963 2799 3010 asserunt
2834 2956 3076 3010 diversas
3116 2955 3188 3010 ob
3225 2970 3425 3009 causas
3462 2954 3689 3010 Petrum

2095 3043 2395 3114 apostolum
2435 3045 2581 3099 hunc
2610 3045 2770 3098 ritum
2799 3044 3034 3114 primum
3062 3045 3380 3114 sumpsisse,
3407 3043 3689 3114 primitus,

400 3139 662 3194 mundum
682 3179 697 3205 ,
730 3139 1069 3208 doceantque
1110 3114 1370 3208 populum
1408 3139 1504 3194 Dei
1541 3114 1722 3196 omnia
1756 3141 1993 3214 legitima
2020 3114 2157 3190 C'ut
2186 3134 2414 3191 formam
2434 3145 2490 3190 et
2509 3134 2913 3190 similitudinem
2934 3134 3136 3191 Christi
3165 3136 3218 3190 in
3246 3136 3428 3206 capite
3450 3143 3693 3207 gestaret

400 3227 537 3305 ejus,
564 3238 620 3286 et
645 3236 918 3303 praecepta
947 3243 1067 3299 qua:
1088 3228 1440 3283 mandaverat
1469 3229 1536 3284 ad
1566 3243 1678 3286 eos.

679 3365 810 3422 CAP.
839 3364 929 3421 111.
953 3395 1025 3407 σο-
1046 3364 1124 3420 De
1146 3374 1367 3421 tonsura
1395 3366 1722 3425 clericorum.

2095 3228 2222 3283 dum
2253 3242 2352 3297 pro
2378 3227 2748 3297 redemptione
2777 3237 2961 3284 nostra
3003 3228 3182 3284 crucis
3209 3228 3525 3300 patibulum
3550 3228 3691 3285 subi.

2094 3326 2248 3373 turus
2292 3332 2322 3372 a
2362 3316 2591 3373 nefanda
2629 3315 2937 3373 Iudaeorum
2986 3326 3143 3390 gente
3180 3317 3358 3373 acutis
3406 3318 3690 3389 spinarum

2093 3411 2295 3466 aculeis
2329 3410 2620 3466 crudeliter
2652 3420 3030 3467 coronaretur.
3072 3410 3301 3477 Deinde,
3335 3419 3400 3465 ut
3440 3411 3695 3467 sacerdo-

472 3495 583 3567 (Ib.
605 3493 760 3567 0.5.)
799 3493 1057 3550 Tonsurm
1090 3495 1471 3555 ecclesiasticae
1490 3514 1622 3557 usus
1650 3515 1682 3556 a
1720 3499 1995 3559 Nazarscis
2096 3513 2176 3559 tes
2206 3501 2418 3557 Veteris
2458 3511 2513 3557 et
2538 3501 2671 3557 Novi
2703 3500 3031 3557 Testamenti
3065 3501 3118 3557 in
3160 3510 3385 3557 tonsura
3418 3511 3479 3558 et
3506 3502 3690 3556 habita

404 3587 536 3658 (nisi
576 3584 755 3657 fallor)
797 3594 1021 3642 exortus
1067 3594 1171 3653 est,
1213 3589 1307 3658 qui
1354 3590 1503 3661 prius
1549 3592 1704 3648 crine
1754 3604 1990 3663 servato,
2092 3595 2554 3652 discernerentur.
2581 3594 2865 3651 Postremo
2904 3603 2960 3649 ut
2990 3594 3133 3650 idem
3174 3594 3461 3664 apostolus
3502 3594 3692 3664 suique

404 3678 583 3735 denuo
602 3684 725 3748 post
746 3678 870 3734 vita:
892 3693 1100 3750 magnae
1121 3680 1509 3738 continentiam
1535 3682 1819 3741 devotione
1846 3701 1988 3741 com-
2093 3701 2439 3757 successores
2502 3694 2558 3741 et
2610 3686 2928 3756 sequipedes
2966 3684 3315 3741 ridiculosum
3367 3695 3689 3756 gannatora:

402 3770 549 3842 pleta
575 3777 737 3841 caput
763 3770 1027 3826 radebant
1049 3779 1106 3825 et
1134 3771 1359 3842 capillos
1388 3774 1442 3828 in
1469 3774 1592 3845 igne
1619 3776 1870 3834 sacriﬁcii
1900 3792 1994 3849 po-
2091 3776 2383 3833 ludihrium
2421 3777 2474 3832 in
2521 3777 2718 3848 populo
2773 3777 3017 3833 Romano
3068 3785 3391 3847 portarent,
3446 3777 3580 3847 quia
3636 3784 3691 3831 et

401 3861 903 3933 nerejubebantur,
942 3862 1152 3918 scilicet
1184 3871 1246 3918 ut
1270 3864 1661 3935 perfectionem
1693 3869 1993 3925 devotionis
2093 3885 2277 3926 eorum
2331 3871 2563 3925 barones
2615 3877 2670 3925 et
2713 3868 2901 3924 hostes
2940 3869 3212 3925 exercitus
3257 3880 3551 3939 superatos
3593 3867 3687 3923 sub

290 3988 299 3997 κ
402 3968 518 4009 suae
545 3952 773 4009 Domino
796 3960 1202 4008 consecrarent.
1234 3953 1437 4009 Horum
1461 3957 1742 4027 exemplis,
1768 3972 1898 4013 usus
1924 3959 1992 4013 ab
2090 3977 2290 4018 corona
2314 3962 2549 4017 vendere
2587 3961 2852 4017 solebant.
2892 3952 2998 4016 Sed
3040 3961 3108 4016 de
3142 3960 3228 4016 his
3254 3961 3389 4031 quid
3429 3960 3689 4031 suscipiat

403 4040 664 4117 apostolis
698 4042 1039 4098 introductus
1072 4050 1176 4110 est,
1207 4052 1268 4098 ut
1288 4044 1345 4099 lii
1388 4045 1478 4115 qui
1508 4046 1564 4101 in
1594 4046 1793 4103 divinis
1831 4048 1992 4103 culti-
2092 4049 2314 4108 lectoris
2330 4050 2539 4122 judicio
2564 4050 3008 4120 derelinquimus.

402 4134 509 4191 bus
531 4133 821 4204 mancipati
844 4132 1072 4189 Domino
1097 4144 1510 4204 consecrantur,
1542 4138 1699 4207 quasi
1727 4138 1988 4207 Nazaraai,

384 4221 462 4287 _id
503 4228 606 4289 est,
652 4221 824 4277 sancti
868 4221 984 4287 Dei,
1032 4221 1184 4276 crine
1229 4225 1457 4293 prmciso
1496 4225 1842 4282 innoventur.
1880 4227 1995 4282 Hoc

405 4317 603 4389 quippe
624 4314 894 4371 Ezechieli
914 4315 1196 4387 prophetas
1214 4316 1458 4387 juhetor,
1482 4318 1696 4374 dicente
1720 4318 1989 4376 Domino:

411 4428 433 4463 ‹
469 4410 573 4476 Τιι,
618 4407 693 4463 ﬁli
732 4407 966 4463 hominis
992 4446 1009 4473 ,
1055 4408 1212 4462 sume
1252 4407 1346 4462 tibi
1398 4408 1635 4479 gladium
1679 4419 1897 4465 acutum
1937 4418 1993 4466 et
2022 4468 2064 4481 κ
2093 4411 2174 4466 sia
2200 4419 2326 4467 sunt
2346 4451 2361 4476 ,
2392 4418 2607 4481 oportet
2635 4410 2873 4481 primum
2903 4416 2963 4463 ut
2990 4407 3151 4476 hujus
3177 4407 3359 4476 operis
3389 4421 3578 4461 sermo
3600 4420 3687 4459 ex-

407 4468 573 4558 duoes
591 4514 689 4570 per
710 4505 872 4569 caput
896 4468 1047 4552 tuum
1072 4504 1127 4550 et
1151 4498 1374 4552 barbam
1397 4468 1684 4568 (Ezechw,
1705 4498 1779 4572 1),
1805 4520 1825 4552 ι
1847 4501 1993 4556 vide-
2022 4468 2068 4527 θ
2094 4508 2260 4572 ponat
2285 4468 2450 4573 atque
2476 4468 2718 4556 declaret
2748 4500 2915 4556 ritum
2955 4468 3347 4556 sacerdotalem
3390 4520 3404 4549 ;
3437 4496 3570 4565 quia
3597 4510 3690 4565 per

406 4592 538 4649 licet
556 4590 684 4662 quia
711 4597 767 4645 et
791 4588 904 4658 ipse
932 4595 988 4644 et
1009 4587 1331 4643 sacerdotali
1360 4603 1556 4658 genere
1585 4589 1697 4646 Deo
1727 4590 1783 4643 in
1806 4589 1994 4647 minis-
2093 4592 2401 4648 sacerdotes
2424 4590 2627 4647 Christi
2656 4590 3020 4645 ministerium
3060 4588 3501 4644 ecclesiasticum
3535 4588 3687 4641 debet

409 4684 550 4745 terio
590 4679 1032 4737 sanctiﬁcationis
1064 4678 1421 4736 deserviebat.
1468 4680 1583 4737 Hoc
1617 4691 1674 4736 et
1706 4680 1994 4738 Nazarmos
2091 4682 2372 4747 ordinari,
2416 4688 2578 4751 atque
2610 4681 2721 4736 Deo
2749 4679 3035 4748 adiuvante
3071 4677 3278 4749 perﬁci.
3325 4677 3471 4732 Sunt
3512 4686 3688 4731 autem

410 4769 862 4830 illos'Priscillam
899 4779 956 4826 et
985 4769 1237 4843 Aquilam
1275 4771 1330 4825 in
1354 4770 1583 4827 Actibus
1618 4773 1989 4844 apostolorum
2094 4780 2454 4837 sacramenta,
2498 4770 2798 4840 baptismus
2830 4778 2886 4825 et
2923 4768 3181 4833 chrisma,
3226 4781 3429 4836 corpus
3470 4776 3530 4821 et
3570 4780 3693 4820 san-

409 4867 617 4938 primos
645 4863 836 4919 fecisse
878 4863 1129 4935 legimus,
1164 4862 1391 4918 Paulum
1430 4877 1646 4934 quoque
1685 4864 1989 4934 apostolum
2093 4863 2233 4935 guis,
2262 4878 2385 4932 quae
2421 4861 2491 4916 ob
2518 4861 2574 4916 id
2604 4867 2947 4916 sacramenta
2983 4858 3258 4922 dicuntur,
3290 4857 3425 4927 quia
3456 4856 3566 4912 sub
3610 4864 3690 4910 te-

410 4967 469 5014 et
503 4955 770 5028 quosdam
799 4955 1183 5026 discipulorum
1221 4954 1421 5012 Christi
1444 4995 1460 5021 ,
1508 4955 1600 5025 qui
1646 4955 1700 5010 in
1749 4954 1998 5026 hujusce-
2099 4963 2357 5025 gumento
2393 4953 2759 5025 corporalium
2795 4966 2974 5007 rerum
3002 4951 3175 5005 virtus
3208 4949 3389 5004 divina
3429 4949 3690 5004 secretius

2321 4185 2450 4243 Car.
2480 4187 2568 4243 IV.
2598 4216 2667 4228 -
2694 4186 2773 4242 De
2803 4193 3148 4241 sacramentis
3176 4182 3454 4239 Ecclesia.

2162 4319 2328 4390 (Ibid.
2364 4336 2413 4373 c.
2435 4318 2550 4391 21.)
2581 4318 2659 4374 1)ε
2684 4316 3044 4374 sacramentis
3071 4322 3253 4372 autem
3282 4329 3408 4385 qua:
3428 4314 3486 4368 in
3513 4313 3690 4369 Eccle-

411 5047 559 5105 modi
587 5046 734 5102 cultu
770 5046 1018 5101 imitandi
1052 5046 1397 5101 exstiterunt.
1430 5045 1526 5100 Est
1551 5053 1732 5100 autem
1755 5046 1811 5101 in
1840 5046 1999 5103 cleri-

413 5141 495 5197 cis
540 5148 760 5195 tonsora
809 5138 1018 5208 signum
1045 5137 1314 5207 quoddam
1341 5136 1485 5206 quod
1528 5136 1585 5191 in
1615 5134 1800 5208 [Forte
1823 5138 1996 5209 suppl.

414 5228 665 5303 corpore]
688 5228 972 5300 ﬁguratur,
1018 5228 1114 5284 sed
1144 5227 1200 5282 in
1233 5228 1415 5282 animo
1456 5227 1649 5298 agitur.
1694 5226 1915 5284 Scilicet
1941 5237 2001 5285 ut

416 5321 523 5377 hoc
552 5336 705 5393 signo
727 5320 783 5376 in
814 5317 1073 5389 religione
1086 5317 1219 5374 vitia
1238 5328 1572 5386 resecentur,
1599 5327 1656 5377 et
1682 5320 1999 5377 criminibus

418 5413 604 5473 carnis
635 5421 837 5470 nostrae
866 5411 1023 5482 quasi
1050 5412 1291 5467 crinibus
1354 5427 1637 5482 exuamur,
1682 5423 1845 5487 atque
1874 5416 2002 5471 inde

420 5504 692 5561 innovatis
748 5504 999 5560 sensibus
1050 5508 1110 5557 ut
1148 5503 1319 5558 comis
1346 5503 1573 5559 rudibus
1615 5506 1996 5575 enitescamus,

426 5615 447 5649 ι
480 5594 849 5667 exspoliantes
893 5608 1015 5660 nos,
1058 5612 1079 5646 ι
1117 5590 1276 5662 juxta
1306 5593 1658 5664 Apostolum,
1700 5614 1719 5647 ι
1760 5604 2000 5652 veterem
2050 5636 2055 5639 Α

424 5687 700 5747 hominem
735 5698 858 5741 cum
899 5682 1108 5741 actibus
1133 5682 1272 5755 ejus,
1299 5691 1356 5742 et
1378 5684 1664 5767 induentes
1686 5700 1882 5743 novum
1907 5687 1998 5757 qui

2099 5048 2326 5104 salutem
2363 5047 2675 5104 eorumdem
2698 5053 3157 5101 sacramentorum
3191 5052 3472 5115 operatur.
3502 5042 3691 5097 Narnia

2099 5139 2328 5196 secretis
2361 5137 2654 5193 virtutibus
2690 5137 2774 5193 vel
2818 5137 2991 5192 sacris
3027 5149 3368 5192 sacramenta
3414 5134 3689 5193 dicumor,

2098 5246 2221 5303 quae
2241 5231 2361 5286 ideo
2385 5229 2659 5285 fructuose
2683 5244 2851 5299 penes
2875 5228 3174 5283 Ecclesiam
3211 5226 3367 5307 ﬁunt,
3397 5227 3529 5296 quia
3573 5242 3693 5280 san-

2100 5331 2218 5377 ctus
2248 5320 2301 5375 in
2321 5334 2385 5375 ea
2414 5334 2641 5375 manens
2671 5319 2924 5389 spiritus,
2947 5316 3197 5374 eumdem
3222 5326 3691 5372 sacramentorum

2100 5416 2333 5470 latenter
2358 5420 2617 5483 operatur
2641 5410 2911 5467 eﬁ‘ectum.
2944 5410 3098 5466 Unde
3134 5425 3229 5464 seu
3264 5425 3364 5478 per
3387 5410 3566 5463 bonos
3599 5422 3691 5461 seu

2099 5522 2198 5577 per
2229 5520 2400 5561 malos
2430 5504 2706 5561 ministros
2743 5503 2885 5557 intra
2920 5501 3221 5556 Ecclesiam
3250 5500 3346 5556 Dei
3376 5500 3695 5568 dispensen-

2102 5604 2210 5662 tur,
2234 5610 2336 5650 nec
2358 5599 2624 5669 bonorum
2650 5591 2861 5648 meritis
2886 5591 3321 5663 dispensatorum
3359 5585 3693 5658 ampliﬁcan-

2095 5695 2191 5752 tur
2219 5687 2335 5743 haec
2354 5685 2517 5752 dona,
2549 5698 2651 5742 nec
2670 5682 2937 5740 malorum
2960 5689 3319 5739 attenuantur
3344 5697 3357 5734 :
3386 5677 3523 5746 Quia
3549 5695 3571 5727 ι
3603 5687 3689 5730 ne-
