3936 6328
220 400 351 461 1169

1219 393 1420 449 LIBER
1462 392 1551 449 nn
1591 388 1840 449 SACRIS
1875 388 2264 459 onnmlnvs,
2305 391 2461 450 me.
2496 346 2507 353 ’

3340 397 3476 453 1170

215 514 318 573 (lue
343 511 434 582 qui
467 508 677 582 plantat
704 516 788 564 est
815 506 1019 579 aliquid
1052 521 1227 578 neque
1261 508 1353 579 qui
1389 508 1549 577 rigat,
1581 506 1673 562 sed
1697 504 1791 577 qui
1817 508 1870 568 Α
1894 512 2051 574 teste,
2083 506 2235 578 prius
2261 508 2375 579 ipse
2408 505 2563 565 Jesus
2582 508 2712 566 caeci
2739 507 2851 565 nati
2874 508 3061 566 oculos
3087 509 3203 566 luto
3222 524 3292 566 ex
3317 518 3475 583 sputo

215 601 603 659 incrementum
643 600 735 656 dat
783 598 923 655 Deus
967 598 1021 672 (Ι
1048 596 1172 653 Cor.
1204 615 1264 654 ιιι
1291 639 1306 664 ,
1351 597 1429 670 7).
1482 617 1501 651 ι
1548 597 1698 654 Unde
1738 603 1795 653 et

215 690 398 747 Graece
436 689 752 761 mysterium
784 689 981 744 dicitur
1004 687 1150 760 quod
1178 695 1444 744 secretam
1469 694 1522 743 et
1550 684 1794 743 recondi-

217 790 322 835 tam
350 779 546 835 habeat
573 777 983 848 repositionem.

425 909 554 966 Car.
578 908 645 964 ν.
675 939 746 953 --
767 908 847 964 De
873 907 1200 979 baptismatis
1227 916 1573 964 sacramento.

281 1041 444 1114 (Ibid.
473 1058 521 1096 ε.
548 1041 663 1112 23.)
702 1039 943 1094 Primum
986 1047 1167 1095 autem
1213 1047 1676 1094 sacramentorum
1709 1046 1794 1094 est

214 1135 531 1205 baptismus,
558 1133 685 1204 quia
716 1141 1005 1202 antequam
1038 1139 1227 1187 sancto
1249 1130 1538 1186 chrismate
1563 1136 1795 1201 ungatur

213 1224 430 1294 aliquis,
475 1233 536 1279 ut
580 1223 824 1294 corporis
853 1232 909 1278 et
954 1222 1234 1292 sanguinis
1274 1220 1471 1277 Christi
1524 1221 1795 1293 particeps

209 1317 420 1377 existat,
451 1330 607 1372 saera
632 1314 1046 1386 regeneratione
1071 1313 1290 1385 purgari
1311 1314 1492 1378 debet,
1515 1328 1581 1368 ac
1601 1311 1795 1370 deinde

209 1406 275 1461 ad
296 1414 489 1461 caetera
505 1405 607 1461 rite
630 1404 907 1462 accedere.
934 1404 1237 1474 Baptismus
1255 1402 1465 1468 Graece,
1489 1403 1679 1459 Latine
1696 1403 1795 1464 tiu.

207 1495 730 1566 ctiointerpretatur,
752 1508 871 1564 quae
882 1508 991 1549 non
1017 1502 1226 1549 tantum
1248 1494 1318 1550 ob
1337 1493 1439 1550 hoc
1460 1495 1603 1563 quod
1632 1494 1793 1550 homo

209 1586 264 1642 in
287 1600 484 1656 aquam
521 1585 786 1653 mergitur
827 1584 1019 1640 tinctio
1057 1584 1288 1650 dicitur,
1316 1583 1411 1639 sed
1446 1583 1572 1653 quia
1598 1584 1791 1654 spiritu

207 1675 393 1748 gratia:
412 1674 486 1730 ibi
509 1674 562 1729 in
586 1675 780 1732 melius
795 1675 1131 1742 immntatur,
1157 1686 1212 1733 et
1240 1675 1400 1742 longe
1443 1676 1591 1731 aliud
1628 1691 1793 1748 quam

206 1775 325 1824 erat
343 1765 591 1821 efﬁcitur.
612 1765 854 1822 Primum
880 1767 1126 1823 homines
1146 1766 1275 1822 foedi
1305 1781 1522 1823 eramus
1543 1766 1795 1824 deformi-

1878 594 2039 671 facto
2077 597 2436 668 superlinivit,
2457 607 2513 655 et
2536 600 2616 656 sic
2639 600 2709 656 ad
2745 615 2914 671 aquas
2945 598 3091 657 Siloe
3124 599 3312 666 misit,
3344 600 3472 671 quia

1889 685 2043 756 prius
2093 686 2251 743 debet
2301 689 2658 759 baptizandus
2698 689 2804 746 ﬁde
2859 689 3246 746 incarnationis
3271 689 3475 746 Christi

1892 776 2129 842 instrui,
2157 786 2216 832 et
2251 777 2330 834 sic
2365 779 2435 833 ad
2460 779 2785 850 baptismum
2806 779 2918 851 jam
2958 778 3213 836 credulus
3239 777 3471 844 admitti,

1892 873 1954 920 ut
1980 865 2121 921 sciat
2145 864 2296 935 cujus
2323 867 2512 938 gratia:
2538 868 2594 925 in
2621 884 2688 927 eo
2711 882 2796 927 est
2817 870 3092 941 particeps
3115 911 3132 937 ,
3172 876 3227 923 et
3251 885 3336 926 cut
3358 868 3474 940 jam

1892 954 2107 1011 debitor
2137 954 2231 1012 ﬁat
2254 958 2526 1030 deinceps.

2246 1093 2372 1150 Car.
2403 1095 2490 1151 Vl.
2519 1126 2589 1137 —
2611 1094 2691 1151 De
2711 1095 3110 1151 catechumenis.

1965 1228 2071 1298 (Ib.
2102 1229 2288 1303 (λεδ.)
2333 1229 2765 1289 Catechumenus
2807 1242 2985 1289 autem
3028 1232 3229 1289 dicitur
3266 1247 3369 1304 pro
3405 1247 3472 1290 eo

1894 1319 2039 1389 quod
2077 1319 2250 1376 adhuc
2293 1321 2593 1377 doctrinam
2637 1322 2762 1378 ﬁdei
2798 1322 2966 1388 audit,
2991 1337 3092 1379 nec
3132 1331 3314 1379 tamen
3339 1323 3472 1395 bap-

1896 1410 2113 1466 tismum
2156 1413 2381 1482 recepit.
2414 1412 2548 1468 Nam
2578 1415 2994 1470 catechumenus
3022 1413 3241 1482 Graece,
3281 1413 3473 1470 Latine

1895 1502 2110 1559 auditor
2131 1502 2535 1573 interpretatur,
2559 1513 2665 1561 etc.
2683 1546 2699 1572 ,
2724 1522 2886 1577 usque
2913 1504 2983 1561 ad
3007 1506 3165 1575 ﬁnem
3193 1505 3403 1576 capitis.

2140 1645 2269 1702 Car.
2292 1646 2403 1703 VII.
2427 1678 2498 1688 —
2516 1645 2594 1704 De
2621 1649 2979 1705 catechizandi
3019 1650 3222 1704 ordine.

1966 1776 2076 1851 (Ib.
2106 1795 2153 1834 c.
2184 1777 2298 1852 27.)
2325 1777 2707 1836 Catechizandi
2743 1780 2889 1836 enim
2923 1780 3056 1836 ordo
3083 1779 3175 1836 hic
3205 1786 3319 1846 est,
3354 1780 3470 1852 pri-

204 1867 314 1914 tate
336 1867 701 1929 peccatorum,
718 1859 772 1914 in
794 1860 908 1929 ipsa
941 1860 1202 1916 tinctione
1219 1861 1431 1930 pulchri
1453 1860 1792 1918 dealbatione
1818 1881 1869 1944 B
1897 1884 2046 1925 mum
2074 1868 2440 1941 interrogatur
2462 1884 2699 1941 paganus
2723 1869 2769 1926 si
2788 1868 3133 1925 abrenuntiat
3162 1866 3395 1935 diabolo,
3415 1875 3473 1925 et

204 1951 483 2006 virtutum.
522 1948 675 2005 Unde
696 1958 750 2006 et
774 1951 828 2006 in
855 1950 1097 2008 Canticis
1120 1953 1464 2010 canticorum
1488 1955 1790 2012 scribitur:

206 2061 230 2095 4
262 2041 392 2109 Quae
416 2050 503 2098 est
524 2043 627 2097 ista
654 2057 774 2112 qua:
801 2043 1043 2099 ascendit
1072 2044 1228 2114 quasi
1249 2045 1492 2101 dealbata
1515 2044 1692 2117 (Cant.
1707 2063 1795 2115 ut,

202 2134 279 2207 6).
293 2155 312 2188 ι
326 2132 495 2204 Cujus
519 2134 833 2205 mysterium
849 2148 957 2190 non
982 2133 1141 2190 aliter
1159 2133 1267 2189 nisi
1292 2135 1393 2192 sub
1406 2134 1689 2193 Trinitatis
1707 2138 1796 2195 de.

201 2225 526 2295 signatione,
565 2224 618 2279 id
650 2233 737 2281 est
759 2265 776 2293 ,
807 2223 985 2280 Patris
1020 2233 1076 2280 et
1112 2224 1232 2280 Filii
1260 2233 1316 2280 et
1347 2223 1581 2297 Spiritus
1615 2231 1790 2287 sancti

201 2316 508 2386 cognitione
527 2316 846 2387 completur,
878 2316 1099 2373 dicente
1118 2315 1349 2373 Domino
1377 2317 1446 2373 ad
1481 2320 1785 2391 apostolos:

208 2423 231 2457 s
262 2405 361 2471 lte,
379 2405 568 2462 docete
587 2421 776 2461 omnes
798 2414 987 2477 gentes
1013 2406 1351 2477 baptizantes
1371 2422 1465 2463 eas
1495 2409 1550 2462 in
1571 2411 1788 2466 nomine

200 2495 400 2563 Patris,
415 2505 469 2552 et
490 2497 630 2562 Filii,
649 2506 705 2554 et
726 2495 962 2568 Spiritus
983 2496 1155 2553 sancti
1169 2495 1384 2569 (Matth.
1412 2514 1602 2565 nvm,
1628 2501 1736 2570 19).
1761 2522 1781 2554 ι

201 2586 354 2644 Sicut
381 2589 526 2643 enim
553 2588 606 2643 in
634 2589 805 2644 tribus
829 2588 1060 2645 testibus
1087 2596 1197 2644 stat
1223 2603 1386 2645 omne
1428 2590 1676 2657 verbum,
1708 2591 1784 2648 ita

196 2689 603 2736 sacramentum
626 2680 913 2736 continuat
934 2680 1204 2736 ternarius
1228 2695 1488 2739 numerus
1504 2670 1782 2741 nominum

197 2769 525 2829 divinorum.
551 2769 706 2836 Quod
732 2778 913 2826 autem
941 2786 1037 2841 per
1058 2784 1257 2839 aquam
1278 2768 1578 2841 baptismus
1600 2773 1778 2843 datur,

197 2860 318 2918 haec
344 2860 482 2916 ratio
510 2869 595 2916 est
619 2875 636 2914 :
665 2860 835 2917 voluit
858 2861 1001 2916 enim
1028 2859 1290 2916 Dominus
1325 2868 1384 2916 ut
1412 2876 1498 2919 res
1519 2863 1609 2919 illa
1640 2864 1782 2920 invi-

196 2951 373 3009 sibilis
407 2967 505 3023 per
543 2951 950 3022 congruentiam
991 2960 1046 3009 et
1086 2952 1389 3024 profectum
1417 2954 1781 3012 incontrecta—

194 3044 308 3103 bile
332 3051 388 3100 et
422 3040 688 3099 invisibile
721 3042 1125 3115 impenderetur
1162 3043 1487 3101 elementum
1521 3058 1570 3113 ι,
1614 3060 1779 3116 super

195 3136 345 3209 quod
372 3137 537 3192 etiam
577 3135 633 3191 in
664 3135 929 3207 principio
963 3134 1238 3192 ferebatur
1272 3136 1503 3209 Spiritus
1534 3148 1773 3195 sanctus.

1897 1961 2148 2017 omnibus
2188 1960 2461 2017 damnosis
2500 1958 2619 2028 ejus
2658 1960 2930 2031 operibus,
2971 1968 3133 2030 atque
3173 1957 3469 2022 fallacibus,

1896 2059 2027 2119 etc.,
2055 2068 2220 2123 usque
2241 2051 2310 2105 ad
2343 2051 2502 2120 ﬁnem
2526 2050 2732 2123 capitis.

1893 2206 2022 2265 Car.
2056 2205 2187 2263 VIII.
2207 2236 2277 2248 —
2303 2205 2436 2274 ch
2460 2207 2529 2262 sit
2551 2205 2909 2331 iiuo‘rpretatio
2938 2202 3158 2276 symboli
3184 2204 3471 2259 secundum
3506 2200 3510 2204 ’

2609 2295 2640 2331 a
2666 2292 2803 2331 mos.

2609 2292 2660 2332 at
2666 2292 2803 2331 11108.

1959 2407 2127 2479 igitur
2159 2405 2460 2478 symbolum
2503 2405 2698 2462 Latine
2738 2404 2996 2462 indicium
3020 2404 3106 2461 vel
3140 2403 3351 2476 signum
3385 2402 3472 2458 vel

1886 2498 2103 2556 collatio
2128 2497 2535 2567 interpretatur,
2567 2495 2828 2551 indicium
2855 2495 2981 2567 quia
3001 2508 3101 2566 per
3123 2493 3176 2549 td
3203 2493 3473 2551 indicatur

1885 2591 2010 2647 ﬁdei
2036 2590 2341 2661 integritas,
2373 2590 2587 2659 signum
2616 2589 2759 2660 quod
2786 2604 2852 2645 eo
2886 2589 3027 2663 bene
3054 2595 3270 2646 retento
3297 2594 3355 2643 et
3389 2585 3471 2641 in-

1885 2682 2120 2749 tellecto,
2151 2682 2336 2739 ﬁdeles
2364 2683 2431 2737 ab
2460 2680 2769 2737 inﬁdelibus
2797 2680 3202 2747 discernuntur,
3230 2678 3469 2744 collatio,

1882 2775 2007 2845 quia
2040 2774 2096 2829 in
2119 2789 2187 2829 eo
2228 2772 2455 2844 apostoli
2484 2787 2701 2828 omnem
2739 2771 2865 2828 ﬁdei
2891 2771 3254 2842 integritatem
3280 2776 3472 2826 contu-

1881 2864 2078 2921 lerunt.
2118 2863 2271 2932 Quod
2299 2877 2488 2918 omnes
2511 2866 2630 2934 pari
2652 2861 3115 2941 ﬁdeiginceritate
3147 2861 3312 2917 corde
3340 2860 3473 2916 reti—

1880 2957 2101 3022 nebant,
2129 2970 2225 3011 ore
2249 2953 2484 3010 confessi
2508 2960 2656 3020 sunt,
2680 2961 2736 3009 et
2753 2952 2953 3024 singuli
2978 2951 3229 3024 proprias
3252 2958 3470 3007 senten-

1879 3051 1987 3107 tias
2028 3046 2371 3105 conferentes
2396 3087 2414 3113 ,
2466 3044 2767 3118 symbolum
2793 3085 2810 3111 ,
2862 3045 2917 3100 id
2958 3052 3079 3111 est,
3133 3045 3300 3100 totius
3342 3041 3467 3099 ﬁdei

1878 3139 2221 3198 collationem
2266 3138 2571 3195 ediderunt.
2608 3136 2911 3193 Discessuri
2953 3135 3098 3193 enim
3133 3135 3203 3193 ab
3232 3134 3466 3192 invicem

194 3227 336 3283 Nam
366 3228 506 3285 sicut
531 3228 708 3284 oleum
740 3228 972 3283 naturali
1001 3234 1239 3299 pondere
1270 3230 1605 3300 superfertur
1632 3228 1780 3287 omni
1808 3230 1851 3293 C
1882 3246 2127 3288 normam
2171 3228 2365 3285 futurae
2395 3228 2798 3301 praedicationis
2826 3228 2879 3282 in
2926 3214 3233 3284 commune,
3258 3212 3466 3282 statue-

194 3319 398 3391 liquori
454 3338 469 3375 :
518 3319 595 3375 ita
649 3319 704 3375 in
746 3320 1012 3392 principio
1062 3322 1500 3393 superferebatur
1550 3322 1784 3395 Spiritus

192 3417 420 3467 sanctus
446 3410 626 3483 aquis.
670 3409 823 3466 Sicut
867 3426 1008 3481 aqua
1046 3421 1237 3483 purgat
1279 3413 1520 3469 exterius
1562 3428 1782 3485 corpus,

192 3504 275 3560 ita
306 3504 537 3560 latenter
561 3504 678 3575 ejus
706 3505 965 3576 mysterio
993 3520 1091 3575 per
1127 3505 1387 3576 Spiritum
1410 3514 1654 3562 sanctum
1678 3522 1783 3578 pu-

193 3595 446 3652 riﬁcatur
470 3604 527 3651 et
556 3596 791 3661 animus,
820 3595 973 3667 cujus
1000 3597 1356 3659 sanctiﬁcatio
1385 3598 1461 3654 ita
1498 3606 1600 3655 est.
1625 3598 1782 3656 Invo-

189 3694 330 3743 cato
365 3685 511 3740 enim
551 3685 661 3741 Deo
690 3686 965 3741 descendit
990 3685 1225 3757 Spiritus
1252 3697 1470 3745 sanctus
1512 3689 1580 3745 de
1608 3689 1778 3755 caelis,

187 3787 254 3835 et
286 3778 570 3834 medicatis
597 3779 751 3848 aquis
789 3777 1091 3833 sanctiﬁcat
1135 3793 1229 3836 eas
1269 3780 1337 3835 de
1374 3780 1664 3851 semetipso
1685 3820 1701 3846 ,
1728 3790 1785 3837 et

191 3869 482 3940 accipiunt
504 3870 613 3925 vim
651 3869 987 3942 purgationis
1012 3910 1028 3935 ,
1073 3878 1136 3926 ut
1168 3870 1220 3925 in
1263 3870 1344 3926 eis
1367 3885 1495 3926 caro
1521 3879 1577 3925 et
1602 3870 1783 3925 anima

195 3959 416 4015 delictis
452 3959 733 4030 inquinata
762 3960 1083 4026 mundetur,
1114 3968 1405 4039 utrumque
1432 3960 1575 4016 enim
1610 3960 1785 4031 bapti-

196 4049 378 4106 zando
420 4064 645 4106 necesse
681 4059 767 4106 est
803 4050 1069 4118 adhiberi,
1117 4059 1174 4105 et
1206 4051 1457 4122 baptismi
1487 4052 1781 4120 lavacrum,

188 4152 254 4198 et
281 4141 518 4212 Spiritus
546 4143 718 4199 sancti
742 4143 1011 4215 purgatio,
1039 4143 1164 4213 quia
1191 4142 1268 4197 ait
1296 4141 1543 4200 Salvator
1569 4160 1583 4198 :
1620 4161 1639 4196 ε
1669 4142 1782 4200 Nisi

190 4235 328 4306 quis
352 4244 571 4291 renatus
590 4235 752 4292 fuerit
775 4250 843 4290 ex
872 4251 1014 4306 aqua
1035 4243 1091 4291 et
1114 4234 1316 4305 Spiritu
1343 4243 1665 4291 sancto’non
1685 4249 1783 4305 po-

192 4334 312 4383 test
342 4327 571 4382 introire
606 4326 659 4381 in
700 4341 923 4397 regnum
964 4326 1079 4381 Dei.
1115 4345 1135 4379 ι
1172 4323 1278 4381 Sed
1305 4332 1431 4380 ante
1458 4325 1779 4396 baptismum

190 4415 573 4472 catcehizandi
610 4415 771 4471 debet
798 4415 851 4471 in
882 4415 1155 4471 hominem
1187 4414 1486 4485 praevenire
1521 4412 1778 4482 ofﬁcium,

192 4514 260 4561 ut
290 4506 417 4563 ﬁdei
439 4507 675 4578 primum
699 4507 1118 4563 cathecumenus
1139 4505 1370 4576 accipiat
1390 4506 1774 4563 rudimentum.

1884 3331 2048 3389 runt,
2091 3336 2161 3378 ne
2198 3320 2446 3377 localiter
2474 3321 2544 3376 ab
2565 3319 2794 3376 invicem
2826 3319 3165 3376 discedentes
3193 3319 3467 3375 diversum

1883 3412 2084 3486 aliquid
2134 3412 2219 3469 vel
2267 3413 2543 3468 dissonum
2597 3411 2975 3483 praedicarent.
3016 3410 3465 3468 Decentissimum

1883 3521 2115 3577 namque
2156 3513 2213 3561 et
2248 3504 2383 3561 utile
2418 3513 2539 3560 erat
2568 3515 2629 3561 ut
2657 3505 2855 3576 quibus
2880 3512 2999 3561 erat
3039 3504 3219 3561 anima
3262 3519 3369 3560 una
3412 3512 3469 3562 et

1883 3610 1979 3652 cor
2000 3611 2167 3651 unum
2194 3595 2249 3651 in
2278 3594 2529 3661 Domino,
2556 3602 2611 3649 et
2636 3610 2771 3654 quos
2794 3596 2968 3652 sancti
2996 3595 3232 3668 Spiritus
3256 3594 3468 3652 afﬂatus

1882 3690 2187 3759 vegetabat,
2216 3689 2376 3744 unius
2400 3689 2565 3743 etiam
2591 3687 2715 3743 ﬁdei
2740 3688 3012 3745 confessio
3033 3697 3344 3755 exornaret,
3364 3703 3467 3746 nec

1883 3779 2028 3834 enim
2058 3778 2238 3834 dirimi
2269 3784 2325 3833 in
2357 3778 2536 3849 aliquo
2560 3776 2644 3832 vel
2668 3786 2920 3850 poterant
2944 3779 3030 3835 vel
3060 3780 3347 3846 debebant,
3373 3782 3466 3852 qui

1883 3868 2044 3923 unius
2074 3868 2197 3922 ﬁdei
2242 3867 2452 3923 vinculo
2491 3869 2867 3924 nectebantur.
2917 3868 3167 3941 Plerique
3199 3879 3463 3942 praeterea

1882 3958 2106 4013 verbum
2152 3956 2526 4013 abbreviatum
2565 3974 2665 4030 per
2697 3957 2891 4014 Isaiam
2929 3960 3306 4031 prophetatum
3335 4000 3351 4028 ,
3408 3962 3463 4017 in

1884 4045 2142 4118 Symbolo
2190 4055 2246 4103 et
2278 4048 2527 4105 oratione
2571 4048 2851 4105 Dominica
2890 4049 3115 4123 intelligi
3161 4050 3363 4108 volunt.
3404 4051 3463 4106 in

1883 4137 2054 4193 altero
2082 4138 2227 4193 enim
2256 4139 2378 4196 ﬁdei
2414 4157 2429 4194 :
2459 4140 2513 4195 in
2547 4140 2718 4196 altero
2739 4155 2959 4210 precum
2987 4142 3298 4198 continetur
3326 4142 3462 4198 intc-

1880 4229 2070 4299 gritas,
2095 4235 2156 4282 ut
2172 4235 2229 4283 et
2250 4229 2308 4284 in
2333 4227 2618 4285 duodecim
2643 4230 2841 4296 verbis,
2870 4230 3151 4288 duodecim
3193 4233 3463 4304 apostolo-

1882 4334 2002 4372 rum
2028 4317 2294 4384 doctrina,
2327 4326 2383 4374 et
2408 4319 2462 4374 in
2489 4326 2694 4390 septem
2719 4320 3092 4391 petitionibus,
3113 4336 3274 4377 omne
3293 4320 3466 4379 conti-
3518 4316 3523 4321 ’

1882 4418 2076 4465 neatnr
2098 4411 2359 4482 quidquid
2387 4412 2457 4468 ad
2482 4413 2765 4484 praesentis
2791 4421 2846 4469 et
2869 4412 3062 4469 futurae
3082 4414 3207 4470 vita:
3230 4413 3465 4487 pertinet

1882 4501 2363 4572 dispensationem,
2399 4503 2647 4574 quamvis
2676 4505 2839 4560 etiam
2868 4506 3033 4561 totius
3054 4505 3313 4563 doctrina:
3339 4520 3464 4564 ver-

190 4598 341 4654 Nam
390 4598 445 4653 in
491 4598 783 4670 Evangelia
836 4598 1128 4654 secundum
1185 4597 1494 4653 Maritimum
1541 4598 1738 4669 legitur
1761 4637 1778 4665 ,
1804 4582 1858 4642 D
1883 4591 2010 4646 bum
2034 4591 2139 4647 diei
2166 4593 2336 4664 possit
2363 4594 2756 4662 abbreviatum,
2787 4595 2912 4666 quia
2939 4593 3084 4652 quod
3112 4595 3264 4665 prius
3297 4594 3386 4652 lex
3408 4606 3464 4652 et

192 4690 347 4763 quod
374 4701 497 4763 post
521 4690 973 4753 resurrectionem
1004 4690 1261 4747 Dominus
1286 4690 1546 4761 apostolis
1572 4704 1778 4761 praece-

190 4784 368 4854 perit,
397 4792 458 4838 ut
495 4784 551 4838 in
586 4782 803 4838 nomine
840 4779 1018 4835 Patris
1040 4790 1095 4836 et
1116 4780 1241 4835 Filii
1262 4792 1317 4837 et
1345 4780 1581 4852 Spiritus
1603 4782 1778 4839 sancti

193 4875 462 4930 docerent
502 4879 560 4927 et
595 4870 931 4941 baptizarent
962 4885 1151 4926 omnes
1173 4879 1378 4942 gentes,
1419 4872 1471 4928 id
1503 4880 1588 4928 est
1629 4873 1780 4943 prius

192 4962 369 5019 ﬁdem
396 4961 492 5017 Dei
532 4961 673 5017 illius
708 4960 1066 5022 insinuarent,
1099 4968 1154 5015 et
1187 4959 1266 5016 sic
1299 4961 1580 5018 credentes
1605 4963 1660 5019 in
1696 4979 1778 5019 re-

188 5053 517 5110 missionem
556 5059 902 5121 peccatorum
938 5050 1290 5120 baptizarent.
1328 5051 1466 5107 Hinc
1513 5061 1597 5108 est
1636 5055 1779 5125 quod

190 5145 501 5202 secundum
557 5144 794 5199 Marcum
841 5142 983 5199 idem
1037 5143 1291 5199 Dominus
1342 5143 1540 5216 legitur
1570 5161 1778 5217 praepo-

189 5237 379 5293 suisse
406 5235 566 5292 ﬁdem
597 5234 907 5305 baptismati
933 5249 1056 5290 eum
1095 5234 1169 5289 ita
1204 5235 1378 5290 dixit:
1410 5254 1429 5287 ι
1459 5234 1561 5304 Qui
1604 5237 1779 5293 credi-

189 5327 346 5385 derit
387 5335 441 5381 et
475 5326 771 5397 baptizatus
809 5324 974 5379 fuerit
1008 5325 1189 5381 salvus
1209 5325 1350 5387 erit:
1392 5326 1489 5397 qui
1514 5343 1642 5384 vero
1670 5343 1776 5385 non

185 5416 497 5475 crediderit
513 5414 1133 5488 condemnabitur(Mar.
1160 5431 1272 5483 xvi,
1298 5415 1376 5487 6.)
1404 5435 1417 5472 :
1450 5436 1470 5470 ι
1498 5426 1555 5474 et
1571 5417 1777 5477 Joanne

271 5564 301 5593 ι
333 5548 661 5621 Legendum,
680 5549 1186 5621 perﬁcongruentiam
1212 5558 1258 5604 et
1284 5549 1570 5621 profectum
1600 5553 1781 5607 incon-

271 5567 301 5593 ι
334 5567 408 5605 Le
445 5567 661 5613 enuum,
680 5567 772 5619 per
798 5567 1186 5617 congruentiam
1212 5567 1258 5604 et
1320 5567 1570 5621 relectum
1600 5569 1781 5607 tucon-

189 5567 457 5679 trectabﬁi
487 5629 534 5674 et
565 5619 813 5693 invisibili
844 5567 1497 5693 impenderetunelemento
1512 5638 1540 5693 ;Δ
1564 5622 1663 5685 vel,
1689 5639 1781 5693 per

188 5700 569 5762 conqruens_et
593 5689 875 5762 perfectura
908 5688 1271 5762 contrectabile
1294 5700 1341 5743 et
1366 5690 1571 5762 _visibile
1612 5688 1776 5762 impc-

189 5755 417 5817 dere'tur
456 5755 779 5815 climatum.
814 5758 966 5826 Quod
996 5759 1040 5814 si
1080 5758 1229 5830 prior
1255 5759 1417 5815 lectio
1440 5755 1693 5831 placeat,
1722 5762 1775 5818 in

1881 4682 2157 4751 prophetae
2200 4684 2550 4742 continebant
2596 4685 2650 4741 in
2702 4685 2987 4741 latitudine
3031 4697 3419 4759 praeceptorum
3444 4726 3457 4741 .

1883 4773 2105 4829 veniens
2152 4774 2412 4831 Dominus
2454 4776 2825 4848 pronuntiavit
2868 4783 2925 4831 et
2967 4774 3106 4832 dixit
3150 4794 3164 4832 :
3204 4795 3223 4830 ι
3267 4776 3493 4850 Diliges’

1882 4866 2169 4921 Dominum
2200 4867 2373 4922 Deum
2395 4875 2560 4945 “tuum
2590 4883 2657 4923 ex
2683 4875 2797 4923 toto
2822 4867 2984 4923 corde
3025 4877 3138 4937 tuo,
3176 4876 3229 4924 et
3257 4884 3322 4925 ex
3348 4878 3462 4925 tota

1883 4960 2061 5015 anima
2078 4969 2190 5028 tua,
2214 4968 2269 5016 et
2286 4976 2355 5017 ex
2380 4961 2509 5017 totis
2529 4961 2738 5017 viribus
2757 4962 2885 5029 tuis,
2905 4971 2961 5019 et
2981 4963 3285 5035 proximum
3309 4969 3460 5017 tuum

1883 5063 2140 5123 tanquam
2186 5055 2438 5126 teipsum.
2470 5054 2529 5110 ln
2560 5055 2648 5111 his
2686 5055 2956 5112 mandatis
2991 5055 3196 5113 duobus
3226 5063 3336 5112 tota
3371 5054 3460 5111 lex

1880 5147 2079 5216 pendet
2105 5157 2161 5202 et
2184 5149 2460 5220 prophetae
2486 5148 2682 5221 (Marc.
2713 5165 2811 5217 ιιι,
2835 5149 2948 5222 50).
2979 5168 3000 5203 δ
3028 5148 3084 5204 In
3108 5164 3215 5221 quo
3242 5149 3460 5205 eviden-

1882 5243 1966 5291 ter
2012 5237 2302 5307 prophetas
2358 5246 2414 5294 et
2467 5238 2639 5310 legem
2701 5239 2909 5296 duobus
2966 5239 3051 5296 his
3118 5238 3459 5296 sermonibus

1880 5327 2163 5385 breviavit.
2214 5328 2340 5386 llrcc
2392 5328 2460 5386 dc
2508 5328 2752 5404 symbolo
2798 5339 2853 5386 et
2896 5332 3114 5387 nomine
3156 5327 3272 5399 ejus
3315 5328 3457 5385 dicta

1879 5420 2009 5477 sint.

1885 5570 1993 5625 qua
2020 5570 2182 5626 quam
2215 5557 2495 5613 minimum
2526 5526 2790 5626 mutatur,
2820 5558 2922 5630 legi
2944 5558 3114 5630 forte
3141 5563 3321 5625 posset
3360 5570 3458 5625 pro

1884 5641 2000 5751 ἓξὲξ
2043 5636 2275 5752 prtopier,
2319 5629 2566 5700 quamvis
2593 5630 2757 5688 etiam
2800 5627 2902 5685 hoc
2941 5627 3060 5685 loco
3106 5640 3207 5696 pro
3249 5636 3459 5697 propter

2005 5712 2091 5768 pla
2118 5712 2200 5752 ur.
2914 5748 2922 5754 .
