3936 6328
599 309 726 364 H7!

1227 307 1285 359 Β.
1330 303 1579 359 ΠΑΒᾹΝΙ
1620 303 1834 358 Μιυιιι
1875 303 2159 362 ΛΙὶΕΙΙΞΕΡ

2178 346 2186 357 .
2231 273 2542 360 irosuur.
2584 305 2872 362 OPERUM
2912 307 3093 362 usus
3131 308 3210 364 Ill.

3602 325 3692 385 illi

595 422 722 494 Car.
751 417 840 494 [Χ.
869 417 1054 494 -ηυε
1081 417 1384 494 credulitate
1412 433 1428 470 :
1465 415 1728 494 quemodo
1755 413 2075 494 credendum
2094 416 2160 494 sit
2192 419 2240 477 Α
2266 415 2379 481 riis,
2404 425 2464 470 ut
2491 431 2553 472 ea
2578 424 2632 472 et
2661 418 2924 473 veraciter
2945 419 3186 485 credant,
3217 430 3268 474 et
3292 421 3494 493 diligenti
3514 443 3609 486 cura
3637 453 3696 494 ω,

663 492 718 544 in
743 489 909 542 Deum
941 485 1150 539 Patrem
1179 481 1593 555 omnipotentem,
1627 493 1672 535 et
1712 483 1767 536 in
1800 481 2166 555 Jesrterhri-

663 569 799 612 stum
831 555 1028 610 Filium
1063 555 1176 624 ejus
1212 551 1390 609 natum
1415 564 1461 608 et
1487 569 1717 624 passum,
1755 563 1802 606 et
1837 553 1889 606 in
1915 551 2166 622 Spiritum

659 637 918 688 sanctum,
952 625 1239 678 Ecclesium
1264 624 1573 678 catholicam
1597 662 1612 687 ,
1651 633 1698 676 et
1729 632 1914 678 cmtera
1941 639 2056 692 quae
2083 640 2166 677 se-

665 707 897 768 quuntur
925 696 979 749 in
1005 696 1185 749 eodem
1209 693 1462 764 symbolo.

665 788 930 843 Caeterum
961 786 1094 841 ﬁdes
1119 801 1236 856 qua:
1261 786 1314 840 in
1335 786 1439 840 hoc
1464 783 1706 857 symbolo
1726 784 2060 848 continetur,
2097 785 2170 838 ita

595 880 768 934 abhis
802 878 894 948 qui
921 877 1224 946 baptizandi
1254 886 1380 930 sunt
1406 875 1630 945 intelligi
1661 874 1838 938 debet,
1870 883 1927 926 ut
1951 873 2173 928 credant

595 973 650 1025 in
675 963 842 1024 Deum
885 967 1098 1022 Patrem
1137 967 1556 1036 omnipotentem
1601 973 1902 1019 creatorem
1929 963 2169 1017 omnium

595 1060 886 1116 visibilium
912 1067 966 1113 et
991 1058 1360 1124 invisibilium,
1395 1058 1486 1128 qui
1530 1057 1695 1122 solus,
1751 1057 1877 1126 quia
1927 1071 2032 1110 non
2091 1064 2173 1110 est

596 1151 662 1206 de
689 1149 817 1214 alio,
840 1150 961 1204 ideo
997 1148 1143 1204 solus
1179 1147 1475 1220 appellatur
1525 1149 1818 1220 ingenitus,
1873 1157 1926 1204 et
1978 1149 2033 1203 in
2081 1147 2158 1204 Je-

593 1258 717 1298 sum
757 1243 1033 1298 Christum
1075 1241 1270 1296 Filium
1308 1239 1446 1308 ejus,
1489 1256 1588 1311 per
1615 1256 1775 1310 quem
1825 1241 2005 1297 omnia
2033 1240 2175 1296 facta

595 1340 758 1397 sunt,
819 1346 1004 1386 verum
1062 1331 1232 1386 Deum
1292 1331 1666 1402 unigenitum,
1721 1347 2020 1403 verumque
2075 1329 2172 1387 Dei

594 1423 790 1480 Filium
832 1440 940 1480 non
975 1423 1180 1478 factum
1218 1433 1330 1477 aut'
1357 1424 1666 1495 ad0ptivum
1713 1425 1806 1480 sed
1835 1425 2072 1496 genitum
2119 1433 2175 1480 et

595 1512 756 1567 unius
777 1528 898 1568 cum
926 1512 1086 1568 Patre
1107 1513 1444 1578 substantiae,
1487 1522 1650 1582 atque
1701 1514 1774 1568 ita
1838 1529 1937 1583 per
1992 1513 2172 1569 omnia

592 1604 852 1674 aequalem
878 1605 988 1660 Deo
1011 1604 1180 1671 Patri,
1211 1613 1270 1659 ut
1297 1619 1398 1660 nec
1435 1613 1676 1675 tempore
1713 1621 1814 1661 nec
1857 1607 2026 1678 gradu
2071 1621 2172 1661 nec

594 1704 862 1766 potestate
905 1712 1026 1752 esse
1064 1699 1236 1768 possit
1267 1697 1512 1764 inferior,
1565 1706 1878 1766 tantumque
1932 1713 2052 1754 esse
2103 1698 2170 1752 il-

590 1786 702 1841 lum
723 1787 818 1858 qui
864 1797 947 1844 est
973 1790 1207 1860 genitus,
1259 1797 1495 1859 quantus
1525 1789 1615 1844 ille
1658 1789 1752 1860 qui
1787 1789 1990 1860 genuit.
2040 1788 2167 1844 Cre-

589 1879 725 1934 dunt
759 1880 924 1934 etiam
962 1895 1087 1935 eum
1116 1888 1301 1935 natum
1332 1881 1398 1937 de
1426 1879 1626 1951 Spiritu
1650 1887 1838 1935 sancto
1891 1894 1959 1934 ex
1999 1877 2167 1934 Maria

587 1983 802 2039 semper
857 1970 1088 2040 virgine,
1142 1971 1194 2024 id
1232 1979 1333 2036 est,
1383 1979 1442 2024 ut
1489 1968 1694 2039 Spiritu
1741 1978 1930 2026 sancto
1970 1985 2166 2041 coope-

585 2069 762 2125 rante,
796 2075 980 2114 verum
999 2059 1101 2114 sibi
1130 2074 1325 2130 corpus
1345 2075 1412 2115 ex
1427 2060 1653 2130 virgine,
1676 2059 1729 2114 id
1757 2069 1858 2127 est,
1885 2061 1978 2116 Dei
2003 2061 2169 2116 Filius

583 2151 962 2221 assumpserit,
1014 2159 1074 2205 ut
1122 2151 1216 2220 qui
1265 2158 1383 2205 erat
1413 2150 1467 2205 in
1519 2151 1800 2205 divinitate
1843 2149 1939 2206 Dei
1989 2151 2169 2207 Patris

583 2240 771 2306 Filius,
804 2241 918 2310 ipse
947 2239 1119 2296 factus
1153 2241 1224 2296 sit
1257 2241 1311 2295 in
1337 2241 1669 2296 humanitate
1701 2241 1936 2296 hominis
1976 2242 2167 2296 matris

584 2328 773 2384 Filius.
789 2327 1018 2384 Credant
1039 2329 1200 2384 etiam
1221 2344 1342 2384 eum
1355 2329 1698 2385 descendisse
1723 2329 1910 2384 ultimo
1925 2338 2167 2399 tempore

584 2433 683 2487 pro
705 2418 1074 2488 redemptione
1095 2418 1278 2472 mundi
1307 2433 1338 2471 a
1362 2427 1536 2488 patre,
1563 2419 1657 2488 qui
1695 2435 1972 2490 nunquam
2009 2421 2167 2475 desiit

581 2522 704 2563 esse
755 2523 876 2562 cum
915 2507 1098 2573 Patre,
1152 2516 1206 2562 et
1257 2508 1533 2562 hominem
1588 2524 1776 2564 verum
1838 2509 2064 2575 factum,
2109 2518 2167 2566 ut

580 2600 879 2654 humanum
909 2614 1078 2669 genus
1101 2599 1260 2654 homo
1290 2599 1564 2666 liberaret,
1589 2608 1643 2655 et
1673 2601 1787 2670 ipse
1808 2603 1932 2670 quia
1955 2604 2164 2672 absque

579 2689 736 2745 initio
791 2691 1148 2745 :eternitatem
1201 2705 1325 2745 cum
1378 2689 1538 2746 Patre
1599 2697 1656 2746 et
1717 2692 1923 2762 Spiritu
1977 2705 2166 2750 sancto

577 2781 819 2851 possidet
860 2782 915 2836 in
958 2781 1064 2837 ﬁne
1091 2781 1409 2836 saeculorum
1433 2784 1736 2853 perfectum
1762 2794 1969 2840 naturae
1991 2787 2168 2842 homi-

579 2887 704 2928 nem
754 2873 1071 2943 susceperit,
1113 2881 1168 2928 ct
1212 2871 1450 2928 Verbum
1493 2889 1620 2930 caro
1641 2875 1842 2931 factum
1896 2878 1964 2933 sit
2011 2894 2166 2935 assu-

578 2963 1206 3032 mendobumanitatem,
1249 2982 1355 3022 non
1403 2969 1757 3037 permutando
1802 2969 2159 3027 divinitatem.

578 3054 818 3110 Credant
839 3058 1003 3112 etiam
1029 3072 1153 3112 eum
1180 3058 1466 3128 pertulisse
1489 3060 1796 3128 passionem
1825 3070 1879 3116 et
1903 3070 2158 3129 mortem,

578 3163 686 3202 non
702 3148 756 3202 in
770 3149 969 3205 virtute
996 3149 1314 3218 divinitatis,
1333 3152 1426 3206 sed
1454 3151 2155 3220 inﬁrmitatehumanitatis,

577 3247 852 3292 mortuum
900 3254 1027 3293 vera
1097 3241 1276 3295 carnis
1323 3252 1540 3306 morte,
1614 3242 1975 3298 resurrexisse
2031 3259 2158 3298 vera

579 3329 768 3384 carnis
818 3331 1254 3396 resurrectione,
1301 3339 1356 3385 et
1405 3332 1800 3387 resurrectione
1851 3348 1947 3387 sua
2007 3348 2157 3402 spem

580 3419 737 3474 nobis
757 3421 1173 3476 resurrectionis
1193 3421 1509 3488 contulisse,
1540 3422 1615 3476 ita
1640 3423 1898 3477 duntaxat
1921 3432 1980 3476 ut
2021 3423 2158 3478 sicut

581 3508 669 3563 ille
691 3509 848 3563 tertia
868 3509 952 3564 die
983 3511 1278 3565 resurrexit
1298 3511 1450 3566 vivus
1474 3527 1504 3566 a
1539 3511 1767 3566 mortuis
1797 3530 1809 3565 :
1853 3512 1927 3566 ita
1956 3521 2011 3567 et
2060 3529 2160 3568 nos

581 3600 634 3653 in
671 3599 775 3653 ﬁne
816 3588 1131 3655 saeculorum
1175 3614 1518 3670 resurgamus
1559 3600 1610 3655 in
1634 3601 1822 3656 eadem
1868 3617 1972 3671 qua
2017 3617 2160 3656 nunc

581 3690 809 3746 vivimus
837 3706 1018 3746 carne.
1046 3689 1278 3748 Credam
1307 3693 1470 3747 etiam
1497 3706 1620 3746 eum
1643 3693 1699 3746 in
1722 3692 1908 3748 eodem
1931 3708 2158 3762 corpore

581 3781 724 3852 quod
747 3782 813 3838 de
842 3780 1060 3854 Virgine
1092 3783 1404 3852 assumpsit,
1433 3783 1740 3854 passionem
1789 3785 2059 3850 sustinuit,
2103 3796 2158 3840 et

579 3875 898 3939 resurrexit,
919 3875 1229 3930 ascendisse
1256 3874 1310 3928 in
1339 3875 1536 3929 caelum
1579 3883 1633 3930 et
1677 3875 1732 3929 in
1775 3877 1962 3931 eodem
2016 3893 2160 3932 nunc

577 3977 717 4028 esse,
745 3970 801 4018 et
825 3961 1174 4032 adjudicium
1203 3973 1489 4018 venturum
1531 3978 1670 4030 esse,
1718 3972 1772 4018 et
1821 3966 2158 4021 resuscitatis

576 4051 862 4118 omnibus,
922 4053 1049 4108 dare
1103 4053 1224 4109 aliis
1275 4068 1374 4123 pro
1411 4055 1651 4124 peccatis
1680 4055 1926 4125 supplicii
1969 4066 2157 4126 aeterni

579 4143 897 4198 sententiam
929 4161 942 4198 :
977 4143 1096 4199 aliis
1126 4159 1223 4214 pro
1239 4144 1465 4214 justitize
1512 4144 1720 4199 meritis
1743 4153 1958 4200 aeterna
1985 4146 2156 4200 beati-

579 4232 778 4288 tudinis
809 4233 1108 4303 praemium.
1140 4233 1374 4289 Credant
1407 4243 1461 4288 et
1510 4235 1563 4289 in
1613 4235 1874 4305 Spiritum
1906 4246 2155 4292 sanctum

577 4325 746 4380 Deum
777 4341 963 4381 verum
988 4340 1054 4380 ex
1082 4326 1241 4381 Patre
1270 4326 1511 4396 Filioque
1533 4329 1939 4397 procedentem,
1974 4345 2156 4399 teque-

575 4414 683 4471 lem
713 4431 810 4486 per
831 4415 1012 4470 omnia
1041 4416 1192 4470 Patri
1220 4425 1275 4470 et
1321 4417 1473 4482 Filio,
1524 4417 1819 4486 voluntate,
1861 4427 2150 4490 potestate,

575 4507 895 4572 mternitate,
923 4507 1239 4562 substantia.
1272 4505 1378 4563 Nec
1403 4515 1522 4562 esse
1547 4509 1602 4562 in
1629 4510 1729 4564 hac
1753 4519 1942 4564 sancta
1970 4508 2148 4563 Trini-

578 4607 688 4652 tate
713 4597 848 4654 ullos
879 4598 1077 4669 gradus
1115 4599 1307 4668 quibus
1345 4599 1538 4668 aliquis
1567 4599 1788 4656 inferior
1835 4601 2149 4670 superiorve

577 4689 683 4745 dici
711 4691 898 4762 possit.
927 4691 1162 4747 Credant
1185 4691 1344 4746 etiam
1374 4700 1615 4747 sanctam
1637 4692 1932 4748 Ecclesiam
1964 4693 2150 4747 catho-

575 4779 758 4847 licam,
786 4782 838 4837 id
865 4791 970 4848 est,
1009 4782 1366 4838 universalem
1406 4802 1419 4835 :
1463 4799 1568 4837 non
1597 4783 1651 4838 in
1683 4791 1923 4838 sanctam
1963 4783 2150 4839 Eccle-

577 4872 711 4927 siam
741 4881 799 4927 ut
839 4875 1117 4930 credentes
1146 4876 1198 4929 in
1247 4875 1586 4930 Trinitatem.
1633 4875 1867 4931 Credant
1907 4874 2145 4944 ejusdem

577 4970 776 5018 sancta:
802 4961 1079 5018 Trinitatis
1103 4965 1319 5020 domum
1344 4981 1464 5020 esse
1487 4975 1726 5022 sanctam
1766 4966 2083 5032 Eeclesiam,
2113 4983 2143 5022 a

575 5053 730 5124 cujus
759 5054 1136 5108 communione
1179 5055 1516 5111 discedentes
1539 5056 1866 5111 schismatici
1892 5065 1947 5111 et.
1979 5058 2146 5112 htcre-

577 5143 666 5199 tici
695 5151 975 5226 vocantur,
1010 5152 1064 5198 et
1093 5156 1295 5202 acterna
1334 5149 1679 5203 damnatione
1704 5150 1998 5218 puniuntur
2028 5167 2040 5202 :
2089 5149 2143 5203 in

573 5233 692 5304 ejus
711 5253 840 5294 vero
869 5239 1241 5294 communione
1261 5248 1637 5309 permanentes
1657 5249 1712 5294 et
1731 5241 1968 5295 membra
1990 5239 2147 5295 Cirri-

575 5329 642 5381 sti
671 5343 791 5384 esse
813 5336 868 5384 et
896 5329 1267 5385 remissionem
1297 5339 1640 5400 peccatorum
1668 5331 1964 5400 percipere,
1991 5339 2046 5384 et
2074 5330 2142 5384 ad

574 5418 739 5472 vitam
766 5427 1021 5474 :etcrnarn
1049 5421 1336 5490 pertinere.
1367 5421 1501 5486 Quia
1529 5436 1656 5491 ergo
1681 5421 1887 5490 parvuli
1916 5421 2143 5476 necdum

576 5508 784 5564 ratione
819 5518 1030 5564 utentes
1072 5511 1186 5564 lucc
1209 5511 1429 5564 minime
1455 5525 1648 5580 capere
1661 5520 1902 5579 possunt,
1933 5520 2145 5581 oportet

547 5608 630 5650 ’ut
659 5614 781 5653 cum
811 5599 876 5652 ad
909 5600 1292 5669 intelligibilcut
1319 5609 1532 5655 :etatenr
1550 5601 1892 5670 pervenerint
1914 5601 2142 5656 docean-

578 5696 681 5753 tur,
710 5697 765 5744 et
795 5691 914 5745 fidei
937 5692 1288 5746 sacramentis
1331 5700 1383 5745 et
1408 5693 1756 5749 confessionis
1799 5711 1908 5749 suae
1949 5701 2142 5764 myste-

2271 505 2526 560 stodiant.
2569 505 2973 562 Confessionem
3013 523 3163 563 suam
3203 510 3348 579 plane
3381 513 3591 585 diximus,
3621 532 3698 594 quia

2271 597 2515 668 quamvis
2543 597 2618 652 illi
2649 599 2877 653 necdum
2915 598 3061 668 loqui
3085 601 3279 670 possint
3305 619 3316 654 :
3347 618 3430 672 pro
3459 605 3543 662 illis
3561 621 3602 665 et
3619 630 3700 670 non.

2270 689 2491 744 ﬁtentur
2529 698 2584 745 et
2627 689 2922 760 loquuntur
2982 691 3074 760 qui
3121 705 3213 748 eos
3274 695 3334 748 de
3384 694 3559 755 lavacro
3595 703 3700 762 fontis

2270 780 2587 849 suscipiunt.
2621 778 2731 834 Nec
2767 779 3038 836 immerito
3069 782 3276 852 dignum
3296 791 3370 838 est
3390 795 3442 839 ut
3461 790 3533 856 qui
3552 791 3700 850 aliorum

2271 868 2505 940 peccatis
2526 869 2745 925 obnoxii
2771 879 2916 936 sunt,
2947 871 3174 926 aliorum
3199 873 3346 928 etiam
3369 877 3631 938 confessione
3645 902 3701 954 per

2271 960 2586 1030 mysterium
2648 960 2989 1030 baptismatis
3055 961 3404 1020 remissionem
3465 971 3704 1042 erigimur:

2271 1053 2576 1124 percipiant
2593 1062 2962 1124 peccatorum.
3404 1050 3416 1057 ’

2655 1143 2786 1199 CAP.
2835 1143 2904 1198 X.
2952 1131 3023 1184 -;
3069 1143 3146 1200 De
3183 1148 3432 1202 scrutinia.

2343 1257 2445 1324 Qui
2477 1272 2605 1314 vero
2633 1258 2784 1328 illius
2817 1265 2945 1313 sunt
2969 1256 3084 1328 jam
3113 1259 3297 1325 (etatis,
3330 1268 3382 1314 ut
3405 1261 3607 1318 rationem
3628 1282 3699 1323 crs

2273 1351 2514 1406 dulitatis
2563 1365 2674 1407 suae
2718 1350 2945 1407 reddere
2997 1351 3240 1421 possint,
3288 1351 3497 1424 diligenti
3535 1359 3698 1414 examine

2273 1443 2551 1500 scrutandi
2598 1452 2746 1509 sunt,
2776 1452 2961 1498 utrum
2989 1444 3253 1499 veraciter
3279 1445 3489 1511 credant,
3523 1463 3574 1502 an
3600 1449 3700 1506 alicn-

2265 1537 2358 1608 jus
2407 1537 2660 1593 falsitatis
2704 1537 2758 1592 in
2815 1538 2896 1593 eis
2947 1537 3158 1592 macula
3203 1536 3407 1592 celetur.
3448 1538 3511 1593 Ne
3543 1541 3628 1594 dum
3648 1552 3700 1595 aut

2270 1630 2465 1685 timore
2485 1637 2578 1683 aut
2607 1627 2792 1684 favore
2819 1636 3162 1683 terrenarum
3190 1637 3480 1698 potestatum
3500 1639 3567 1684 aut
3587 1635 3699 1702 angui-

2273 1720 2466 1776 sitione
2487 1719 2842 1788 quarumdam
2867 1733 3052 1772 rerum
3081 1733 3143 1772 ac
3170 1719 3474 1788 baptismatis
3497 1733 3698 1774 sacrantes-

2269 1819 2380 1866 tum
2406 1810 2778 1883 ignorantibus
2798 1809 3070 1864 ministris
3087 1809 3332 1865 Ecclesize
3353 1811 3618 1878 perveniunt,
3636 1821 3698 1864 ιη-

2267 1902 2425 1957 datur
2473 1909 2720 1956 sanctum
2785 1901 3016 1956 canibus
3041 1940 3056 1964 ,
3103 1910 3156 1953 et
3201 1901 3475 1971 margaritae
3515 1902 3696 1954 mittantur

2268 1995 2408 2049 inter
2449 2008 2662 2063 porcos,
2693 1999 2748 2047 et
2796 1991 2907 2062 lupi
2952 1991 3116 2047 ovina
3161 1990 3292 2060 pelle
3319 1991 3575 2046 vestiantur.
3610 1989 3698 2044 lianc

2266 2084 2412 2140 enim
2456 2097 2661 2138 morem
2712 2081 2955 2136 Ecclesia
3013 2094 3232 2135 servare
3273 2079 3542 2142 consuevit,
3579 2086 3618 2132 ut
3645 2093 3698 2146 per

2268 2172 2476 2241 aliquot
2502 2171 2712 2226 dierum
2763 2169 3024 2240 spatium,
3058 2169 3114 2224 hi
3141 2168 3230 2240 qui
3257 2168 3308 2222 in
3347 2168 3610 2223 solemnitate
3639 2166 3697 2221 Pt-

2266 2265 2436 2322 schali
2487 2265 2795 2335 baptizandi
2843 2274 2972 2320 sunt
3001 2274 3324 2332 scrutentur,
3353 2274 3407 2320 ut
3443 2267 3642 2321 instructis
3667 2273 3697 2320 et

2267 2357 2439 2413 doctis
2466 2364 2522 2410 et
2545 2355 2774 2426 simplici
2799 2355 2963 2412 corde
2993 2357 3062 2412 ad
3090 2357 3246 2411 ﬁdem
3285 2370 3448 2410 veram
3468 2355 3690 2408 venientibus

2266 2449 2390 2504 vitae
2439 2455 2781 2504 sacramenta
2825 2449 3228 2519 impartiantur,
3272 2449 3445 2518 quibus
3469 2456 3516 2501 ut
3549 2447 3690 2516 aptiores

2265 2538 2612 2594 inveniantur
2639 2538 2982 2607 baptismatis
3019 2546 3370 2601 sacramento,
3395 2546 3442 2591 et
3463 2550 3600 2591 eorum
3619 2535 3692 2587 ﬁdes

2263 2629 2593 2699 probabilior
2606 2629 2699 2695 sit,
2713 2629 2956 2698 quaedam
2971 2628 3110 2683 ﬁunt
3123 2628 3448 2698 corporaliter
3459 2641 3549 2696 qua
3557 2620 3691 2694 spiritali

2265 2729 2423 2790 gustu
2453 2720 2753 2791 degustata,
2784 2721 3078 2790 mysticum
3109 2719 3238 2789 quid
3265 2728 3316 2772 et
3335 2717 3534 2789 spiritale
3550 2714 3690 2784 sapiant.

2499 2831 2626 2887 CAP.
2672 2830 2764 2885 XI.
2795 2847 2872 2870 —'
2897 2829 3043 2897 Quid
3089 2831 3158 2884 sit
3201 2830 3551 2884 abrenuntiatio.

2336 2921 2411 2976 De
2440 2921 2907 2976 abrenuntiatione
2933 2930 3120 2976 autem
3148 2929 3202 2975 et
3228 2920 3349 2990 quid
3387 2919 3448 2976 sit
3469 2912 3691 2970 abrenuntia-

2265 3012 2361 3078 tio,
2386 3011 2499 3080 jam
2547 3012 2835 3066 dicendum
2871 3020 2972 3066 est.
3023 3010 3402 3066 Abrenuntiare
3443 3005 3589 3062 etenim
3617 3000 3689 3071 poni

2263 3102 2418 3166 solet,
2443 3117 2542 3172 pro
2577 3116 2644 3157 eo
2671 3101 2813 3171 quod
2861 3109 2944 3156 est
2971 3116 3254 3171 Spernere,
3278 3100 3488 3171 rcjicere,
3512 3093 3683 3151 contradi-

2260 3209 2408 3258 cere,
2437 3193 2552 3248 sive
2583 3191 2726 3252 aliud
2754 3191 2903 3261 quid,
2936 3191 3080 3260 quod
3120 3192 3220 3246 hoc
3261 3190 3409 3244 verbo
3431 3189 3473 3242 in
3495 3186 3568 3239 hoc
3597 3195 3690 3237 sentt

2259 3285 2489 3355 exprimi
2520 3291 2716 3354 potest.
2767 3283 3026 3350 Quamvis
3055 3282 3199 3337 enim
3228 3282 3361 3337 illius
3388 3279 3508 3334 verbi
3537 3272 3691 3345 quodest

2259 3375 2468 3438 nuntio,
2495 3387 2686 3427 sensus
2710 3373 2762 3427 in
2792 3381 3045 3443 promptu
3074 3373 3144 3427 sit
3171 3387 3289 3427 cum
3313 3370 3416 3426 sine
3440 3363 3690 3439 preposition

2259 3463 2548 3533 profertur,
2578 3472 2632 3518 et
2665 3470 2886 3533 accepta
2936 3463 3316 3532 praepositione
3355 3460 3569 3515 interdum
3599 3467 3686 3507 ast:

2259 3552 2654 3623 signiﬁcatione
2683 3568 2789 3607 non
2817 3551 3006 3621 longe.
3027 3547 3265 3618 recedat,
3294 3560 3350 3606 ut
3373 3557 3444 3605 est
3465 3545 3584 3602 illud:
3617 3556 3689 3596 nu-

2259 3644 2392 3699 rabo
2422 3652 2476 3698 et
2504 3644 2824 3698 renuntiabo
2847 3683 2861 3708 ,
2893 3643 3166 3698 interdum
3189 3657 3312 3698 vero
3339 3642 3388 3695 in
3409 3639 3537 3694 alium
3557 3646 3688 3688 sensum

2261 3743 2523 3799 vertatur,
2556 3741 2616 3787 ut
2647 3741 2730 3788 est
2756 3733 2916 3787 illud:
2953 3753 2970 3784 ε
2995 3731 3088 3788 Sic
3116 3748 3244 3804 ergo
3269 3730 3427 3785 omnis
3449 3743 3502 3784 ex
3518 3722 3622 3778 vobis
3638 3717 3688 3788 qui

2260 3838 2367 3877 non
2420 3823 2692 3877 renuntiat
2741 3823 2990 3877 omnibus
3044 3838 3165 3892 qua:
3210 3821 3447 3892 possidet,
3471 3832 3551 3870 non
3586 3817 3689 3881 potest

2259 3929 2412 3968 meus
2449 3928 2568 3968 esse
2609 3911 2901 3981 discipulus
2954 3911 3116 3984 (Luc.
3174 3927 3281 3977 xrv,
3320 3909 3437 3981 55);
3469 3929 3483 3960 ι
3521 3905 3687 3958 abrenun-

2261 4005 2397 4059 tiare
2443 4012 2619 4058 tamen
2668 4018 2881 4074 semper
2931 4003 2984 4058 in
3027 4019 3093 4058 en
3142 4018 3298 4058 sensu
3341 4000 3450 4072 poni
3492 3989 3687 4052 consuerit.

2258 4109 2417 4163 quem
2477 4093 2726 4162 superius
2767 4093 3022 4148 diximus.
3077 4095 3452 4149 Abrenuntiare
3488 4096 3628 4141 etenim
3655 4091 3687 4132 se

2259 4183 2458 4239 fatetur
2505 4182 2721 4238 Satanae
2753 4193 2808 4238 et
2845 4185 3097 4240 omnibus
3147 4184 3387 4254 operibus
3412 4181 3506 4250 ejus
3527 4171 3687 4229 etornni-

2256 4273 2358 4328 bus
2383 4273 2590 4344 pompis
2611 4273 2750 4344 ejus,
2780 4289 2942 4344 quam
2969 4274 3469 4329 abrenuntiatioaem
3495 4273 3689 4320 recte-con-

2256 4365 2419 4422 fessio
2450 4375 2649 4422 sanctre
2679 4365 2962 4423 Trinitatis
2985 4369 3245 4437 sequitur.
3287 4367 3347 4421 Et
3371 4363 3532 4438 [Fort.,
3554 4355 3610 4427 ut]
3637 4350 3687 4404 ubi

2178 4470 2228 4530 D
2255 4457 2548 4511 abundavit
2595 4464 2875 4526 peccatum
2899 4497 2914 4522 ,
2962 4457 3350 4528 superabundet
3393 4450 3545 4524 gratia,
3573 4455 3608 4500 et
3637 4439 3688 4493 ubi

2251 4549 2579 4619 computruit
2605 4549 2793 4620 jugum
2823 4549 3021 4604 diaboli
3051 4565 3082 4603 a
3116 4549 3252 4604 facie
3285 4543 3515 4601 unctionis
3541 4536 3688 4607 Spitilus

2251 4639 2444 4703 sancti,
2479 4638 2730 4692 adveniat
2761 4637 2903 4693 illius
2945 4637 3133 4710 jugum
3172 4639 3260 4709 qui
3305 4636 3450 4690 dixit:
3480 4650 3493 4682 ι
3521 4626 3685 4710 Discite?!

2242 4747 2336 4786 me
2369 4730 2496 4799 quia
2526 4731 2674 4785 mitis
2707 4745 2827 4785 sum
2874 4740 2930 4784 et
2971 4730 3188 4786 humilis
3236 4728 3402 4791 corde,
3426 4731 3471 4778 et
3502 4708 3686 4774 invenit?lis

2253 4822 2492 4891 requiem
2516 4821 2802 4878 animabus
2841 4821 3060 4876 vestris.
3097 4819 3285 4890 Iugum
3318 4817 3442 4872 enim
3467 4820 3598 4865 meum
3616 4812 3686 4853 διω-

2253 4927 2314 4967 ve
2335 4920 2433 4976 est,
2463 4920 2517 4966 et
2541 4926 2677 4966 onus
2705 4925 2882 4967 meum
2912 4908 3026 4963 leve
3055 4907 3264 4981 (Matth.
3296 4921 3365 4972 ιι,
3389 4900 3483 4970 29).
3513 4916 3528 4950 ι
3552 4893 3684 4981 Salen?

2249 5003 2416 5067 enim,
2443 5002 2535 5071 qui
2567 5009 2622 5056 et
2646 4999 2890 5055 diabolus
2929 5008 3288 5069 nuncupatur,
3309 5011 3336 5050 a
3363 4991 3562 5048 ﬁdelibus
3592 4980 3684 5033 altri"

2251 5091 2562 5157 nuntiatur,
2590 5100 2650 5146 ut
2694 5091 2921 5146 Domino
2949 5090 3213 5145 Salvatori
3260 5085 3456 5144 liberius
3493 5073 3681 5134 serviatur.

2249 5183 2374 5252 Quia
2409 5182 2563 5252 juxta
2611 5179 2851 5250 ejusdem
2880 5181 3089 5236 Domini
3119 5195 3326 5235 vocem:
3367 5194 3384 5226 ι
3414 5172 3548 5227 Nemo
3575 5162 3680 5232 ρθιθὲί

2249 5275 2458 5329 duobus
2481 5275 2712 5330 dominis
2735 5274 2940 5329 servire
2969 5274 3180 5345 (Matth.
3210 5287 3282 5336 vt,
3309 5268 3407 5339 ii).
3441 5283 3457 5316 ι

2249 5369 2374 5425 CAP.
2405 5369 2514 5423 ΧΠ.
2546 5400 2616 5408 -
2645 5369 2720 5422 De
2756 5369 3205 5422 abrenuntiatione
3248 5364 3441 5419 Saturio:
3463 5363 3500 5409 et
3529 5341 3681 5426 οηξξείξῇξ

2319 5410 2557 5521 Speﬁéia
2585 5410 2718 5508 ejus:
2747 5410 3378 5509 ἆῇίιῖὲνρἆίῷῐςῖηῦεἰνιίκω
3409 5439 3531 5496 opera
3557 5410 3680 5468 diabofl

2318 5519 2422 5563 sint
2447 5519 2492 5562 et
2518 5525 2740 5579 pompm.

2315 5577 2738 5658 Abrcnuntiatur
2784 5603 2948 5657 etiam
3000 5600 3243 5672 operibus
3290 5593 3410 5661 eius:
3445 5583 3548 5672 (1⁸³ίῖ

2248 5693 2388 5750 illius
2437 5692 2708 5749 contraria
2755 5699 2879 5747 sunt
2911 5666 3157 5761 operibus
3203 5678 3478 5739 Salvatoris.
3521 5667 3566 5722 Ει
3597 5666 3674 5726 tiu“
