  <div class='ocr_page' id='page_1' title='image "/cluster/home/n/w/nwhite01/storage/ocr_20150623/112/hvd.32044015685407/592.png"; bbox 0 0 3936 6328; ppageno 0'>
   <div class='ocr_carea' id='block_1_1' title="bbox 223 369 332 426">
    <p class='ocr_par' dir='ltr' id='par_1_1' title="bbox 223 369 332 426">
     <span class='ocr_line' id='line_1_1' title="bbox 223 369 332 426; baseline 0 0"><span class='ocrx_word' id='word_1_1' title='bbox 223 369 332 426; x_wconf 76' lang='grc'><strong>1173</strong></span> 
     </span>
    </p>
   </div>
   <div class='ocr_carea' id='block_1_2' title="bbox 1176 317 2487 423">
    <p class='ocr_par' dir='ltr' id='par_1_2' title="bbox 1176 317 2487 423">
     <span class='ocr_line' id='line_1_2' title="bbox 1176 317 2487 423; baseline -0.003 -9"><span class='ocrx_word' id='word_1_2' title='bbox 1176 360 1376 414; x_wconf 76' lang='lat' dir='ltr'><strong>Lmen</strong></span> <span class='ocrx_word' id='word_1_3' title='bbox 1411 359 1500 414; x_wconf 73' lang='lat' dir='ltr'><strong>ne</strong></span> <span class='ocrx_word' id='word_1_4' title='bbox 1539 356 1782 414; x_wconf 56' lang='lat' dir='ltr'><strong>seems</strong></span> <span class='ocrx_word' id='word_1_5' title='bbox 1821 355 2207 423; x_wconf 71' lang='lat' dir='ltr'><strong>0RDlNlBUS,</strong></span> <span class='ocrx_word' id='word_1_6' title='bbox 2247 355 2398 412; x_wconf 73' lang='lat' dir='ltr'><strong>me.</strong></span> <span class='ocrx_word' id='word_1_7' title='bbox 2469 317 2487 324; x_wconf 14' lang='grc' dir='ltr'><em>Ἀ</em></span> 
     </span>
    </p>
   </div>
   <div class='ocr_carea' id='block_1_3' title="bbox 3304 359 3436 414">
    <p class='ocr_par' dir='ltr' id='par_1_3' title="bbox 3304 359 3436 414">
     <span class='ocr_line' id='line_1_3' title="bbox 3304 359 3436 414; baseline 0 -2"><span class='ocrx_word' id='word_1_8' title='bbox 3304 359 3436 414; x_wconf 72' lang='grc'><strong>1174</strong></span> 
     </span>
    </p>
   </div>
   <div class='ocr_carea' id='block_1_4' title="bbox 222 468 3437 545">
    <p class='ocr_par' dir='ltr' id='par_1_4' title="bbox 222 468 3437 545">
     <span class='ocr_line' id='line_1_4' title="bbox 222 468 3437 545; baseline -0.004 -7"><span class='ocrx_word' id='word_1_9' title='bbox 222 484 295 539; x_wconf 90' lang='lat' dir='ltr'><strong>ille</strong></span> <span class='ocrx_word' id='word_1_10' title='bbox 320 479 481 537; x_wconf 86' lang='lat' dir='ltr'><strong>armis</strong></span> <span class='ocrx_word' id='word_1_11' title='bbox 527 477 666 545; x_wconf 88' lang='lat' dir='ltr'><strong>suis,</strong></span> <span class='ocrx_word' id='word_1_12' title='bbox 695 475 752 531; x_wconf 91' lang='lat' dir='ltr'><strong>id</strong></span> <span class='ocrx_word' id='word_1_13' title='bbox 783 482 868 531; x_wconf 88' lang='lat' dir='ltr'><strong>est</strong></span> <span class='ocrx_word' id='word_1_14' title='bbox 916 472 1080 541; x_wconf 93' lang='lat' dir='ltr'><strong>vitiis,</strong></span> <span class='ocrx_word' id='word_1_15' title='bbox 1111 487 1280 544; x_wconf 90' lang='lat' dir='ltr'><strong>genus</strong></span> <span class='ocrx_word' id='word_1_16' title='bbox 1330 473 1623 527; x_wconf 89' lang='lat' dir='ltr'><strong>humanum</strong></span> <span class='ocrx_word' id='word_1_17' title='bbox 1661 471 1762 526; x_wconf 92' lang='lat' dir='ltr'><strong>sibi</strong></span> <span class='ocrx_word' id='word_1_18' title='bbox 1788 474 1838 533; x_wconf 83' lang='grc' dir='ltr'>Α</span> <span class='ocrx_word' id='word_1_19' title='bbox 1865 477 1922 526; x_wconf 91' lang='lat' dir='ltr'><strong>et</strong></span> <span class='ocrx_word' id='word_1_20' title='bbox 1963 469 2242 525; x_wconf 84' lang='lat' dir='ltr'><strong>hominum</strong></span> <span class='ocrx_word' id='word_1_21' title='bbox 2296 468 2634 540; x_wconf 78' lang='lat' dir='ltr'><strong>apertissime</strong></span> <span class='ocrx_word' id='word_1_22' title='bbox 2662 470 3111 526; x_wconf 88' lang='lat' dir='ltr'><strong>demonstratum.</strong></span> <span class='ocrx_word' id='word_1_23' title='bbox 3149 472 3267 542; x_wconf 90' lang='lat' dir='ltr'><strong>Ipse</strong></span> <span class='ocrx_word' id='word_1_24' title='bbox 3293 471 3437 528; x_wconf 91' lang='lat' dir='ltr'><strong>enim</strong></span> 
     </span>
    </p>
   </div>
   <div class='ocr_carea' id='block_1_5' title="bbox 220 563 1758 643">
    <p class='ocr_par' dir='ltr' id='par_1_5' title="bbox 220 563 1758 643">
     <span class='ocr_line' id='line_1_5' title="bbox 220 563 1758 643; baseline -0.007 -14"><span class='ocrx_word' id='word_1_25' title='bbox 220 573 458 643; x_wconf 86' lang='lat' dir='ltr'><strong>subjecit,</strong></span> <span class='ocrx_word' id='word_1_26' title='bbox 503 569 763 625; x_wconf 87' lang='lat' dir='ltr'><strong>Dominus</strong></span> <span class='ocrx_word' id='word_1_27' title='bbox 795 566 964 622; x_wconf 89' lang='lat' dir='ltr'><strong>armis</strong></span> <span class='ocrx_word' id='word_1_28' title='bbox 1011 566 1124 621; x_wconf 88' lang='lat' dir='ltr'><strong>suis</strong></span> <span class='ocrx_word' id='word_1_29' title='bbox 1148 604 1163 631; x_wconf 95' lang='lat'><strong>,</strong></span> <span class='ocrx_word' id='word_1_30' title='bbox 1209 564 1262 619; x_wconf 92' lang='lat' dir='ltr'><strong>id</strong></span> <span class='ocrx_word' id='word_1_31' title='bbox 1306 573 1389 619; x_wconf 88' lang='lat' dir='ltr'><strong>est</strong></span> <span class='ocrx_word' id='word_1_32' title='bbox 1431 563 1758 629; x_wconf 72' lang='lat' dir='ltr'><strong>virtutibus,</strong></span> 
     </span>
    </p>
   </div>
   <div class='ocr_carea' id='block_1_6' title="bbox 220 654 1764 724">
    <p class='ocr_par' dir='ltr' id='par_1_6' title="bbox 220 654 1764 724">
     <span class='ocr_line' id='line_1_6' title="bbox 220 654 1764 724; baseline -0.008 -4"><span class='ocrx_word' id='word_1_33' title='bbox 220 665 345 720; x_wconf 84' lang='lat' dir='ltr'><strong>illum</strong></span> <span class='ocrx_word' id='word_1_34' title='bbox 367 661 668 719; x_wconf 83' lang='lat' dir='ltr'><strong>debellavit.</strong></span> <span class='ocrx_word' id='word_1_35' title='bbox 699 659 758 714; x_wconf 89' lang='lat' dir='ltr'><strong>In</strong></span> <span class='ocrx_word' id='word_1_36' title='bbox 786 658 926 714; x_wconf 86' lang='lat' dir='ltr'><strong>illius</strong></span> <span class='ocrx_word' id='word_1_37' title='bbox 951 656 1096 712; x_wconf 90' lang='lat' dir='ltr'><strong>enim</strong></span> <span class='ocrx_word' id='word_1_38' title='bbox 1123 655 1334 720; x_wconf 91' lang='lat' dir='ltr'><strong>militia,</strong></span> <span class='ocrx_word' id='word_1_39' title='bbox 1357 655 1411 710; x_wconf 90' lang='lat' dir='ltr'><strong>id</strong></span> <span class='ocrx_word' id='word_1_40' title='bbox 1450 663 1533 710; x_wconf 89' lang='lat' dir='ltr'><strong>est</strong></span> <span class='ocrx_word' id='word_1_41' title='bbox 1564 654 1618 708; x_wconf 94' lang='lat' dir='ltr'><strong>in</strong></span> <span class='ocrx_word' id='word_1_42' title='bbox 1643 668 1764 724; x_wconf 92' lang='lat' dir='ltr'><strong>pec-</strong></span> 
     </span>
    </p>
   </div>
   <div class='ocr_carea' id='block_1_7' title="bbox 219 745 1761 818">
    <p class='ocr_par' dir='ltr' id='par_1_7' title="bbox 219 745 1761 818">
     <span class='ocr_line' id='line_1_7' title="bbox 219 745 1761 818; baseline -0.008 -8"><span class='ocrx_word' id='word_1_43' title='bbox 219 755 335 811; x_wconf 87' lang='lat' dir='ltr'><strong>catis</strong></span> <span class='ocrx_word' id='word_1_44' title='bbox 374 751 596 816; x_wconf 90' lang='lat' dir='ltr'><strong>nostris,</strong></span> <span class='ocrx_word' id='word_1_45' title='bbox 632 749 868 805; x_wconf 89' lang='lat' dir='ltr'><strong>servitus</strong></span> <span class='ocrx_word' id='word_1_46' title='bbox 894 761 1218 818; x_wconf 82' lang='lat' dir='ltr'><strong>permanens</strong></span> <span class='ocrx_word' id='word_1_47' title='bbox 1263 745 1474 814; x_wconf 91' lang='lat' dir='ltr'><strong>accepit</strong></span> <span class='ocrx_word' id='word_1_48' title='bbox 1502 753 1761 800; x_wconf 91' lang='lat' dir='ltr'><strong>mortem:</strong></span> 
     </span>
    </p>
   </div>
   <div class='ocr_carea' id='block_1_8' title="bbox 218 837 1760 907">
    <p class='ocr_par' dir='ltr' id='par_1_8' title="bbox 218 837 1760 907">
     <span class='ocr_line' id='line_1_8' title="bbox 218 837 1760 907; baseline -0.005 -8"><span class='ocrx_word' id='word_1_49' title='bbox 218 846 262 898; x_wconf 87' lang='lat' dir='ltr'><strong>in</strong></span> <span class='ocrx_word' id='word_1_50' title='bbox 289 843 431 899; x_wconf 84' lang='lat' dir='ltr'><strong>istius</strong></span> <span class='ocrx_word' id='word_1_51' title='bbox 462 841 675 906; x_wconf 91' lang='lat' dir='ltr'><strong>militia,</strong></span> <span class='ocrx_word' id='word_1_52' title='bbox 723 839 779 894; x_wconf 90' lang='lat' dir='ltr'><strong>id</strong></span> <span class='ocrx_word' id='word_1_53' title='bbox 807 847 890 894; x_wconf 91' lang='lat' dir='ltr'><strong>est</strong></span> <span class='ocrx_word' id='word_1_54' title='bbox 917 838 1225 903; x_wconf 79' lang='lat' dir='ltr'><strong>virtutibus,</strong></span> <span class='ocrx_word' id='word_1_55' title='bbox 1274 837 1566 907; x_wconf 81' lang='lat' dir='ltr'><strong>accipimus</strong></span> <span class='ocrx_word' id='word_1_56' title='bbox 1595 838 1760 892; x_wconf 84' lang='lat' dir='ltr'><strong>vitam</strong></span> 
     </span>
    </p>
   </div>
   <div class='ocr_carea' id='block_1_9' title="bbox 213 929 1762 1002">
    <p class='ocr_par' dir='ltr' id='par_1_9' title="bbox 213 929 1762 1002">
     <span class='ocr_line' id='line_1_9' title="bbox 213 929 1762 1002; baseline -0.006 -10"><span class='ocrx_word' id='word_1_57' title='bbox 213 945 470 992; x_wconf 76' lang='lat' dir='ltr'><strong>:eternam.</strong></span> <span class='ocrx_word' id='word_1_58' title='bbox 525 932 744 1002; x_wconf 89' lang='lat' dir='ltr'><strong>Septem</strong></span> <span class='ocrx_word' id='word_1_59' title='bbox 790 932 972 1001; x_wconf 78' lang='lat' dir='ltr'><strong>itaque</strong></span> <span class='ocrx_word' id='word_1_60' title='bbox 1016 929 1334 999; x_wconf 82' lang='lat' dir='ltr'><strong>principalia</strong></span> <span class='ocrx_word' id='word_1_61' title='bbox 1382 929 1536 994; x_wconf 89' lang='lat' dir='ltr'><strong>vitia,</strong></span> <span class='ocrx_word' id='word_1_62' title='bbox 1566 929 1762 999; x_wconf 83' lang='lat' dir='ltr'><strong>quibus</strong></span> 
     </span>
    </p>
   </div>
   <div class='ocr_carea' id='block_1_10' title="bbox 214 1023 1767 1099">
    <p class='ocr_par' dir='ltr' id='par_1_10' title="bbox 214 1023 1767 1099">
     <span class='ocr_line' id='line_1_10' title="bbox 214 1023 1767 1099; baseline -0.006 -13"><span class='ocrx_word' id='word_1_63' title='bbox 214 1030 437 1086; x_wconf 85' lang='lat' dir='ltr'><strong>diabolus</strong></span> <span class='ocrx_word' id='word_1_64' title='bbox 479 1041 648 1099; x_wconf 89' lang='lat' dir='ltr'><strong>genus</strong></span> <span class='ocrx_word' id='word_1_65' title='bbox 693 1026 988 1082; x_wconf 89' lang='lat' dir='ltr'><strong>humanum</strong></span> <span class='ocrx_word' id='word_1_66' title='bbox 1034 1023 1272 1089; x_wconf 83' lang='lat' dir='ltr'><strong>infestat,</strong></span> <span class='ocrx_word' id='word_1_67' title='bbox 1319 1037 1427 1078; x_wconf 90' lang='lat' dir='ltr'><strong>non</strong></span> <span class='ocrx_word' id='word_1_68' title='bbox 1470 1023 1767 1093; x_wconf 78' lang='lat' dir='ltr'><strong>incongrue</strong></span> 
     </span>
    </p>
   </div>
   <div class='ocr_carea' id='block_1_11' title="bbox 213 1112 1768 1189">
    <p class='ocr_par' dir='ltr' id='par_1_11' title="bbox 213 1112 1768 1189">
     <span class='ocr_line' id='line_1_11' title="bbox 213 1112 1768 1189; baseline -0.005 -16"><span class='ocrx_word' id='word_1_69' title='bbox 213 1135 357 1189; x_wconf 82' lang='lat' dir='ltr'><strong>opera</strong></span> <span class='ocrx_word' id='word_1_70' title='bbox 380 1117 594 1172; x_wconf 79' lang='lat' dir='ltr'><strong>Satanae</strong></span> <span class='ocrx_word' id='word_1_71' title='bbox 616 1116 798 1171; x_wconf 84' lang='lat' dir='ltr'><strong>dicere</strong></span> <span class='ocrx_word' id='word_1_72' title='bbox 835 1128 1154 1184; x_wconf 88' lang='lat' dir='ltr'><strong>possumus;</strong></span> <span class='ocrx_word' id='word_1_73' title='bbox 1184 1112 1379 1182; x_wconf 91' lang='lat' dir='ltr'><strong>quibus</strong></span> <span class='ocrx_word' id='word_1_74' title='bbox 1423 1121 1768 1182; x_wconf 90' lang='lat' dir='ltr'><strong>opponuntur</strong></span> 
     </span>
    </p>
   </div>
   <div class='ocr_carea' id='block_1_12' title="bbox 213 1197 1767 1280">
    <p class='ocr_par' dir='ltr' id='par_1_12' title="bbox 213 1197 1767 1280">
     <span class='ocr_line' id='line_1_12' title="bbox 213 1197 1767 1280; baseline -0.005 -15"><span class='ocrx_word' id='word_1_75' title='bbox 213 1218 400 1280; x_wconf 86' lang='lat' dir='ltr'><strong>septem</strong></span> <span class='ocrx_word' id='word_1_76' title='bbox 427 1205 749 1278; x_wconf 71' lang='lat' dir='ltr'><strong>principales</strong></span> <span class='ocrx_word' id='word_1_77' title='bbox 778 1206 1026 1270; x_wconf 87' lang='lat' dir='ltr'><strong>virtutes,</strong></span> <span class='ocrx_word' id='word_1_78' title='bbox 1063 1219 1184 1275; x_wconf 82' lang='lat' dir='ltr'><strong>quae</strong></span> <span class='ocrx_word' id='word_1_79' title='bbox 1225 1218 1390 1274; x_wconf 86' lang='lat' dir='ltr'><strong>opera</strong></span> <span class='ocrx_word' id='word_1_80' title='bbox 1420 1211 1550 1259; x_wconf 90' lang='lat' dir='ltr'><strong>sunt</strong></span> <span class='ocrx_word' id='word_1_81' title='bbox 1575 1197 1767 1274; x_wconf 76' lang='lat' dir='ltr'><strong>pr&#39;ocul</strong></span> 
     </span>
    </p>
   </div>
   <div class='ocr_carea' id='block_1_13' title="bbox 211 1293 1769 1366">
    <p class='ocr_par' dir='ltr' id='par_1_13' title="bbox 211 1293 1769 1366">
     <span class='ocr_line' id='line_1_13' title="bbox 211 1293 1769 1366; baseline -0.002 -13"><span class='ocrx_word' id='word_1_82' title='bbox 211 1301 358 1354; x_wconf 87' lang='lat' dir='ltr'><strong>dubio</strong></span> <span class='ocrx_word' id='word_1_83' title='bbox 377 1298 653 1362; x_wconf 89' lang='lat' dir='ltr'><strong>salutaria,</strong></span> <span class='ocrx_word' id='word_1_84' title='bbox 684 1312 786 1352; x_wconf 92' lang='lat' dir='ltr'><strong>nec</strong></span> <span class='ocrx_word' id='word_1_85' title='bbox 814 1297 991 1351; x_wconf 91' lang='lat' dir='ltr'><strong>minus</strong></span> <span class='ocrx_word' id='word_1_86' title='bbox 1018 1295 1221 1351; x_wconf 84' lang='lat' dir='ltr'><strong>interea</strong></span> <span class='ocrx_word' id='word_1_87' title='bbox 1249 1295 1457 1366; x_wconf 88' lang='lat' dir='ltr'><strong>pompis</strong></span> <span class='ocrx_word' id='word_1_88' title='bbox 1476 1293 1593 1363; x_wconf 89' lang='lat' dir='ltr'><strong>ejus</strong></span> <span class='ocrx_word' id='word_1_89' title='bbox 1619 1295 1769 1350; x_wconf 89' lang='lat' dir='ltr'><strong>abre-</strong></span> 
     </span>
    </p>
   </div>
   <div class='ocr_carea' id='block_1_14' title="bbox 211 1388 1768 1462">
    <p class='ocr_par' dir='ltr' id='par_1_14' title="bbox 211 1388 1768 1462">
     <span class='ocr_line' id='line_1_14' title="bbox 211 1388 1768 1462; baseline -0.003 -14"><span class='ocrx_word' id='word_1_90' title='bbox 211 1393 494 1457; x_wconf 85' lang='lat' dir='ltr'><strong>nuntiatur,</strong></span> <span class='ocrx_word' id='word_1_91' title='bbox 527 1407 647 1462; x_wconf 65' lang='lat' dir='ltr'><strong>qua:</strong></span> <span class='ocrx_word' id='word_1_92' title='bbox 690 1391 874 1461; x_wconf 88' lang='lat' dir='ltr'><strong>utique</strong></span> <span class='ocrx_word' id='word_1_93' title='bbox 924 1405 1088 1460; x_wconf 85' lang='lat' dir='ltr'><strong>opera</strong></span> <span class='ocrx_word' id='word_1_94' title='bbox 1136 1398 1262 1444; x_wconf 91' lang='lat' dir='ltr'><strong>sunt</strong></span> <span class='ocrx_word' id='word_1_95' title='bbox 1291 1389 1528 1454; x_wconf 71' lang='lat' dir='ltr'><strong>Satanae,</strong></span> <span class='ocrx_word' id='word_1_96' title='bbox 1560 1388 1656 1444; x_wconf 91' lang='lat' dir='ltr'><strong>sed</strong></span> <span class='ocrx_word' id='word_1_97' title='bbox 1702 1402 1768 1444; x_wconf 93' lang='lat' dir='ltr'><strong>eo</strong></span> 
     </span>
    </p>
   </div>
   <div class='ocr_carea' id='block_1_15' title="bbox 209 1477 1768 1552">
    <p class='ocr_par' dir='ltr' id='par_1_15' title="bbox 209 1477 1768 1552">
     <span class='ocr_line' id='line_1_15' title="bbox 209 1477 1768 1552; baseline -0.004 -16"><span class='ocrx_word' id='word_1_98' title='bbox 209 1483 350 1552; x_wconf 89' lang='lat' dir='ltr'><strong>quasi</strong></span> <span class='ocrx_word' id='word_1_99' title='bbox 371 1481 604 1536; x_wconf 85' lang='lat' dir='ltr'><strong>discerni</strong></span> <span class='ocrx_word' id='word_1_100' title='bbox 631 1480 881 1536; x_wconf 89' lang='lat' dir='ltr'><strong>videntur</strong></span> <span class='ocrx_word' id='word_1_101' title='bbox 903 1495 934 1534; x_wconf 89' lang='lat' dir='ltr'><strong>a</strong></span> <span class='ocrx_word' id='word_1_102' title='bbox 959 1478 1170 1534; x_wconf 69' lang='lat' dir='ltr'><strong>czeteris</strong></span> <span class='ocrx_word' id='word_1_103' title='bbox 1194 1477 1448 1549; x_wconf 91' lang='lat' dir='ltr'><strong>operibus</strong></span> <span class='ocrx_word' id='word_1_104' title='bbox 1471 1477 1608 1548; x_wconf 90' lang='lat' dir='ltr'><strong>ejus,</strong></span> <span class='ocrx_word' id='word_1_105' title='bbox 1640 1477 1768 1547; x_wconf 88' lang='lat' dir='ltr'><strong>quia</strong></span> 
     </span>
    </p>
   </div>
   <div class='ocr_carea' id='block_1_16' title="bbox 209 1567 1769 1641">
    <p class='ocr_par' dir='ltr' id='par_1_16' title="bbox 209 1567 1769 1641">
     <span class='ocr_line' id='line_1_16' title="bbox 209 1567 1769 1641; baseline -0.004 -15"><span class='ocrx_word' id='word_1_106' title='bbox 209 1577 257 1626; x_wconf 81' lang='lat' dir='ltr'><strong>in</strong></span> <span class='ocrx_word' id='word_1_107' title='bbox 301 1572 376 1626; x_wconf 88' lang='lat' dir='ltr'><strong>eis</strong></span> <span class='ocrx_word' id='word_1_108' title='bbox 423 1569 696 1641; x_wconf 88' lang='lat' dir='ltr'><strong>superbia,</strong></span> <span class='ocrx_word' id='word_1_109' title='bbox 718 1567 871 1638; x_wconf 92' lang='lat' dir='ltr'><strong>cujus</strong></span> <span class='ocrx_word' id='word_1_110' title='bbox 903 1569 991 1624; x_wconf 91' lang='lat' dir='ltr'><strong>ille</strong></span> <span class='ocrx_word' id='word_1_111' title='bbox 1040 1575 1231 1623; x_wconf 87' lang='lat' dir='ltr'><strong>auctor</strong></span> <span class='ocrx_word' id='word_1_112' title='bbox 1257 1576 1361 1632; x_wconf 89' lang='lat' dir='ltr'><strong>est,</strong></span> <span class='ocrx_word' id='word_1_113' title='bbox 1384 1575 1440 1621; x_wconf 93' lang='lat' dir='ltr'><strong>et</strong></span> <span class='ocrx_word' id='word_1_114' title='bbox 1463 1581 1600 1636; x_wconf 66' lang='lat' dir='ltr'><strong>oquae</strong></span> <span class='ocrx_word' id='word_1_115' title='bbox 1645 1582 1769 1622; x_wconf 88' lang='lat' dir='ltr'><strong>eum</strong></span> 
     </span>
    </p>
   </div>
   <div class='ocr_carea' id='block_1_17' title="bbox 206 1658 1770 1732">
    <p class='ocr_par' dir='ltr' id='par_1_17' title="bbox 206 1658 1770 1732">
     <span class='ocr_line' id='line_1_17' title="bbox 206 1658 1770 1732; baseline 0 -19"><span class='ocrx_word' id='word_1_116' title='bbox 206 1662 415 1732; x_wconf 76' lang='lat' dir='ltr'><strong>.lejccit,</strong></span> <span class='ocrx_word' id='word_1_117' title='bbox 435 1661 830 1732; x_wconf 86' lang='lat' dir='ltr'><strong>quodammodo</strong></span> <span class='ocrx_word' id='word_1_118' title='bbox 859 1659 1188 1730; x_wconf 80' lang='lat' dir='ltr'><strong>designatur.</strong></span> <span class='ocrx_word' id='word_1_119' title='bbox 1214 1659 1430 1728; x_wconf 66' lang='lat' dir='ltr'><strong>Pompa:</strong></span> <span class='ocrx_word' id='word_1_120' title='bbox 1461 1658 1626 1729; x_wconf 81' lang='lat' dir='ltr'><strong>igitur</strong></span> <span class='ocrx_word' id='word_1_121' title='bbox 1653 1659 1770 1728; x_wconf 88' lang='lat' dir='ltr'><strong>ejus</strong></span> 
     </span>
    </p>
   </div>
   <div class='ocr_carea' id='block_1_18' title="bbox 205 1750 1770 1822">
    <p class='ocr_par' dir='ltr' id='par_1_18' title="bbox 205 1750 1770 1822">
     <span class='ocr_line' id='line_1_18' title="bbox 205 1750 1770 1822; baseline -0.001 -18"><span class='ocrx_word' id='word_1_122' title='bbox 205 1762 324 1807; x_wconf 83' lang='lat' dir='ltr'><strong>sunt</strong></span> <span class='ocrx_word' id='word_1_123' title='bbox 371 1752 613 1818; x_wconf 89' lang='lat' dir='ltr'><strong>ambitio,</strong></span> <span class='ocrx_word' id='word_1_124' title='bbox 663 1751 1012 1822; x_wconf 83' lang='lat' dir='ltr'><strong>arrogantia,</strong></span> <span class='ocrx_word' id='word_1_125' title='bbox 1059 1766 1197 1805; x_wconf 88' lang='lat' dir='ltr'><strong>vana</strong></span> <span class='ocrx_word' id='word_1_126' title='bbox 1246 1750 1438 1822; x_wconf 85' lang='lat' dir='ltr'><strong>gloria,</strong></span> <span class='ocrx_word' id='word_1_127' title='bbox 1465 1759 1521 1806; x_wconf 91' lang='lat' dir='ltr'><strong>et</strong></span> <span class='ocrx_word' id='word_1_128' title='bbox 1573 1759 1770 1805; x_wconf 64' lang='lat' dir='ltr'><strong>caetera</strong></span> 
     </span>
    </p>
   </div>
   <div class='ocr_carea' id='block_1_19' title="bbox 1865 559 3440 634">
    <p class='ocr_par' dir='ltr' id='par_1_19' title="bbox 1865 559 3440 634">
     <span class='ocr_line' id='line_1_19' title="bbox 1865 559 3440 634; baseline 0.004 -23"><span class='ocrx_word' id='word_1_129' title='bbox 1865 559 1968 612; x_wconf 89' lang='lat' dir='ltr'><strong>ait:</strong></span> <span class='ocrx_word' id='word_1_130' title='bbox 2012 577 2031 611; x_wconf 86' lang='grc'>‹</span> <span class='ocrx_word' id='word_1_131' title='bbox 2068 560 2320 629; x_wconf 88' lang='lat' dir='ltr'><strong>quoniam</strong></span> <span class='ocrx_word' id='word_1_132' title='bbox 2350 559 2455 614; x_wconf 90' lang='lat' dir='ltr'><strong>nisi</strong></span> <span class='ocrx_word' id='word_1_133' title='bbox 2494 559 2615 630; x_wconf 88' lang='lat' dir='ltr'><strong>quis</strong></span> <span class='ocrx_word' id='word_1_134' title='bbox 2646 568 2866 616; x_wconf 89' lang='lat' dir='ltr'><strong>renatus</strong></span> <span class='ocrx_word' id='word_1_135' title='bbox 2901 561 3066 617; x_wconf 79' lang='lat' dir='ltr'><strong>fuerit</strong></span> <span class='ocrx_word' id='word_1_136' title='bbox 3111 579 3178 617; x_wconf 75' lang='lat' dir='ltr'><strong>ex</strong></span> <span class='ocrx_word' id='word_1_137' title='bbox 3207 578 3344 634; x_wconf 91' lang='lat' dir='ltr'><strong>aqua</strong></span> <span class='ocrx_word' id='word_1_138' title='bbox 3385 571 3440 617; x_wconf 89' lang='lat' dir='ltr'><strong>et</strong></span> 
     </span>
    </p>
   </div>
   <div class='ocr_carea' id='block_1_20' title="bbox 1865 648 3440 723">
    <p class='ocr_par' dir='ltr' id='par_1_20' title="bbox 1865 648 3440 723">
     <span class='ocr_line' id='line_1_20' title="bbox 1865 648 3440 723; baseline 0.003 -19"><span class='ocrx_word' id='word_1_139' title='bbox 1865 648 2068 718; x_wconf 90' lang='lat' dir='ltr'><strong>Spiritu</strong></span> <span class='ocrx_word' id='word_1_140' title='bbox 2111 657 2317 714; x_wconf 90' lang='lat' dir='ltr'><strong>saneto,</strong></span> <span class='ocrx_word' id='word_1_141' title='bbox 2344 665 2451 704; x_wconf 91' lang='lat' dir='ltr'><strong>non</strong></span> <span class='ocrx_word' id='word_1_142' title='bbox 2494 651 2695 720; x_wconf 90' lang='lat' dir='ltr'><strong>poterit</strong></span> <span class='ocrx_word' id='word_1_143' title='bbox 2735 651 2960 708; x_wconf 88' lang='lat' dir='ltr'><strong>introire</strong></span> <span class='ocrx_word' id='word_1_144' title='bbox 2989 653 3042 706; x_wconf 89' lang='lat' dir='ltr'><strong>in</strong></span> <span class='ocrx_word' id='word_1_145' title='bbox 3077 668 3299 723; x_wconf 80' lang='lat' dir='ltr'><strong>regnum</strong></span> <span class='ocrx_word' id='word_1_146' title='bbox 3345 654 3440 708; x_wconf 88' lang='lat' dir='ltr'><strong>Dei</strong></span> 
     </span>
    </p>
   </div>
   <div class='ocr_carea' id='block_1_21' title="bbox 1865 741 3440 820">
    <p class='ocr_par' dir='ltr' id='par_1_21' title="bbox 1865 741 3440 820">
     <span class='ocr_line' id='line_1_21' title="bbox 1865 741 3440 820; baseline 0.005 -24"><span class='ocrx_word' id='word_1_147' title='bbox 1865 741 2048 816; x_wconf 82' lang='lat' dir='ltr'><strong>(Joan.</strong></span> <span class='ocrx_word' id='word_1_148' title='bbox 2079 759 2158 810; x_wconf 82' lang='lat' dir='ltr'><strong>Ill,</strong></span> <span class='ocrx_word' id='word_1_149' title='bbox 2189 743 2297 815; x_wconf 76' lang='grc'><strong>5).»</strong></span> <span class='ocrx_word' id='word_1_150' title='bbox 2334 743 2402 800; x_wconf 89' lang='lat' dir='ltr'><strong>Et</strong></span> <span class='ocrx_word' id='word_1_151' title='bbox 2421 743 2656 802; x_wconf 79' lang='lat' dir='ltr'><strong>Joannes</strong></span> <span class='ocrx_word' id='word_1_152' title='bbox 2683 747 2748 802; x_wconf 92' lang='lat' dir='ltr'><strong>de</strong></span> <span class='ocrx_word' id='word_1_153' title='bbox 2772 761 2838 801; x_wconf 90' lang='lat' dir='ltr'><strong>eo</strong></span> <span class='ocrx_word' id='word_1_154' title='bbox 2863 747 2974 803; x_wconf 86' lang='lat' dir='ltr'><strong>ait:</strong></span> <span class='ocrx_word' id='word_1_155' title='bbox 3007 768 3025 799; x_wconf 75' lang='grc' dir='ltr'><strong><em>ι</em></strong></span> <span class='ocrx_word' id='word_1_156' title='bbox 3061 748 3200 804; x_wconf 90' lang='lat' dir='ltr'><strong>Ecce</strong></span> <span class='ocrx_word' id='word_1_157' title='bbox 3225 749 3440 820; x_wconf 86' lang='lat' dir='ltr'><strong>baptizo</strong></span> 
     </span>
    </p>
   </div>
   <div class='ocr_carea' id='block_1_22' title="bbox 1865 835 3441 908">
    <p class='ocr_par' dir='ltr' id='par_1_22' title="bbox 1865 835 3441 908">
     <span class='ocr_line' id='line_1_22' title="bbox 1865 835 3441 908; baseline 0.003 -18"><span class='ocrx_word' id='word_1_158' title='bbox 1865 835 1920 890; x_wconf 88' lang='lat' dir='ltr'><strong>in</strong></span> <span class='ocrx_word' id='word_1_159' title='bbox 1979 851 2156 906; x_wconf 90' lang='lat' dir='ltr'><strong>aqua:</strong></span> <span class='ocrx_word' id='word_1_160' title='bbox 2217 837 2426 892; x_wconf 90' lang='lat' dir='ltr'><strong>medius</strong></span> <span class='ocrx_word' id='word_1_161' title='bbox 2476 846 2654 892; x_wconf 91' lang='lat' dir='ltr'><strong>autem</strong></span> <span class='ocrx_word' id='word_1_162' title='bbox 2696 845 2932 893; x_wconf 89' lang='lat' dir='ltr'><strong>vestrum</strong></span> <span class='ocrx_word' id='word_1_163' title='bbox 2983 848 3111 906; x_wconf 88' lang='lat' dir='ltr'><strong>stat,</strong></span> <span class='ocrx_word' id='word_1_164' title='bbox 3144 853 3304 908; x_wconf 89' lang='lat' dir='ltr'><strong>quem</strong></span> <span class='ocrx_word' id='word_1_165' title='bbox 3345 854 3441 896; x_wconf 91' lang='lat' dir='ltr'><strong>vos</strong></span> 
     </span>
    </p>
   </div>
   <div class='ocr_carea' id='block_1_23' title="bbox 1869 927 3444 1000">
    <p class='ocr_par' dir='ltr' id='par_1_23' title="bbox 1869 927 3444 1000">
     <span class='ocr_line' id='line_1_23' title="bbox 1869 927 3444 1000; baseline 0.003 -18"><span class='ocrx_word' id='word_1_166' title='bbox 1869 927 2108 983; x_wconf 88' lang='lat' dir='ltr'><strong>nescitis.</strong></span> <span class='ocrx_word' id='word_1_167' title='bbox 2159 927 2276 998; x_wconf 85' lang='lat' dir='ltr'><strong>ipse</strong></span> <span class='ocrx_word' id='word_1_168' title='bbox 2325 943 2420 984; x_wconf 91' lang='lat' dir='ltr'><strong>vos</strong></span> <span class='ocrx_word' id='word_1_169' title='bbox 2463 927 2761 998; x_wconf 89' lang='lat' dir='ltr'><strong>baptizabit</strong></span> <span class='ocrx_word' id='word_1_170' title='bbox 2809 930 2864 984; x_wconf 91' lang='lat' dir='ltr'><strong>in</strong></span> <span class='ocrx_word' id='word_1_171' title='bbox 2894 929 3098 1000; x_wconf 88' lang='lat' dir='ltr'><strong>Spiritu</strong></span> <span class='ocrx_word' id='word_1_172' title='bbox 3147 939 3334 988; x_wconf 90' lang='lat' dir='ltr'><strong>sancto</strong></span> <span class='ocrx_word' id='word_1_173' title='bbox 3390 941 3444 987; x_wconf 87' lang='lat' dir='ltr'><strong>et</strong></span> 
     </span>
    </p>
   </div>
   <div class='ocr_carea' id='block_1_24' title="bbox 1867 1019 3440 1093">
    <p class='ocr_par' dir='ltr' id='par_1_24' title="bbox 1867 1019 3440 1093">
     <span class='ocr_line' id='line_1_24' title="bbox 1867 1019 3440 1093; baseline 0.001 -17"><span class='ocrx_word' id='word_1_174' title='bbox 1867 1021 1991 1092; x_wconf 88' lang='lat' dir='ltr'><strong>igne</strong></span> <span class='ocrx_word' id='word_1_175' title='bbox 2020 1019 2201 1092; x_wconf 80' lang='lat' dir='ltr'><strong>(Joan.</strong></span> <span class='ocrx_word' id='word_1_176' title='bbox 2235 1038 2275 1086; x_wconf 91' lang='grc' dir='ltr'><strong>ι,</strong></span> <span class='ocrx_word' id='word_1_177' title='bbox 2303 1020 2417 1093; x_wconf 77' lang='grc'><strong>26).</strong></span> <span class='ocrx_word' id='word_1_178' title='bbox 2455 1040 2473 1073; x_wconf 75' lang='grc' dir='ltr'><strong><em>ι</em></strong></span> <span class='ocrx_word' id='word_1_179' title='bbox 2509 1020 2613 1075; x_wconf 90' lang='lat' dir='ltr'><strong>Per</strong></span> <span class='ocrx_word' id='word_1_180' title='bbox 2635 1022 2740 1076; x_wconf 88' lang='lat' dir='ltr'><strong>hoc</strong></span> <span class='ocrx_word' id='word_1_181' title='bbox 2781 1022 2872 1091; x_wconf 89' lang='lat' dir='ltr'><strong>qui</strong></span> <span class='ocrx_word' id='word_1_182' title='bbox 2902 1022 3180 1078; x_wconf 90' lang='lat' dir='ltr'><strong>nascimur</strong></span> <span class='ocrx_word' id='word_1_183' title='bbox 3221 1023 3440 1087; x_wconf 88' lang='lat' dir='ltr'><strong>munde,</strong></span> 
     </span>
    </p>
   </div>
   <div class='ocr_carea' id='block_1_25' title="bbox 1868 1111 3444 1182">
    <p class='ocr_par' dir='ltr' id='par_1_25' title="bbox 1868 1111 3444 1182">
     <span class='ocr_line' id='line_1_25' title="bbox 1868 1111 3444 1182; baseline -0.001 -15"><span class='ocrx_word' id='word_1_184' title='bbox 1868 1111 2200 1168; x_wconf 89' lang='lat' dir='ltr'><strong>renaseimur</strong></span> <span class='ocrx_word' id='word_1_185' title='bbox 2248 1111 2378 1178; x_wconf 92' lang='lat' dir='ltr'><strong>Deo,</strong></span> <span class='ocrx_word' id='word_1_186' title='bbox 2408 1121 2464 1167; x_wconf 92' lang='lat' dir='ltr'><strong>et</strong></span> <span class='ocrx_word' id='word_1_187' title='bbox 2495 1112 2587 1180; x_wconf 88' lang='lat' dir='ltr'><strong>qui</strong></span> <span class='ocrx_word' id='word_1_188' title='bbox 2637 1127 2734 1182; x_wconf 90' lang='lat' dir='ltr'><strong>per</strong></span> <span class='ocrx_word' id='word_1_189' title='bbox 2776 1122 3058 1182; x_wconf 90' lang='lat' dir='ltr'><strong>peccatum</strong></span> <span class='ocrx_word' id='word_1_190' title='bbox 3088 1129 3302 1168; x_wconf 89' lang='lat' dir='ltr'><strong>eramus</strong></span> <span class='ocrx_word' id='word_1_191' title='bbox 3351 1113 3444 1167; x_wconf 91' lang='lat' dir='ltr'><strong>ﬁlii</strong></span> 
     </span>
    </p>
   </div>
   <div class='ocr_carea' id='block_1_26' title="bbox 1870 1201 3444 1272">
    <p class='ocr_par' dir='ltr' id='par_1_26' title="bbox 1870 1201 3444 1272">
     <span class='ocr_line' id='line_1_26' title="bbox 1870 1201 3444 1272; baseline 0 -16"><span class='ocrx_word' id='word_1_192' title='bbox 1870 1202 1983 1267; x_wconf 59' lang='lat' dir='ltr'><strong>ira,</strong></span> <span class='ocrx_word' id='word_1_193' title='bbox 2011 1216 2106 1272; x_wconf 93' lang='lat' dir='ltr'><strong>per</strong></span> <span class='ocrx_word' id='word_1_194' title='bbox 2146 1202 2375 1272; x_wconf 84' lang='lat' dir='ltr'><strong>gratiam</strong></span> <span class='ocrx_word' id='word_1_195' title='bbox 2411 1201 2674 1255; x_wconf 85' lang='lat' dir='ltr'><strong>ellieimur</strong></span> <span class='ocrx_word' id='word_1_196' title='bbox 2723 1201 2816 1256; x_wconf 88' lang='lat' dir='ltr'><strong>ﬁlii</strong></span> <span class='ocrx_word' id='word_1_197' title='bbox 2845 1201 2958 1256; x_wconf 90' lang='lat' dir='ltr'><strong>Dei.</strong></span> <span class='ocrx_word' id='word_1_198' title='bbox 3013 1202 3126 1257; x_wconf 85' lang='lat' dir='ltr'><strong>Hac</strong></span> <span class='ocrx_word' id='word_1_199' title='bbox 3155 1201 3297 1256; x_wconf 90' lang='lat' dir='ltr'><strong>enim</strong></span> <span class='ocrx_word' id='word_1_200' title='bbox 3334 1203 3444 1256; x_wconf 89' lang='lat' dir='ltr'><strong>tin-</strong></span> 
     </span>
    </p>
   </div>
   <div class='ocr_carea' id='block_1_27' title="bbox 1868 1292 3444 1364">
    <p class='ocr_par' dir='ltr' id='par_1_27' title="bbox 1868 1292 3444 1364">
     <span class='ocr_line' id='line_1_27' title="bbox 1868 1292 3444 1364; baseline -0.001 -15"><span class='ocrx_word' id='word_1_201' title='bbox 1868 1295 2046 1349; x_wconf 87' lang='lat' dir='ltr'><strong>ctione</strong></span> <span class='ocrx_word' id='word_1_202' title='bbox 2092 1301 2147 1346; x_wconf 93' lang='lat' dir='ltr'><strong>et</strong></span> <span class='ocrx_word' id='word_1_203' title='bbox 2177 1293 2279 1347; x_wconf 89' lang='lat' dir='ltr'><strong>hoc</strong></span> <span class='ocrx_word' id='word_1_204' title='bbox 2308 1292 2522 1347; x_wconf 89' lang='lat' dir='ltr'><strong>lavacro</strong></span> <span class='ocrx_word' id='word_1_205' title='bbox 2573 1292 2810 1347; x_wconf 90' lang='lat' dir='ltr'><strong>Ecclesia</strong></span> <span class='ocrx_word' id='word_1_206' title='bbox 2858 1301 3158 1363; x_wconf 80' lang='lat' dir='ltr'><strong>vegetatur,</strong></span> <span class='ocrx_word' id='word_1_207' title='bbox 3190 1294 3444 1364; x_wconf 90' lang='lat' dir='ltr'><strong>quoniam</strong></span> 
     </span>
    </p>
   </div>
   <div class='ocr_carea' id='block_1_28' title="bbox 1868 1384 3442 1455">
    <p class='ocr_par' dir='ltr' id='par_1_28' title="bbox 1868 1384 3442 1455">
     <span class='ocr_line' id='line_1_28' title="bbox 1868 1384 3442 1455; baseline -0.001 -14"><span class='ocrx_word' id='word_1_208' title='bbox 1868 1387 2007 1441; x_wconf 88' lang='lat' dir='ltr'><strong>sicut</strong></span> <span class='ocrx_word' id='word_1_209' title='bbox 2038 1401 2104 1442; x_wconf 82' lang='lat' dir='ltr'><strong>ex</strong></span> <span class='ocrx_word' id='word_1_210' title='bbox 2133 1401 2256 1441; x_wconf 90' lang='lat' dir='ltr'><strong>osse</strong></span> <span class='ocrx_word' id='word_1_211' title='bbox 2297 1386 2612 1441; x_wconf 90' lang='lat' dir='ltr'><strong>dormientis</strong></span> <span class='ocrx_word' id='word_1_212' title='bbox 2642 1384 2956 1455; x_wconf 85' lang='lat' dir='ltr'><strong>protoplasti</strong></span> <span class='ocrx_word' id='word_1_213' title='bbox 2983 1386 3176 1440; x_wconf 89' lang='lat' dir='ltr'><strong>mulier</strong></span> <span class='ocrx_word' id='word_1_214' title='bbox 3209 1385 3442 1440; x_wconf 80' lang='lat' dir='ltr'><strong>:ediﬁea-</strong></span> 
     </span>
    </p>
   </div>
   <div class='ocr_carea' id='block_1_29' title="bbox 1871 1465 3443 1542">
    <p class='ocr_par' dir='ltr' id='par_1_29' title="bbox 1871 1465 3443 1542">
     <span class='ocr_line' id='line_1_29' title="bbox 1871 1465 3443 1542; baseline -0.001 -10"><span class='ocrx_word' id='word_1_215' title='bbox 1871 1484 1925 1532; x_wconf 87' lang='lat' dir='ltr'><strong>ta</strong></span> <span class='ocrx_word' id='word_1_216' title='bbox 1950 1483 2054 1542; x_wconf 90' lang='lat' dir='ltr'><strong>est,</strong></span> <span class='ocrx_word' id='word_1_217' title='bbox 2089 1476 2162 1531; x_wconf 91' lang='lat' dir='ltr'><strong>ita</strong></span> <span class='ocrx_word' id='word_1_218' title='bbox 2194 1489 2259 1529; x_wconf 78' lang='lat' dir='ltr'><strong>ex</strong></span> <span class='ocrx_word' id='word_1_219' title='bbox 2289 1475 2455 1530; x_wconf 89' lang='lat' dir='ltr'><strong>latere</strong></span> <span class='ocrx_word' id='word_1_220' title='bbox 2479 1475 2682 1530; x_wconf 89' lang='lat' dir='ltr'><strong>Christi</strong></span> <span class='ocrx_word' id='word_1_221' title='bbox 2712 1475 2767 1529; x_wconf 90' lang='lat' dir='ltr'><strong>in</strong></span> <span class='ocrx_word' id='word_1_222' title='bbox 2789 1491 2950 1530; x_wconf 89' lang='lat' dir='ltr'><strong>cruce</strong></span> <span class='ocrx_word' id='word_1_223' title='bbox 2996 1477 3315 1532; x_wconf 89' lang='lat' dir='ltr'><strong>dormientis</strong></span> <span class='ocrx_word' id='word_1_224' title='bbox 3343 1465 3443 1531; x_wconf 2' lang='lat' dir='ltr'><strong>Ecd-</strong></span> 
     </span>
    </p>
   </div>
   <div class='ocr_carea' id='block_1_30' title="bbox 1869 1565 3448 1636">
    <p class='ocr_par' dir='ltr' id='par_1_30' title="bbox 1869 1565 3448 1636">
     <span class='ocr_line' id='line_1_30' title="bbox 1869 1565 3448 1636; baseline -0.001 -13"><span class='ocrx_word' id='word_1_225' title='bbox 1869 1567 2033 1623; x_wconf 88' lang='lat' dir='ltr'><strong>clesia</strong></span> <span class='ocrx_word' id='word_1_226' title='bbox 2058 1565 2288 1622; x_wconf 77' lang='lat' dir='ltr'><strong>formata</strong></span> <span class='ocrx_word' id='word_1_227' title='bbox 2317 1575 2429 1621; x_wconf 87' lang='lat' dir='ltr'><strong>est:</strong></span> <span class='ocrx_word' id='word_1_228' title='bbox 2463 1585 2481 1616; x_wconf 73' lang='grc' dir='ltr'>ί</span> <span class='ocrx_word' id='word_1_229' title='bbox 2511 1565 2881 1636; x_wconf 78' lang='lat' dir='ltr'><strong>proﬂuxerunt</strong></span> <span class='ocrx_word' id='word_1_230' title='bbox 2905 1567 3050 1620; x_wconf 85' lang='lat' dir='ltr'><strong>enim</strong></span> <span class='ocrx_word' id='word_1_231' title='bbox 3079 1583 3146 1622; x_wconf 84' lang='lat' dir='ltr'><strong>ex</strong></span> <span class='ocrx_word' id='word_1_232' title='bbox 3202 1566 3318 1635; x_wconf 87' lang='lat' dir='ltr'><strong>ejus</strong></span> <span class='ocrx_word' id='word_1_233' title='bbox 3374 1567 3448 1621; x_wconf 92' lang='lat' dir='ltr'><strong>la-</strong></span> 
     </span>
    </p>
   </div>
   <div class='ocr_carea' id='block_1_31' title="bbox 1871 1655 3450 1729">
    <p class='ocr_par' dir='ltr' id='par_1_31' title="bbox 1871 1655 3450 1729">
     <span class='ocr_line' id='line_1_31' title="bbox 1871 1655 3450 1729; baseline 0.001 -17"><span class='ocrx_word' id='word_1_234' title='bbox 1871 1665 1986 1712; x_wconf 89' lang='lat' dir='ltr'><strong>tere</strong></span> <span class='ocrx_word' id='word_1_235' title='bbox 2010 1657 2228 1726; x_wconf 88' lang='lat' dir='ltr'><strong>sanguis</strong></span> <span class='ocrx_word' id='word_1_236' title='bbox 2255 1665 2308 1711; x_wconf 91' lang='lat' dir='ltr'><strong>et</strong></span> <span class='ocrx_word' id='word_1_237' title='bbox 2332 1671 2471 1726; x_wconf 90' lang='lat' dir='ltr'><strong>aqua</strong></span> <span class='ocrx_word' id='word_1_238' title='bbox 2487 1671 2533 1708; x_wconf 70' lang='lat' dir='ltr'><strong>:i</strong></span> <span class='ocrx_word' id='word_1_239' title='bbox 2558 1657 2662 1711; x_wconf 93' lang='lat' dir='ltr'><strong>duo</strong></span> <span class='ocrx_word' id='word_1_240' title='bbox 2685 1663 2886 1712; x_wconf 76' lang='lat' dir='ltr'><strong>sancta:</strong></span> <span class='ocrx_word' id='word_1_241' title='bbox 2909 1655 3164 1713; x_wconf 57' lang='lat' dir='ltr'><strong>Ecclesia</strong></span> <span class='ocrx_word' id='word_1_242' title='bbox 3184 1659 3450 1729; x_wconf 64' lang='lat' dir='ltr'><strong>praecipua</strong></span> 
     </span>
    </p>
   </div>
   <div class='ocr_carea' id='block_1_32' title="bbox 1872 1748 3447 1816">
    <p class='ocr_par' dir='ltr' id='par_1_32' title="bbox 1872 1748 3447 1816">
     <span class='ocr_line' id='line_1_32' title="bbox 1872 1748 3447 1816; baseline -0.001 -11"><span class='ocrx_word' id='word_1_243' title='bbox 1872 1757 2231 1815; x_wconf 89' lang='lat' dir='ltr'><strong>sacramenta,</strong></span> <span class='ocrx_word' id='word_1_244' title='bbox 2257 1758 2315 1804; x_wconf 92' lang='lat' dir='ltr'><strong>ut</strong></span> <span class='ocrx_word' id='word_1_245' title='bbox 2344 1749 2399 1803; x_wconf 90' lang='lat' dir='ltr'><strong>in</strong></span> <span class='ocrx_word' id='word_1_246' title='bbox 2435 1748 2603 1804; x_wconf 85' lang='lat' dir='ltr'><strong>altero</strong></span> <span class='ocrx_word' id='word_1_247' title='bbox 2628 1750 2986 1816; x_wconf 90' lang='lat' dir='ltr'><strong>consecratio,</strong></span> <span class='ocrx_word' id='word_1_248' title='bbox 3015 1751 3067 1804; x_wconf 90' lang='lat' dir='ltr'><strong>in</strong></span> <span class='ocrx_word' id='word_1_249' title='bbox 3095 1750 3268 1807; x_wconf 90' lang='lat' dir='ltr'><strong>altero</strong></span> <span class='ocrx_word' id='word_1_250' title='bbox 3294 1767 3447 1806; x_wconf 84' lang='lat' dir='ltr'><strong>mun-</strong></span> 
     </span>
    </p>
   </div>
   <div class='ocr_carea' id='block_1_33' title="bbox 207 1839 3454 1924">
    <p class='ocr_par' dir='ltr' id='par_1_33' title="bbox 207 1839 3454 1924">
     <span class='ocr_line' id='line_1_33' title="bbox 207 1839 3454 1924; baseline -0 -28"><span class='ocrx_word' id='word_1_251' title='bbox 207 1843 583 1913; x_wconf 85' lang='lat' dir='ltr'><strong>hnjuscemodi,</strong></span> <span class='ocrx_word' id='word_1_252' title='bbox 601 1857 720 1912; x_wconf 65' lang='lat' dir='ltr'><strong>quae</strong></span> <span class='ocrx_word' id='word_1_253' title='bbox 742 1843 809 1897; x_wconf 90' lang='lat' dir='ltr'><strong>de</strong></span> <span class='ocrx_word' id='word_1_254' title='bbox 829 1842 975 1924; x_wconf 81' lang='lat' dir='ltr'><strong>fonte</strong></span> <span class='ocrx_word' id='word_1_255' title='bbox 996 1841 1260 1910; x_wconf 77' lang='lat' dir='ltr'><strong>superbiae</strong></span> <span class='ocrx_word' id='word_1_256' title='bbox 1278 1841 1568 1910; x_wconf 84' lang='lat' dir='ltr'><strong>procedere</strong></span> <span class='ocrx_word' id='word_1_257' title='bbox 1583 1840 1768 1911; x_wconf 89' lang='lat' dir='ltr'><strong>digno-</strong></span> <span class='ocrx_word' id='word_1_258' title='bbox 1795 1845 1843 1905; x_wconf 89' lang='lat' dir='ltr'><strong>B</strong></span> <span class='ocrx_word' id='word_1_259' title='bbox 1871 1840 2014 1896; x_wconf 89' lang='lat' dir='ltr'><strong>datio</strong></span> <span class='ocrx_word' id='word_1_260' title='bbox 2039 1879 2054 1906; x_wconf 96' lang='lat'><strong>,</strong></span> <span class='ocrx_word' id='word_1_261' title='bbox 2104 1840 2278 1895; x_wconf 91' lang='lat' dir='ltr'><strong>eidem</strong></span> <span class='ocrx_word' id='word_1_262' title='bbox 2333 1839 2661 1895; x_wconf 88' lang='lat' dir='ltr'><strong>tribueretur</strong></span> <span class='ocrx_word' id='word_1_263' title='bbox 2718 1839 2974 1895; x_wconf 78' lang='lat' dir='ltr'><strong>Ecclesia:</strong></span> <span class='ocrx_word' id='word_1_264' title='bbox 3002 1882 3016 1906; x_wconf 93' lang='lat'><strong>,</strong></span> <span class='ocrx_word' id='word_1_265' title='bbox 3067 1856 3454 1912; x_wconf 89' lang='lat' dir='ltr'><strong>regeneramur</strong></span> 
     </span>
    </p>
   </div>
   <div class='ocr_carea' id='block_1_34' title="bbox 203 1929 1766 2003">
    <p class='ocr_par' dir='ltr' id='par_1_34' title="bbox 203 1929 1766 2003">
     <span class='ocr_line' id='line_1_34' title="bbox 203 1929 1766 2003; baseline -0.003 -14"><span class='ocrx_word' id='word_1_266' title='bbox 203 1941 441 1989; x_wconf 89' lang='lat' dir='ltr'><strong>scuntur.</strong></span> <span class='ocrx_word' id='word_1_267' title='bbox 494 1933 751 2003; x_wconf 90' lang='lat' dir='ltr'><strong>Pompam</strong></span> <span class='ocrx_word' id='word_1_268' title='bbox 783 1933 948 1997; x_wconf 89' lang='lat' dir='ltr'><strong>enim,</strong></span> <span class='ocrx_word' id='word_1_269' title='bbox 1001 1932 1348 1986; x_wconf 87' lang='lat' dir='ltr'><strong>ambitionem</strong></span> <span class='ocrx_word' id='word_1_270' title='bbox 1400 1931 1514 1985; x_wconf 87' lang='lat' dir='ltr'><strong>sive</strong></span> <span class='ocrx_word' id='word_1_271' title='bbox 1552 1929 1766 1998; x_wconf 89' lang='lat' dir='ltr'><strong>jactan-</strong></span> 
     </span>
    </p>
   </div>
   <div class='ocr_carea' id='block_1_35' title="bbox 206 2023 1768 2095">
    <p class='ocr_par' dir='ltr' id='par_1_35' title="bbox 206 2023 1768 2095">
     <span class='ocr_line' id='line_1_35' title="bbox 206 2023 1768 2095; baseline -0.003 -15"><span class='ocrx_word' id='word_1_272' title='bbox 206 2026 352 2090; x_wconf 89' lang='lat' dir='ltr'><strong>tiam,</strong></span> <span class='ocrx_word' id='word_1_273' title='bbox 379 2033 434 2078; x_wconf 89' lang='lat' dir='ltr'><strong>et</strong></span> <span class='ocrx_word' id='word_1_274' title='bbox 457 2025 540 2080; x_wconf 89' lang='lat' dir='ltr'><strong>his</strong></span> <span class='ocrx_word' id='word_1_275' title='bbox 566 2025 788 2090; x_wconf 89' lang='lat' dir='ltr'><strong>similia,</strong></span> <span class='ocrx_word' id='word_1_276' title='bbox 818 2025 1040 2095; x_wconf 81' lang='lat' dir='ltr'><strong>intelligi</strong></span> <span class='ocrx_word' id='word_1_277' title='bbox 1064 2023 1257 2078; x_wconf 89' lang='lat' dir='ltr'><strong>debere</strong></span> <span class='ocrx_word' id='word_1_278' title='bbox 1280 2023 1624 2093; x_wconf 85' lang='lat' dir='ltr'><strong>propheticus</strong></span> <span class='ocrx_word' id='word_1_279' title='bbox 1651 2036 1768 2076; x_wconf 90' lang='lat' dir='ltr'><strong>ser-</strong></span> 
     </span>
    </p>
   </div>
   <div class='ocr_carea' id='block_1_36' title="bbox 204 2112 1773 2184">
    <p class='ocr_par' dir='ltr' id='par_1_36' title="bbox 204 2112 1773 2184">
     <span class='ocr_line' id='line_1_36' title="bbox 204 2112 1773 2184; baseline -0.001 -14"><span class='ocrx_word' id='word_1_280' title='bbox 204 2131 290 2171; x_wconf 92' lang='lat' dir='ltr'><strong>mo</strong></span> <span class='ocrx_word' id='word_1_281' title='bbox 327 2116 676 2180; x_wconf 88' lang='lat' dir='ltr'><strong>demonstrat,</strong></span> <span class='ocrx_word' id='word_1_282' title='bbox 718 2131 841 2170; x_wconf 92' lang='lat' dir='ltr'><strong>eum</strong></span> <span class='ocrx_word' id='word_1_283' title='bbox 864 2115 996 2171; x_wconf 88' lang='lat' dir='ltr'><strong>dicit</strong></span> <span class='ocrx_word' id='word_1_284' title='bbox 1033 2133 1044 2168; x_wconf 92' lang='lat'><strong>:</strong></span> <span class='ocrx_word' id='word_1_285' title='bbox 1085 2133 1103 2164; x_wconf 77' lang='grc' dir='ltr'>ι</span> <span class='ocrx_word' id='word_1_286' title='bbox 1141 2112 1232 2168; x_wconf 79' lang='lat' dir='ltr'><strong>Vae</strong></span> <span class='ocrx_word' id='word_1_287' title='bbox 1254 2113 1346 2184; x_wconf 89' lang='lat' dir='ltr'><strong>qui</strong></span> <span class='ocrx_word' id='word_1_288' title='bbox 1375 2113 1615 2183; x_wconf 91' lang='lat' dir='ltr'><strong>opulenti</strong></span> <span class='ocrx_word' id='word_1_289' title='bbox 1642 2113 1773 2168; x_wconf 88' lang='lat' dir='ltr'><strong>estis</strong></span> 
     </span>
    </p>
   </div>
   <div class='ocr_carea' id='block_1_37' title="bbox 203 2204 1772 2274">
    <p class='ocr_par' dir='ltr' id='par_1_37' title="bbox 203 2204 1772 2274">
     <span class='ocr_line' id='line_1_37' title="bbox 203 2204 1772 2274; baseline -0.004 -10"><span class='ocrx_word' id='word_1_290' title='bbox 203 2211 257 2264; x_wconf 92' lang='lat' dir='ltr'><strong>in</strong></span> <span class='ocrx_word' id='word_1_291' title='bbox 289 2209 440 2273; x_wconf 88' lang='lat' dir='ltr'><strong>Sion,</strong></span> <span class='ocrx_word' id='word_1_292' title='bbox 469 2216 524 2264; x_wconf 91' lang='lat' dir='ltr'><strong>et</strong></span> <span class='ocrx_word' id='word_1_293' title='bbox 550 2207 821 2262; x_wconf 86' lang='lat' dir='ltr'><strong>conﬁditis</strong></span> <span class='ocrx_word' id='word_1_294' title='bbox 857 2207 910 2261; x_wconf 90' lang='lat' dir='ltr'><strong>in</strong></span> <span class='ocrx_word' id='word_1_295' title='bbox 945 2214 1123 2261; x_wconf 89' lang='lat' dir='ltr'><strong>monte</strong></span> <span class='ocrx_word' id='word_1_296' title='bbox 1151 2205 1409 2259; x_wconf 69' lang='lat' dir='ltr'><strong>Samaria:</strong></span> <span class='ocrx_word' id='word_1_297' title='bbox 1441 2219 1456 2258; x_wconf 87' lang='lat'><strong>:</strong></span> <span class='ocrx_word' id='word_1_298' title='bbox 1485 2204 1772 2274; x_wconf 81' lang='lat' dir='ltr'><strong>Optimates</strong></span> 
     </span>
    </p>
   </div>
   <div class='ocr_carea' id='block_1_38' title="bbox 201 2283 1773 2368">
    <p class='ocr_par' dir='ltr' id='par_1_38' title="bbox 201 2283 1773 2368">
     <span class='ocr_line' id='line_1_38' title="bbox 201 2283 1773 2368; baseline -0.004 -14"><span class='ocrx_word' id='word_1_299' title='bbox 201 2299 376 2368; x_wconf 87' lang='lat' dir='ltr'><strong>capita</strong></span> <span class='ocrx_word' id='word_1_300' title='bbox 421 2297 740 2368; x_wconf 90' lang='lat' dir='ltr'><strong>populorum</strong></span> <span class='ocrx_word' id='word_1_301' title='bbox 793 2296 1156 2367; x_wconf 88' lang='lat' dir='ltr'><strong>ingredientes</strong></span> <span class='ocrx_word' id='word_1_302' title='bbox 1205 2283 1506 2365; x_wconf 37' lang='lat' dir='ltr'><strong>pom&#39;patice</strong></span> <span class='ocrx_word' id='word_1_303' title='bbox 1551 2287 1773 2348; x_wconf 83' lang='lat' dir='ltr'><strong>domum</strong></span> 
     </span>
    </p>
   </div>
   <div class='ocr_carea' id='block_1_39' title="bbox 200 2387 1773 2460">
    <p class='ocr_par' dir='ltr' id='par_1_39' title="bbox 200 2387 1773 2460">
     <span class='ocr_line' id='line_1_39' title="bbox 200 2387 1773 2460; baseline -0.001 -16"><span class='ocrx_word' id='word_1_304' title='bbox 200 2389 362 2445; x_wconf 83' lang='lat' dir='ltr'><strong>Israel</strong></span> <span class='ocrx_word' id='word_1_305' title='bbox 408 2388 586 2460; x_wconf 82' lang='lat' dir='ltr'><strong>(Amos</strong></span> <span class='ocrx_word' id='word_1_306' title='bbox 621 2404 693 2454; x_wconf 76' lang='lat' dir='ltr'><strong>vr,</strong></span> <span class='ocrx_word' id='word_1_307' title='bbox 741 2388 816 2459; x_wconf 86' lang='lat' dir='ltr'><strong>l).</strong></span> <span class='ocrx_word' id='word_1_308' title='bbox 857 2408 874 2441; x_wconf 72' lang='grc' dir='ltr'><strong><em>ι</em></strong></span> <span class='ocrx_word' id='word_1_309' title='bbox 929 2387 1116 2444; x_wconf 89' lang='lat' dir='ltr'><strong>Sedet</strong></span> <span class='ocrx_word' id='word_1_310' title='bbox 1157 2387 1404 2443; x_wconf 88' lang='lat' dir='ltr'><strong>Clemens</strong></span> <span class='ocrx_word' id='word_1_311' title='bbox 1452 2387 1773 2443; x_wconf 79' lang='lat' dir='ltr'><strong>Prudentius</strong></span> 
     </span>
    </p>
   </div>
   <div class='ocr_carea' id='block_1_40' title="bbox 201 2475 1776 2546">
    <p class='ocr_par' dir='ltr' id='par_1_40' title="bbox 201 2475 1776 2546">
     <span class='ocr_line' id='line_1_40' title="bbox 201 2475 1776 2546; baseline -0.003 -12"><span class='ocrx_word' id='word_1_312' title='bbox 201 2477 589 2534; x_wconf 87' lang='lat' dir='ltr'><strong>disertissimus</strong></span> <span class='ocrx_word' id='word_1_313' title='bbox 627 2484 788 2546; x_wconf 92' lang='lat' dir='ltr'><strong>atque</strong></span> <span class='ocrx_word' id='word_1_314' title='bbox 829 2475 1320 2532; x_wconf 88' lang='lat' dir='ltr'><strong>Christianissimus</strong></span> <span class='ocrx_word' id='word_1_315' title='bbox 1366 2485 1544 2546; x_wconf 91' lang='lat' dir='ltr'><strong>poeta,</strong></span> <span class='ocrx_word' id='word_1_316' title='bbox 1571 2476 1624 2531; x_wconf 91' lang='lat' dir='ltr'><strong>in</strong></span> <span class='ocrx_word' id='word_1_317' title='bbox 1671 2477 1776 2530; x_wconf 86' lang='lat' dir='ltr'><strong>hac</strong></span> 
     </span>
    </p>
   </div>
   <div class='ocr_carea' id='block_1_41' title="bbox 1869 1934 3450 2004">
    <p class='ocr_par' dir='ltr' id='par_1_41' title="bbox 1869 1934 3450 2004">
     <span class='ocr_line' id='line_1_41' title="bbox 1869 1934 3450 2004; baseline -0.002 -14"><span class='ocrx_word' id='word_1_318' title='bbox 1869 1949 2102 2004; x_wconf 89' lang='lat' dir='ltr'><strong>namque</strong></span> <span class='ocrx_word' id='word_1_319' title='bbox 2149 1947 2216 1988; x_wconf 79' lang='lat' dir='ltr'><strong>ex</strong></span> <span class='ocrx_word' id='word_1_320' title='bbox 2263 1934 2496 2000; x_wconf 88' lang='lat' dir='ltr'><strong>lavacro,</strong></span> <span class='ocrx_word' id='word_1_321' title='bbox 2529 1942 2586 1989; x_wconf 90' lang='lat' dir='ltr'><strong>et</strong></span> <span class='ocrx_word' id='word_1_322' title='bbox 2629 1949 3012 1990; x_wconf 71' lang='lat' dir='ltr'><strong>consecrantur</strong></span> <span class='ocrx_word' id='word_1_323' title='bbox 3056 1948 3125 1989; x_wconf 80' lang='lat' dir='ltr'><strong>ex</strong></span> <span class='ocrx_word' id='word_1_324' title='bbox 3170 1934 3450 2003; x_wconf 84' lang='lat' dir='ltr'><strong>sanguine.</strong></span> 
     </span>
    </p>
   </div>
   <div class='ocr_carea' id='block_1_42' title="bbox 1872 2025 3459 2099">
    <p class='ocr_par' dir='ltr' id='par_1_42' title="bbox 1872 2025 3459 2099">
     <span class='ocr_line' id='line_1_42' title="bbox 1872 2025 3459 2099; baseline -0.003 -14"><span class='ocrx_word' id='word_1_325' title='bbox 1872 2027 2025 2085; x_wconf 87' lang='lat' dir='ltr'><strong>Unde</strong></span> <span class='ocrx_word' id='word_1_326' title='bbox 2048 2037 2105 2084; x_wconf 89' lang='lat' dir='ltr'><strong>et</strong></span> <span class='ocrx_word' id='word_1_327' title='bbox 2132 2027 2358 2099; x_wconf 91' lang='lat' dir='ltr'><strong>populus</strong></span> <span class='ocrx_word' id='word_1_328' title='bbox 2386 2042 2534 2082; x_wconf 91' lang='lat' dir='ltr'><strong>mare</strong></span> <span class='ocrx_word' id='word_1_329' title='bbox 2559 2025 2801 2081; x_wconf 84' lang='lat' dir='ltr'><strong>Rubrum</strong></span> <span class='ocrx_word' id='word_1_330' title='bbox 2832 2027 3074 2092; x_wconf 88' lang='lat' dir='ltr'><strong>transiit;</strong></span> <span class='ocrx_word' id='word_1_331' title='bbox 3117 2027 3243 2097; x_wconf 90' lang='lat' dir='ltr'><strong>quia</strong></span> <span class='ocrx_word' id='word_1_332' title='bbox 3285 2027 3459 2098; x_wconf 86' lang='lat' dir='ltr'><strong>bapti-</strong></span> 
     </span>
    </p>
   </div>
   <div class='ocr_carea' id='block_1_43' title="bbox 1873 2118 3438 2190">
    <p class='ocr_par' dir='ltr' id='par_1_43' title="bbox 1873 2118 3438 2190">
     <span class='ocr_line' id='line_1_43' title="bbox 1873 2118 3438 2190; baseline -0.002 -15"><span class='ocrx_word' id='word_1_333' title='bbox 1873 2136 2023 2176; x_wconf 89' lang='lat' dir='ltr'><strong>smus</strong></span> <span class='ocrx_word' id='word_1_334' title='bbox 2053 2119 2258 2175; x_wconf 90' lang='lat' dir='ltr'><strong>Christi</strong></span> <span class='ocrx_word' id='word_1_335' title='bbox 2307 2131 2568 2190; x_wconf 78' lang='lat' dir='ltr'><strong>sanguine</strong></span> <span class='ocrx_word' id='word_1_336' title='bbox 2598 2128 2970 2174; x_wconf 91' lang='lat' dir='ltr'><strong>consecratur.</strong></span> <span class='ocrx_word' id='word_1_337' title='bbox 3003 2118 3139 2185; x_wconf 87' lang='lat' dir='ltr'><strong>Quia</strong></span> <span class='ocrx_word' id='word_1_338' title='bbox 3166 2131 3294 2188; x_wconf 85' lang='lat' dir='ltr'><strong>ergo</strong></span> <span class='ocrx_word' id='word_1_339' title='bbox 3328 2118 3438 2173; x_wconf 84' lang='lat' dir='ltr'><strong>ele-</strong></span> 
     </span>
    </p>
   </div>
   <div class='ocr_carea' id='block_1_44' title="bbox 1872 2208 3446 2280">
    <p class='ocr_par' dir='ltr' id='par_1_44' title="bbox 1872 2208 3446 2280">
     <span class='ocr_line' id='line_1_44' title="bbox 1872 2208 3446 2280; baseline -0.003 -14"><span class='ocrx_word' id='word_1_340' title='bbox 1872 2220 2112 2267; x_wconf 89' lang='lat' dir='ltr'><strong>mentum</strong></span> <span class='ocrx_word' id='word_1_341' title='bbox 2133 2226 2284 2280; x_wconf 73' lang='lat' dir='ltr'><strong>aqum</strong></span> <span class='ocrx_word' id='word_1_342' title='bbox 2307 2211 2360 2264; x_wconf 90' lang='lat' dir='ltr'><strong>in</strong></span> <span class='ocrx_word' id='word_1_343' title='bbox 2387 2211 2490 2266; x_wconf 89' lang='lat' dir='ltr'><strong>hoc</strong></span> <span class='ocrx_word' id='word_1_344' title='bbox 2513 2211 2712 2265; x_wconf 92' lang='lat' dir='ltr'><strong>mundo</strong></span> <span class='ocrx_word' id='word_1_345' title='bbox 2741 2209 2993 2265; x_wconf 89' lang='lat' dir='ltr'><strong>omnibus</strong></span> <span class='ocrx_word' id='word_1_346' title='bbox 3017 2208 3298 2264; x_wconf 90' lang='lat' dir='ltr'><strong>elementis</strong></span> <span class='ocrx_word' id='word_1_347' title='bbox 3325 2221 3446 2278; x_wconf 89' lang='lat' dir='ltr'><strong>pur-</strong></span> 
     </span>
    </p>
   </div>
   <div class='ocr_carea' id='block_1_45' title="bbox 1873 2299 3456 2374">
    <p class='ocr_par' dir='ltr' id='par_1_45' title="bbox 1873 2299 3456 2374">
     <span class='ocr_line' id='line_1_45' title="bbox 1873 2299 3456 2374; baseline -0.002 -19"><span class='ocrx_word' id='word_1_348' title='bbox 1873 2300 2050 2374; x_wconf 89' lang='lat' dir='ltr'><strong>gandi,</strong></span> <span class='ocrx_word' id='word_1_349' title='bbox 2080 2300 2406 2362; x_wconf 88' lang='lat' dir='ltr'><strong>viviﬁcandi,</strong></span> <span class='ocrx_word' id='word_1_350' title='bbox 2440 2299 2720 2356; x_wconf 89' lang='lat' dir='ltr'><strong>recreandi</strong></span> <span class='ocrx_word' id='word_1_351' title='bbox 2772 2299 2960 2370; x_wconf 76' lang='lat' dir='ltr'><strong>gratim</strong></span> <span class='ocrx_word' id='word_1_352' title='bbox 2991 2307 3176 2369; x_wconf 88' lang='lat' dir='ltr'><strong>aptum</strong></span> <span class='ocrx_word' id='word_1_353' title='bbox 3207 2306 3311 2364; x_wconf 87' lang='lat' dir='ltr'><strong>est,</strong></span> <span class='ocrx_word' id='word_1_354' title='bbox 3347 2314 3456 2352; x_wconf 91' lang='lat' dir='ltr'><strong>non</strong></span> 
     </span>
    </p>
   </div>
   <div class='ocr_carea' id='block_1_46' title="bbox 1875 2378 3454 2462">
    <p class='ocr_par' dir='ltr' id='par_1_46' title="bbox 1875 2378 3454 2462">
     <span class='ocr_line' id='line_1_46' title="bbox 1875 2378 3454 2462; baseline -0.003 -15"><span class='ocrx_word' id='word_1_355' title='bbox 1875 2391 2146 2447; x_wconf 90' lang='lat' dir='ltr'><strong>immerito</strong></span> <span class='ocrx_word' id='word_1_356' title='bbox 2189 2391 2239 2445; x_wconf 89' lang='lat' dir='ltr'><strong>ei</strong></span> <span class='ocrx_word' id='word_1_357' title='bbox 2265 2389 2518 2460; x_wconf 91' lang='lat' dir='ltr'><strong>baptismi</strong></span> <span class='ocrx_word' id='word_1_358' title='bbox 2546 2391 2779 2462; x_wconf 82' lang='lat' dir='ltr'><strong>dignitas</strong></span> <span class='ocrx_word' id='word_1_359' title='bbox 2809 2390 3103 2455; x_wconf 81' lang='lat' dir='ltr'><strong>confertur,</strong></span> <span class='ocrx_word' id='word_1_360' title='bbox 3135 2390 3225 2460; x_wconf 90' lang='lat' dir='ltr'><strong>qui</strong></span> <span class='ocrx_word' id='word_1_361' title='bbox 3260 2378 3454 2460; x_wconf 61' lang='lat' dir='ltr'><strong>[Fo‘rte</strong></span> 
     </span>
    </p>
   </div>
   <div class='ocr_carea' id='block_1_47' title="bbox 1875 2481 3454 2553">
    <p class='ocr_par' dir='ltr' id='par_1_47' title="bbox 1875 2481 3454 2553">
     <span class='ocr_line' id='line_1_47' title="bbox 1875 2481 3454 2553; baseline -0.003 -15"><span class='ocrx_word' id='word_1_362' title='bbox 1875 2497 1995 2553; x_wconf 75' lang='lat' dir='ltr'><strong>quae</strong></span> <span class='ocrx_word' id='word_1_363' title='bbox 2050 2491 2106 2536; x_wconf 89' lang='lat' dir='ltr'><strong>ut</strong></span> <span class='ocrx_word' id='word_1_364' title='bbox 2131 2482 2389 2552; x_wconf 73' lang='lat' dir='ltr'><strong>referatur</strong></span> <span class='ocrx_word' id='word_1_365' title='bbox 2441 2483 2510 2536; x_wconf 82' lang='lat' dir='ltr'><strong>ad</strong></span> <span class='ocrx_word' id='word_1_366' title='bbox 2565 2481 2805 2553; x_wconf 84' lang='lat' dir='ltr'><strong>aquam]</strong></span> <span class='ocrx_word' id='word_1_367' title='bbox 2860 2491 2915 2537; x_wconf 86' lang='lat' dir='ltr'><strong>et</strong></span> <span class='ocrx_word' id='word_1_368' title='bbox 2962 2483 3454 2552; x_wconf 88' lang='lat' dir='ltr'><strong>regenerandorum</strong></span> 
     </span>
    </p>
   </div>
   <div class='ocr_carea' id='block_1_48' title="bbox 199 2566 1776 2639">
    <p class='ocr_par' dir='ltr' id='par_1_48' title="bbox 199 2566 1776 2639">
     <span class='ocr_line' id='line_1_48' title="bbox 199 2566 1776 2639; baseline 0 -17"><span class='ocrx_word' id='word_1_369' title='bbox 199 2568 597 2638; x_wconf 86' lang='lat' dir='ltr'><strong>signiﬁcatione</strong></span> <span class='ocrx_word' id='word_1_370' title='bbox 638 2581 889 2639; x_wconf 87' lang='lat' dir='ltr'><strong>pompam</strong></span> <span class='ocrx_word' id='word_1_371' title='bbox 939 2568 1136 2637; x_wconf 90' lang='lat' dir='ltr'><strong>posuit,</strong></span> <span class='ocrx_word' id='word_1_372' title='bbox 1169 2568 1225 2622; x_wconf 91' lang='lat' dir='ltr'><strong>in</strong></span> <span class='ocrx_word' id='word_1_373' title='bbox 1273 2566 1410 2622; x_wconf 93' lang='lat' dir='ltr'><strong>libro</strong></span> <span class='ocrx_word' id='word_1_374' title='bbox 1451 2566 1776 2638; x_wconf 84' lang='lat' dir='ltr'><strong>Psychoma-</strong></span> 
     </span>
    </p>
   </div>
   <div class='ocr_carea' id='block_1_49' title="bbox 201 2661 1208 2736">
    <p class='ocr_par' dir='ltr' id='par_1_49' title="bbox 201 2661 1208 2736">
     <span class='ocr_line' id='line_1_49' title="bbox 201 2661 1208 2736; baseline -0.005 -20"><span class='ocrx_word' id='word_1_375' title='bbox 201 2662 366 2726; x_wconf 70' lang='lat' dir='ltr'><strong>chim,</strong></span> <span class='ocrx_word' id='word_1_376' title='bbox 402 2661 491 2715; x_wconf 92' lang='lat' dir='ltr'><strong>ubi</strong></span> <span class='ocrx_word' id='word_1_377' title='bbox 519 2661 596 2716; x_wconf 89' lang='lat' dir='ltr'><strong>ait</strong></span> <span class='ocrx_word' id='word_1_378' title='bbox 630 2675 645 2712; x_wconf 89' lang='lat'><strong>:</strong></span> <span class='ocrx_word' id='word_1_379' title='bbox 1053 2731 1060 2736; x_wconf 29' lang='lat' dir='ltr'><strong>I</strong></span> <span class='ocrx_word' id='word_1_380' title='bbox 1202 2727 1208 2732; x_wconf 86' lang='lat'><strong>_</strong></span> 
     </span>
    </p>
   </div>
   <div class='ocr_carea' id='block_1_50' title="bbox 328 2753 1412 2816">
    <p class='ocr_par' dir='ltr' id='par_1_50' title="bbox 328 2753 1412 2816">
     <span class='ocr_line' id='line_1_50' title="bbox 328 2753 1412 2816; baseline -0.004 -10"><span class='ocrx_word' id='word_1_381' title='bbox 328 2755 512 2816; x_wconf 87' lang='lat' dir='ltr'><strong>Pompa</strong></span> <span class='ocrx_word' id='word_1_382' title='bbox 533 2758 824 2806; x_wconf 78' lang='lat' dir='ltr'><strong>ostentatrix</strong></span> <span class='ocrx_word' id='word_1_383' title='bbox 850 2755 958 2804; x_wconf 88' lang='lat' dir='ltr'><strong>vani</strong></span> <span class='ocrx_word' id='word_1_384' title='bbox 981 2753 1253 2815; x_wconf 50' lang='lat' dir='ltr'><strong>splendoris</strong></span> <span class='ocrx_word' id='word_1_385' title='bbox 1279 2753 1412 2804; x_wconf 74' lang='lat' dir='ltr'><strong>inani</strong></span> 
     </span>
    </p>
   </div>
   <div class='ocr_carea' id='block_1_51' title="bbox 453 2837 1058 2900">
    <p class='ocr_par' dir='ltr' id='par_1_51' title="bbox 453 2837 1058 2900">
     <span class='ocr_line' id='line_1_51' title="bbox 453 2837 1058 2900; baseline -0.002 -14"><span class='ocrx_word' id='word_1_386' title='bbox 453 2838 655 2888; x_wconf 78' lang='lat' dir='ltr'><strong>Exuitur</strong></span> <span class='ocrx_word' id='word_1_387' title='bbox 689 2837 864 2888; x_wconf 83' lang='lat' dir='ltr'><strong>nudata</strong></span> <span class='ocrx_word' id='word_1_388' title='bbox 897 2837 1058 2900; x_wconf 83' lang='lat' dir='ltr'><strong>peplo.</strong></span> 
     </span>
    </p>
   </div>
   <div class='ocr_carea' id='block_1_52' title="bbox 273 2913 1774 2988">
    <p class='ocr_par' dir='ltr' id='par_1_52' title="bbox 273 2913 1774 2988">
     <span class='ocr_line' id='line_1_52' title="bbox 273 2913 1774 2988; baseline -0.001 -16"><span class='ocrx_word' id='word_1_389' title='bbox 273 2918 528 2985; x_wconf 80' lang='lat' dir='ltr'><strong>Quamvis</strong></span> <span class='ocrx_word' id='word_1_390' title='bbox 563 2933 690 2988; x_wconf 87' lang='lat' dir='ltr'><strong>ergo</strong></span> <span class='ocrx_word' id='word_1_391' title='bbox 715 2933 874 2973; x_wconf 91' lang='lat' dir='ltr'><strong>omne</strong></span> <span class='ocrx_word' id='word_1_392' title='bbox 917 2924 1194 2988; x_wconf 90' lang='lat' dir='ltr'><strong>peccatum</strong></span> <span class='ocrx_word' id='word_1_393' title='bbox 1219 2916 1469 2986; x_wconf 89' lang='lat' dir='ltr'><strong>superbia</strong></span> <span class='ocrx_word' id='word_1_394' title='bbox 1498 2913 1606 2970; x_wconf 88' lang='lat' dir='ltr'><strong>dici</strong></span> <span class='ocrx_word' id='word_1_395' title='bbox 1649 2929 1774 2986; x_wconf 82' lang='lat' dir='ltr'><strong>pos-</strong></span> 
     </span>
    </p>
   </div>
   <div class='ocr_carea' id='block_1_53' title="bbox 1876 2571 3458 2644">
    <p class='ocr_par' dir='ltr' id='par_1_53' title="bbox 1876 2571 3458 2644">
     <span class='ocr_line' id='line_1_53' title="bbox 1876 2571 3458 2644; baseline -0.002 -16"><span class='ocrx_word' id='word_1_396' title='bbox 1876 2573 2153 2630; x_wconf 88' lang='lat' dir='ltr'><strong>hominum</strong></span> <span class='ocrx_word' id='word_1_397' title='bbox 2202 2571 2497 2629; x_wconf 82' lang='lat' dir='ltr'><strong>eﬁicaciam</strong></span> <span class='ocrx_word' id='word_1_398' title='bbox 2545 2588 2669 2628; x_wconf 91' lang='lat' dir='ltr'><strong>cum</strong></span> <span class='ocrx_word' id='word_1_399' title='bbox 2721 2571 2956 2644; x_wconf 90' lang='lat' dir='ltr'><strong>Spiritus</strong></span> <span class='ocrx_word' id='word_1_400' title='bbox 3017 2573 3114 2628; x_wconf 91' lang='lat' dir='ltr'><strong>Dei</strong></span> <span class='ocrx_word' id='word_1_401' title='bbox 3164 2573 3219 2627; x_wconf 89' lang='lat' dir='ltr'><strong>in</strong></span> <span class='ocrx_word' id='word_1_402' title='bbox 3270 2571 3458 2627; x_wconf 90' lang='lat' dir='ltr'><strong>mundi</strong></span> 
     </span>
    </p>
   </div>
   <div class='ocr_carea' id='block_1_54' title="bbox 1876 2663 3457 2737">
    <p class='ocr_par' dir='ltr' id='par_1_54' title="bbox 1876 2663 3457 2737">
     <span class='ocr_line' id='line_1_54' title="bbox 1876 2663 3457 2737; baseline 0 -19"><span class='ocrx_word' id='word_1_403' title='bbox 1876 2665 2169 2734; x_wconf 87' lang='lat' dir='ltr'><strong>primordio</strong></span> <span class='ocrx_word' id='word_1_404' title='bbox 2203 2680 2363 2736; x_wconf 90' lang='lat' dir='ltr'><strong>super</strong></span> <span class='ocrx_word' id='word_1_405' title='bbox 2391 2665 2445 2720; x_wconf 93' lang='lat' dir='ltr'><strong>id</strong></span> <span class='ocrx_word' id='word_1_406' title='bbox 2480 2663 2716 2721; x_wconf 87' lang='lat' dir='ltr'><strong>ferretur</strong></span> <span class='ocrx_word' id='word_1_407' title='bbox 2743 2667 3104 2737; x_wconf 90' lang='lat' dir='ltr'><strong>concipiebat,</strong></span> <span class='ocrx_word' id='word_1_408' title='bbox 3135 2673 3190 2720; x_wconf 91' lang='lat' dir='ltr'><strong>et</strong></span> <span class='ocrx_word' id='word_1_409' title='bbox 3218 2681 3457 2736; x_wconf 85' lang='lat' dir='ltr'><strong>purgan-</strong></span> 
     </span>
    </p>
   </div>
   <div class='ocr_carea' id='block_1_55' title="bbox 1881 2755 3450 2825">
    <p class='ocr_par' dir='ltr' id='par_1_55' title="bbox 1881 2755 3450 2825">
     <span class='ocr_line' id='line_1_55' title="bbox 1881 2755 3450 2825; baseline 0 -16"><span class='ocrx_word' id='word_1_410' title='bbox 1881 2755 2217 2810; x_wconf 84' lang='lat' dir='ltr'><strong>dorum&#39;eum</strong></span> <span class='ocrx_word' id='word_1_411' title='bbox 2242 2771 2311 2810; x_wconf 79' lang='lat' dir='ltr'><strong>ex</strong></span> <span class='ocrx_word' id='word_1_412' title='bbox 2344 2755 2511 2810; x_wconf 90' lang='lat' dir='ltr'><strong>latere</strong></span> <span class='ocrx_word' id='word_1_413' title='bbox 2557 2755 2758 2810; x_wconf 89' lang='lat' dir='ltr'><strong>Christi</strong></span> <span class='ocrx_word' id='word_1_414' title='bbox 2783 2756 3091 2825; x_wconf 86' lang='lat' dir='ltr'><strong>proﬁueret,</strong></span> <span class='ocrx_word' id='word_1_415' title='bbox 3131 2755 3450 2824; x_wconf 80' lang='lat' dir='ltr'><strong>dignitatem</strong></span> 
     </span>
    </p>
   </div>
   <div class='ocr_carea' id='block_1_56' title="bbox 1881 2843 3458 2914">
    <p class='ocr_par' dir='ltr' id='par_1_56' title="bbox 1881 2843 3458 2914">
     <span class='ocr_line' id='line_1_56' title="bbox 1881 2843 3458 2914; baseline -0.001 -14"><span class='ocrx_word' id='word_1_416' title='bbox 1881 2843 2148 2914; x_wconf 87' lang='lat' dir='ltr'><strong>capiebat.</strong></span> <span class='ocrx_word' id='word_1_417' title='bbox 2197 2843 2302 2897; x_wconf 90' lang='lat' dir='ltr'><strong>Per</strong></span> <span class='ocrx_word' id='word_1_418' title='bbox 2353 2845 2457 2898; x_wconf 91' lang='lat' dir='ltr'><strong>hoc</strong></span> <span class='ocrx_word' id='word_1_419' title='bbox 2501 2845 2702 2899; x_wconf 91' lang='lat' dir='ltr'><strong>etenim</strong></span> <span class='ocrx_word' id='word_1_420' title='bbox 2749 2844 2958 2900; x_wconf 89' lang='lat' dir='ltr'><strong>visibile</strong></span> <span class='ocrx_word' id='word_1_421' title='bbox 2997 2845 3323 2899; x_wconf 87' lang='lat' dir='ltr'><strong>elementum</strong></span> <span class='ocrx_word' id='word_1_422' title='bbox 3371 2861 3458 2900; x_wconf 90' lang='lat' dir='ltr'><strong>res</strong></span> 
     </span>
    </p>
   </div>
   <div class='ocr_carea' id='block_1_57' title="bbox 1883 2933 3467 3004">
    <p class='ocr_par' dir='ltr' id='par_1_57' title="bbox 1883 2933 3467 3004">
     <span class='ocr_line' id='line_1_57' title="bbox 1883 2933 3467 3004; baseline 0.001 -16"><span class='ocrx_word' id='word_1_423' title='bbox 1883 2933 1972 2988; x_wconf 91' lang='lat' dir='ltr'><strong>illa</strong></span> <span class='ocrx_word' id='word_1_424' title='bbox 2001 2933 2287 2988; x_wconf 88' lang='lat' dir='ltr'><strong>invisibilis</strong></span> <span class='ocrx_word' id='word_1_425' title='bbox 2311 2933 2575 3003; x_wconf 81' lang='lat' dir='ltr'><strong>signatur,</strong></span> <span class='ocrx_word' id='word_1_426' title='bbox 2601 2942 2659 2988; x_wconf 91' lang='lat' dir='ltr'><strong>ut</strong></span> <span class='ocrx_word' id='word_1_427' title='bbox 2688 2934 2829 2989; x_wconf 90' lang='lat' dir='ltr'><strong>sicut</strong></span> <span class='ocrx_word' id='word_1_428' title='bbox 2852 2948 2990 3003; x_wconf 90' lang='lat' dir='ltr'><strong>aqua</strong></span> <span class='ocrx_word' id='word_1_429' title='bbox 3025 2943 3284 3004; x_wconf 90' lang='lat' dir='ltr'><strong>purgatur</strong></span> <span class='ocrx_word' id='word_1_430' title='bbox 3313 2943 3467 2990; x_wconf 76' lang='lat' dir='ltr'><strong>exte-</strong></span> 
     </span>
    </p>
   </div>
   <div class='ocr_carea' id='block_1_58' title="bbox 198 3009 1779 3097">
    <p class='ocr_par' dir='ltr' id='par_1_58' title="bbox 198 3009 1778 3080">
     <span class='ocr_line' id='line_1_58' title="bbox 198 3009 1778 3080; baseline -0.002 -16"><span class='ocrx_word' id='word_1_431' title='bbox 198 3010 298 3075; x_wconf 90' lang='lat' dir='ltr'><strong>sit,</strong></span> <span class='ocrx_word' id='word_1_432' title='bbox 329 3009 454 3079; x_wconf 88' lang='lat' dir='ltr'><strong>quia</strong></span> <span class='ocrx_word' id='word_1_433' title='bbox 481 3009 695 3079; x_wconf 89' lang='lat' dir='ltr'><strong>quando</strong></span> <span class='ocrx_word' id='word_1_434' title='bbox 719 3011 839 3079; x_wconf 89' lang='lat' dir='ltr'><strong>quis</strong></span> <span class='ocrx_word' id='word_1_435' title='bbox 869 3018 1078 3080; x_wconf 85' lang='lat' dir='ltr'><strong>peccat,</strong></span> <span class='ocrx_word' id='word_1_436' title='bbox 1106 3010 1237 3073; x_wconf 90' lang='lat' dir='ltr'><strong>Deo,</strong></span> <span class='ocrx_word' id='word_1_437' title='bbox 1282 3009 1373 3080; x_wconf 86' lang='lat' dir='ltr'><strong>qui</strong></span> <span class='ocrx_word' id='word_1_438' title='bbox 1399 3022 1626 3080; x_wconf 88' lang='lat' dir='ltr'><strong>peccare</strong></span> <span class='ocrx_word' id='word_1_439' title='bbox 1652 3022 1778 3078; x_wconf 91' lang='lat' dir='ltr'><strong>pro-</strong></span> 
     </span>
    </p>
   </div>
   <div class='ocr_carea' id='block_1_59' title="bbox 1882 3009 3456 3097">
    <p class='ocr_par' dir='ltr' id='par_1_59' title="bbox 1883 3021 3456 3097">
     <span class='ocr_line' id='line_1_59' title="bbox 1883 3021 3456 3097; baseline 0.002 -20"><span class='ocrx_word' id='word_1_440' title='bbox 1883 3021 1997 3078; x_wconf 89' lang='lat' dir='ltr'><strong>rius</strong></span> <span class='ocrx_word' id='word_1_441' title='bbox 2031 3038 2244 3093; x_wconf 90' lang='lat' dir='ltr'><strong>corpus,</strong></span> <span class='ocrx_word' id='word_1_442' title='bbox 2272 3023 2344 3078; x_wconf 85' lang='lat' dir='ltr'><strong>ita</strong></span> <span class='ocrx_word' id='word_1_443' title='bbox 2373 3023 2606 3080; x_wconf 87' lang='lat' dir='ltr'><strong>latenter</strong></span> <span class='ocrx_word' id='word_1_444' title='bbox 2631 3023 2750 3094; x_wconf 89' lang='lat' dir='ltr'><strong>ejus</strong></span> <span class='ocrx_word' id='word_1_445' title='bbox 2775 3025 3034 3094; x_wconf 87' lang='lat' dir='ltr'><strong>mysterio</strong></span> <span class='ocrx_word' id='word_1_446' title='bbox 3061 3040 3159 3095; x_wconf 89' lang='lat' dir='ltr'><strong>per</strong></span> <span class='ocrx_word' id='word_1_447' title='bbox 3199 3025 3456 3097; x_wconf 83' lang='lat' dir='ltr'><strong>Spiritum</strong></span> 
     </span>
    </p>
   </div>
   <div class='ocr_carea' id='block_1_60' title="bbox 200 3099 1779 3188">
    <p class='ocr_par' dir='ltr' id='par_1_60' title="bbox 200 3099 1776 3166">
     <span class='ocr_line' id='line_1_60' title="bbox 200 3099 1776 3166; baseline -0.001 -11"><span class='ocrx_word' id='word_1_448' title='bbox 200 3102 399 3165; x_wconf 89' lang='lat' dir='ltr'><strong>hibuit,</strong></span> <span class='ocrx_word' id='word_1_449' title='bbox 437 3101 710 3156; x_wconf 89' lang='lat' dir='ltr'><strong>contraire</strong></span> <span class='ocrx_word' id='word_1_450' title='bbox 739 3101 972 3166; x_wconf 86' lang='lat' dir='ltr'><strong>videtur,</strong></span> <span class='ocrx_word' id='word_1_451' title='bbox 1001 3100 1142 3155; x_wconf 87' lang='lat' dir='ltr'><strong>aliud</strong></span> <span class='ocrx_word' id='word_1_452' title='bbox 1173 3108 1351 3156; x_wconf 90' lang='lat' dir='ltr'><strong>tamen</strong></span> <span class='ocrx_word' id='word_1_453' title='bbox 1375 3109 1459 3155; x_wconf 89' lang='lat' dir='ltr'><strong>est</strong></span> <span class='ocrx_word' id='word_1_454' title='bbox 1488 3099 1776 3164; x_wconf 89' lang='lat' dir='ltr'><strong>desidiose,</strong></span> 
     </span>
    </p>
   </div>
   <div class='ocr_carea' id='block_1_61' title="bbox 1882 3099 3461 3188">
    <p class='ocr_par' dir='ltr' id='par_1_61' title="bbox 1885 3113 3461 3188">
     <span class='ocr_line' id='line_1_61' title="bbox 1885 3113 3461 3188; baseline 0.003 -20"><span class='ocrx_word' id='word_1_455' title='bbox 1885 3122 2126 3168; x_wconf 90' lang='lat' dir='ltr'><strong>sanctum</strong></span> <span class='ocrx_word' id='word_1_456' title='bbox 2151 3113 2464 3184; x_wconf 87' lang='lat' dir='ltr'><strong>puriﬁeetur</strong></span> <span class='ocrx_word' id='word_1_457' title='bbox 2483 3123 2538 3171; x_wconf 87' lang='lat' dir='ltr'><strong>et</strong></span> <span class='ocrx_word' id='word_1_458' title='bbox 2563 3115 2795 3171; x_wconf 91' lang='lat' dir='ltr'><strong>animus.</strong></span> <span class='ocrx_word' id='word_1_459' title='bbox 2822 3115 3076 3172; x_wconf 90' lang='lat' dir='ltr'><strong>Invocato</strong></span> <span class='ocrx_word' id='word_1_460' title='bbox 3094 3133 3323 3188; x_wconf 89' lang='lat' dir='ltr'><strong>namque</strong></span> <span class='ocrx_word' id='word_1_461' title='bbox 3351 3119 3461 3174; x_wconf 91' lang='lat' dir='ltr'><strong>Deo</strong></span> 
     </span>
    </p>
   </div>
   <div class='ocr_carea' id='block_1_62' title="bbox 199 3190 3471 3274">
    <p class='ocr_par' dir='ltr' id='par_1_62' title="bbox 199 3190 3471 3274">
     <span class='ocr_line' id='line_1_62' title="bbox 199 3190 3471 3274; baseline 0.002 -15"><span class='ocrx_word' id='word_1_462' title='bbox 199 3191 352 3246; x_wconf 71' lang='grc' dir='ltr'><strong>ειίίυά</strong></span> <span class='ocrx_word' id='word_1_463' title='bbox 401 3191 682 3255; x_wconf 56' lang='lat' dir='ltr'><strong>malitiose:</strong></span> <span class='ocrx_word' id='word_1_464' title='bbox 735 3191 879 3246; x_wconf 67' lang='grc' dir='ltr'><strong>διίυά</strong></span> <span class='ocrx_word' id='word_1_465' title='bbox 931 3192 1166 3246; x_wconf 68' lang='grc' dir='ltr'><strong>εοῖθηίθν</strong></span> <span class='ocrx_word' id='word_1_466' title='bbox 1187 3231 1203 3258; x_wconf 70' lang='grc'><strong>9</strong></span> <span class='ocrx_word' id='word_1_467' title='bbox 1255 3191 1400 3245; x_wconf 70' lang='lat' dir='ltr'><strong>aliud</strong></span> <span class='ocrx_word' id='word_1_468' title='bbox 1448 3190 1780 3261; x_wconf 70' lang='grc' dir='ltr'><strong>ίεηοτειιιιθτ,</strong></span> <span class='ocrx_word' id='word_1_469' title='bbox 1809 3207 1855 3270; x_wconf 85' lang='lat' dir='ltr'>C</span> <span class='ocrx_word' id='word_1_470' title='bbox 1886 3202 2163 3258; x_wconf 88' lang='lat' dir='ltr'><strong>descendit</strong></span> <span class='ocrx_word' id='word_1_471' title='bbox 2200 3201 2432 3274; x_wconf 89' lang='lat' dir='ltr'><strong>Spiritus</strong></span> <span class='ocrx_word' id='word_1_472' title='bbox 2464 3214 2684 3262; x_wconf 89' lang='lat' dir='ltr'><strong>sanctus</strong></span> <span class='ocrx_word' id='word_1_473' title='bbox 2729 3207 2794 3262; x_wconf 91' lang='lat' dir='ltr'><strong>de</strong></span> <span class='ocrx_word' id='word_1_474' title='bbox 2823 3207 2995 3273; x_wconf 83' lang='lat' dir='ltr'><strong>caelis,</strong></span> <span class='ocrx_word' id='word_1_475' title='bbox 3025 3215 3080 3262; x_wconf 93' lang='lat' dir='ltr'><strong>et</strong></span> <span class='ocrx_word' id='word_1_476' title='bbox 3114 3209 3471 3265; x_wconf 83' lang='lat' dir='ltr'><strong>sanctiﬁcatis</strong></span> 
     </span>
    </p>
   </div>
   <div class='ocr_carea' id='block_1_63' title="bbox 198 3279 3472 3372">
    <p class='ocr_par' dir='ltr' id='par_1_63' title="bbox 198 3279 3472 3372">
     <span class='ocr_line' id='line_1_63' title="bbox 198 3279 3472 3372; baseline 0.003 -22"><span class='ocrx_word' id='word_1_477' title='bbox 198 3282 353 3336; x_wconf 65' lang='lat' dir='ltr'><strong>alim]</strong></span> <span class='ocrx_word' id='word_1_478' title='bbox 378 3281 725 3353; x_wconf 68' lang='grc' dir='ltr'><strong>ηεςιῑςεηιθτν</strong></span> <span class='ocrx_word' id='word_1_479' title='bbox 751 3282 893 3336; x_wconf 58' lang='lat' dir='ltr'><strong>amid</strong></span> <span class='ocrx_word' id='word_1_480' title='bbox 921 3291 1238 3352; x_wconf 56' lang='lat' dir='ltr'><strong>arroganter</strong></span> <span class='ocrx_word' id='word_1_481' title='bbox 1265 3295 1513 3352; x_wconf 53' lang='grc' dir='ltr'><strong>Κηπίωνα»</strong></span> <span class='ocrx_word' id='word_1_482' title='bbox 1544 3279 1784 3372; x_wconf 54' lang='grc' dir='ltr'><strong>(ἰιιοίίδβί</strong></span> <span class='ocrx_word' id='word_1_483' title='bbox 1886 3301 2058 3368; x_wconf 88' lang='lat' dir='ltr'><strong>aquis,</strong></span> <span class='ocrx_word' id='word_1_484' title='bbox 2104 3299 2292 3354; x_wconf 90' lang='lat' dir='ltr'><strong>tribuit</strong></span> <span class='ocrx_word' id='word_1_485' title='bbox 2331 3301 2410 3356; x_wconf 91' lang='lat' dir='ltr'><strong>eis</strong></span> <span class='ocrx_word' id='word_1_486' title='bbox 2456 3301 2566 3356; x_wconf 89' lang='lat' dir='ltr'><strong>vim</strong></span> <span class='ocrx_word' id='word_1_487' title='bbox 2612 3303 2949 3372; x_wconf 80' lang='lat' dir='ltr'><strong>purgationis</strong></span> <span class='ocrx_word' id='word_1_488' title='bbox 3019 3301 3146 3358; x_wconf 88' lang='lat' dir='ltr'><strong>lude</strong></span> <span class='ocrx_word' id='word_1_489' title='bbox 3197 3304 3358 3358; x_wconf 86' lang='lat' dir='ltr'><strong>homo</strong></span> <span class='ocrx_word' id='word_1_490' title='bbox 3403 3304 3472 3359; x_wconf 85' lang='lat' dir='ltr'><strong>ad</strong></span> 
     </span>
    </p>
   </div>
   <div class='ocr_carea' id='block_1_64' title="bbox 199 3370 1779 3462">
    <p class='ocr_par' dir='ltr' id='par_1_64' title="bbox 199 3370 1779 3442">
     <span class='ocr_line' id='line_1_64' title="bbox 199 3370 1779 3442; baseline -0.001 -16"><span class='ocrx_word' id='word_1_491' title='bbox 199 3381 392 3426; x_wconf 86' lang='lat' dir='ltr'><strong>autem</strong></span> <span class='ocrx_word' id='word_1_492' title='bbox 423 3373 582 3427; x_wconf 91' lang='lat' dir='ltr'><strong>modo</strong></span> <span class='ocrx_word' id='word_1_493' title='bbox 608 3372 729 3442; x_wconf 89' lang='lat' dir='ltr'><strong>quis</strong></span> <span class='ocrx_word' id='word_1_494' title='bbox 757 3379 958 3442; x_wconf 86' lang='lat' dir='ltr'><strong>peccet,</strong></span> <span class='ocrx_word' id='word_1_495' title='bbox 991 3373 1036 3427; x_wconf 90' lang='lat' dir='ltr'><strong>si</strong></span> <span class='ocrx_word' id='word_1_496' title='bbox 1065 3372 1327 3442; x_wconf 77' lang='lat' dir='ltr'><strong>poenitere</strong></span> <span class='ocrx_word' id='word_1_497' title='bbox 1367 3371 1685 3437; x_wconf 90' lang='lat' dir='ltr'><strong>contemnit,</strong></span> <span class='ocrx_word' id='word_1_498' title='bbox 1729 3370 1779 3424; x_wconf 92' lang='lat' dir='ltr'><strong>in</strong></span> 
     </span>
    </p>
   </div>
   <div class='ocr_carea' id='block_1_65' title="bbox 1882 3370 3470 3462">
    <p class='ocr_par' dir='ltr' id='par_1_65' title="bbox 1887 3370 3470 3462">
     <span class='ocr_line' id='line_1_65' title="bbox 1887 3370 3470 3462; baseline 0.004 -20"><span class='ocrx_word' id='word_1_499' title='bbox 1887 3388 2176 3459; x_wconf 74' lang='lat' dir='ltr'><strong>imaginem</strong></span> <span class='ocrx_word' id='word_1_500' title='bbox 2204 3398 2483 3458; x_wconf 85' lang='lat' dir='ltr'><strong>reparatus</strong></span> <span class='ocrx_word' id='word_1_501' title='bbox 2505 3370 3037 3457; x_wconf 35' lang='lat' dir='ltr'><strong>sanctae-Trinitatis,</strong></span> <span class='ocrx_word' id='word_1_502' title='bbox 3064 3392 3131 3446; x_wconf 91' lang='lat' dir='ltr'><strong>ad</strong></span> <span class='ocrx_word' id='word_1_503' title='bbox 3157 3407 3320 3462; x_wconf 90' lang='lat' dir='ltr'><strong>quam</strong></span> <span class='ocrx_word' id='word_1_504' title='bbox 3345 3408 3470 3448; x_wconf 90' lang='lat' dir='ltr'><strong>eon-</strong></span> 
     </span>
    </p>
   </div>
   <div class='ocr_carea' id='block_1_66' title="bbox 199 3461 3474 3556">
    <p class='ocr_par' dir='ltr' id='par_1_66' title="bbox 199 3461 3474 3556">
     <span class='ocr_line' id='line_1_66' title="bbox 199 3461 3474 3556; baseline 0.004 -41"><span class='ocrx_word' id='word_1_505' title='bbox 199 3478 464 3556; x_wconf 78' lang='lat' dir='ltr'><strong>rnagnum</strong></span> <span class='ocrx_word' id='word_1_506' title='bbox 511 3477 570 3516; x_wconf 92' lang='lat' dir='ltr'><strong>se</strong></span> <span class='ocrx_word' id='word_1_507' title='bbox 604 3463 866 3556; x_wconf 75' lang='lat' dir='ltr'><strong>superbiae</strong></span> <span class='ocrx_word' id='word_1_508' title='bbox 910 3462 1223 3516; x_wconf 89' lang='lat' dir='ltr'><strong>barathrum</strong></span> <span class='ocrx_word' id='word_1_509' title='bbox 1255 3461 1543 3532; x_wconf 87' lang='lat' dir='ltr'><strong>immergit,</strong></span> <span class='ocrx_word' id='word_1_510' title='bbox 1583 3461 1649 3515; x_wconf 90' lang='lat' dir='ltr'><strong>de</strong></span> <span class='ocrx_word' id='word_1_511' title='bbox 1678 3473 1785 3530; x_wconf 92' lang='lat' dir='ltr'><strong>quo</strong></span> <span class='ocrx_word' id='word_1_512' title='bbox 1885 3479 2028 3535; x_wconf 67' lang='lat' dir='ltr'><strong>(mus</strong></span> <span class='ocrx_word' id='word_1_513' title='bbox 2050 3479 2248 3546; x_wconf 62' lang='lat' dir='ltr'><strong>fueral,</strong></span> <span class='ocrx_word' id='word_1_514' title='bbox 2273 3491 2629 3553; x_wconf 53' lang='lat' dir='ltr'><strong>expurgatur,</strong></span> <span class='ocrx_word' id='word_1_515' title='bbox 2654 3491 2708 3538; x_wconf 64' lang='grc' dir='ltr'><strong>ει</strong></span> <span class='ocrx_word' id='word_1_516' title='bbox 2733 3483 2825 3553; x_wconf 71' lang='lat' dir='ltr'><strong>qui</strong></span> <span class='ocrx_word' id='word_1_517' title='bbox 2853 3491 3007 3539; x_wconf 54' lang='lat' dir='ltr'><strong>vetus</strong></span> <span class='ocrx_word' id='word_1_518' title='bbox 3036 3484 3090 3538; x_wconf 79' lang='grc' dir='ltr'><strong>ίη</strong></span> <span class='ocrx_word' id='word_1_519' title='bbox 3113 3461 3206 3540; x_wconf 59' lang='grc' dir='ltr'><strong>εαέ</strong></span> <span class='ocrx_word' id='word_1_520' title='bbox 3228 3501 3324 3555; x_wconf 64' lang='grc' dir='ltr'><strong>ρετ</strong></span> <span class='ocrx_word' id='word_1_521' title='bbox 3344 3503 3474 3556; x_wconf 72' lang='lat' dir='ltr'><strong>pec-</strong></span> 
     </span>
    </p>
   </div>
   <div class='ocr_carea' id='block_1_67' title="bbox 199 3551 3470 3646">
    <p class='ocr_par' dir='ltr' id='par_1_67' title="bbox 199 3551 3470 3646">
     <span class='ocr_line' id='line_1_67' title="bbox 199 3551 3470 3646; baseline 0.004 -28"><span class='ocrx_word' id='word_1_522' title='bbox 199 3567 316 3606; x_wconf 77' lang='grc' dir='ltr'><strong>υοη</strong></span> <span class='ocrx_word' id='word_1_523' title='bbox 347 3551 595 3646; x_wconf 23' lang='grc' dir='ltr'><strong>ηῖείΔΡθτ</strong></span> <span class='ocrx_word' id='word_1_524' title='bbox 639 3551 1061 3646; x_wconf 48' lang='grc' dir='ltr'><strong>οοηῖοεδίοῐιθηιι</strong></span> <span class='ocrx_word' id='word_1_525' title='bbox 1081 3558 1423 3620; x_wconf 69' lang='grc' dir='ltr'><strong>Ρθοείιῑονυῐη</strong></span> <span class='ocrx_word' id='word_1_526' title='bbox 1471 3565 1689 3646; x_wconf 55' lang='grc' dir='ltr'><strong>δυοτυπξ</strong></span> <span class='ocrx_word' id='word_1_527' title='bbox 1731 3557 1788 3646; x_wconf 54' lang='grc' dir='ltr'><strong>(ἴε</strong></span> <span class='ocrx_word' id='word_1_528' title='bbox 1886 3578 2064 3624; x_wconf 89' lang='lat' dir='ltr'><strong>catum</strong></span> <span class='ocrx_word' id='word_1_529' title='bbox 2094 3571 2251 3640; x_wconf 86' lang='lat' dir='ltr'><strong>primi</strong></span> <span class='ocrx_word' id='word_1_530' title='bbox 2281 3551 2518 3627; x_wconf 80' lang='lat' dir='ltr'><strong>hominis</strong></span> <span class='ocrx_word' id='word_1_531' title='bbox 2558 3551 2894 3640; x_wconf 80' lang='lat' dir='ltr'><strong>intraverat,</strong></span> <span class='ocrx_word' id='word_1_532' title='bbox 2947 3589 3120 3629; x_wconf 90' lang='lat' dir='ltr'><strong>novus</strong></span> <span class='ocrx_word' id='word_1_533' title='bbox 3149 3551 3322 3630; x_wconf 75' lang='lat' dir='ltr'><strong>exeis</strong></span> <span class='ocrx_word' id='word_1_534' title='bbox 3344 3551 3470 3646; x_wconf 47' lang='lat' dir='ltr'><strong>—per</strong></span> 
     </span>
    </p>
   </div>
   <div class='ocr_carea' id='block_1_68' title="bbox 194 3625 3471 3738">
    <p class='ocr_par' dir='ltr' id='par_1_68' title="bbox 194 3625 3471 3738">
     <span class='ocr_line' id='line_1_68' title="bbox 194 3625 3471 3738; baseline 0.002 -22"><span class='ocrx_word' id='word_1_535' title='bbox 194 3644 884 3738; x_wconf 45' lang='grc' dir='ltr'><strong>θξιιεξῖάθιίοηθηιηωοτυηῖ</strong></span> <span class='ocrx_word' id='word_1_536' title='bbox 912 3625 1244 3738; x_wconf 51' lang='grc' dir='ltr'><strong>θι-είῆιξωνίε</strong></span> <span class='ocrx_word' id='word_1_537' title='bbox 1270 3646 1602 3738; x_wconf 15' lang='grc' dir='ltr'><strong>Ρὲωηίιθηιξεε</strong></span> <span class='ocrx_word' id='word_1_538' title='bbox 1621 3645 1788 3738; x_wconf 66' lang='grc' dir='ltr'><strong>ξιάηιί·</strong></span> <span class='ocrx_word' id='word_1_539' title='bbox 1887 3659 2083 3716; x_wconf 90' lang='lat' dir='ltr'><strong>Christi</strong></span> <span class='ocrx_word' id='word_1_540' title='bbox 2107 3663 2336 3731; x_wconf 89' lang='lat' dir='ltr'><strong>gratiam</strong></span> <span class='ocrx_word' id='word_1_541' title='bbox 2361 3664 2652 3734; x_wconf 88' lang='lat' dir='ltr'><strong>egreditur,</strong></span> <span class='ocrx_word' id='word_1_542' title='bbox 2679 3674 2733 3720; x_wconf 90' lang='lat' dir='ltr'><strong>et</strong></span> <span class='ocrx_word' id='word_1_543' title='bbox 2759 3665 2965 3736; x_wconf 90' lang='lat' dir='ltr'><strong>Spiritu</strong></span> <span class='ocrx_word' id='word_1_544' title='bbox 2991 3667 3179 3738; x_wconf 85' lang='lat' dir='ltr'><strong>gratiae</strong></span> <span class='ocrx_word' id='word_1_545' title='bbox 3202 3667 3256 3721; x_wconf 90' lang='lat' dir='ltr'><strong>in</strong></span> <span class='ocrx_word' id='word_1_546' title='bbox 3279 3625 3471 3724; x_wconf 57' lang='lat' dir='ltr'><strong>melius</strong></span> 
     </span>
    </p>
   </div>
   <div class='ocr_carea' id='block_1_69' title="bbox 193 3733 1779 3823">
    <p class='ocr_par' dir='ltr' id='par_1_69' title="bbox 193 3733 1779 3804">
     <span class='ocr_line' id='line_1_69' title="bbox 193 3733 1779 3804; baseline -0.002 -13"><span class='ocrx_word' id='word_1_547' title='bbox 193 3734 454 3791; x_wconf 89' lang='lat' dir='ltr'><strong>niculum</strong></span> <span class='ocrx_word' id='word_1_548' title='bbox 499 3733 680 3804; x_wconf 88' lang='lat' dir='ltr'><strong>egredi</strong></span> <span class='ocrx_word' id='word_1_549' title='bbox 726 3742 921 3803; x_wconf 87' lang='lat' dir='ltr'><strong>potest.</strong></span> <span class='ocrx_word' id='word_1_550' title='bbox 965 3735 1184 3789; x_wconf 90' lang='lat' dir='ltr'><strong>Duobus</strong></span> <span class='ocrx_word' id='word_1_551' title='bbox 1231 3735 1375 3789; x_wconf 90' lang='lat' dir='ltr'><strong>enim</strong></span> <span class='ocrx_word' id='word_1_552' title='bbox 1419 3734 1593 3788; x_wconf 91' lang='lat' dir='ltr'><strong>modis</strong></span> <span class='ocrx_word' id='word_1_553' title='bbox 1623 3734 1779 3788; x_wconf 89' lang='lat' dir='ltr'><strong>homo</strong></span> 
     </span>
    </p>
   </div>
   <div class='ocr_carea' id='block_1_70' title="bbox 1882 3733 3476 3823">
    <p class='ocr_par' dir='ltr' id='par_1_70' title="bbox 1891 3733 3476 3823">
     <span class='ocr_line' id='line_1_70' title="bbox 1891 3733 3476 3823; baseline 0.004 -18"><span class='ocrx_word' id='word_1_554' title='bbox 1891 3751 2232 3818; x_wconf 89' lang='lat' dir='ltr'><strong>immutatus,</strong></span> <span class='ocrx_word' id='word_1_555' title='bbox 2266 3751 2420 3823; x_wconf 91' lang='lat' dir='ltr'><strong>longe</strong></span> <span class='ocrx_word' id='word_1_556' title='bbox 2458 3754 2599 3809; x_wconf 91' lang='lat' dir='ltr'><strong>aliud</strong></span> <span class='ocrx_word' id='word_1_557' title='bbox 2627 3733 3269 3823; x_wconf 34' lang='lat' dir='ltr'><strong>quam&#39;l‘uerat&#39;et’ﬁcitur,</strong></span> <span class='ocrx_word' id='word_1_558' title='bbox 3301 3758 3476 3813; x_wconf 76' lang='lat' dir='ltr'><strong>fmdus</strong></span> 
     </span>
    </p>
   </div>
   <div class='ocr_carea' id='block_1_71' title="bbox 197 3823 1779 3916">
    <p class='ocr_par' dir='ltr' id='par_1_71' title="bbox 197 3823 1779 3894">
     <span class='ocr_line' id='line_1_71' title="bbox 197 3823 1779 3894; baseline 0 -16"><span class='ocrx_word' id='word_1_559' title='bbox 197 3825 324 3880; x_wconf 87' lang='lat' dir='ltr'><strong>Deo</strong></span> <span class='ocrx_word' id='word_1_560' title='bbox 370 3823 648 3894; x_wconf 82' lang='lat' dir='ltr'><strong>superbit:</strong></span> <span class='ocrx_word' id='word_1_561' title='bbox 695 3839 816 3878; x_wconf 91' lang='lat' dir='ltr'><strong>cum</strong></span> <span class='ocrx_word' id='word_1_562' title='bbox 863 3831 956 3878; x_wconf 93' lang='lat' dir='ltr'><strong>aut</strong></span> <span class='ocrx_word' id='word_1_563' title='bbox 1006 3823 1288 3893; x_wconf 81' lang='lat' dir='ltr'><strong>praeceptis</strong></span> <span class='ocrx_word' id='word_1_564' title='bbox 1315 3824 1430 3893; x_wconf 90' lang='lat' dir='ltr'><strong>ejus</strong></span> <span class='ocrx_word' id='word_1_565' title='bbox 1473 3823 1779 3878; x_wconf 75' lang='lat' dir='ltr'><strong>inobediens</strong></span> 
     </span>
    </p>
   </div>
   <div class='ocr_carea' id='block_1_72' title="bbox 1882 3823 3476 3916">
    <p class='ocr_par' dir='ltr' id='par_1_72' title="bbox 1889 3842 3476 3916">
     <span class='ocr_line' id='line_1_72' title="bbox 1889 3842 3476 3916; baseline 0.003 -20"><span class='ocrx_word' id='word_1_566' title='bbox 1889 3842 2034 3896; x_wconf 89' lang='lat' dir='ltr'><strong>enim</strong></span> <span class='ocrx_word' id='word_1_567' title='bbox 2064 3853 2182 3897; x_wconf 90' lang='lat' dir='ltr'><strong>erat</strong></span> <span class='ocrx_word' id='word_1_568' title='bbox 2210 3842 2552 3897; x_wconf 82' lang='lat' dir='ltr'><strong>deformitate</strong></span> <span class='ocrx_word' id='word_1_569' title='bbox 2581 3851 2950 3912; x_wconf 89' lang='lat' dir='ltr'><strong>peccatorum,</strong></span> <span class='ocrx_word' id='word_1_570' title='bbox 2977 3845 3051 3900; x_wconf 92' lang='lat' dir='ltr'><strong>ibi</strong></span> <span class='ocrx_word' id='word_1_571' title='bbox 3085 3845 3329 3900; x_wconf 89' lang='lat' dir='ltr'><strong>redditur</strong></span> <span class='ocrx_word' id='word_1_572' title='bbox 3356 3846 3476 3916; x_wconf 91' lang='lat' dir='ltr'><strong>pul-</strong></span> 
     </span>
    </p>
   </div>
   <div class='ocr_carea' id='block_1_73' title="bbox 197 3912 1779 4014">
    <p class='ocr_par' dir='ltr' id='par_1_73' title="bbox 197 3912 1779 3983">
     <span class='ocr_line' id='line_1_73' title="bbox 197 3912 1779 3983; baseline -0.003 -14"><span class='ocrx_word' id='word_1_573' title='bbox 197 3915 481 3978; x_wconf 74' lang='lat' dir='ltr'><strong>cxistens,</strong></span> <span class='ocrx_word' id='word_1_574' title='bbox 505 3928 569 3967; x_wconf 91' lang='lat' dir='ltr'><strong>ea</strong></span> <span class='ocrx_word' id='word_1_575' title='bbox 596 3928 712 3982; x_wconf 74' lang='lat' dir='ltr'><strong>quae</strong></span> <span class='ocrx_word' id='word_1_576' title='bbox 732 3912 1003 3983; x_wconf 88' lang='lat' dir='ltr'><strong>prohibita</strong></span> <span class='ocrx_word' id='word_1_577' title='bbox 1027 3921 1153 3968; x_wconf 90' lang='lat' dir='ltr'><strong>sunt</strong></span> <span class='ocrx_word' id='word_1_578' title='bbox 1177 3912 1499 3977; x_wconf 87' lang='lat' dir='ltr'><strong>committit,</strong></span> <span class='ocrx_word' id='word_1_579' title='bbox 1533 3920 1779 3966; x_wconf 83' lang='lat' dir='ltr'><strong>autcum-</strong></span> 
     </span>
    </p>
   </div>
   <div class='ocr_carea' id='block_1_74' title="bbox 1882 3912 3463 4014">
    <p class='ocr_par' dir='ltr' id='par_1_74' title="bbox 1892 3912 3463 4008">
     <span class='ocr_line' id='line_1_74' title="bbox 1892 3912 3463 4008; baseline 0.004 -20"><span class='ocrx_word' id='word_1_580' title='bbox 1892 3934 2024 3988; x_wconf 87' lang='lat' dir='ltr'><strong>cher</strong></span> <span class='ocrx_word' id='word_1_581' title='bbox 2047 3933 2384 3989; x_wconf 87' lang='lat' dir='ltr'><strong>dealbatione</strong></span> <span class='ocrx_word' id='word_1_582' title='bbox 2415 3935 2694 3990; x_wconf 88' lang='lat' dir='ltr'><strong>virtutum.</strong></span> <span class='ocrx_word' id='word_1_583' title='bbox 2727 3933 3039 3992; x_wconf 82' lang='lat' dir='ltr'><strong>Nullatenus</strong></span> <span class='ocrx_word' id='word_1_584' title='bbox 3067 3938 3248 4008; x_wconf 92' lang='lat' dir='ltr'><strong>itaque</strong></span> <span class='ocrx_word' id='word_1_585' title='bbox 3280 3912 3463 4008; x_wconf 78' lang='lat' dir='ltr'><strong>bapti-</strong></span> 
     </span>
    </p>
   </div>
   <div class='ocr_carea' id='block_1_75' title="bbox 197 4002 3476 4104">
    <p class='ocr_par' dir='ltr' id='par_1_75' title="bbox 197 4002 3476 4104">
     <span class='ocr_line' id='line_1_75' title="bbox 197 4002 3476 4104; baseline 0.001 -22"><span class='ocrx_word' id='word_1_586' title='bbox 197 4004 378 4104; x_wconf 62' lang='grc' dir='ltr'><strong>ῖξξίδδδ</strong></span> <span class='ocrx_word' id='word_1_587' title='bbox 407 4003 672 4104; x_wconf 31' lang='grc' dir='ltr'><strong>Ρωηθίιθτθ</strong></span> <span class='ocrx_word' id='word_1_588' title='bbox 703 4002 959 4104; x_wconf 57' lang='grc' dir='ltr'><strong>ηθειίεξίξ</strong></span> <span class='ocrx_word' id='word_1_589' title='bbox 979 4003 1120 4104; x_wconf 46' lang='grc' dir='ltr'><strong>υηξξθ</strong></span> <span class='ocrx_word' id='word_1_590' title='bbox 1151 4002 1264 4103; x_wconf 36' lang='lat' dir='ltr'><strong>slve</strong></span> <span class='ocrx_word' id='word_1_591' title='bbox 1292 4003 1345 4056; x_wconf 70' lang='lat' dir='ltr'><strong>hi</strong></span> <span class='ocrx_word' id='word_1_592' title='bbox 1375 4003 1466 4071; x_wconf 76' lang='grc' dir='ltr'><strong>(Ῑυί</strong></span> <span class='ocrx_word' id='word_1_593' title='bbox 1514 4002 1793 4104; x_wconf 41' lang='lat' dir='ltr'><strong>mpm?”</strong></span> <span class='ocrx_word' id='word_1_594' title='bbox 1892 4018 1993 4080; x_wconf 86' lang='lat' dir='ltr'><strong>smi</strong></span> <span class='ocrx_word' id='word_1_595' title='bbox 2040 4027 2353 4096; x_wconf 81' lang='lat' dir='ltr'><strong>mysterium</strong></span> <span class='ocrx_word' id='word_1_596' title='bbox 2399 4028 2583 4097; x_wconf 88' lang='lat' dir='ltr'><strong>perﬁci</strong></span> <span class='ocrx_word' id='word_1_597' title='bbox 2628 4035 2827 4098; x_wconf 89' lang='lat' dir='ltr'><strong>potest,</strong></span> <span class='ocrx_word' id='word_1_598' title='bbox 2854 4028 2958 4083; x_wconf 89' lang='lat' dir='ltr'><strong>nisi</strong></span> <span class='ocrx_word' id='word_1_599' title='bbox 2989 4029 3088 4084; x_wconf 92' lang='lat' dir='ltr'><strong>sub</strong></span> <span class='ocrx_word' id='word_1_600' title='bbox 3137 4002 3476 4086; x_wconf 77' lang='lat' dir='ltr'><strong>invocatione</strong></span> 
     </span>
    </p>
   </div>
   <div class='ocr_carea' id='block_1_76' title="bbox 195 4091 3471 4194">
    <p class='ocr_par' dir='ltr' id='par_1_76' title="bbox 195 4091 3471 4194">
     <span class='ocr_line' id='line_1_76' title="bbox 195 4091 3471 4194; baseline 0.001 -19"><span class='ocrx_word' id='word_1_601' title='bbox 195 4093 445 4194; x_wconf 47' lang='lat' dir='ltr'><strong>diﬁumf</strong></span> <span class='ocrx_word' id='word_1_602' title='bbox 496 4092 608 4147; x_wconf 56' lang='lat' dir='ltr'><strong>Sive</strong></span> <span class='ocrx_word' id='word_1_603' title='bbox 657 4107 759 4194; x_wconf 53' lang='lat' dir='ltr'><strong>&quot;Ps</strong></span> <span class='ocrx_word' id='word_1_604' title='bbox 809 4092 901 4194; x_wconf 45' lang='lat'><strong>‘1“!</strong></span> <span class='ocrx_word' id='word_1_605' title='bbox 946 4091 1195 4161; x_wconf 55' lang='lat' dir='ltr'><strong>baptismi</strong></span> <span class='ocrx_word' id='word_1_606' title='bbox 1243 4091 1792 4194; x_wconf 32' lang='lat' dir='ltr'><strong>sf‘ﬁmmemum‘jam</strong></span> <span class='ocrx_word' id='word_1_607' title='bbox 1893 4091 2111 4174; x_wconf 60' lang='lat' dir='ltr'><strong>sanetae</strong></span> <span class='ocrx_word' id='word_1_608' title='bbox 2146 4091 2463 4186; x_wconf 79' lang='lat' dir='ltr'><strong>Trinitatis,</strong></span> <span class='ocrx_word' id='word_1_609' title='bbox 2510 4091 2646 4190; x_wconf 72' lang='lat' dir='ltr'><strong>quia</strong></span> <span class='ocrx_word' id='word_1_610' title='bbox 2687 4128 2741 4176; x_wconf 88' lang='lat' dir='ltr'><strong>et</strong></span> <span class='ocrx_word' id='word_1_611' title='bbox 2785 4091 3042 4176; x_wconf 86' lang='lat' dir='ltr'><strong>Dominus</strong></span> <span class='ocrx_word' id='word_1_612' title='bbox 3086 4123 3152 4177; x_wconf 90' lang='lat' dir='ltr'><strong>ad</strong></span> <span class='ocrx_word' id='word_1_613' title='bbox 3199 4123 3471 4193; x_wconf 89' lang='lat' dir='ltr'><strong>apostolos</strong></span> 
     </span>
    </p>
   </div>
   <div class='ocr_carea' id='block_1_77' title="bbox 193 4181 1779 4284">
    <p class='ocr_par' dir='ltr' id='par_1_77' title="bbox 193 4181 1779 4253">
     <span class='ocr_line' id='line_1_77' title="bbox 193 4181 1779 4253; baseline -0.002 -16"><span class='ocrx_word' id='word_1_614' title='bbox 193 4183 574 4253; x_wconf 87' lang='lat' dir='ltr'><strong>percepimus,</strong></span> <span class='ocrx_word' id='word_1_615' title='bbox 616 4189 739 4237; x_wconf 85' lang='lat' dir='ltr'><strong>ante</strong></span> <span class='ocrx_word' id='word_1_616' title='bbox 783 4181 968 4237; x_wconf 88' lang='lat' dir='ltr'><strong>oculos</strong></span> <span class='ocrx_word' id='word_1_617' title='bbox 997 4196 1200 4250; x_wconf 89' lang='lat' dir='ltr'><strong>ponere</strong></span> <span class='ocrx_word' id='word_1_618' title='bbox 1250 4182 1508 4236; x_wconf 85' lang='lat' dir='ltr'><strong>debemus</strong></span> <span class='ocrx_word' id='word_1_619' title='bbox 1550 4189 1779 4251; x_wconf 69' lang='lat' dir='ltr'><strong>pactum,</strong></span> 
     </span>
    </p>
   </div>
   <div class='ocr_carea' id='block_1_78' title="bbox 1882 4181 3473 4284">
    <p class='ocr_par' dir='ltr' id='par_1_78' title="bbox 1895 4181 3473 4284">
     <span class='ocr_line' id='line_1_78' title="bbox 1895 4181 3473 4284; baseline 0.002 -18"><span class='ocrx_word' id='word_1_620' title='bbox 1895 4211 2030 4266; x_wconf 81' lang='lat' dir='ltr'><strong>dixit</strong></span> <span class='ocrx_word' id='word_1_621' title='bbox 2057 4229 2070 4265; x_wconf 89' lang='lat'><strong>:</strong></span> <span class='ocrx_word' id='word_1_622' title='bbox 2121 4210 2214 4274; x_wconf 91' lang='lat' dir='ltr'><strong>lte,</strong></span> <span class='ocrx_word' id='word_1_623' title='bbox 2245 4212 2430 4266; x_wconf 89' lang='lat' dir='ltr'><strong>docete</strong></span> <span class='ocrx_word' id='word_1_624' title='bbox 2455 4227 2649 4271; x_wconf 81' lang='lat' dir='ltr'><strong>omnes</strong></span> <span class='ocrx_word' id='word_1_625' title='bbox 2679 4222 2884 4284; x_wconf 87' lang='lat' dir='ltr'><strong>gentes,</strong></span> <span class='ocrx_word' id='word_1_626' title='bbox 2931 4181 3266 4283; x_wconf 73' lang='lat' dir='ltr'><strong>baptizantes</strong></span> <span class='ocrx_word' id='word_1_627' title='bbox 3292 4230 3384 4271; x_wconf 92' lang='lat' dir='ltr'><strong>eos</strong></span> <span class='ocrx_word' id='word_1_628' title='bbox 3421 4215 3473 4270; x_wconf 87' lang='lat' dir='ltr'><strong>in</strong></span> 
     </span>
    </p>
   </div>
   <div class='ocr_carea' id='block_1_79' title="bbox 195 4271 3472 4374">
    <p class='ocr_par' dir='ltr' id='par_1_79' title="bbox 195 4271 3472 4374">
     <span class='ocr_line' id='line_1_79' title="bbox 195 4271 3472 4374; baseline 0.003 -24"><span class='ocrx_word' id='word_1_629' title='bbox 195 4272 360 4374; x_wconf 47' lang='lat' dir='ltr'><strong>Tufa</strong></span> <span class='ocrx_word' id='word_1_630' title='bbox 388 4273 651 4374; x_wconf 32' lang='grc' dir='ltr'><strong>(Ἄπη-9⁸0</strong></span> <span class='ocrx_word' id='word_1_631' title='bbox 787 4271 1214 4374; x_wconf 33' lang='lat' dir='ltr'><strong>baptismate.“</strong></span> <span class='ocrx_word' id='word_1_632' title='bbox 1243 4271 1350 4371; x_wconf 61' lang='grc' dir='ltr'><strong>,ΠΜ</strong></span> <span class='ocrx_word' id='word_1_633' title='bbox 1383 4271 1796 4374; x_wconf 43' lang='grc' dir='ltr'><strong>θδτθῗυηιίέωτ</strong></span> <span class='ocrx_word' id='word_1_634' title='bbox 1895 4303 2110 4358; x_wconf 90' lang='lat' dir='ltr'><strong>nomine</strong></span> <span class='ocrx_word' id='word_1_635' title='bbox 2152 4271 2330 4358; x_wconf 78' lang='lat' dir='ltr'><strong>Patris</strong></span> <span class='ocrx_word' id='word_1_636' title='bbox 2369 4311 2423 4357; x_wconf 90' lang='lat' dir='ltr'><strong>et</strong></span> <span class='ocrx_word' id='word_1_637' title='bbox 2470 4303 2592 4357; x_wconf 88' lang='lat' dir='ltr'><strong>Filii</strong></span> <span class='ocrx_word' id='word_1_638' title='bbox 2622 4271 2956 4374; x_wconf 52' lang='lat' dir='ltr'><strong>etvSpiritus</strong></span> <span class='ocrx_word' id='word_1_639' title='bbox 2997 4271 3191 4371; x_wconf 76' lang='lat' dir='ltr'><strong>sancti,</strong></span> <span class='ocrx_word' id='word_1_640' title='bbox 3222 4314 3277 4361; x_wconf 92' lang='lat' dir='ltr'><strong>et</strong></span> <span class='ocrx_word' id='word_1_641' title='bbox 3327 4306 3472 4360; x_wconf 89' lang='lat' dir='ltr'><strong>idem</strong></span> 
     </span>
    </p>
   </div>
   <div class='ocr_carea' id='block_1_80' title="bbox 197 4362 3475 4460">
    <p class='ocr_par' dir='ltr' id='par_1_80' title="bbox 197 4362 3475 4460">
     <span class='ocr_line' id='line_1_80' title="bbox 197 4362 3475 4460; baseline 0 -9"><span class='ocrx_word' id='word_1_642' title='bbox 197 4363 434 4460; x_wconf 41' lang='lat' dir='ltr'><strong>suam?</strong></span> <span class='ocrx_word' id='word_1_643' title='bbox 474 4371 532 4460; x_wconf 51' lang='lat' dir='ltr'><strong>,e&quot;</strong></span> <span class='ocrx_word' id='word_1_644' title='bbox 577 4362 829 4460; x_wconf 56' lang='grc' dir='ltr'><strong>θρῗτὼυῗ</strong></span> <span class='ocrx_word' id='word_1_645' title='bbox 874 4372 1178 4460; x_wconf 49' lang='lat' dir='ltr'><strong>ePP‘fml’is.</strong></span> <span class='ocrx_word' id='word_1_646' title='bbox 1209 4377 1348 4460; x_wconf 54' lang='lat' dir='ltr'><strong>ejus:</strong></span> <span class='ocrx_word' id='word_1_647' title='bbox 1390 4362 1534 4432; x_wconf 62' lang='lat' dir='ltr'><strong>quoa</strong></span> <span class='ocrx_word' id='word_1_648' title='bbox 1578 4371 1794 4460; x_wconf 48' lang='lat' dir='ltr'><strong>pacm!“</strong></span> <span class='ocrx_word' id='word_1_649' title='bbox 1897 4392 2153 4448; x_wconf 89' lang='lat' dir='ltr'><strong>Dominus</strong></span> <span class='ocrx_word' id='word_1_650' title='bbox 2198 4393 2301 4447; x_wconf 89' lang='lat' dir='ltr'><strong>hoc</strong></span> <span class='ocrx_word' id='word_1_651' title='bbox 2350 4404 2750 4448; x_wconf 87' lang='lat' dir='ltr'><strong>sacramentum</strong></span> <span class='ocrx_word' id='word_1_652' title='bbox 2796 4394 3048 4460; x_wconf 88' lang='lat' dir='ltr'><strong>ﬁrmavit,</strong></span> <span class='ocrx_word' id='word_1_653' title='bbox 3103 4411 3224 4449; x_wconf 89' lang='lat' dir='ltr'><strong>cum</strong></span> <span class='ocrx_word' id='word_1_654' title='bbox 3279 4395 3333 4450; x_wconf 94' lang='lat' dir='ltr'><strong>in</strong></span> <span class='ocrx_word' id='word_1_655' title='bbox 3377 4411 3475 4451; x_wconf 91' lang='lat' dir='ltr'><strong>suo</strong></span> 
     </span>
    </p>
   </div>
   <div class='ocr_carea' id='block_1_81' title="bbox 197 4450 3474 4553">
    <p class='ocr_par' dir='ltr' id='par_1_81' title="bbox 197 4450 3474 4553">
     <span class='ocr_line' id='line_1_81' title="bbox 197 4450 3474 4553; baseline -0 -12"><span class='ocrx_word' id='word_1_656' title='bbox 397 4452 624 4553; x_wconf 38' lang='lat' dir='ltr'><strong>irritum“</strong></span> <span class='ocrx_word' id='word_1_657' title='bbox 651 4451 730 4553; x_wconf 41' lang='grc' dir='ltr'><strong>ᾤ’</strong></span> <span class='ocrx_word' id='word_1_658' title='bbox 778 4451 823 4506; x_wconf 66' lang='lat' dir='ltr'><strong>Si</strong></span> <span class='ocrx_word' id='word_1_659' title='bbox 858 4458 957 4553; x_wconf 34' lang='lat' dir='ltr'><strong>aut</strong></span> <span class='ocrx_word' id='word_1_660' title='bbox 1007 4451 1060 4553; x_wconf 57' lang='grc' dir='ltr'><strong>ἰδ’</strong></span> <span class='ocrx_word' id='word_1_661' title='bbox 1259 4450 1382 4520; x_wconf 62' lang='lat' dir='ltr'><strong>quis</strong></span> <span class='ocrx_word' id='word_1_662' title='bbox 1429 4450 1795 4553; x_wconf 44' lang='lat' dir='ltr'><strong>peffmnendc?</strong></span> <span class='ocrx_word' id='word_1_663' title='bbox 1896 4483 2220 4553; x_wconf 87' lang='lat' dir='ltr'><strong>baptismate</strong></span> <span class='ocrx_word' id='word_1_664' title='bbox 2246 4481 2410 4537; x_wconf 87' lang='lat' dir='ltr'><strong>Pater</strong></span> <span class='ocrx_word' id='word_1_665' title='bbox 2449 4483 2752 4540; x_wconf 89' lang='lat' dir='ltr'><strong>declaratus</strong></span> <span class='ocrx_word' id='word_1_666' title='bbox 2795 4492 2879 4538; x_wconf 90' lang='lat' dir='ltr'><strong>est</strong></span> <span class='ocrx_word' id='word_1_667' title='bbox 2929 4485 2982 4538; x_wconf 93' lang='lat' dir='ltr'><strong>in</strong></span> <span class='ocrx_word' id='word_1_668' title='bbox 3023 4450 3178 4551; x_wconf 72' lang='lat' dir='ltr'><strong>voce,</strong></span> <span class='ocrx_word' id='word_1_669' title='bbox 3206 4450 3392 4540; x_wconf 88' lang='lat' dir='ltr'><strong>Filius</strong></span> <span class='ocrx_word' id='word_1_670' title='bbox 3420 4450 3474 4540; x_wconf 83' lang='lat' dir='ltr'><strong>in</strong></span> 
     </span>
    </p>
   </div>
   <div class='ocr_carea' id='block_1_82' title="bbox 193 4540 3476 4643">
    <p class='ocr_par' dir='ltr' id='par_1_82' title="bbox 193 4540 3476 4643">
     <span class='ocr_line' id='line_1_82' title="bbox 193 4540 3476 4643; baseline -0.001 -9"><span class='ocrx_word' id='word_1_671' title='bbox 193 4545 385 4608; x_wconf 59' lang='lat' dir='ltr'><strong>viuis’</strong></span> <span class='ocrx_word' id='word_1_672' title='bbox 418 4552 509 4597; x_wconf 48' lang='lat' dir='ltr'><strong>aut</strong></span> <span class='ocrx_word' id='word_1_673' title='bbox 533 4559 562 4596; x_wconf 75' lang='grc'><strong>³</strong></span> <span class='ocrx_word' id='word_1_674' title='bbox 594 4541 1078 4643; x_wconf 60' lang='lat' dir='ltr'><strong>“d9_°&quot;°&quot;1’_“_““d°</strong></span> <span class='ocrx_word' id='word_1_675' title='bbox 1111 4540 1376 4597; x_wconf 62' lang='grc' dir='ltr'>Μοιθωω</span> <span class='ocrx_word' id='word_1_676' title='bbox 1411 4541 1670 4608; x_wconf 63' lang='grc' dir='ltr'><strong>θυίίίδυδν</strong></span> <span class='ocrx_word' id='word_1_677' title='bbox 1700 4548 1794 4596; x_wconf 55' lang='lat' dir='ltr'><strong>aut</strong></span> <span class='ocrx_word' id='word_1_678' title='bbox 1823 4567 1874 4628; x_wconf 89' lang='lat' dir='ltr'><strong>D</strong></span> <span class='ocrx_word' id='word_1_679' title='bbox 1898 4540 2141 4643; x_wconf 73' lang='lat' dir='ltr'><strong>corpore,</strong></span> <span class='ocrx_word' id='word_1_680' title='bbox 2177 4571 2411 4642; x_wconf 91' lang='lat' dir='ltr'><strong>Spiritus</strong></span> <span class='ocrx_word' id='word_1_681' title='bbox 2440 4580 2657 4629; x_wconf 88' lang='lat' dir='ltr'><strong>sanctus</strong></span> <span class='ocrx_word' id='word_1_682' title='bbox 2681 4573 2736 4628; x_wconf 91' lang='lat' dir='ltr'><strong>in</strong></span> <span class='ocrx_word' id='word_1_683' title='bbox 2773 4572 3034 4629; x_wconf 66' lang='lat' dir='ltr'><strong>columbae</strong></span> <span class='ocrx_word' id='word_1_684' title='bbox 3076 4540 3404 4630; x_wconf 77' lang='lat' dir='ltr'><strong>ostensione.</strong></span> <span class='ocrx_word' id='word_1_685' title='bbox 3432 4577 3476 4632; x_wconf 92' lang='grc'>0</span> 
     </span>
    </p>
   </div>
   <div class='ocr_carea' id='block_1_83' title="bbox 195 4635 1779 4740">
    <p class='ocr_par' dir='ltr' id='par_1_83' title="bbox 195 4635 1095 4693">
     <span class='ocr_line' id='line_1_83' title="bbox 195 4635 1095 4693; baseline -0.006 0"><span class='ocrx_word' id='word_1_686' title='bbox 195 4639 488 4693; x_wconf 72' lang='lat' dir='ltr'><strong>luerosum</strong></span> <span class='ocrx_word' id='word_1_687' title='bbox 519 4636 792 4691; x_wconf 89' lang='lat' dir='ltr'><strong>erroribus</strong></span> <span class='ocrx_word' id='word_1_688' title='bbox 818 4635 1095 4691; x_wconf 90' lang='lat' dir='ltr'><strong>subdatur.</strong></span> 
     </span>
    </p>
   </div>
   <div class='ocr_carea' id='block_1_84' title="bbox 1882 4635 3478 4740">
    <p class='ocr_par' dir='ltr' id='par_1_84' title="bbox 1902 4635 3478 4737">
     <span class='ocr_line' id='line_1_84' title="bbox 1902 4635 3478 4737; baseline 0.003 -17"><span class='ocrx_word' id='word_1_689' title='bbox 1902 4635 2235 4736; x_wconf 47' lang='lat' dir='ltr'><strong>prmelarum-</strong></span> <span class='ocrx_word' id='word_1_690' title='bbox 2253 4673 2310 4720; x_wconf 90' lang='lat' dir='ltr'><strong>et</strong></span> <span class='ocrx_word' id='word_1_691' title='bbox 2328 4665 2644 4720; x_wconf 90' lang='lat' dir='ltr'><strong>admirabile</strong></span> <span class='ocrx_word' id='word_1_692' title='bbox 2665 4658 3084 4732; x_wconf 86' lang='lat' dir='ltr'><strong>sacramentum,</strong></span> <span class='ocrx_word' id='word_1_693' title='bbox 3104 4668 3245 4737; x_wconf 91' lang='lat' dir='ltr'><strong>quod</strong></span> <span class='ocrx_word' id='word_1_694' title='bbox 3267 4668 3332 4722; x_wconf 89' lang='lat' dir='ltr'><strong>de</strong></span> <span class='ocrx_word' id='word_1_695' title='bbox 3354 4668 3478 4725; x_wconf 90' lang='lat' dir='ltr'><strong>ﬁliis</strong></span> 
     </span>
    </p>
   </div>
   <div class='ocr_carea' id='block_1_85' title="bbox 384 4728 1779 4824">
    <p class='ocr_par' dir='ltr' id='par_1_85' title="bbox 384 4728 1630 4800">
     <span class='ocr_line' id='line_1_85' title="bbox 384 4728 1630 4800; baseline -0.004 -14"><span class='ocrx_word' id='word_1_696' title='bbox 384 4729 514 4786; x_wconf 70' lang='lat' dir='ltr'><strong>CAP.</strong></span> <span class='ocrx_word' id='word_1_697' title='bbox 542 4729 678 4785; x_wconf 81' lang='lat' dir='ltr'><strong>Xlll.</strong></span> <span class='ocrx_word' id='word_1_698' title='bbox 706 4760 776 4770; x_wconf 92' lang='lat'><strong>—</strong></span> <span class='ocrx_word' id='word_1_699' title='bbox 803 4729 880 4784; x_wconf 87' lang='lat' dir='ltr'><strong>De</strong></span> <span class='ocrx_word' id='word_1_700' title='bbox 907 4729 1089 4783; x_wconf 78' lang='lat' dir='ltr'><strong>ordine</strong></span> <span class='ocrx_word' id='word_1_701' title='bbox 1116 4729 1255 4783; x_wconf 79' lang='lat' dir='ltr'><strong>sacri</strong></span> <span class='ocrx_word' id='word_1_702' title='bbox 1284 4728 1630 4800; x_wconf 81' lang='lat' dir='ltr'><strong>baptismatis.</strong></span> 
     </span>
    </p>
   </div>
   <div class='ocr_carea' id='block_1_86' title="bbox 1882 4728 3472 4824">
    <p class='ocr_par' dir='ltr' id='par_1_86' title="bbox 1902 4728 3472 4824">
     <span class='ocr_line' id='line_1_86' title="bbox 1902 4728 3472 4824; baseline 0.001 -12"><span class='ocrx_word' id='word_1_703' title='bbox 1902 4728 2016 4822; x_wconf 69' lang='lat' dir='ltr'><strong>iraa,</strong></span> <span class='ocrx_word' id='word_1_704' title='bbox 2044 4754 2174 4810; x_wconf 81' lang='lat' dir='ltr'><strong>facit</strong></span> <span class='ocrx_word' id='word_1_705' title='bbox 2219 4755 2357 4810; x_wconf 86' lang='lat' dir='ltr'><strong>ﬁlios</strong></span> <span class='ocrx_word' id='word_1_706' title='bbox 2385 4755 2512 4812; x_wconf 92' lang='lat' dir='ltr'><strong>Dei:</strong></span> <span class='ocrx_word' id='word_1_707' title='bbox 2550 4755 2616 4811; x_wconf 92' lang='lat' dir='ltr'><strong>dc</strong></span> <span class='ocrx_word' id='word_1_708' title='bbox 2662 4757 2935 4811; x_wconf 75' lang='lat' dir='ltr'><strong>veteribus</strong></span> <span class='ocrx_word' id='word_1_709' title='bbox 2984 4728 3174 4824; x_wconf 68' lang='lat' dir='ltr'><strong>.m&#39;o’s,</strong></span> <span class='ocrx_word' id='word_1_710' title='bbox 3219 4758 3285 4813; x_wconf 88' lang='lat' dir='ltr'><strong>de</strong></span> <span class='ocrx_word' id='word_1_711' title='bbox 3313 4757 3472 4813; x_wconf 82' lang='lat' dir='ltr'><strong>foedis</strong></span> 
     </span>
    </p>
   </div>
   <div class='ocr_carea' id='block_1_87' title="bbox 1901 4846 3480 4922">
    <p class='ocr_par' dir='ltr' id='par_1_87' title="bbox 1901 4846 3480 4922">
     <span class='ocr_line' id='line_1_87' title="bbox 1901 4846 3480 4922; baseline 0.001 -21"><span class='ocrx_word' id='word_1_712' title='bbox 1901 4846 2170 4917; x_wconf 91' lang='lat' dir='ltr'><strong>pulchros,</strong></span> <span class='ocrx_word' id='word_1_713' title='bbox 2206 4847 2258 4901; x_wconf 93' lang='lat' dir='ltr'><strong>in</strong></span> <span class='ocrx_word' id='word_1_714' title='bbox 2303 4863 2410 4916; x_wconf 85' lang='lat' dir='ltr'><strong>quo</strong></span> <span class='ocrx_word' id='word_1_715' title='bbox 2442 4855 2499 4902; x_wconf 90' lang='lat' dir='ltr'><strong>et</strong></span> <span class='ocrx_word' id='word_1_716' title='bbox 2548 4862 2931 4917; x_wconf 85' lang='lat' dir='ltr'><strong>regeneramur</strong></span> <span class='ocrx_word' id='word_1_717' title='bbox 2974 4859 3031 4906; x_wconf 90' lang='lat' dir='ltr'><strong>et</strong></span> <span class='ocrx_word' id='word_1_718' title='bbox 3061 4865 3374 4922; x_wconf 87' lang='lat' dir='ltr'><strong>purgamur,</strong></span> <span class='ocrx_word' id='word_1_719' title='bbox 3425 4859 3480 4906; x_wconf 91' lang='lat' dir='ltr'><strong>et</strong></span> 
     </span>
    </p>
   </div>
   <div class='ocr_carea' id='block_1_88' title="bbox 1903 4937 3481 5014">
    <p class='ocr_par' dir='ltr' id='par_1_88' title="bbox 1903 4937 3481 5014">
     <span class='ocr_line' id='line_1_88' title="bbox 1903 4937 3481 5014; baseline 0.004 -22"><span class='ocrx_word' id='word_1_720' title='bbox 1903 4937 2208 5007; x_wconf 81' lang='lat' dir='ltr'><strong>exemplum</strong></span> <span class='ocrx_word' id='word_1_721' title='bbox 2243 4938 2435 4993; x_wconf 88' lang='lat' dir='ltr'><strong>mortis</strong></span> <span class='ocrx_word' id='word_1_722' title='bbox 2466 4937 2667 4994; x_wconf 90' lang='lat' dir='ltr'><strong>Christi</strong></span> <span class='ocrx_word' id='word_1_723' title='bbox 2708 4940 3003 4996; x_wconf 82' lang='lat' dir='ltr'><strong>imitamur.</strong></span> <span class='ocrx_word' id='word_1_724' title='bbox 3037 4941 3314 5008; x_wconf 88' lang='lat' dir='ltr'><strong>Quomodo</strong></span> <span class='ocrx_word' id='word_1_725' title='bbox 3350 4958 3481 5014; x_wconf 91' lang='lat' dir='ltr'><strong>ergo</strong></span> 
     </span>
    </p>
   </div>
   <div class='ocr_carea' id='block_1_89' title="bbox 1905 5027 3514 5101">
    <p class='ocr_par' dir='ltr' id='par_1_89' title="bbox 1905 5027 3514 5101">
     <span class='ocr_line' id='line_1_89' title="bbox 1905 5027 3514 5101; baseline 0.002 -19"><span class='ocrx_word' id='word_1_726' title='bbox 1905 5028 2008 5083; x_wconf 91' lang='lat' dir='ltr'><strong>hoc</strong></span> <span class='ocrx_word' id='word_1_727' title='bbox 2059 5027 2361 5098; x_wconf 81' lang='lat' dir='ltr'><strong>exemplum</strong></span> <span class='ocrx_word' id='word_1_728' title='bbox 2412 5029 2707 5095; x_wconf 90' lang='lat' dir='ltr'><strong>imitemur,</strong></span> <span class='ocrx_word' id='word_1_729' title='bbox 2757 5031 2901 5085; x_wconf 89' lang='lat' dir='ltr'><strong>dicat</strong></span> <span class='ocrx_word' id='word_1_730' title='bbox 2951 5031 3268 5101; x_wconf 82' lang='lat' dir='ltr'><strong>Apostolus:</strong></span> <span class='ocrx_word' id='word_1_731' title='bbox 3326 5052 3344 5084; x_wconf 77' lang='grc' dir='ltr'>ι</span> <span class='ocrx_word' id='word_1_732' title='bbox 3394 5033 3514 5086; x_wconf 68' lang='lat' dir='ltr'><strong>Ana</strong></span> 
     </span>
    </p>
   </div>
   <div class='ocr_carea' id='block_1_90' title="bbox 1903 5119 3473 5191">
    <p class='ocr_par' dir='ltr' id='par_1_90' title="bbox 1903 5119 3473 5191">
     <span class='ocr_line' id='line_1_90' title="bbox 1903 5119 3473 5191; baseline 0.002 -19"><span class='ocrx_word' id='word_1_733' title='bbox 1903 5119 2184 5190; x_wconf 87' lang='lat' dir='ltr'><strong>ignoratis,</strong></span> <span class='ocrx_word' id='word_1_734' title='bbox 2216 5119 2406 5189; x_wconf 91' lang='lat' dir='ltr'><strong>inquit,</strong></span> <span class='ocrx_word' id='word_1_735' title='bbox 2433 5120 2556 5190; x_wconf 90' lang='lat' dir='ltr'><strong>quia</strong></span> <span class='ocrx_word' id='word_1_736' title='bbox 2585 5121 2890 5190; x_wconf 89' lang='lat' dir='ltr'><strong>quicunque</strong></span> <span class='ocrx_word' id='word_1_737' title='bbox 2911 5122 3169 5191; x_wconf 91' lang='lat' dir='ltr'><strong>baptizali</strong></span> <span class='ocrx_word' id='word_1_738' title='bbox 3203 5139 3387 5178; x_wconf 89' lang='lat' dir='ltr'><strong>sumus</strong></span> <span class='ocrx_word' id='word_1_739' title='bbox 3417 5123 3473 5176; x_wconf 88' lang='lat' dir='ltr'><strong>in</strong></span> 
     </span>
    </p>
   </div>
   <div class='ocr_carea' id='block_1_91' title="bbox 1906 5208 3480 5283">
    <p class='ocr_par' dir='ltr' id='par_1_91' title="bbox 1906 5208 3480 5283">
     <span class='ocr_line' id='line_1_91' title="bbox 1906 5208 3480 5283; baseline 0.003 -18"><span class='ocrx_word' id='word_1_740' title='bbox 1906 5208 2119 5265; x_wconf 81' lang='lat' dir='ltr'><strong>Christo</strong></span> <span class='ocrx_word' id='word_1_741' title='bbox 2146 5209 2290 5275; x_wconf 83' lang='lat' dir='ltr'><strong>Jesu,</strong></span> <span class='ocrx_word' id='word_1_742' title='bbox 2326 5211 2381 5264; x_wconf 92' lang='lat' dir='ltr'><strong>in</strong></span> <span class='ocrx_word' id='word_1_743' title='bbox 2405 5222 2578 5266; x_wconf 91' lang='lat' dir='ltr'><strong>morte</strong></span> <span class='ocrx_word' id='word_1_744' title='bbox 2607 5211 2776 5281; x_wconf 92' lang='lat' dir='ltr'><strong>ipsius</strong></span> <span class='ocrx_word' id='word_1_745' title='bbox 2801 5213 3056 5283; x_wconf 86' lang='lat' dir='ltr'><strong>baptizali</strong></span> <span class='ocrx_word' id='word_1_746' title='bbox 3083 5215 3308 5270; x_wconf 83' lang='lat' dir='ltr'><strong>sumus?</strong></span> <span class='ocrx_word' id='word_1_747' title='bbox 3340 5213 3480 5270; x_wconf 85' lang='lat' dir='ltr'><strong>Con-</strong></span> 
     </span>
    </p>
   </div>
   <div class='ocr_carea' id='block_1_92' title="bbox 1909 5302 3482 5374">
    <p class='ocr_par' dir='ltr' id='par_1_92' title="bbox 1909 5302 3482 5374">
     <span class='ocr_line' id='line_1_92' title="bbox 1909 5302 3482 5374; baseline 0.001 -18"><span class='ocrx_word' id='word_1_748' title='bbox 1909 5302 2102 5371; x_wconf 88' lang='lat' dir='ltr'><strong>sepulti</strong></span> <span class='ocrx_word' id='word_1_749' title='bbox 2128 5303 2271 5356; x_wconf 90' lang='lat' dir='ltr'><strong>enim</strong></span> <span class='ocrx_word' id='word_1_750' title='bbox 2310 5317 2497 5357; x_wconf 91' lang='lat' dir='ltr'><strong>sumus</strong></span> <span class='ocrx_word' id='word_1_751' title='bbox 2524 5302 2598 5356; x_wconf 92' lang='lat' dir='ltr'><strong>illi</strong></span> <span class='ocrx_word' id='word_1_752' title='bbox 2626 5317 2724 5373; x_wconf 90' lang='lat' dir='ltr'><strong>per</strong></span> <span class='ocrx_word' id='word_1_753' title='bbox 2754 5304 3078 5374; x_wconf 90' lang='lat' dir='ltr'><strong>baptismum</strong></span> <span class='ocrx_word' id='word_1_754' title='bbox 3105 5305 3161 5362; x_wconf 91' lang='lat' dir='ltr'><strong>in</strong></span> <span class='ocrx_word' id='word_1_755' title='bbox 3186 5312 3382 5368; x_wconf 85' lang='lat' dir='ltr'><strong>morte,</strong></span> <span class='ocrx_word' id='word_1_756' title='bbox 3421 5313 3482 5358; x_wconf 92' lang='lat' dir='ltr'><strong>ut</strong></span> 
     </span>
    </p>
   </div>
   <div class='ocr_carea' id='block_1_93' title="bbox 1910 5391 3479 5464">
    <p class='ocr_par' dir='ltr' id='par_1_93' title="bbox 1910 5391 3479 5464">
     <span class='ocr_line' id='line_1_93' title="bbox 1910 5391 3479 5464; baseline 0.002 -20"><span class='ocrx_word' id='word_1_757' title='bbox 1910 5391 2360 5462; x_wconf 87' lang='lat' dir='ltr'><strong>quemadmodum</strong></span> <span class='ocrx_word' id='word_1_758' title='bbox 2406 5393 2701 5447; x_wconf 84' lang='lat' dir='ltr'><strong>resurrexit</strong></span> <span class='ocrx_word' id='word_1_759' title='bbox 2747 5392 2994 5449; x_wconf 90' lang='lat' dir='ltr'><strong>Christus</strong></span> <span class='ocrx_word' id='word_1_760' title='bbox 3041 5411 3072 5449; x_wconf 90' lang='lat' dir='ltr'><strong>a</strong></span> <span class='ocrx_word' id='word_1_761' title='bbox 3120 5394 3346 5449; x_wconf 90' lang='lat' dir='ltr'><strong>mortuis</strong></span> <span class='ocrx_word' id='word_1_762' title='bbox 3380 5409 3479 5464; x_wconf 91' lang='lat' dir='ltr'><strong>per</strong></span> 
     </span>
    </p>
   </div>
   <div class='ocr_carea' id='block_1_94' title="bbox 1911 5485 3476 5556">
    <p class='ocr_par' dir='ltr' id='par_1_94' title="bbox 1911 5485 3476 5556">
     <span class='ocr_line' id='line_1_94' title="bbox 1911 5485 3476 5556; baseline 0.002 -19"><span class='ocrx_word' id='word_1_763' title='bbox 1911 5485 2133 5556; x_wconf 81' lang='lat' dir='ltr'><strong>gloriam</strong></span> <span class='ocrx_word' id='word_1_764' title='bbox 2164 5485 2362 5550; x_wconf 90' lang='lat' dir='ltr'><strong>Patris,</strong></span> <span class='ocrx_word' id='word_1_765' title='bbox 2393 5485 2467 5538; x_wconf 90' lang='lat' dir='ltr'><strong>ita</strong></span> <span class='ocrx_word' id='word_1_766' title='bbox 2493 5492 2547 5538; x_wconf 89' lang='lat' dir='ltr'><strong>et</strong></span> <span class='ocrx_word' id='word_1_767' title='bbox 2592 5501 2690 5540; x_wconf 89' lang='lat' dir='ltr'><strong>nos</strong></span> <span class='ocrx_word' id='word_1_768' title='bbox 2720 5487 2773 5540; x_wconf 93' lang='lat' dir='ltr'><strong>in</strong></span> <span class='ocrx_word' id='word_1_769' title='bbox 2817 5486 3052 5541; x_wconf 86' lang='lat' dir='ltr'><strong>novitate</strong></span> <span class='ocrx_word' id='word_1_770' title='bbox 3076 5485 3199 5541; x_wconf 67' lang='lat' dir='ltr'><strong>vitae</strong></span> <span class='ocrx_word' id='word_1_771' title='bbox 3233 5486 3476 5540; x_wconf 84' lang='lat' dir='ltr'><strong>ambule-</strong></span> 
     </span>
    </p>
   </div>
   <div class='ocr_carea' id='block_1_95' title="bbox 1913 5575 3480 5647">
    <p class='ocr_par' dir='ltr' id='par_1_95' title="bbox 1913 5575 3480 5647">
     <span class='ocr_line' id='line_1_95' title="bbox 1913 5575 3480 5647; baseline 0 -17"><span class='ocrx_word' id='word_1_772' title='bbox 1913 5591 2033 5630; x_wconf 85' lang='lat' dir='ltr'><strong>mus</strong></span> <span class='ocrx_word' id='word_1_773' title='bbox 2063 5575 2241 5646; x_wconf 85' lang='lat' dir='ltr'><strong>(Rom.</strong></span> <span class='ocrx_word' id='word_1_774' title='bbox 2271 5591 2347 5640; x_wconf 77' lang='lat' dir='ltr'><strong>vi,</strong></span> <span class='ocrx_word' id='word_1_775' title='bbox 2369 5575 2446 5646; x_wconf 79' lang='lat'><strong>&#39;5).</strong></span> <span class='ocrx_word' id='word_1_776' title='bbox 2502 5595 2520 5628; x_wconf 71' lang='grc' dir='ltr'><strong>ι</strong></span> <span class='ocrx_word' id='word_1_777' title='bbox 2555 5575 2813 5630; x_wconf 85' lang='lat' dir='ltr'><strong>Morimur</strong></span> <span class='ocrx_word' id='word_1_778' title='bbox 2834 5590 2963 5647; x_wconf 89' lang='lat' dir='ltr'><strong>ergo</strong></span> <span class='ocrx_word' id='word_1_779' title='bbox 2991 5583 3233 5646; x_wconf 89' lang='lat' dir='ltr'><strong>peccato,</strong></span> <span class='ocrx_word' id='word_1_780' title='bbox 3263 5576 3480 5646; x_wconf 89' lang='lat' dir='ltr'><strong>quando</strong></span> 
     </span>
    </p>
   </div>
   <div class='ocr_carea' id='block_1_96' title="bbox 1916 5667 3476 5737">
    <p class='ocr_par' dir='ltr' id='par_1_96' title="bbox 1916 5667 3476 5737">
     <span class='ocr_line' id='line_1_96' title="bbox 1916 5667 3476 5737; baseline -0.002 -15"><span class='ocrx_word' id='word_1_781' title='bbox 1916 5668 2356 5724; x_wconf 88' lang='lat' dir='ltr'><strong>abrenuntiamus</strong></span> <span class='ocrx_word' id='word_1_782' title='bbox 2384 5667 2614 5732; x_wconf 89' lang='lat' dir='ltr'><strong>diabolo,</strong></span> <span class='ocrx_word' id='word_1_783' title='bbox 2649 5675 2702 5721; x_wconf 93' lang='lat' dir='ltr'><strong>et</strong></span> <span class='ocrx_word' id='word_1_784' title='bbox 2731 5667 2978 5721; x_wconf 89' lang='lat' dir='ltr'><strong>omnibus</strong></span> <span class='ocrx_word' id='word_1_785' title='bbox 3021 5681 3140 5736; x_wconf 77' lang='lat' dir='ltr'><strong>qua:</strong></span> <span class='ocrx_word' id='word_1_786' title='bbox 3187 5667 3303 5737; x_wconf 92' lang='lat' dir='ltr'><strong>ejus</strong></span> <span class='ocrx_word' id='word_1_787' title='bbox 3331 5675 3476 5722; x_wconf 92' lang='lat' dir='ltr'><strong>sunt.</strong></span> 
     </span>
    </p>
   </div>
   <div class='ocr_carea' id='block_1_97' title="bbox 1917 5756 3484 5829">
    <p class='ocr_par' dir='ltr' id='par_1_97' title="bbox 1917 5756 3484 5829">
     <span class='ocr_line' id='line_1_97' title="bbox 1917 5756 3484 5829; baseline -0.004 -13"><span class='ocrx_word' id='word_1_788' title='bbox 1917 5759 2320 5829; x_wconf 83' lang='lat' dir='ltr'><strong>Coascpelimnr</strong></span> <span class='ocrx_word' id='word_1_789' title='bbox 2363 5758 2594 5826; x_wconf 86' lang='lat' dir='ltr'><strong>Christo,</strong></span> <span class='ocrx_word' id='word_1_790' title='bbox 2625 5773 2746 5811; x_wconf 89' lang='lat' dir='ltr'><strong>eum</strong></span> <span class='ocrx_word' id='word_1_791' title='bbox 2773 5757 2872 5813; x_wconf 90' lang='lat' dir='ltr'><strong>sub</strong></span> <span class='ocrx_word' id='word_1_792' title='bbox 2921 5756 3256 5813; x_wconf 76' lang='lat' dir='ltr'><strong>invocat-ioue</strong></span> <span class='ocrx_word' id='word_1_793' title='bbox 3284 5763 3484 5814; x_wconf 75' lang='lat' dir='ltr'><strong>sanctae</strong></span> 
     </span>
    </p>
   </div>
   <div class='ocr_carea' id='block_1_98' title="bbox 285 4841 1800 4912">
    <p class='ocr_par' dir='ltr' id='par_1_98' title="bbox 285 4841 1800 4912">
     <span class='ocr_line' id='line_1_98' title="bbox 285 4841 1800 4912; baseline -0.001 -14"><span class='ocrx_word' id='word_1_794' title='bbox 285 4843 432 4910; x_wconf 88' lang='lat' dir='ltr'><strong>Quia</strong></span> <span class='ocrx_word' id='word_1_795' title='bbox 479 4842 642 4912; x_wconf 90' lang='lat' dir='ltr'><strong>igitur</strong></span> <span class='ocrx_word' id='word_1_796' title='bbox 687 4848 937 4907; x_wconf 89' lang='lat' dir='ltr'><strong>constat,</strong></span> <span class='ocrx_word' id='word_1_797' title='bbox 987 4841 1266 4912; x_wconf 90' lang='lat' dir='ltr'><strong>pactiones</strong></span> <span class='ocrx_word' id='word_1_798' title='bbox 1313 4841 1650 4896; x_wconf 90' lang='lat' dir='ltr'><strong>credentium</strong></span> <span class='ocrx_word' id='word_1_799' title='bbox 1678 4854 1800 4896; x_wconf 90' lang='lat' dir='ltr'><strong>esse</strong></span> 
     </span>
    </p>
   </div>
   <div class='ocr_carea' id='block_1_99' title="bbox 197 4932 1800 5006">
    <p class='ocr_par' dir='ltr' id='par_1_99' title="bbox 197 4932 1800 5006">
     <span class='ocr_line' id='line_1_99' title="bbox 197 4932 1800 5006; baseline -0.004 -12"><span class='ocrx_word' id='word_1_800' title='bbox 197 4941 377 5002; x_wconf 84' lang='lat' dir='ltr'><strong>duas,</strong></span> <span class='ocrx_word' id='word_1_801' title='bbox 411 4952 572 4991; x_wconf 87' lang='lat' dir='ltr'><strong>unam</strong></span> <span class='ocrx_word' id='word_1_802' title='bbox 619 4937 675 4991; x_wconf 90' lang='lat' dir='ltr'><strong>in</strong></span> <span class='ocrx_word' id='word_1_803' title='bbox 703 4950 809 5006; x_wconf 91' lang='lat' dir='ltr'><strong>qua</strong></span> <span class='ocrx_word' id='word_1_804' title='bbox 852 4933 1195 4989; x_wconf 90' lang='lat' dir='ltr'><strong>renuntiatur</strong></span> <span class='ocrx_word' id='word_1_805' title='bbox 1243 4932 1458 4989; x_wconf 90' lang='lat' dir='ltr'><strong>diabolo</strong></span> <span class='ocrx_word' id='word_1_806' title='bbox 1485 4941 1542 4989; x_wconf 91' lang='lat' dir='ltr'><strong>et</strong></span> <span class='ocrx_word' id='word_1_807' title='bbox 1589 4933 1800 5004; x_wconf 91' lang='lat' dir='ltr'><strong>pompis</strong></span> 
     </span>
    </p>
   </div>
   <div class='ocr_carea' id='block_1_100' title="bbox 197 5024 1798 5100">
    <p class='ocr_par' dir='ltr' id='par_1_100' title="bbox 197 5024 1798 5100">
     <span class='ocr_line' id='line_1_100' title="bbox 197 5024 1798 5100; baseline -0.003 -15"><span class='ocrx_word' id='word_1_808' title='bbox 197 5031 364 5100; x_wconf 87' lang='lat' dir='ltr'><strong>ejus,</strong></span> <span class='ocrx_word' id='word_1_809' title='bbox 395 5035 450 5082; x_wconf 92' lang='lat' dir='ltr'><strong>et</strong></span> <span class='ocrx_word' id='word_1_810' title='bbox 479 5026 726 5082; x_wconf 90' lang='lat' dir='ltr'><strong>omnibus</strong></span> <span class='ocrx_word' id='word_1_811' title='bbox 749 5026 1000 5098; x_wconf 91' lang='lat' dir='ltr'><strong>operibus</strong></span> <span class='ocrx_word' id='word_1_812' title='bbox 1029 5027 1166 5097; x_wconf 92' lang='lat' dir='ltr'><strong>ejus,</strong></span> <span class='ocrx_word' id='word_1_813' title='bbox 1197 5024 1421 5080; x_wconf 89' lang='lat' dir='ltr'><strong>alteram</strong></span> <span class='ocrx_word' id='word_1_814' title='bbox 1451 5041 1556 5094; x_wconf 91' lang='lat' dir='ltr'><strong>qua</strong></span> <span class='ocrx_word' id='word_1_815' title='bbox 1591 5039 1650 5079; x_wconf 90' lang='lat' dir='ltr'><strong>se</strong></span> <span class='ocrx_word' id='word_1_816' title='bbox 1676 5039 1798 5080; x_wconf 93' lang='lat' dir='ltr'><strong>ere-</strong></span> 
     </span>
    </p>
   </div>
   <div class='ocr_carea' id='block_1_101' title="bbox 196 5113 1803 5184">
    <p class='ocr_par' dir='ltr' id='par_1_101' title="bbox 196 5113 1803 5184">
     <span class='ocr_line' id='line_1_101' title="bbox 196 5113 1803 5184; baseline -0.004 -10"><span class='ocrx_word' id='word_1_817' title='bbox 196 5119 356 5174; x_wconf 83' lang='lat' dir='ltr'><strong>dere</strong></span> <span class='ocrx_word' id='word_1_818' title='bbox 388 5116 712 5172; x_wconf 88' lang='lat' dir='ltr'><strong>conﬁtentur</strong></span> <span class='ocrx_word' id='word_1_819' title='bbox 736 5117 790 5170; x_wconf 90' lang='lat' dir='ltr'><strong>in</strong></span> <span class='ocrx_word' id='word_1_820' title='bbox 831 5115 1071 5181; x_wconf 87' lang='lat' dir='ltr'><strong>Patrem,</strong></span> <span class='ocrx_word' id='word_1_821' title='bbox 1101 5124 1156 5170; x_wconf 92' lang='lat' dir='ltr'><strong>et</strong></span> <span class='ocrx_word' id='word_1_822' title='bbox 1209 5113 1422 5177; x_wconf 86' lang='lat' dir='ltr'><strong>Filium,</strong></span> <span class='ocrx_word' id='word_1_823' title='bbox 1449 5124 1504 5169; x_wconf 89' lang='lat' dir='ltr'><strong>et</strong></span> <span class='ocrx_word' id='word_1_824' title='bbox 1533 5115 1584 5168; x_wconf 92' lang='lat' dir='ltr'><strong>in</strong></span> <span class='ocrx_word' id='word_1_825' title='bbox 1632 5113 1803 5184; x_wconf 90' lang='lat' dir='ltr'><strong>Spiri-</strong></span> 
     </span>
    </p>
   </div>
   <div class='ocr_carea' id='block_1_102' title="bbox 201 5205 1804 5276">
    <p class='ocr_par' dir='ltr' id='par_1_102' title="bbox 201 5205 1804 5276">
     <span class='ocr_line' id='line_1_102' title="bbox 201 5205 1804 5276; baseline -0.002 -13"><span class='ocrx_word' id='word_1_826' title='bbox 201 5219 342 5264; x_wconf 86' lang='lat' dir='ltr'><strong>tum</strong></span> <span class='ocrx_word' id='word_1_827' title='bbox 369 5216 642 5273; x_wconf 87' lang='lat' dir='ltr'><strong>sanctum,</strong></span> <span class='ocrx_word' id='word_1_828' title='bbox 670 5215 882 5276; x_wconf 91' lang='lat' dir='ltr'><strong>oportet</strong></span> <span class='ocrx_word' id='word_1_829' title='bbox 907 5207 1005 5261; x_wconf 89' lang='lat' dir='ltr'><strong>has</strong></span> <span class='ocrx_word' id='word_1_830' title='bbox 1033 5205 1364 5261; x_wconf 70' lang='lat' dir='ltr'><strong>inconvulsze</strong></span> <span class='ocrx_word' id='word_1_831' title='bbox 1392 5206 1588 5260; x_wconf 89' lang='lat' dir='ltr'><strong>mentis</strong></span> <span class='ocrx_word' id='word_1_832' title='bbox 1632 5206 1804 5260; x_wconf 64' lang='lat' dir='ltr'><strong>inten«</strong></span> 
     </span>
    </p>
   </div>
   <div class='ocr_carea' id='block_1_103' title="bbox 203 5301 1801 5370">
    <p class='ocr_par' dir='ltr' id='par_1_103' title="bbox 203 5301 1801 5370">
     <span class='ocr_line' id='line_1_103' title="bbox 203 5301 1801 5370; baseline -0.001 -14"><span class='ocrx_word' id='word_1_833' title='bbox 203 5301 378 5358; x_wconf 82' lang='lat' dir='ltr'><strong>tione</strong></span> <span class='ocrx_word' id='word_1_834' title='bbox 428 5302 620 5367; x_wconf 88' lang='lat' dir='ltr'><strong>teneri,</strong></span> <span class='ocrx_word' id='word_1_835' title='bbox 667 5310 721 5356; x_wconf 90' lang='lat' dir='ltr'><strong>et</strong></span> <span class='ocrx_word' id='word_1_836' title='bbox 767 5309 828 5356; x_wconf 90' lang='lat' dir='ltr'><strong>ut</strong></span> <span class='ocrx_word' id='word_1_837' title='bbox 874 5302 1206 5356; x_wconf 82' lang='lat' dir='ltr'><strong>intemeratae</strong></span> <span class='ocrx_word' id='word_1_838' title='bbox 1255 5301 1520 5357; x_wconf 91' lang='lat' dir='ltr'><strong>custodiri</strong></span> <span class='ocrx_word' id='word_1_839' title='bbox 1573 5303 1801 5370; x_wconf 90' lang='lat' dir='ltr'><strong>possint,</strong></span> 
     </span>
    </p>
   </div>
   <div class='ocr_carea' id='block_1_104' title="bbox 199 5393 1800 5464">
    <p class='ocr_par' dir='ltr' id='par_1_104' title="bbox 199 5393 1800 5464">
     <span class='ocr_line' id='line_1_104' title="bbox 199 5393 1800 5464; baseline -0.001 -14"><span class='ocrx_word' id='word_1_840' title='bbox 199 5394 375 5450; x_wconf 83' lang='lat' dir='ltr'><strong>illius</strong></span> <span class='ocrx_word' id='word_1_841' title='bbox 405 5409 617 5464; x_wconf 90' lang='lat' dir='ltr'><strong>semper</strong></span> <span class='ocrx_word' id='word_1_842' title='bbox 659 5393 983 5462; x_wconf 87' lang='lat' dir='ltr'><strong>adjutorium</strong></span> <span class='ocrx_word' id='word_1_843' title='bbox 1011 5409 1271 5462; x_wconf 81' lang='lat' dir='ltr'><strong>quaerere,</strong></span> <span class='ocrx_word' id='word_1_844' title='bbox 1300 5394 1391 5462; x_wconf 89' lang='lat' dir='ltr'><strong>qui</strong></span> <span class='ocrx_word' id='word_1_845' title='bbox 1438 5394 1688 5462; x_wconf 89' lang='lat' dir='ltr'><strong>baptismi</strong></span> <span class='ocrx_word' id='word_1_846' title='bbox 1719 5409 1800 5448; x_wconf 87' lang='lat' dir='ltr'><strong>sa-</strong></span> 
     </span>
    </p>
   </div>
   <div class='ocr_carea' id='block_1_105' title="bbox 201 5482 1800 5553">
    <p class='ocr_par' dir='ltr' id='par_1_105' title="bbox 201 5482 1800 5553">
     <span class='ocr_line' id='line_1_105' title="bbox 201 5482 1800 5553; baseline -0.001 -16"><span class='ocrx_word' id='word_1_847' title='bbox 201 5491 572 5538; x_wconf 81' lang='lat' dir='ltr'><strong>cramentum</strong></span> <span class='ocrx_word' id='word_1_848' title='bbox 623 5483 691 5538; x_wconf 90' lang='lat' dir='ltr'><strong>ad</strong></span> <span class='ocrx_word' id='word_1_849' title='bbox 739 5482 967 5538; x_wconf 90' lang='lat' dir='ltr'><strong>salutem</strong></span> <span class='ocrx_word' id='word_1_850' title='bbox 1021 5483 1235 5553; x_wconf 87' lang='lat' dir='ltr'><strong>generis</strong></span> <span class='ocrx_word' id='word_1_851' title='bbox 1284 5483 1505 5548; x_wconf 85' lang='lat' dir='ltr'><strong>humani</strong></span> <span class='ocrx_word' id='word_1_852' title='bbox 1553 5483 1800 5549; x_wconf 89' lang='lat' dir='ltr'><strong>contulit,</strong></span> 
     </span>
    </p>
   </div>
   <div class='ocr_carea' id='block_1_106' title="bbox 201 5572 1805 5647">
    <p class='ocr_par' dir='ltr' id='par_1_106' title="bbox 201 5572 1805 5647">
     <span class='ocr_line' id='line_1_106' title="bbox 201 5572 1805 5647; baseline -0.001 -16"><span class='ocrx_word' id='word_1_853' title='bbox 201 5572 386 5643; x_wconf 83' lang='lat' dir='ltr'><strong>cujus</strong></span> <span class='ocrx_word' id='word_1_854' title='bbox 411 5577 725 5645; x_wconf 84' lang='lat' dir='ltr'><strong>mysterium</strong></span> <span class='ocrx_word' id='word_1_855' title='bbox 747 5584 801 5630; x_wconf 91' lang='lat' dir='ltr'><strong>et</strong></span> <span class='ocrx_word' id='word_1_856' title='bbox 827 5575 878 5630; x_wconf 94' lang='lat' dir='ltr'><strong>in</strong></span> <span class='ocrx_word' id='word_1_857' title='bbox 905 5574 1089 5630; x_wconf 71' lang='lat' dir='ltr'><strong>Veteri</strong></span> <span class='ocrx_word' id='word_1_858' title='bbox 1107 5575 1449 5631; x_wconf 87' lang='lat' dir='ltr'><strong>Testamento</strong></span> <span class='ocrx_word' id='word_1_859' title='bbox 1467 5592 1563 5646; x_wconf 90' lang='lat' dir='ltr'><strong>per</strong></span> <span class='ocrx_word' id='word_1_860' title='bbox 1589 5575 1805 5647; x_wconf 80' lang='lat' dir='ltr'><strong>Moysen</strong></span> 
     </span>
    </p>
   </div>
   <div class='ocr_carea' id='block_1_107' title="bbox 201 5668 1808 5740">
    <p class='ocr_par' dir='ltr' id='par_1_107' title="bbox 201 5668 1808 5740">
     <span class='ocr_line' id='line_1_107' title="bbox 201 5668 1808 5740; baseline -0.001 -17"><span class='ocrx_word' id='word_1_861' title='bbox 201 5668 638 5740; x_wconf 67' lang='lat' dir='ltr'><strong>prmﬁguratum</strong></span> <span class='ocrx_word' id='word_1_862' title='bbox 667 5677 772 5734; x_wconf 84' lang='lat' dir='ltr'><strong>est,</strong></span> <span class='ocrx_word' id='word_1_863' title='bbox 809 5684 932 5725; x_wconf 90' lang='lat' dir='ltr'><strong>cum</strong></span> <span class='ocrx_word' id='word_1_864' title='bbox 960 5668 1188 5738; x_wconf 90' lang='lat' dir='ltr'><strong>populus</strong></span> <span class='ocrx_word' id='word_1_865' title='bbox 1231 5670 1282 5723; x_wconf 90' lang='lat' dir='ltr'><strong>in</strong></span> <span class='ocrx_word' id='word_1_866' title='bbox 1314 5670 1455 5724; x_wconf 84' lang='lat' dir='ltr'><strong>nube</strong></span> <span class='ocrx_word' id='word_1_867' title='bbox 1487 5679 1540 5722; x_wconf 90' lang='lat' dir='ltr'><strong>et</strong></span> <span class='ocrx_word' id='word_1_868' title='bbox 1588 5669 1641 5723; x_wconf 87' lang='lat' dir='ltr'><strong>in</strong></span> <span class='ocrx_word' id='word_1_869' title='bbox 1675 5669 1808 5723; x_wconf 89' lang='lat' dir='ltr'><strong>mari</strong></span> 
     </span>
    </p>
   </div>
   <div class='ocr_carea' id='block_1_108' title="bbox 205 5759 1810 5830">
    <p class='ocr_par' dir='ltr' id='par_1_108' title="bbox 205 5759 1810 5830">
     <span class='ocr_line' id='line_1_108' title="bbox 205 5759 1810 5830; baseline 0.002 -17"><span class='ocrx_word' id='word_1_870' title='bbox 205 5759 542 5828; x_wconf 80' lang='lat' dir='ltr'><strong>baptizatus</strong></span> <span class='ocrx_word' id='word_1_871' title='bbox 567 5768 670 5828; x_wconf 89' lang='lat' dir='ltr'><strong>est,</strong></span> <span class='ocrx_word' id='word_1_872' title='bbox 701 5768 753 5815; x_wconf 91' lang='lat' dir='ltr'><strong>et</strong></span> <span class='ocrx_word' id='word_1_873' title='bbox 781 5761 832 5814; x_wconf 90' lang='lat' dir='ltr'><strong>in</strong></span> <span class='ocrx_word' id='word_1_874' title='bbox 864 5761 1009 5817; x_wconf 80' lang='lat' dir='ltr'><strong>Novo</strong></span> <span class='ocrx_word' id='word_1_875' title='bbox 1040 5760 1192 5816; x_wconf 89' lang='lat' dir='ltr'><strong>nobis</strong></span> <span class='ocrx_word' id='word_1_876' title='bbox 1213 5776 1308 5830; x_wconf 82' lang='lat' dir='ltr'><strong>per</strong></span> <span class='ocrx_word' id='word_1_877' title='bbox 1338 5762 1685 5817; x_wconf 86' lang='lat' dir='ltr'><strong>mediatorcm</strong></span> <span class='ocrx_word' id='word_1_878' title='bbox 1717 5763 1810 5816; x_wconf 87' lang='lat' dir='ltr'><strong>Dei</strong></span> 
     </span>
    </p>
   </div>
  </div>
