3936 6328
646 299 782 354 “75

1278 302 1339 359 B.
1382 304 1633 363 RABANI
1671 302 1892 365 MAUBI
1925 305 2243 367 ARCiilEP.
2282 310 2587 412 MOGliN-T.
2627 314 2912 375 OPERUM
2948 321 3125 380 PARS
3160 324 3238 383 Ill.
3630 353 3715 414 ms
3806 288 3807 293 γ

640 415 924 472 Trinitatis
972 416 1073 473 sub
1122 419 1265 474 trina
1300 423 1569 480 mersione
1592 464 1607 491 ,
1659 426 1714 480 in
1759 424 1962 484 fontem
2011 428 2214 485 lavacri
2243 431 2290 492 Δ
2315 428 2444 487 Car.
2474 430 2611 489 XIV.
2636 466 2705 475 —
2737 436 2816 492 De
2841 437 3086 499 tinctione
3113 444 3335 515 baptismi
3358 460 3400 507 et
3435 460 3716 528 sortium":

637 509 792 576 quasi
813 507 866 561 in
896 506 1163 577 quoddam
1190 508 1493 579 sepulcrum
1541 516 1939 573 descendimus.
1976 515 2213 573 Consur—

633 599 809 669 gimus
835 599 1072 666 Christo,
1100 617 1224 657 cum
1254 606 1402 660 exuti
1425 608 1675 665 omnibus
1701 612 1938 679 peccatis
1965 613 2032 668 de
2064 613 2211 671 fonte

633 693 787 761 quasi
824 693 890 747 de
914 695 1158 762 sepulcro
1202 697 1528 765 egredimur.
1559 698 1664 754 Sed
1692 716 1865 772 neque
1896 706 2207 777 mysterium

635 781 795 836 trium
823 783 1031 839 dierum
1056 800 1120 841 ac
1166 789 1401 842 noctium
1444 790 1639 859 quibus
1667 793 1719 847 in
1746 794 1992 862 sepulcro
2021 796 2205 854 Domi-

628 888 731 926 nus
764 872 930 929 fuisse
977 875 1174 948 legitur
1201 881 1527 948 praeteritur,
1575 899 1700 938 cum
1742 885 1988 942 invocata
2014 900 2204 947 sancta

629 962 917 1027 'l‘rinitate.
942 982 1060 1036 quae
1082 970 1266 1038 utique
1290 985 1417 1025 vera
1440 971 1528 1028 lux
1549 982 1651 1039 est,
1676 976 1731 1030 in
1753 975 1955 1034 fontem
1981 980 2205 1038 descen-

627 1054 823 1110 dimus.
870 1056 988 1110 Lux
1037 1066 1122 1113 est
1170 1060 1312 1115 enim
1345 1062 1431 1117 hic
1461 1062 1641 1130 Pater,
1671 1074 1726 1121 et
1768 1067 1823 1122 in
1851 1067 2055 1127 lumine
2086 1068 2203 1141 ejus

624 1147 716 1218 qui
742 1154 825 1202 est
839 1147 1027 1215 Filius,
1053 1150 1232 1206 lumen
1258 1152 1501 1210 videmus
1525 1154 1787 1228 Spiritum
1805 1168 2073 1215 sanctum.
2099 1162 2204 1218 Fa-

623 1240 795 1296 cimus
827 1248 1005 1296 autem
1039 1258 1144 1298 non
1194 1251 1305 1299 tres
1332 1255 1554 1302 noctes:
1590 1264 1713 1304 cum
1755 1252 2106 1308 tenebrarum
2147 1262 2204 1310 et

620 1330 935 1402 ignorantiae
980 1332 1140 1402 patri,
1195 1350 1302 1399 una
1354 1352 1478 1392 cum
1508 1340 1811 1413 mendacio,
1840 1343 1982 1414 quod
2017 1360 2085 1401 ex
2132 1361 2199 1402 eo

617 1432 805 1480 natum
860 1432 961 1489 est,
1011 1432 1068 1479 et
1102 1430 1332 1481 mendax
1378 1438 1464 1484 est
1495 1430 1637 1486 sicut
1664 1441 1720 1488 et
1762 1443 1918 1504 pater
1957 1433 2096 1504 ejus,
2142 1444 2200 1493 et

617 1530 745 1570 cum
771 1514 1007 1584 loquitur
1054 1509 1393 1575 mendacium
1430 1520 1497 1575 de
1527 1523 1638 1578 suis
1673 1524 1908 1595 prapriis
1937 1524 2194 1596 loquitur,

615 1608 1052 1665 contradicimus.
1112 1609 1219 1666 Sed
1245 1618 1299 1667 et
1344 1613 1502 1669 tertio
1528 1614 1646 1671 loco
1685 1615 1945 1686 Spiritum
1991 1619 2196 1674 erroris

613 1699 964 1769 destruimus,
992 1701 1083 1772 qui
1127 1701 1354 1772 inspirat
1375 1705 1872 1777 pseudoprophetas
1894 1716 1952 1762 ut
1976 1708 2188 1763 dicant:

2989 533 3188 589 amatis.

2312 731 2560 778 secratur
2606 724 2750 793 fons,
2781 736 2839 782 et
2874 730 2941 783 ad
2976 731 3147 800 ipsum
3172 734 3457 804 baptismum
3493 724 3711 811 etiam
3806 724 3807 727 Ἴ

2309 826 2413 868 nus
2440 814 2666 881 accedit,
2692 824 2749 873 et
2771 818 2849 873 sic
2872 819 2928 873 in
2955 821 3167 876 nomine
3188 834 3371 882 sanctae
3388 829 3607 893 Trinitatis
3636 846 3719 900 trina

2309 902 2682 961 submersione
2706 908 3034 978 baptizatur.
3064 911 3130 967 Et
3159 924 3297 977 recte
3321 917 3460 977 homo
3479 927 3552 993 qui
3570 931 3618 984 ad
3635 933 3715 987 im.

2306 993 2487 1065 ginem
2513 1005 2717 1053 sanctae
2743 998 3023 1057 Trinitatis
3059 1005 3294 1062 conditus
3320 1008 3410 1075 est,
3432 1027 3511 1081 per
3529 1016 3717 1079 invocatis

2306 1100 2432 1141 nem
2455 1090 2961 1149 sanctrefl‘rinitatis
2986 1095 3052 1150 ad
3080 1098 3312 1154 eamdem
3342 1116 3578 1163 renovatur
3606 1111 3719 1184 magi.

2304 1190 2450 1241 nem,
2490 1186 2546 1233 et
2586 1179 2679 1248 qui
2708 1183 2869 1236 tertio
2895 1185 3067 1255 gradu
3114 1190 3327 1258 peccati,
3374 1194 3519 1260 idest,
3553 1179 3719 1259 ωηεεᾶςιι
3806 1226 3807 1243 ι

2303 1269 2502 1325 cecidit
2528 1270 2584 1326 in
2613 1281 2864 1341 mortem,
2891 1278 3053 1333 tertio
3073 1278 3304 1338 elevatus
3324 1282 3386 1338 de
3406 1284 3539 1353 fonte,
3565 1306 3632 1360 per
3647 1310 3705 1365 gn

2303 1361 2434 1416 tiam
2461 1374 2707 1435 resurgat
2735 1367 2803 1422 ad
2827 1367 3017 1424 vitam.
3047 1369 3226 1428 Potest
3244 1383 3298 1430 et
3321 1376 3423 1431 haec
3445 1361 3718 1449 Trinamersio,

2301 1453 2614 1509 triduanum
2678 1456 2893 1513 Domini
2953 1461 3278 1530 sepulturam
3324 1466 3603 1538 signiﬁcare,
3637 1478 3719 1532 sicut

2298 1557 2463 1614 supra
2500 1541 2616 1613 jam
2665 1544 2925 1613 diximus,
2952 1551 3190 1607 maxime
3216 1569 3331 1609 cum
3361 1557 3482 1613 dicat
3504 1560 3715 1629 Apostolus:

2304 1650 2323 1683 ι
2359 1631 2676 1704 Quicunque
2720 1636 2981 1707 baptizati
3029 1651 3213 1697 sumus
3243 1644 3295 1699 in
3339 1644 3524 1704 Christo
3558 1649 3655 1716 Jan,
3683 1656 3713 1710 ia
3806 1716 3807 1719 η

2297 1731 2472 1778 morte
2492 1723 2661 1794 ipsius
2680 1725 2937 1796 baptizati
2958 1745 3167 1787 sumus.
3194 1733 3470 1805 Consepulti
3487 1740 3592 1794 enim
3606 1758 3713 1798 sumus
3806 1722 3807 1725 η

616 1809 636 1842 ι
673 1788 799 1845 Haec
846 1790 978 1846 dicit
1022 1790 1302 1859 Dominus,
1340 1813 1358 1845 ι
1392 1809 1528 1864 quos
1568 1795 1828 1852 Dominus
1862 1812 1968 1852 non
2018 1799 2185 1865 misit,
2216 1782 2263 1842 Β
2288 1826 2415 1867 cum
2461 1782 2552 1869 in},
2596 1829 2696 1884 per
2738 1782 3173 1887 ﬁapusm—ug—i},
3200 1782 3714 1901 {nggfumm

609 1884 934 1941 destruimus
958 1886 1101 1941 enim
1143 1887 1258 1943 haec
1301 1895 1361 1945 et
1387 1890 1773 1946 cdnculcamus
1811 1892 1857 1946 si
1885 1893 2183 1963 consepulti

607 1994 796 2035 sumus
815 1979 979 2034 etiam
997 1977 1234 2045 Christo,
1258 1980 1559 2037 secundum
1575 1982 1704 2038 illud
1716 1985 1859 2054 quod
1883 1985 1996 2055 ipse
2016 1985 2180 2040 dicit:

535 2065 541 2071 “
611 2086 635 2119 ι
669 2068 806 2124 Ecce
841 2068 963 2124 dedi
1005 2070 1159 2126 vobis
1204 2066 1527 2140 potestatem
1563 2072 1811 2129 calcandi
1853 2089 2016 2142 super
2062 2091 2180 2131 ser-

542 2188 543 2191 η
603 2165 794 2229 pentcs
822 2169 876 2213 et
904 2159 1237 2227 scorpiones,
1268 2170 1321 2215 et
1341 2176 1504 2231 super
1536 2178 1752 2218 omnem
1780 2165 2040 2220 virtutem
2074 2165 2179 2220 ini-

603 2249 731 2305 mici
770 2249 921 2323 (Luc.
956 2267 1013 2318 ι,
1040 2252 1147 2323 19).
1186 2272 1205 2305 ι
1240 2252 1369 2320 Quae
1395 2255 1601 2326 singula
1631 2256 1706 2311 ita
1752 2266 1879 2311 sunt
1904 2257 2180 2313 contraria

603 2351 809 2399 sancta:
849 2342 1122 2409 Trinitati,
1160 2354 1219 2399 ut
1263 2361 1368 2401 nox
1413 2347 1543 2415 diei,
1575 2358 1635 2405 ut
1684 2352 1919 2406 tenebras
1963 2351 2092 2420 luci,
2119 2362 2179 2409 ut

600 2422 953 2491 mendacium,
972 2437 1208 2492 veritati.
1240 2437 1383 2495 Fons
1413 2457 1628 2512 quoque
1649 2445 1900 2515 baptismi
1928 2446 2179 2504 similitu-

601 2530 784 2587 dinem
838 2529 979 2602 gerit
1024 2530 1257 2601 sepulcri
1304 2532 1528 2600 Christi,
1562 2537 1705 2606 quod
1759 2553 1959 2605 novum
2008 2539 2175 2605 fuisse

597 2621 824 2695 legitur:
853 2621 979 2692 quia
1008 2621 1314 2693 quicunque
1354 2624 1408 2678 in
1434 2639 1500 2680 eo
1532 2628 1892 2699 eonsepelitur
1935 2630 2172 2701 Christo,

598 2723 654 2769 et
705 2712 754 2768 ei
803 2712 1080 2784 consurgit
1118 2715 1409 2771 secundum
1459 2719 1708 2775 eumdem
1748 2721 2087 2792 Apostolum,
2116 2727 2170 2783 in

596 2792 836 2862 novitate
862 2806 988 2862 vitae
1036 2807 1313 2863 ambulare
1345 2800 1523 2866 debet:
1573 2811 1738 2882 Cujus
1776 2813 1939 2872 fontis
1965 2827 2168 2889 septem

593 2898 835 2968 gradus:
886 2904 1001 2953 tres
1040 2898 1094 2952 in
1124 2897 1408 2966 descensu,
1457 2910 1567 2958 tres
1607 2912 1817 2973 noctes,
1858 2915 1914 2963 et
1956 2918 2068 2965 tres
2116 2911 2169 2966 in

591 3004 840 3055 ascensu,
874 2998 985 3047 tres
1029 2991 1144 3047 dies
1189 2993 1498 3063 signiﬁcare
1540 2995 1816 3065 videntur,
1853 2990 1923 3056 de
1973 3003 2170 3075 quibus

591 3083 843 3154 superius
865 3083 1067 3139 dictum
1103 3093 1203 3140 est.
1239 3084 1511 3156 Septimus
1534 3104 1684 3154 vero,
1721 3090 1813 3162 qui
1840 3099 1896 3149 et
1915 3104 2167 3163 quartus,

2283 1903 2522 1958 surrexit
2561 1903 2813 1963 Christus
2837 1923 2867 1963 a
2899 1911 3129 1967 mortuis
3152 1929 3253 1984 per
3284 1915 3483 1987 gloriam
3506 1919 3644 1986 Patris,
3669 1926 3710 1977 ita

2282 1999 2337 2046 et
2372 2008 2470 2048 nos
2490 1994 2555 2067 in
2587 1996 2829 2053 novitate
2864 1999 2992 2055 vitze
3023 2002 3369 2061 ambulemus.
3412 2005 3461 2062 Si
3486 2010 3594 2064 enim
3626 2026 3711 2067 con-

2279 2083 2508 2154 plantati
2538 2084 2670 2143 facti
2718 2103 2905 2146 sumus
2929 2093 3268 2153 similitudini
3300 2102 3482 2156 ’mortis
3504 2101 3602 2170 ejus,
3620 2106 3713 2168 simul

2279 2182 2337 2230 et
2356 2179 2768 2236 resurrectionis
2787 2182 2993 2239 erimus
3016 2185 3193 2257 (Rom.
3218 2204 3287 2255 Vl,
3301 2192 3369 2262 5),
3385 2201 3433 2246 et
3449 2193 3714 2265 castor-aﬂuat-

2278 2273 2359 2322 tet
2384 2282 2514 2340 ergo
2541 2285 2665 2326 cum
2690 2272 3038 2334 invocatione
3066 2290 3264 2338 sancta:
3291 2283 3532 2345 Trinitatis
3548 2288 3619 2343 sub
3634 2289 3712 2342 trina

2278 2359 2546 2416 mersione
2566 2361 2862 2432 baptismus
2883 2368 3102 2435 conﬁci,
3130 2374 3465 2428 utsecundum
3484 2391 3711 2449 persuasum

2276 2447 2659 2520 differentiam,
2689 2458 3006 2526 mysterium
3041 2459 3289 2532 baptismi
3328 2465 3586 2527 celebretur,
3608 2447 3712 2522 etsc-
3806 2496 3807 2503 ι

2275 2535 2509 2592 cundum
2525 2540 2788 2597 unitatem
2810 2551 3125 2602 substantia
3147 2564 3305 2604 unum
3322 2550 3712 2620 baptismaﬁatude

2275 2624 2408 2681 dicit
2456 2627 2781 2700 Apostolus:
2822 2650 2961 2692 unus
3016 2637 3295 2707 Dominus,
3337 2658 3430 2698 una
3471 2644 3587 2711 ﬁdes,
3616 2660 3710 2699 unum

2273 2716 2540 2790 baptisma
2591 2722 2751 2796 (Eph.
2800 2742 2872 2792 tv,
2903 2728 2982 2800 5),
3023 2739 3082 2787 et
3128 2741 3335 2789 cretera.
3378 2734 3602 2806 Postquam
3631 2737 3711 2790 enin

2272 2813 2579 2871 ascenderit
2622 2817 2931 2888 baptizatus
2975 2824 3047 2879 de
3077 2823 3445 2893 fonteystatim
3486 2828 3653 2899 signatur
3681 2825 3711 2878 'n

2272 2902 2498 2958 cerebro
2523 2920 2552 2960 a
2576 2909 2895 2980 presbytero
2918 2927 3045 2967 cum
3076 2930 3233 2972 sacro
3259 2918 3533 2981 chrismate,
3557 2921 3711 2985 sequente

2271 2992 2437 3047 simul
2461 3002 2518 3049 et
2539 2997 2803 3064 oratione,
2828 3008 2888 3056 ut
2913 3005 3069 3075 regni
3086 3004 3284 3063 Christi
3313 3008 3543 3079 particeps
3556 3008 3711 3071 ﬁatut

2276 3083 2495 3144 Christo
2541 3089 2888 3151 Christianus
2918 3100 3099 3167 possit
3123 3101 3321 3156 vocari.
3365 3100 3582 3171 Scriptum
3612 3108 3663 3151 est
3682 3104 3712 3148 et

593 3173 682 3228 ille
740 3181 825 3229 est
871 3175 938 3230 dc
979 3190 1086 3244 quo
1115 3176 1334 3245 quidam
1379 3177 1456 3231 ait
1475 3191 1499 3260 ﬁ:
1550 3196 1570 3229 ι
1601 3179 1670 3234 Ει
1716 3190 1968 3249 aspectus
1993 3186 2173 3253 quarti
2201 3173 2247 3201 υ
2278 3178 2336 3234 in
2367 3179 2661 3253 Evangelio
2690 3184 2797 3241 ita:
2840 3205 2861 3240 ι
2898 3188 3216 3260 Baptizatus
3254 3202 3418 3249 autem
3456 3191 3575 3248 lesus
3605 3187 3712 3245 conle-

587 3265 781 3320 similis
803 3263 944 3319 Filio
974 3264 1066 3319 Dei
1104 3264 1197 3334 qui
1236 3257 1513 3322 fornacem
1537 3268 1674 3339 ignis
1717 3272 2041 3342 exstinguit,
2083 3277 2176 3345 qui
2277 3271 2403 3325 stim
2436 3274 2681 3330 ascendit
2725 3277 2790 3332 de
2820 3257 2992 3349 aqua,
3013 3290 3073 3337 et
3114 3299 3242 3340 ecce
3270 3284 3427 3356 aperti
3449 3291 3548 3339 sunt
3564 3282 3598 3336 ei
3628 3277 3712 3337 ccli.

585 3365 674 3412 est
738 3357 1164 3412 smbilimentum
1222 3355 1442 3426 pedum,
1473 3372 1496 3399 ο
1532 3358 2068 3434 fundamemumque.
2119 3367 2174 3424 In
2273 3368 2329 3415 et
2354 3363 2488 3417 Vidit
2521 3363 2787 3435 Spiritum
2817 3361 2912 3426 Dei
2946 3355 3356 3430 descendentem
3386 3374 3503 3431 sicut
3521 3370 3711 3459 columbae

583 3464 714 3517 quo,
752 3469 769 3499 ι
796 3448 950 3518 juxta
975 3447 1310 3517 Apostolum,
1333 3450 1654 3511 «inhabitat
1693 3454 1868 3508 omnis
1898 3455 2173 3524 plenitudo

583 3537 885 3593 divinitatis
914 3538 1270 3610 corporaliter
1295 3537 1431 3612 (Col.
1474 3557 1534 3607 ιι,
1558 3541 1635 3613 9).
1682 3563 1702 3596 ι
1734 3543 1943 3601 Idcirco
1989 3556 2170 3604 autem

584 3629 886 3699 baptismus
924 3643 1031 3684 non
1085 3629 1334 3695 iteratur,
1366 3631 1492 3701 quia
1519 3640 1576 3687 et
1616 3632 1868 3690 Christus
1900 3652 2008 3692 non
2054 3653 2167 3693 am-

579 3718 724 3792 plius
753 3733 919 3788 quam
946 3718 1115 3775 semel
1159 3719 1410 3775 moritur.
1446 3720 1676 3777 Peccata
1709 3725 1855 3781 enim
1882 3742 2004 3797 quae
2044 3737 2168 3799 post

577 3809 911 3878 baptismum
973 3809 1426 3878 committuntur,
1493 3814 1827 3883 paenitentiae
1880 3818 2159 3890 lacrymis,

479 3896 493 3903 ’
577 3899 957 3971 eleemosynis,
991 3910 1045 3956 et
1075 3901 1285 3957 caneris
1317 3903 1583 3959 bonorum
1620 3921 1844 3976 operum
1877 3912 2166 3968 exhibitio-

576 3991 756 4058 nibus,
800 4008 906 4048 non
939 3993 1281 4064 baptismatis
1305 3995 1594 4053 iteratione
1622 3998 1890 4056 delentur.
1924 4005 2163 4059 Domini-

576 4103 643 4143 co
674 4088 875 4143 interea
919 4089 1131 4160 corpori
1158 4089 1466 4159 sepeliendo
1511 4092 1864 4149 mundissima
1893 4095 2163 4153 linteami-

574 4194 643 4234 na
673 4187 729 4234 et
756 4187 1002 4234 aromata
1050 4180 1404 4245 adhibentur,
1455 4183 1584 4252 quia
1626 4191 1682 4238 et
1730 4184 1776 4240 is
1802 4187 1895 4255 qui
1945 4187 2161 4245 Christo

571 4270 893 4341 consepeliri
933 4269 1221 4334 desiderat,
1250 4269 1293 4325 si
1319 4269 1431 4339 jam
1466 4281 1598 4327 tetas
1644 4274 1932 4343 permittit,
1965 4292 2159 4346 quam-

571 4365 656 4419 vis
678 4370 924 4419 mortuus
959 4362 1032 4417 sit
1058 4378 1156 4433 per
1187 4361 1448 4433 originale
1492 4374 1774 4433 peccatum
1796 4369 1941 4436 quod
1982 4370 2159 4427 adhuc

2272 3460 2329 3507 et
2375 3455 2679 3513 venientem
2726 3475 2893 3530 super
2916 3478 2977 3518 se
3003 3463 3221 3535 (Matth.
3253 3483 3333 3533 nr,
3360 3466 3456 3538 i6).
3486 3458 3710 3556 iBenequj-

2270 3543 2393 3599 dem
2426 3546 2696 3617 baptismo
2733 3553 3082 3629 continuatur
3125 3556 3420 3613 chrismatis
3459 3547 3710 3619 unctio,qai1

2270 3633 2505 3707 Spiritus
2545 3653 2766 3699 sanctus
2796 3645 2887 3714 qui
2915 3661 3017 3715 per
3054 3647 3188 3703 illud
3224 3649 3442 3704 chrisma
3477 3660 3564 3700 suae
3582 3639 3709 3697 viduli!

2268 3726 2603 3788 admixtione
2666 3734 2968 3792 sanctiﬁcat
3014 3739 3333 3806 credentes;
3396 3737 3609 3809 baptizata
3636 3727 3708 3784 let!
3806 3740 3807 3743 ‘

2266 3819 2452 3873 statim
2503 3836 2666 3891 super
2706 3823 2859 3879 illum
2908 3826 2963 3881 in
3006 3828 3270 3884 columba:
3311 3828 3469 3899 specie
3502 3819 3708 3881 descwdil;

2266 3909 2420 3978 cujus
2449 3911 2699 3969 videlicet
2729 3923 2919 3986 typum
2947 3918 3273 3987 praeferebat
3298 3918 3512 3975 columba
3544 3913 3607 3968 illa
3637 3922 3705 3979 φη

2264 3996 2318 4050 in
2342 3996 2544 4054 diluvio
2575 4002 2642 4055 ad
2674 4016 2857 4057 arcam
2902 4009 3204 4076 reportavit
3244 4023 3439 4063 ramum
3463 4006 3583 4061 olivae
3598 4001 3706 4053 vinu-
3806 4074 3807 4081 γ

2266 4088 2406 4144 tibus
2432 4088 2603 4146 foliis:
2645 4093 2958 4165 signiﬁcans
2989 4098 3179 4169 utique
3202 4099 3338 4169 quod
3365 4098 3557 4169 Spirims
3575 4096 3709 4147 sanctus
3806 4148 3807 4155 η

2260 4193 2358 4248 per
2405 4180 2717 4238 chrismatis
2764 4185 3079 4242 unctionem
3132 4188 3187 4242 in
3242 4189 3528 4259 baptismate
3562 4182 3707 4235 vimen!

2260 4268 2473 4325 confert
2503 4271 2750 4330 ﬁdelibus
2776 4275 3017 4333 caelestis
3042 4281 3251 4349 gratim.
3285 4281 3383 4335 Sed
3405 4280 3461 4333 de
3484 4278 3563 4330 hoc
3577 4269 3705 4344 plenius
3806 4290 3807 4293 η

2260 4361 2314 4416 in
2341 4363 2693 4431 sequentibus
2716 4365 2978 4423 dicemus.
3010 4367 3269 4441 Legimus
3290 4371 3409 4425 etin
3428 4366 3561 4439 gestis
3574 4361 3709 4455 Paton!
3806 4448 3807 4455 γ

568 4461 773 4525 portat,
806 4453 966 4508 debet
1018 4460 1198 4507 tamen
1228 4452 1497 4507 bonorum
1542 4468 1771 4524 operum
1819 4459 2157 4518 exhibitione
2182 4485 2235 4546 Ι)
2260 4453 2402 4524 quod
2446 4452 2720 4524 sylvester
2744 4455 2887 4528 Papa
2922 4459 2976 4513 in
3006 4460 3251 4516 Ecclesia
3280 4461 3495 4515 Romana
3520 4452 3708 4546 constitue

568 4543 820 4614 ﬂagrare,
851 4551 909 4598 et
927 4544 1142 4600 mundis
1173 4543 1321 4600 indui
1356 4547 1620 4602 vestibus.
1672 4549 1750 4605 De
1779 4549 1974 4619 quibus
2021 4539 2226 4607 Pro-—
2262 4546 2337 4601 rit
2390 4554 2451 4600 ut
2498 4546 2639 4602 sicut
2702 4556 2943 4618 potestas
2990 4560 3047 4607 et
3092 4552 3416 4625 privilegium
3462 4545 3573 4619 apud
3604 4539 3707 4597 ςοῐοω

566 4634 730 4704 pheta
760 4636 1068 4692 sacerdotes
1096 4636 1244 4691 indui
1276 4644 1416 4703 orat,
1449 4652 1571 4693 cum
1603 4638 1766 4693 dicit:
1823 4656 1843 4690 ι
1879 4638 2154 4697 Sacerdo-

568 4732 650 4779 tes
696 4724 770 4779 tui
811 4725 1103 4781 induantur
1143 4726 1409 4797 justitiam
1462 4728 1639 4801 (Psal.
1683 4745 1862 4794 cxxxr,
1894 4732 1987 4800 9).
2022 4752 2040 4783 ι
2096 4733 2154 4789 Si

565 4828 696 4884 ergo
725 4823 1011 4885 antequam
1044 4826 1362 4872 renascatur
1388 4826 1445 4874 et
1465 4819 1715 4891 originali
1751 4831 1974 4891 peccato
2016 4840 2151 4894 pur-

565 4912 724 4973 getur
750 4914 807 4960 et
831 4904 1046 4964 Christo
1083 4908 1500 4979 consepeliatur,
1530 4918 1585 4966 et
1626 4913 1958 4969 aromatibus
1987 4914 2152 4970 debet

563 4992 833 5064 ﬂagrare,
877 5004 933 5050 et
983 4998 1351 5054 mundissimis
1398 5001 1639 5056 vestibus
1692 5001 1890 5068 indui;
1946 5013 2151 5073 quanto

562 5083 740 5154 magis
774 5076 1012 5151 renatus,
1041 5095 1297 5158 purgatus
1326 5129 1343 5155 ,
1396 5089 2058 5154 Christoconviviiicatus,
2095 5092 2149 5147 in

561 5172 803 5229 novitate
855 5174 979 5231 vita:
1007 5177 1310 5243 ambulans,
1346 5194 1483 5233 nova
1526 5188 1777 5234 creatura
1820 5178 2065 5247 eﬂectus,
2092 5189 2149 5237 et

560 5264 744 5320 odoris
793 5263 1075 5337 ﬂagrantia
1125 5268 1443 5333 exuberare,
1483 5276 1539 5324 ct
1581 5269 1931 5326 candidorum
1975 5272 2146 5326 vesti-

561 5364 869 5413 mentorum
892 5356 1192 5414 clarescere
1213 5360 1371 5415 debet
1396 5360 1592 5415 nitore.
1616 5358 1997 5417 Catechizandi
2016 5379 2145 5434 ergo

559 5447 748 5501 ordine
792 5456 844 5503 et
897 5448 1160 5504 scrutinio
1205 5448 1285 5504 sic
1333 5448 1709 5505 ordinabiliter
1754 5459 1976 5520 peracto
2009 5492 2023 5517 ,
2077 5451 2147 5509 de

560 5537 901 5608 baptismatis
930 5541 1190 5596 tinctione
1211 5549 1266 5595 et
1291 5541 1542 5596 unctione
1564 5542 1877 5599 chrismatis
1893 5542 2007 5613 jam
2031 5560 2147 5599 scr-

563 5642 650 5680 mo
678 5627 958 5684 habendus
987 5637 1089 5685 est.

636 5746 663 5775 ι
714 5735 838 5802 315.,
883 5737 1279 5808 fundamentum
1324 5756 1515 5810 aqmr;
1568 5757 1753 5796 verum
1824 5744 1951 5797 illud
2005 5744 2217 5801 melius.

2260 4637 2573 4709 episcopum
2623 4649 2860 4707 constat,
2897 4643 3038 4712 quod
3069 4660 3282 4701 sacrum
3311 4644 3516 4700 chrisma
3536 4639 3707 4707 ipsecon'

2260 4726 2426 4791 ﬂciat,
2459 4734 2515 4782 et
2558 4728 2893 4799 baptizatum
2921 4745 3019 4802 per
3056 4749 3253 4791 manus
3282 4730 3611 4803 impositionem

2256 4816 2375 4886 ipso
2399 4817 2693 4874 chrismate
2718 4821 3019 4891 consignet,
3048 4832 3271 4894 propter
3296 4821 3560 4877 luereticaru
3579 4816 3705 4867 suasio:

2256 4925 2413 4965 nem:
2440 4911 2515 4965 ita
2559 4912 2846 4984 presbyter
2870 4914 3060 4970 eodem
3089 4917 3375 4973 chrismate
3400 4912 3528 4968 liniet
3551 4903 3703 4976 baptilﬁ‘

2255 5010 2367 5056 tum
2397 5001 2629 5057 levatum
2671 5018 2737 5058 ex
2767 5019 2907 5073 aqua
2959 5007 3179 5077 propter
3205 5006 3511 5063 occasionem
3537 4993 3703 5052 transitus

2253 5093 2459 5157 mortis,
2490 5091 2616 5162 quia
2635 5095 2890 5159 scriptum
2913 5105 2997 5152 est
3021 5097 3075 5151 in
3102 5096 3378 5167 Apostolo:
3410 5114 3427 5145 ς
3456 5090 3545 5146 Vos
3574 5088 3701 5139 tum

2250 5181 2469 5248 fratres,
2495 5184 2549 5238 in
2578 5199 2745 5239 carne
2777 5202 2883 5242 non
2906 5189 3061 5254 estis,
3090 5189 3186 5245 sed
3227 5189 3278 5243 in
3310 5186 3495 5257 spiritu,
3532 5178 3567 5233 si

2253 5271 2488 5343 Spiritus
2536 5274 2628 5329 Dei
2656 5274 2864 5331 habitat
2886 5276 2943 5332 in
2970 5278 3140 5333 vobis.
3190 5276 3247 5333 Si
3276 5275 3389 5347 quis
3429 5277 3572 5327 autem
3594 5261 3700 5329 sPi'l‘

2251 5370 2363 5418 tum
2386 5362 2589 5418 Christi
2611 5379 2716 5419 non
2746 5365 2927 5430 habet,
2966 5367 3057 5423 hic
3076 5382 3181 5423 non
3213 5377 3295 5422 est
3322 5365 3427 5435 ejus
3450 5357 3587 5453 (Rom:
3626 5358 3699 5453 Ἦν

2253 5453 2364 5523 Η),
2403 5472 2423 5506 ι
2454 5461 2511 5508 et
2536 5461 2751 5510 caetera.
2778 5455 2857 5511 Ac
2886 5456 3078 5513 deinde
3099 5457 3333 5527 profecto
3372 5458 3498 5524 pate!
3515 5446 3609 5515 (ἰυίε

2252 5560 2465 5613 cunque
2499 5561 2607 5600 non
2638 5555 2722 5601 est
2773 5545 3008 5614 Christi,
3058 5523 3206 5618 regni
3256 5545 3333 5602 sui
3375 5523 3594 5613 particeps
3624 5523 3697 5578 59"

2253 5634 2462 5706 nequit,
2490 5635 2717 5707 ideoque
2751 5640 3109 5697 necessarium
3142 5646 3224 5696 est
3251 5645 3305 5691 ut
3324 5633 3481 5691 statim
3506 5623 3698 5681 succum
