3936 6328
190 346 324 402 117⁸1

1173 346 1376 405 LIBER
1414 347 1503 404 DE
1541 346 1785 406 SACRlS
1822 347 2209 418 ORDINIBUS,
2244 348 2396 408 ETC.

3294 361 3431 420 H78

188 470 273 516 tur
312 458 592 529 baptizato
616 472 738 515 cum
771 458 1078 515 chrismatis
1115 460 1387 525 unctione,
1415 470 1477 515 ut
1521 458 1757 530 Spiritus
1783 465 1831 522 Α
1858 468 1982 516 ante
2004 459 2335 517 sacriﬁcium
2364 459 2750 528 celebraretur,
2790 463 2935 533 quod
2970 472 3096 525 ante
3124 482 3235 524 non
3268 468 3431 526 ﬁebat

187 552 355 609 sancti
388 550 856 623 participationem
905 551 1195 623 accipiens,
1224 553 1434 608 alienus
1459 568 1490 607 a
1533 551 1751 629 Christo

187 661 290 702 non
315 646 535 700 existat.

213 756 336 814 Car.
363 757 483 814 XV.
513 785 583 798 —
605 756 685 812 De
704 757 1009 813 indumento
1038 759 1289 828 baptizati
1313 767 1362 813 et
1386 759 1729 814 eucharistia.

254 870 356 943 (Ib.
387 871 560 942 c.29.)
583 870 713 926 Post
735 871 1062 941 baptismum
1105 878 1285 925 autem
1323 871 1552 926 traditur
1595 871 1753 926 Chri-

187 962 359 1016 stiano
380 960 545 1043 vestis
565 961 793 1015 candida
817 959 1106 1031 designans
1134 959 1496 1015 innocentiam
1525 968 1579 1016 et
1602 961 1751 1031 puri-

186 1060 348 1107 tatem
396 1051 779 1116 Christianam,
820 1067 981 1122 quam
1029 1058 1151 1142 post
1183 1050 1420 1119 ablutas,
1452 1059 1507 1107 et
1553 1062 1750 1109 caetera

185 1159 342 1214 usque
364 1142 436 1196 ad
458 1141 615 1211 ﬁnem
643 1142 847 1213 capitis.

252 1253 375 1310 Car.
411 1252 736 1324 XVl.—-De
776 1254 1107 1324 impositione
1140 1270 1329 1309 manus
1355 1252 1664 1324 episcopalis
1703 1261 1751 1308 et

618 1323 915 1378 chrismatis
943 1334 1291 1380 sacramento.

253 1440 412 1513 (Ibid.
438 1457 484 1494 c.
516 1438 632 1511 '50.)
653 1438 960 1496 Novissime
979 1447 1161 1495 autem
1185 1455 1215 1494 a
1239 1455 1450 1496 summo
1470 1441 1752 1497 sacerdote

184 1547 279 1602 per
302 1530 700 1602 impositioncm
735 1545 927 1586 manus
940 1531 1246 1601 paracletus
1271 1531 1503 1587 traditur
1531 1531 1607 1587 illi
1631 1530 1753 1603 Spi-

185 1624 314 1678 ritus
341 1630 580 1689 sanctus,
604 1628 663 1676 ut
685 1622 972 1678 roboretur
1002 1638 1101 1693 per
1128 1621 1410 1693 Spiritum,
1435 1631 1565 1691 etc.,
1591 1640 1753 1695 usque

184 1714 253 1768 ad
278 1713 432 1783 ﬁnem
463 1713 668 1783 capitis.

1852 551 1956 606 nisi
2000 559 2209 605 tantum
2251 552 2477 621 epistola
2525 551 2674 609 Pauli
2719 553 3055 610 recitabatur
3086 565 3143 612 et
3180 567 3427 615 sanctum

1850 641 2222 712 Evangelium.
2252 643 2382 699 Inde
2428 644 2591 715 Kyrie
2632 644 2829 700 eleison
2885 648 3114 715 dicitur,
3169 652 3315 721 quod
3363 667 3430 708 ex

1850 733 2039 790 Gncco
2068 736 2121 789 in
2144 735 2415 803 Latinum,
2442 737 2683 803 Domine,
2710 740 2955 794 miserere
2980 742 3148 808 nobis,
3164 742 3432 815 interpre-

1852 835 2016 882 tatur.
2036 827 2192 883 Sicet
2206 827 2411 884 Christe
2436 830 2651 897 eleison,
2676 833 2779 888 hoc
2801 840 2905 899 est,
2934 833 3158 901 Christe,
3185 838 3429 893 miserere

1853 918 2023 974 nobis.
2045 919 2318 991 llymnum
2348 936 2478 977 vero
2505 923 2829 994 angelicum,
2852 925 2906 981 id
2933 936 3018 981 est
3044 924 3229 981 Gloria
3253 929 3308 984 in
3334 944 3428 983 ex-

1851 1010 2003 1064 celsis
2035 1010 2165 1076 Deo,
2212 1019 2344 1068 tunc
2368 1013 2542 1084 angeli
2572 1014 2884 1071 cecinerunt
2908 1018 3124 1087 quando
3152 1026 3313 1074 natus
3342 1026 3430 1077 est

1850 1099 2147 1167 Dominus,
2193 1116 2353 1171 quem
2400 1104 2565 1158 etiam
2606 1104 3003 1175 Thelesphorus
3050 1107 3295 1178 pontifex
3331 1123 3430 1164 na-

1850 1193 1997 1248 tione
2023 1191 2244 1249 Grazcus
2267 1195 2456 1249 statuit
2479 1205 2537 1250 ut
2564 1205 2692 1252 ante
2729 1197 3055 1254 sacriﬁcium
3081 1201 3421 1271 psalleretur,

1850 1285 1943 1354 qui
1984 1293 2040 1340 et
2077 1285 2360 1341 constituit
2404 1294 2464 1341 ut
2508 1287 2565 1342 in
2613 1288 2780 1344 natali
2814 1289 3027 1345 Domini
3068 1306 3169 1362 per
3210 1301 3424 1348 noctem

1848 1376 2031 1433 missa:
2079 1377 2502 1434 celebrarentur.
2547 1380 2699 1437 Tunc
2744 1382 2913 1439 lector
2957 1383 3088 1454 legit
3134 1384 3424 1442 lectionem

1851 1470 2185 1535 canonicam,
2235 1479 2298 1526 ut
2315 1472 2530 1528 animus
2562 1475 2867 1531 auditorum
2911 1492 3010 1547 per
3049 1478 3188 1534 hanc
3227 1479 3427 1536 instru-

1850 1570 1970 1617 ctus
1994 1561 2060 1616 ad
2091 1571 2289 1619 czetera
2328 1565 2590 1622 intentior
2614 1577 2882 1641 assurgat.
2918 1569 3131 1643 Saepius
3160 1582 3340 1628 tamen
3368 1575 3423 1629 in

1850 1653 2032 1709 missae
2079 1652 2255 1710 ofﬁcio
2306 1654 2504 1727 legitur
2541 1657 2702 1714 lectio
2741 1674 2807 1714 ex
2834 1659 3088 1731 Epistolis
3137 1662 3202 1719 D.
3244 1663 3421 1719 Pauli.

1849 1742 2074 1799 Paulum
2108 1760 2341 1817 namque
2370 1747 2621 1804 omnibus
2663 1757 2850 1806 notum
2879 1760 2965 1806 est
2991 1753 3267 1808 doctorem
3297 1768 3428 1824 gen-

182 1824 305 1881 CAP.
344 1824 507 1881 XVII.
539 1823 707 1880 —De
750 1836 1077 1908 augmento
1118 1828 1350 1898 corporis
1389 1835 1438 1882 et
1474 1826 1747 1899 sanguinis
1776 1816 1823 1877 Β
1853 1836 1988 1891 tium
2010 1851 2152 1902 esse,
2184 1846 2240 1894 et
2264 1816 2392 1908 quia
2420 1855 2451 1894 a
2488 1841 2714 1896 Domino
2740 1857 2836 1898 vas
2865 1843 3142 1900 electionis
3167 1844 3284 1901 fore
3299 1816 3427 1903 ine-

844 1896 1077 1951 Domini.

249 2008 410 2081 (Ibid.
435 2026 482 2064 c.
511 2007 624 2081 3t.)
669 2008 775 2066 Sed
804 2010 930 2080 quia
951 2010 1019 2066 de
1044 2010 1252 2066 duobus
1284 2010 1660 2077 sacramentis,
1693 2009 1751 2067 id

177 2108 281 2165 est,
312 2100 579 2170 baptismo
604 2107 660 2154 et
694 2100 988 2156 chrismate
1016 2100 1130 2170 jam
1168 2108 1430 2171 quantum
1456 2100 1613 2154 nobis
1644 2100 1748 2155 Do-

180 2193 355 2247 minus
379 2192 543 2260 dedit,
570 2205 733 2269 supr_a
762 2191 1135 2259 disseruimus,
1159 2199 1289 2269 etc.,
1312 2207 1472 2247 usaue
1499 2190 1568 2245 ad
1588 2190 1745 2260 ﬁnem

178 2283 379 2353 capitis.
640 2262 649 2263 η
693 2262 713 2277 ’

486 2371 614 2428 CAP.
642 2370 910 2428 XVIII.—
928 2371 1008 2427 De
1036 2372 1200 2443 oﬁicio
1238 2373 1432 2427 missae.

247 2483 410 2557 (Ibid.
436 2502 484 2540 c.
510 2485 624 2557 '52.)
651 2486 727 2541 De
764 2487 1135 2549 sacramentis,
1169 2494 1230 2541 ut
1258 2500 1400 2552 reor,
1429 2486 1561 2542 satis
1585 2484 1744 2556 supe4

174 2575 290 2631 rius
314 2575 575 2642 diximus;
600 2591 746 2631 nunc
771 2577 838 2632 de
863 2574 1039 2631 officio
1073 2576 1251 2631 missa:
1285 2591 1391 2645 quo
1418 2576 1532 2647 ipsa
1557 2592 1745 2632 sacra—

175 2673 353 2720 menta
375 2666 614 2736 corporis
633 2666 975 2737 etsanguinis
992 2664 1190 2721 Christi
1213 2665 1591 2733 coniiciuntur,
1614 2672 1745 2730 etc.,

174 2771 336 2826 usque
364 2755 434 2810 ad
452 2755 611 2825 linem
634 2756 838 2827 capitis.

493 2875 623 2932 Car.
647 2874 788 2931 XIX.
816 2906 887 2917 —
910 2876 990 2932 De
1018 2876 1200 2932 ordine
1225 2876 1420 2933 missw.

246 2985 432 3060 (Ibid.
485 3004 531 3041 ε.
582 2986 720 3060 '53.)
760 2986 1002 3047 Primum
1046 2996 1226 3044 autem
1279 2989 1335 3044 in
1385 2988 1747 3047 celebratione

170 3079 373 3143 missae,
399 3077 467 3133 ad
495 3077 774 3133 introitum
801 3080 1093 3135 sacerdotis
1125 3080 1194 3135 ad
1232 3079 1420 3146 altare,
1452 3082 1742 3152 antiphona

169 3176 423 3223 cantatur
456 3184 485 3223 a
511 3168 675 3235 clero,
702 3178 762 3224 ut
794 3170 1043 3226 audiatur
1077 3172 1284 3227 sonitus
1320 3173 1536 3243 quando
1568 3174 1748 3245 ingre-
1773 3171 1818 3233 C

169 3262 323 3317 ditur
372 3261 734 3317 sanctuarium
791 3263 846 3318 in
898 3272 1188 3335 conspectu
1232 3264 1475 3332 Domini,
1517 3265 1658 3321 sicut
1691 3266 1747 3321 in

165 3353 343 3407 veteri
390 3361 710 3411 testamento
743 3370 841 3427 per
878 3355 1360 3412 tiutinnabulorum
1401 3357 1638 3414 sonitum
1665 3357 1749 3412 in-

165 3456 392 3514 gressus
427 3444 698 3513 pontiﬁcis
729 3445 981 3501 innotuit.
1032 3446 1179 3503 Bene
1220 3463 1349 3520 ergo
1392 3448 1449 3503 in
1496 3449 1747 3520 ingressu

164 3535 472 3590 sacerdotis
514 3538 959 3605 concrepantibus
983 3538 1164 3594 choris
1199 3537 1416 3596 auditur
1447 3541 1746 3598 modulatio

159 3627 370 3683 divinae
398 3626 601 3692 laudis,
651 3635 710 3682 ut
749 3627 1033 3684 dominicae
1069 3629 1449 3686 celebrationis
1484 3633 1745 3703 mysteria

158 3717 544 3772 ministrorum
586 3717 673 3787 pie
711 3718 981 3787 praecedat
1024 3721 1394 3787 consonantia,
1421 3728 1475 3775 et
1503 3722 1748 3792 corporis

159 3818 225 3864 et
250 3810 530 3880 sanguinis
576 3810 777 3867 Christi
807 3812 1115 3869 venerabile
1151 3822 1550 3871 sacramentum
1594 3813 1748 3872 ante;

160 3902 333 3958 cedat
361 3884 531 3973 digna:
561 3903 733 3959 laudis
759 3904 1103 3960 sacriﬁcium.
1152 3905 1395 3976 Namque
1428 3908 1627 3964 chorus
1664 3916 1748 3964 est

161 3993 460 4049 multitudo
494 3995 547 4049 in
574 3995 744 4051 sacris
772 3995 1017 4064 collecta,
1046 4005 1103 4052 et
1129 3997 1306 4054 dictus
1338 3999 1537 4056 chorus
1558 4041 1572 4065 ,
1601 4002 1745 4072 quod

162 4088 226 4143 in
266 4088 423 4142 initio
448 4088 501 4142 in
539 4090 755 4144 modum
796 4105 1010 4145 corona:
1044 4091 1248 4146 circum
1294 4106 1417 4147 aras
1456 4100 1665 4149 starent
1693 4103 1750 4150 et

162 4182 244 4235 ita
286 4181 609 4252 psallerent,
658 4182 802 4237 unde
838 4190 892 4238 et
927 4181 1338 4238 Ecclesiasticus
1376 4183 1514 4239 liber
1559 4186 1748 4241 scribit

162 4281 410 4330 stantem
453 4274 786 4331 sacerdotem
824 4283 951 4329 ante
983 4289 1153 4341 aram,
1189 4282 1245 4330 et
1279 4275 1332 4330 in
1360 4276 1589 4331 circuitu
1631 4275 1748 4345 ejus

162 4381 430 4423 coronam
466 4365 718 4421 fratrum.
760 4366 864 4421 Alii
908 4368 1134 4423 chorum
1168 4367 1422 4423 dixerunt
1456 4385 1488 4424 a
1523 4385 1747 4425 concor-

161 4457 286 4526 dia,
317 4473 436 4528 quaa
459 4458 512 4512 in
539 4459 804 4515 cltaritate
838 4467 894 4515 et
917 4475 1043 4514 vera
1064 4475 1197 4530 pace
1225 4461 1492 4517 consistit.
1525 4462 1651 4520 Sive
1677 4462 1746 4519 de

160 4549 511 4604 concinentia
564 4550 682 4606 soni
723 4568 736 4604 :
778 4565 902 4606 cum
952 4551 1096 4605 enim
1146 4568 1283 4607 unus
1323 4554 1509 4620 canit,
1558 4553 1745 4611 Graece
1772 4523 1823 4583 Ι)

160 4644 448 4709 monadia,
487 4643 650 4700 latine
692 4643 937 4699 sicinium
968 4642 1184 4710 dicitur,
1233 4652 1288 4700 et
1332 4660 1457 4701 cum
1500 4645 1608 4701 duo
1652 4662 1744 4701 ca-

160 4744 314 4789 nunt
355 4734 611 4789 bicinium
661 4734 879 4789 dicitur.
922 4731 1056 4789 Cum
1096 4742 1277 4790 autem
1312 4733 1505 4799 multi,
1548 4734 1748 4793 chorus

156 4832 419 4880 vocatur.
459 4824 764 4894 Antiphona
789 4820 976 4878 Graece
999 4839 1102 4878 vox
1134 4824 1408 4894 reciproca
1446 4840 1515 4880 ex
1539 4824 1747 4880 duobus

156 4916 385 4973 scilicet
408 4915 590 4971 choris
608 4914 918 4970 alternatim
942 4915 1291 4985 psallentibus
1311 4916 1415 4971 dici
1423 4924 1527 4971 tur.
1554 4916 1748 4972 Introi-

156 5016 259 5062 tus
294 5020 525 5076 namque
546 5006 614 5061 ab
640 5003 964 5059 introeundo
990 5012 1071 5060 est
1099 5005 1295 5060 dictus.
1320 5005 1396 5059 Eo
1417 5005 1560 5061 enim
1582 5015 1746 5063 cantu

152 5100 235 5155 ad
286 5106 489 5154 sancta:
532 5097 916 5153 modulationis
959 5096 1132 5151 oﬂicia
1182 5096 1567 5153 intraturzvel
1615 5108 1749 5154 tunc

153 5194 495 5251 Christianae
524 5192 799 5261 religionis
841 5189 1188 5262 congregatio
1209 5190 1505 5246 Ecclesiam
1534 5190 1631 5245 Dei
1666 5190 1748 5245 in-

154 5297 350 5352 trans,
380 5286 447 5340 ad
471 5294 696 5342 crateras
727 5283 1024 5339 ofﬁciorum
1055 5282 1242 5339 laudes
1285 5291 1552 5355 praeparat
1577 5299 1636 5339 se
1667 5284 1748 5341 in-

153 5386 467 5433 tenturam.
508 5374 661 5432 Sicut
695 5375 842 5430 enim
880 5372 1256 5441 invitatoriam
1286 5375 1482 5432 dicitur
1513 5375 1582 5430 ab
1613 5374 1752 5429 invi-

157 5469 346 5525 tando
373 5484 495 5524 cum
518 5468 801 5524 inchoatur
825 5465 1058 5523 ofﬁcium
1084 5475 1426 5533 nocturnum,
1459 5476 1515 5522 et
1552 5468 1749 5523 dicitur

154 5559 343 5615 venite
372 5574 390 5612 :
419 5558 697 5613 introitum
756 5558 824 5613 ab
874 5556 1196 5611 introcundo
1240 5555 1454 5625 quando
1504 5556 1751 5613 iniliatur

156 5648 455 5703 diurnum.
481 5647 843 5717 Antiphonam
883 5655 1065 5701 autem
1093 5646 1159 5700 ad
1190 5646 1471 5701 introitum
1502 5647 1751 5720 (ltelesti;

155 5756 279 5797 nus
310 5740 844 5809 nationcCampauus
873 5738 1111 5805 pontifex
1146 5739 1329 5795 Romae
1358 5739 1657 5797 constituit.
1693 5726 1750 5793 ut

1848 1926 1979 1992 ruit,
2032 1926 2237 1984 idcirco
2276 1928 2420 1984 idem
2451 1931 2577 1985 dum
2609 1931 2664 1985 in
2702 1947 2930 2002 corpore
2964 1943 3211 1990 maneret
3233 1951 3299 1991 ex
3323 1936 3429 1993 do-
3518 1918 3523 1923 ’

1847 2026 2030 2091 gmate
2077 2034 2185 2089 quo
2222 2020 2481 2090 quasdam
2512 2021 2764 2092 epistolas
2800 2023 3085 2078 scribendo
3124 2033 3311 2096 gentes
3357 2025 3429 2083 ad

1847 2116 2060 2179 tempus
2105 2109 2310 2177 docuit,
2359 2110 2484 2167 inde
2529 2128 2673 2167 nunc
2696 2112 2933 2183 quotidie
2970 2114 3096 2169 dum
3136 2117 3424 2184 recitatur,

1849 2200 2093 2254 omnium
2122 2207 2332 2257 mentes
2373 2201 2611 2257 ﬁdelium
2639 2204 2835 2259 robore
2856 2203 3025 2260 ﬁrmae
3051 2202 3175 2261 ﬁdei
3205 2207 3420 2262 solidat.

1847 2288 1979 2345 Post
2023 2287 2310 2345 lectionem
2356 2306 2487 2349 vero
2530 2300 2726 2347 cantor
2766 2292 2898 2348 dicit
2937 2296 3341 2364 responsorium
3364 2301 3426 2350 ut

1846 2379 1913 2434 ad
1950 2381 2415 2451 compnnctionem
2456 2383 2739 2438 audientes
2770 2392 3026 2453 provocet
3051 2392 3105 2439 et
3128 2385 3278 2441 lenes
3309 2385 3427 2440 ani-

1843 2487 1963 2529 mos
2008 2473 2226 2529 auditor
2274 2472 2457 2530 faciat.
2502 2474 2927 2546 Responsorium
2972 2491 3101 2547 ergo
3140 2476 3264 2532 inde
3289 2475 3425 2531 dici-

1845 2572 1956 2630 tur,
1988 2565 2133 2636 quod
2164 2565 2272 2623 alio
2306 2567 2585 2623 desinente
2629 2568 2684 2624 id
2726 2568 2863 2624 alter
2900 2569 3239 2639 respondeat.
3277 2566 3428 2624 Inter

1844 2656 2192 2725 responsoria
2223 2672 2440 2728 quoque
2464 2665 2519 2713 et
2549 2646 2872 2730 antiphonas
2905 2659 3009 2713 hoc
3033 2657 3232 2723 diﬁ‘ert,
3278 2658 3425 2728 quod

1844 2744 1902 2800 in
1944 2747 2306 2816 responsoriis
2345 2762 2485 2802 unus
2527 2748 2671 2803 dicat
2723 2763 2962 2811 versum,
3012 2748 3069 2802 in
3114 2747 3427 2818 antiphonis

1845 2843 2030 2892 autem
2051 2836 2321 2892 alternant
2355 2838 2602 2894 versibus
2629 2839 2801 2894 chori.
2831 2837 3173 2908 Antiphonas
3203 2837 3376 2895 Graeci
3406 2878 3425 2905 ,

1845 2927 2188 2999 responsoria
2216 2941 2347 2983 vero
2384 2927 2505 2983 Itali
2549 2928 2835 2984 traduntur
2862 2927 3097 2998 primum
3126 2927 3421 2984 invenisse.

1845 3020 2273 3092 Responsorium
2300 3020 2447 3074 enim
2475 3019 2650 3085 istud,
2693 3020 2911 3090 quidam
2943 3019 3159 3091 gradale
3202 3031 3422 3085 vocant,

1846 3127 1913 3167 eo
1941 3113 2085 3181 quod
2109 3109 2265 3181 juxta
2299 3110 2496 3183 gradus
2524 3111 2715 3182 pulpiti
2744 3119 3014 3166 cantatur.
3045 3109 3178 3167 Post
3207 3126 3430 3181 respon-

1849 3203 2052 3259 sorium
2098 3208 2351 3257 cantatur
2400 3199 2651 3269 Alleluia,
2711 3200 2921 3257 scilicet
2962 3210 3025 3257 ut
3070 3202 3140 3257 ad
3183 3201 3429 3257 cmlestia

1847 3299 2086 3348 mentem
2112 3290 2341 3361 populus
2363 3290 2627 3356 sublevet,
2654 3299 2708 3347 et
2741 3291 2811 3346 ad
2837 3290 3072 3347 divinam
3098 3290 3430 3361 contempla-

1846 3383 2049 3439 tionem
2078 3383 2275 3454 erigat.
2322 3381 2551 3438 Alleluia
2578 3382 2724 3438 enim
2755 3383 2984 3439 duorum
3029 3382 3317 3439 verborum
3343 3382 3429 3438 in-

1843 3474 2159 3547 terpretatio
2184 3482 2267 3531 est
2297 3491 2311 3530 :
2337 3475 2442 3531 hoc
2468 3483 2553 3530 est
2573 3474 2691 3531 laus
2713 3475 2829 3542 Dei,
2855 3486 2910 3531 et
2934 3483 3018 3532 est
3034 3474 3338 3531 Hebraeum.
3364 3474 3421 3530 la

1843 3566 1987 3621 enim
2034 3564 2104 3621 de
2144 3565 2333 3622 decem
2376 3564 2686 3621 nominibus
2734 3565 2930 3634 quibus
2981 3565 3120 3635 apud
3168 3564 3428 3622 Hebmos

1844 3656 1991 3712 Deus
2012 3663 2255 3722 vocatur,
2276 3671 2442 3712 unum
2470 3663 2575 3711 est.
2601 3654 2864 3711 Similiter
2882 3664 2937 3711 et
2953 3655 3124 3712 Amen
3139 3654 3427 3712 Hebraeum

1845 3755 1948 3812 est,
1981 3748 2124 3816 quod
2153 3747 2221 3802 ad
2249 3761 2469 3802 omnem
2495 3747 2791 3803 sacerdotis
2814 3750 3117 3804 orationem
3142 3765 3237 3804 seu
3263 3749 3428 3806 bene-

1844 3834 2134 3890 dictionem
2176 3836 2469 3905 respondet
2501 3834 2732 3905 populus
2768 3834 3026 3890 ﬁdelium.
3071 3835 3424 3905 Interpretari

1847 3938 2060 3993 quoque
2091 3930 2269 3993 potest
2292 3922 2465 3978 Amen
2500 3923 2555 3977 in
2584 3922 2833 3979 Latinum
2858 3940 3007 3990 vere,
3038 3925 3151 3980 sive
3172 3924 3423 3991 ﬁdeliter,

1848 4028 1962 4078 seu,
1995 4013 2110 4077 ﬁat,
2136 4014 2263 4083 quia
2290 4013 2619 4085 Hieronymo
2645 4022 2803 4079 teste,
2834 4016 2888 4070 in
2909 4015 3174 4072 Psalterio
3203 4015 3294 4071 ubi
3326 4018 3424 4072 ha-

1846 4104 1957 4169 bet,
1988 4103 2098 4170 ﬁat,
2131 4105 2241 4166 tiat,
2272 4105 2327 4159 in
2353 4104 2621 4160 Hebraico
2668 4105 2859 4175 legitur
2885 4105 3056 4163 Amen
3086 4120 3263 4173 amen,
3308 4108 3426 4165 haec

1847 4194 1952 4249 duo
1983 4202 2159 4249 tamen
2174 4194 2353 4262 verba,
2370 4195 2423 4250 id
2443 4205 2546 4262 est,
2559 4195 2729 4251 Amen
2752 4196 3066 4264 etAlleluia,
3085 4212 3183 4253 nec
3196 4197 3421 4265 Graecis,

1847 4298 1948 4341 nec
1974 4283 2198 4349 Latinis,
2231 4301 2331 4342 nec
2361 4286 2610 4342 barbaris
2638 4286 2765 4342 licet
2791 4287 2843 4341 in
2872 4303 3022 4342 suam
3044 4287 3281 4360 linguam
3309 4303 3425 4342 om-

1847 4379 1975 4434 nino
2026 4378 2339 4445 transferre,
2392 4380 2473 4435 vel
2513 4380 2618 4436 alia
2667 4381 2845 4453 lingua
2892 4384 3235 4439 annuntiare.
3285 4382 3422 4439 Nam

1846 4472 2094 4542 quamvis
2139 4472 2483 4542 interpretari
2529 4475 2777 4545 possint,
2825 4485 3047 4546 propter
3098 4476 3424 4532 sanctiorem

1854 4570 2041 4618 tamen
2063 4564 2463 4631 auctoritatem,
2494 4575 2705 4621 servata
2732 4575 2815 4622 est
2842 4567 2911 4622 ab
2928 4566 3206 4636 apostolis,
3233 4566 3286 4621 in
3310 4567 3424 4622 suis

1852 4653 2083 4723 propriae
2110 4653 2305 4726 linguae
2333 4654 2647 4724 antiquitas.
2680 4655 2912 4710 Tantum
2948 4656 3091 4711 enim
3113 4671 3268 4712 sacra
3298 4664 3424 4711 sunt

1852 4745 2092 4810 nomina,
2120 4746 2363 4801 utetiam
2390 4744 2626 4803 Joannes
2651 4749 2706 4801 in
2730 4746 3052 4817 Apocalypsi
3085 4745 3286 4802 referat
3306 4745 3425 4817 Spi-

1852 4836 1959 4891 ritu
1995 4835 2271 4892 revelante
2312 4850 2370 4892 se
2400 4837 2599 4892 vidisse
2627 4844 2681 4891 et
2711 4837 2926 4893 audisse
2960 4852 3146 4893 vocem
3186 4837 3424 4893 cmlestis

1853 4927 2155 4991 exercitus,
2210 4935 2465 4998 tanquam
2503 4941 2690 4982 vocem
2732 4942 2991 4997 aquarum
3038 4926 3329 4983 multarum
3368 4934 3424 4983 et

1856 5016 2216 5069 tonitruornm
2241 5015 2540 5069 validorum
2572 5015 2861 5070 dicentium
2892 5015 3064 5072 Amen
3089 5025 3143 5073 et
3168 5016 3420 5083 Alleluia,

1854 5118 1919 5158 ac
1946 5119 2046 5173 per
2068 5103 2170 5158 hoc
2197 5104 2277 5158 sic
2301 5112 2515 5175 oportet
2539 5104 2593 5158 in
2617 5105 2777 5160 terris
2804 5111 3032 5175 utraque
3057 5107 3184 5171 dici,
3207 5106 3345 5162 sicut
3366 5107 3420 5163 iu

1854 5194 1992 5249 caelo
2022 5203 2298 5257 resonant,
2327 5195 2518 5250 deinde
2543 5209 2573 5249 a
2602 5195 2828 5251 diacono
2860 5211 2985 5251 cum
3007 5212 3216 5252 summa
3243 5205 3424 5252 aucto-

1854 5285 2015 5339 ritate
2058 5284 2112 5338 in
2155 5283 2378 5340 auribus
2408 5284 2590 5353 populi
2643 5284 2903 5339 recitatur
2947 5285 3314 5356 evangelium,
3363 5292 3425 5340 ut

1854 5373 2028 5443 ipsius
2056 5372 2255 5429 ibidem
2286 5373 2538 5430 audiatur
2557 5374 2803 5430 doctrina
2834 5372 2900 5428 ad
2926 5388 3087 5445 quem
3134 5373 3305 5430 fervet
3340 5374 3425 5430 in-

1856 5462 2025 5519 tentio
2053 5470 2184 5527 tota,
2214 5463 2493 5533 ipsiusque
2515 5463 2685 5518 virtus
2718 5462 3045 5533 intelligatur
3070 5476 3168 5533 per
3200 5476 3415 5533 evange-

1855 5556 2010 5622 lium,
2039 5557 2194 5627 cujus
2223 5565 2349 5612 tunc
2371 5557 2612 5628 corporis
2632 5565 2686 5611 et
2710 5556 2991 5627 sanguinis
3013 5562 3418 5611 sacrosanctum

1856 5645 2162 5701 celebratur
2191 5647 2527 5717 mysterium.
2559 5645 2687 5701 Post
2707 5647 2822 5702 haec
2850 5645 3148 5701 oblationes
3195 5642 3419 5699 offerun-

1857 5748 1944 5793 tur
1967 5755 1995 5793 a
2022 5739 2217 5811 populo
2237 5780 2253 5804 ,
2282 5748 2335 5794 ct
2371 5738 2699 5795 offcrtorium
2736 5745 2984 5793 cantatur
3014 5752 3042 5790 a
3070 5736 3216 5791 clero
3237 5775 3250 5801 ,
3280 5734 3423 5806 qugd
