3936 6328
579 248 751 346 ἰιτε

1281 278 1343 331 Β.
1383 272 1636 330 RABANI
1672 265 2240 344 MAURLABCHIEP.
2281 260 2589 320 MOGUNT.
2629 258 2914 317 OPERUM
2952 255 3136 313 PARS
3166 255 3249 311 lll.

3626 269 3710 326 H80

610 415 677 456 ex
709 398 822 468 ipsa
846 408 1011 451 causa
1033 388 1355 446 vocabulum
1380 384 1632 456 sumpsit,
1656 382 1813 452 quasi
1836 379 2176 437 oﬁ'erentium
2204 380 2254 440 Α
2277 383 2336 468 et
2356 373 2543 468 iniusti
2565 388 2690 429 cum
2709 370 2937 468 diabolis
2956 369 3351 468 cruciabor-itur.
3371 367 3584 427 Creditur
3600 393 3712 449 aqua,

612 488 911 547 canticum.
952 480 1364 540 Olfertoriarum
1398 477 1596 547 quippe
1640 488 1760 543 qua:
1801 472 1856 525 in
1897 468 2186 525 sacriﬁcio—

614 592 736 634 rum
760 577 969 632 honore
992 577 1284 634 canuntur,
1310 564 1725 622 Ecclesiasticus
1762 562 1901 618 liber
1928 559 2185 615 indicium

610 676 717 734 est,
760 666 889 722 dum
923 662 1056 718 dicit
1102 667 1317 716 veteres
1360 664 1579 712 cantare
1626 651 1814 708 solitos
1855 647 2069 721 quando
2113 647 2188 703 vi-

615 757 797 814 ctima:
841 752 1262 810 immolabantur
1288 788 1304 815 ,
1352 747 1443 802 ubi
1484 746 1558 799 ita
1598 743 1831 814 legitur:
1864 759 1883 792 ι
1916 737 2183 803 Porrexit,

618 848 816 919 inquit,
863 859 1085 901 manum
1127 855 1282 898 suam
1321 837 1573 894 sacerdos
1602 836 1655 890 in
1686 833 2106 919 libationem,iet
2130 829 2191 919 li-

618 917 769 995 bavit
797 935 864 991 de
883 931 1144 1002 sanguine
1164 944 1303 994 uvae,
1342 934 1400 982 et
1423 924 1563 981 fudit
1591 924 1645 978 in
1673 921 1975 978 velamento
2002 917 2191 974 altaris

615 1028 841 1085 odorem
880 1023 1062 1080 divino
1092 1029 1149 1078 et
1186 1018 1400 1076 excelso
1435 1015 1697 1086 Principi.
1727 1013 1881 1069 Tunc
1924 1011 2193 1067 exclama-

621 1124 818 1173 verunt
846 1114 941 1169 ﬁlii
968 1112 1149 1167 Aaron
1172 1110 1229 1165 in
1254 1108 1399 1164 tubis
1419 1105 1728 1169 ductilibus,
1772 1112 1830 1159 et
1863 1108 2193 1157 sonaverunt

622 1215 679 1261 et
706 1203 946 1261 auditam
994 1200 1238 1257 fecerunt
1282 1210 1533 1267 magnam
1575 1208 1763 1249 vocem
1795 1192 1851 1247 in
1880 1190 2193 1246 memoriam

624 1310 810 1352 coram
844 1293 1068 1349 Domino
1095 1287 1300 1363 (Eccli.
1328 1304 1384 1354 ι,
1407 1287 1474 1341 16
1510 1285 1553 1357 ).
1587 1275 1945 1339 rNon'aliter
1971 1289 2026 1336 et
2050 1294 2197 1336 nunc

625 1387 683 1443 in
708 1385 887 1443 sonitu
931 1384 1103 1448 tubae,
1136 1381 1192 1437 id
1227 1387 1311 1435 est
1353 1379 1411 1433 in
1443 1376 1594 1433 vocis
1616 1373 1998 1447 praedicatione
2037 1372 2196 1444 digne

626 1485 845 1535 cantum
895 1473 1237 1547 proferimus,
1280 1470 1383 1527 nisi
1429 1476 1492 1523 ut
1534 1465 1695 1524 simul
1723 1463 1885 1521 corde
1933 1470 1990 1519 et
2033 1476 2197 1533 opere
2252 1529 2257 1533 ι

626 1567 813 1623 laudes
852 1564 1079 1620 Domino
1115 1559 1497 1624 declamantes,
1532 1554 1824 1626 jubilemus
1844 1552 1920 1609 illi
1960 1552 2016 1607 in
2055 1551 2193 1619 alto,

627 1659 834 1717 scilicet
872 1672 1061 1713 verum
1111 1653 1437 1711 sacriﬁcium
1485 1649 1825 1708 celebrantes
1875 1645 2027 1717 cujus
2077 1662 2199 1702 san-

2284 465 2408 521 liter
2449 465 2632 519 vivere
2672 478 2796 518 cum
2835 461 3001 516 Patre
3045 466 3103 514 et
3150 458 3340 528 Spiritu
3382 472 3538 517 sancto
3563 472 3604 519 et
3624 471 3715 527 mlh

2287 553 2395 608 ﬁne
2422 550 2693 607 concludi.
2739 548 3000 619 Sequitur
3022 547 3208 613 Amen,
3237 547 3369 617 quod
3389 552 3715 627 respondenspo.

2285 641 2443 713 polus
2473 639 2745 697 concludit
2782 639 3116 694 antedictam
3142 636 3439 693 orationem.
3457 639 3593 697 Amen
3621 660 3715 717 ergo,

2287 738 2347 785 ut
2373 747 2537 802 supra
2577 729 2837 795 diximus,
2875 727 3217 784 conﬁrmatio
3248 727 3480 783 orationis
3511 740 3590 795 est,
3618 749 3640 788 a
3662 752 3718 806 po-

2288 821 2674 902 pulo_prolata,
2719 828 2775 877 et
2804 820 2862 876 in
2892 818 3093 874 Latina
3112 817 3291 889 lingua
3328 818 3717 889 interpretsturtia.

2288 906 2466 984 Ipsum
2494 913 2583 969 hic
2608 912 2686 967 ita
2719 918 2896 974 sonat,
2931 924 3094 981 quas:
3121 923 3306 964 omnes
3341 908 3499 965 dicant
3527 920 3573 965 ut
3592 912 3643 967 ita
3666 914 3721 969 in

2292 1003 2437 1060 sicut
2460 1002 2716 1059 sacerdos
2753 1001 2953 1058 oravit.
3002 998 3214 1055 Dehinc
3245 998 3367 1054 dicit
3397 1001 3721 1059 sacerdos:8n.

2291 1110 2408 1151 sum
2429 1093 2619 1161 corda.
2651 1093 2920 1148 Admonet
2956 1093 3149 1162 utique
3174 1088 3413 1162 populum
3434 1101 3485 1148 ut
3508 1108 3674 1161 suum,
3691 1098 3722 1153 id

2293 1191 2397 1251 est,
2438 1198 2601 1255 supra
2629 1183 2977 1254 semetipsum
3018 1182 3089 1237 ad
3124 1181 3399 1238 Dominum
3425 1184 3720 1255 omnipotentes

2292 1289 2483 1331 omnes
2520 1274 2683 1330 corda
2720 1272 2900 1330 levent
2933 1282 2995 1353 et
3020 1271 3251 1327 ﬁdeliter
3286 1282 3431 1326 orent
3459 1274 3723 1342 quoddesrr-

2296 1379 2415 1420 sum
2438 1363 2518 1420 eis
2544 1363 2726 1418 veniat
2754 1362 3015 1418 auxilium
3057 1376 3090 1416 a
3114 1361 3227 1417 Deo
3250 1361 3456 1427 caelesti,
3481 1377 3507 1416 a
3523 1378 3603 1433 quo
3624 1370 3722 1421 crati

2297 1462 2439 1511 sunt.
2469 1453 2567 1510 Cui
2588 1454 2874 1524 respondet
2898 1452 3174 1524 populus:
3202 1453 3431 1507 habemus
3455 1454 3511 1506 ad
3528 1453 3720 1521 υοιιὶω,

2298 1543 2353 1599 id
2389 1552 2491 1609 est,
2542 1551 2602 1598 ut
2640 1544 2783 1599 sicut
2819 1543 3079 1598 sacerdos
3106 1541 3268 1613 jussit
3307 1557 3396 1599 eos
3432 1556 3599 1599 sursum
3628 1550 3722 1603 corda

2302 1646 2507 1701 tenere,
2533 1636 2612 1691 sic
2640 1650 2698 1691 se
2717 1635 2919 1691 habere
2943 1633 3289 1705 proﬁtentur.
3302 1634 3440 1689 Tunc
3451 1638 3639 1691 sacerdos
3652 1639 3723 1692 hor-

626 1750 788 1823 guine
812 1749 1051 1806 salvatus
1077 1755 1161 1803 est
1184 1745 1437 1802 mundus.
1480 1741 1899 1809 lmmittiturque
1940 1753 2105 1808 super
2131 1736 2203 1792 al-
2229 1728 2276 1787 B
2304 1732 2452 1823 lfllll:
2473 1724 2684 1795 Ριθδθῐῑι
2712 1733 2774 1780 ιιι
2789 1725 3018 1823 “gratias
3048 1733 3191 1823 ᾖεῖη
3225 1724 3475 1823 οοηάίῑξξτῖ·
3491 1739 3569 1781 ⁸1ιο
3589 1727 3721 1823 diutis:

628 1847 746 1897 tare
769 1837 1050 1911 corporale
1076 1877 1091 1903 ,
1129 1837 1233 1893 hoc
1271 1842 1358 1891 est
1389 1832 1632 1903 pallium,
1675 1831 1819 1901 quod
1840 1827 2115 1901 signiﬁcat
2143 1827 2203 1883 il-

627 1928 716 1984 Iud
760 1927 989 1982 linteum
1043 1940 1151 1998 quo
1199 1937 1397 1994 corpus
1448 1920 1747 1978 Salvatoris
1794 1918 2199 1984 involvebatur,

627 2019 770 2090 quod
808 2034 875 2074 ex
905 2018 1016 2074 lino
1045 2032 1181 2087 puro
1212 2021 1417 2071 textum
1461 2027 1582 2070 esse
1607 2011 1771 2068 debet
1801 2024 1861 2066 et
1883 2024 1992 2083 non
2029 2023 2099 2065 ex
2126 2023 2205 2064 se-

628 2109 743 2166 rico
764 2109 850 2164 vel
868 2122 1129 2179 purpura,
1157 2119 1335 2176 neque
1355 2118 1423 2159 ex
1450 2117 1630 2174 panno
1656 2101 1848 2168 tincto,
1877 2099 2019 2156 sicut
2044 2114 2077 2154 a
2100 2097 2206 2155 Sil-

628 2207 810 2253 vestro
854 2213 992 2268 papa
1021 2197 1377 2253 constitutum
1409 2194 1733 2250 invenimus.
1776 2192 1914 2260 Quia
1942 2192 1999 2246 in
2035 2191 2206 2246 Evan-

628 2288 768 2360 gelio
791 2288 810 2360 (
834 2288 1024 2343 Matth.
1059 2304 1234 2355 xxvu,
1263 2287 1374 2361 59)
1410 2285 1638 2342 sindone
1654 2284 1879 2340 ~munda
1904 2283 2205 2339 involutum

628 2392 749 2434 esse
768 2394 801 2434 a
827 2377 1025 2449 Joseph
1054 2393 1249 2448 corpus
1281 2376 1579 2433 Salvatoris
1609 2375 1825 2447 legitur,
1857 2382 1913 2430 et
1930 2373 2206 2430 sudarium

630 2469 826 2539 capitis
875 2469 994 2539 ejus
1033 2478 1158 2539 post
1196 2466 1647 2524 resurrectionem
1686 2463 1899 2520 Domini
1928 2478 2037 2519 non
2082 2478 2206 2519 cum

631 2556 1040 2613 linteaminibus
1082 2557 1352 2629 positum,
1388 2557 1483 2612 sed
1520 2570 1765 2612 seorsum
1796 2553 2095 2610 involutum
2130 2554 2209 2609 in-

632 2646 825 2701 veniri.
851 2646 1133 2702 Ponuntur
1154 2661 1372 2718 quoque
1398 2656 1525 2702 tunc
1560 2661 1689 2702 vasa
1716 2653 1922 2712 sancta,
1956 2646 2098 2716 quod
2125 2653 2209 2702 est

630 2738 770 2819 calix
802 2747 857 2794 et
890 2746 1105 2808 patena,
1141 2754 1303 2809 super
1338 2739 1525 2803 altare,
1544 2753 1664 2809 quae
1679 2736 2074 2808 quodammodo
2112 2737 2206 2792 do-

632 2826 815 2883 minici
854 2827 1087 2897 sepulcri
1116 2837 1298 2899 typum
1336 2828 1553 2893 habent,
1588 2825 1715 2898 quia
1752 2826 1893 2881 sicut
1930 2834 2057 2881 tunc
2087 2840 2211 2882 cor-

631 2933 732 2988 pus
752 2918 957 2974 Christi
989 2920 1324 2976 aromatibus
1345 2927 1568 2976 unctum
1592 2919 1651 2974 in
1681 2917 1931 2989 sepulcro
1949 2932 2091 2974 novo
2111 2933 2211 2990 per

632 3008 844 3078 piorum
886 3008 1120 3065 cilicium
1163 3010 1496 3067 condebatur
1524 3028 1537 3064 :
1568 3010 1641 3065 ita
1678 3009 1839 3066 modo
1880 3009 1936 3064 in
1966 3008 2207 3066 Ecclesia

564 3146 571 3151 .
634 3100 919 3170 mysticum
957 3116 1154 3173 corpus
1181 3103 1325 3158 illius
1343 3118 1467 3158 cum
1499 3112 1787 3174 unguentis
1807 3115 1975 3157 sacra:
2012 3100 2210 3157 oratio-

635 3189 720 3244 nis
748 3189 1025 3246 conditum
1066 3191 1121 3246 in
1144 3192 1288 3247 vasis
1314 3192 1484 3247 sacris
1514 3192 1582 3246 ad
1620 3190 2022 3260 percipiendum
2044 3191 2211 3247 ﬁdeli-

634 3279 738 3334 bus
772 3294 868 3348 per
903 3280 1245 3335 sacerdotum
1283 3279 1513 3335 oﬁicium
1543 3280 1970 3336 administratur.
2014 3279 2209 3337 Postea

639 3371 800 3425 miss‘a
841 3378 1089 3425 cantatur
1125 3386 1155 3424 a
1205 3372 1502 3427 sacerdote.
1548 3369 1787 3426 Primum
1813 3385 1941 3442 ergo
1967 3372 2210 3428 oratione

638 3474 759 3528 quae
788 3460 961 3529 Super
980 3460 1161 3534 oblata
1205 3462 1514 3518 nominatur
1550 3471 1759 3518 secrete
1780 3462 1849 3517 ab
1876 3462 1993 3532 ipso
2030 3476 2211 3519 sacer-

639 3550 767 3607 dote
792 3550 1022 3621 expleta,
1046 3551 1244 3611 salutat
1268 3553 1525 3624 populum
1551 3561 1606 3609 et
1625 3562 1747 3608 orat
1771 3553 1956 3610 dicens
1989 3571 2002 3608 :
2031 3553 2211 3610 Domi-

641 3658 738 3697 nus
771 3642 1062 3707 vobiscum,
1106 3644 1310 3699 scilicet
1336 3652 1395 3699 ut
1432 3645 1574 3701 Deus
1598 3644 1939 3714 omnipotens
1977 3645 2044 3700 sit
2085 3660 2208 3700 cum

638 3730 834 3803 populo
870 3748 987 3798 suo,
1020 3733 1105 3788 cui
1145 3730 1265 3803 ipse
1304 3733 1533 3805 populus
1572 3734 1861 3803 respondet
1902 3733 2125 3789 dicens:
2159 3743 2209 3788 et

640 3840 756 3878 cum
783 3821 984 3895 Spiritu
1018 3835 1128 3880 tuo.
1161 3824 1459 3896 Responsio
1482 3826 1597 3883 haec
1614 3825 1797 3895 populi
1843 3833 2004 3896 atque
2031 3827 2207 3884 oratio

640 3920 1021 3976 convenienter
1062 3920 1353 3990 profertur,
1398 3922 1502 3977 hoc
1541 3929 1656 3986 est,
1695 3929 1755 3977 ut
1784 3921 1925 3977 sicut
1957 3922 2211 3978 sacerdos

638 4011 815 4065 oravit
851 4009 996 4080 quod
1036 4011 1295 4066 Dominus
1335 4019 1480 4066 esset
1505 4025 1628 4066 cum
1653 4011 1870 4081 populo,
1900 4011 1975 4066 ita
2023 4020 2079 4068 et
2115 4027 2210 4082 po-

636 4099 795 4171 pulus
816 4108 934 4157 orat
961 4101 1105 4171 quod
1127 4102 1385 4157 Dominus
1414 4102 1485 4158 sit
1512 4118 1635 4158 cum
1664 4102 1858 4173 spiritu
1886 4104 2206 4160 sacerdotis.

638 4189 773 4246 Cum
831 4198 1009 4246 autem
1060 4192 1191 4248 dicit
1231 4193 1484 4249 sacerdos
1532 4210 1768 4260 oremus,
1818 4203 1972 4267 rogat
2020 4209 2209 4251 omnes

637 4296 826 4347 orare,
875 4290 934 4338 ut
987 4283 1161 4339 oratio
1212 4284 1331 4355 ejus
1375 4299 1406 4338 a
1455 4283 1684 4340 Domino
1747 4285 2087 4341 exaudiatur.
2143 4286 2211 4343 Et

637 4375 853 4445 quando
884 4372 1040 4444 juxta
1081 4374 1244 4431 ﬁnem
1284 4376 1546 4432 orationis
1590 4377 1756 4433 dicit:
1785 4375 1892 4432 Per
1927 4377 2209 4433 Dominum

638 4474 872 4520 nostrum
892 4464 1075 4521 Iesum
1107 4464 1372 4521 Christum
1408 4465 1604 4522 Filium
1626 4477 1797 4535 tuum,
1824 4469 1893 4524 ad
1916 4469 2087 4524 Deum
2108 4468 2212 4524 Pa-

641 4568 777 4616 trem
795 4569 917 4616 orat
943 4561 1218 4628 sacerdos,
1241 4569 1300 4616 ut
1324 4575 1422 4631 per
1442 4566 1598 4617 suum
1619 4560 1815 4617 Filium
1837 4561 1930 4633 qui
1952 4561 2212 4619 Dominus

639 4660 824 4706 noster
850 4659 936 4707 est
960 4651 1244 4724 :equaliter
1270 4651 1413 4707 sicut
1433 4651 1596 4709 Pater
1621 4652 1737 4723 ipsa
1765 4652 1938 4709 oratio
1963 4651 2212 4723 perﬁcia-

641 4746 747 4795 tur.
781 4739 914 4797 Cum
945 4742 1077 4796 dicit
1106 4761 1119 4796 :
1151 4742 1256 4809 Qui
1304 4752 1473 4798 tecum
1518 4744 1637 4799 vivit
1674 4752 1723 4799 et
1754 4752 1933 4815 regnat
1973 4743 2114 4799 Deus
2152 4745 2210 4800 in

639 4832 840 4886 unitate
869 4832 1099 4904 Spiritus
1128 4835 1326 4901 sancti,
1357 4834 1474 4890 vult
1498 4834 1752 4906 populum
1778 4836 2002 4892 credere
2030 4844 2086 4892 et
2123 4836 2209 4892 in-

642 4922 882 4991 telligere
937 4926 1079 4994 quod
1108 4926 1277 4983 Filius
1322 4943 1445 4983 cum
1476 4927 1638 4983 Patre
1666 4928 1781 4984 sine
1808 4929 1962 4985 initio
2000 4943 2067 4985 ac
2093 4930 2213 4985 sine

644 5013 749 5068 ﬁne
771 5014 905 5069 vivit
934 5024 990 5070 et
1015 5025 1201 5087 regnat
1239 5017 1399 5085 Deus,
1431 5025 1487 5073 et
1507 5018 1647 5074 sicut
1672 5018 1836 5074 Pater
1861 5027 1943 5074 est
1972 5020 2134 5085 Deus,
2158 5029 2215 5075 et

639 5104 807 5161 Filius
832 5115 916 5162 est
946 5107 1112 5175 Deus,
1152 5109 1227 5165 ita
1257 5118 1313 5166 et
1342 5127 1444 5166 una
1469 5112 1724 5182 majestas
1748 5122 1804 5167 et
1836 5128 1938 5167 una
1971 5120 2212 5182 potestas

637 5204 724 5251 est
745 5194 979 5267 Spiritus
1009 5198 1178 5253 sancti
1201 5214 1323 5255 cum
1350 5198 1512 5254 Patre
1540 5207 1593 5256 et
1612 5200 1749 5257 Filio
1767 5207 1928 5270 atque
1953 5216 2058 5256 una
2087 5202 2214 5258 sub-

637 5287 856 5355 stantia,
889 5296 947 5343 et
965 5288 1019 5343 in
1044 5290 1293 5345 omnibus
1317 5291 1403 5346 his
1424 5291 1596 5345 tribus
1622 5292 1803 5346 unitas
1834 5291 2062 5348 Deitatis
2090 5308 2207 5348 ma-

639 5385 750 5443 net,
773 5394 866 5448 per
889 5378 1065 5433 omnia
1109 5379 1305 5435 stecula
1346 5380 1680 5447 seculorum,
1721 5381 1773 5436 id
1809 5391 1920 5448 est,
1951 5391 2011 5438 ut
2042 5382 2210 5439 Filius

636 5484 762 5525 cum
780 5468 939 5526 Patre
964 5471 1019 5526 in
1053 5472 1260 5527 unitate
1287 5471 1523 5542 Spiritus
1554 5474 1725 5528 sancti
1746 5482 1874 5529 ante
1899 5474 2081 5530 omnia
2110 5490 2211 5531 sa-

635 5558 757 5613 cula
778 5560 916 5615 vixit
934 5569 991 5617 et
1032 5560 1153 5629 fuit,
1182 5561 1257 5616 ita
1282 5570 1338 5616 et
1366 5562 1419 5616 in
1460 5565 1706 5633 prresenti
1738 5564 1933 5619 szeculo
1961 5573 2121 5635 atque
2156 5566 2210 5619 in

637 5647 841 5719 futuro,
874 5652 964 5707 ubi
984 5652 1117 5721 justi
1159 5669 1281 5709 cum
1321 5653 1524 5723 angelis
1564 5655 1766 5710 sanctis
1796 5657 2210 5724 permanebunt,

2302 1814 2515 1870 Gratias
2534 1831 2752 1886 agamus
2781 1814 3006 1869 Domino
3037 1815 3147 1869 Deo
3180 1823 3367 1869 nostro.
3393 1814 3479 1869 Cui
3511 1819 3723 1886 respondens

2300 1902 2529 1976 populus
2550 1902 2682 1959 dicit
2711 1920 2726 1958 :
2773 1901 3004 1975 Dignum
3031 1911 3082 1958 et
3106 1903 3310 1972 justum
3349 1913 3435 1958 est.
3469 1903 3574 1971 Quia
3588 1906 3725 1975 justset

2303 1998 2462 2072 digna
2492 1999 2632 2054 ratio
2676 2006 2761 2055 est
2791 1999 2903 2056 Deo
2938 2001 3150 2072 gratias
3174 2016 3359 2059 omnes
3378 2001 3561 2069 referre,
3591 2005 3723 2074 quini

2302 2090 2421 2162 ipso
2441 2090 2626 2146 omnia
2662 2091 2804 2147 bona
2833 2093 3196 2162 suscepimus,
3224 2092 3331 2159 imq
3360 2093 3598 2162 suscepturi
3617 2109 3722 2148 suae

2303 2180 2348 2237 si
2397 2180 2455 2236 in
2493 2178 2599 2236 ﬁde
2636 2188 2783 2236 recta
2821 2188 2879 2236 et
2918 2181 3082 2238 bonis
3125 2181 3370 2254 operibus
3402 2196 3541 2252 usque
3564 2182 3602 2237 in
3631 2181 3719 2235 ioca

2301 2270 2852 2343 perseveraverimus.
2897 2270 3031 2328 Post
3068 2272 3186 2328 haec
3216 2286 3342 2342 ergo
3373 2271 3443 2326 sic
3464 2271 3605 2341 incipit
3622 2285 3722 2325 sacer-

2303 2362 2401 2418 dos
2418 2359 2793 2432 praefationem
2828 2361 3019 2418 dicens
3051 2380 3065 2417 :
3102 2360 3234 2418 Vere
3250 2362 3446 2433 dignum
3473 2371 3514 2418 et
3530 2361 3719 2431 justum

2304 2469 2511 2524 aquam
2557 2462 2607 2507 et
2651 2452 2904 2509 salutare.
2950 2453 3255 2511 Conﬁrmat
3300 2454 3429 2510 enim
3469 2452 3721 2525 proiessim

2303 2543 2488 2615 populi
2530 2552 2586 2600 et
2644 2544 2777 2600 dicit
2827 2546 2973 2617 quod
3022 2561 3156 2603 vere
3195 2545 3404 2618 dignum
3440 2555 3510 2602 est
3542 2545 3719 2612 etjusun

2304 2639 2417 2696 Deo
2443 2640 2647 2711 gratias
2686 2655 2787 2711 pro
2823 2640 3078 2697 omnibus
3119 2640 3347 2707 referre,
3384 2648 3435 2696 et
3463 2638 3572 2710 quod
3598 2652 3720 2708 aqua

2304 2738 2412 2795 est,
2450 2729 2554 2785 hoc
2584 2738 2687 2795 est,
2714 2738 2923 2785 rectum
2950 2740 3007 2787 et
3041 2730 3306 2796 salutare,
3338 2730 3386 2785 id
3410 2739 3498 2795 est,
3521 2726 3640 2782 salute
3661 2726 3721 2796 pb

2306 2838 2455 2886 num,
2474 2830 2534 2877 ut
2556 2823 2608 2879 ei
2633 2822 3175 2894 gratiasreferamus,
3198 2824 3287 2895 qui
3311 2822 3451 2878 nobis
3466 2818 3721 2877 salutandos

2305 2920 2582 2968 aeternam.
2616 2911 2730 2969 Nos
2759 2913 2873 2981 tibi,
2920 2914 3122 2985 inquit,
3150 2930 3345 2985 semper
3373 2922 3418 2969 et
3449 2912 3590 2983 ubique
3605 2908 3720 2979 gruit:

2308 3018 2481 3073 agere.
2520 3001 2829 3060 Conversus
2865 3004 3013 3060 enim
3054 3005 3306 3061 sacerdos
3342 3004 3403 3059 ad
3430 3002 3721 3066 Dominumpost

2233 3081 2278 3146 C
2308 3095 2700 3168 professionem
2748 3096 2927 3168 populi
2967 3098 3125 3168 quasi
3160 3097 3229 3152 ad
3266 3102 3542 3167 praesentem
3564 3089 3719 3160 loquitur.

2309 3187 2435 3257 quia
2457 3187 2512 3243 in
2538 3188 2827 3259 prmsentia
2856 3187 3073 3244 Domini
3103 3202 3314 3257 semper
3348 3201 3436 3241 nos
3454 3187 3640 3240 sumuset
3660 3179 3720 3247 ipse

2307 3277 2454 3334 videt
2497 3278 2855 3351 cogitationes
2892 3287 3131 3346 nostras,
3184 3279 3284 3334 hoc
3321 3284 3416 3342 est,
3446 3273 3558 3330 omni
3580 3279 3722 3338 tempore

2306 3376 2364 3424 et
2393 3368 2447 3424 in
2469 3369 2617 3424 omni
2638 3368 2779 3425 loco.
2822 3369 3055 3439 Moxque
3082 3370 3253 3440 ipsam
3277 3367 3534 3425 orationem
3562 3361 3608 3416 ad
3626 3360 3720 3413 Deum

2306 3457 2525 3515 Patrem
2555 3474 2860 3516 sermonem
2890 3460 3276 3528 convertendo,
3318 3459 3391 3515 sic
3422 3453 3563 3527 explet
3585 3452 3717 3507 diuus.

2310 3557 2548 3625 Domine,
2583 3570 2759 3615 sancte
2797 3559 2987 3628 Pater,
3020 3552 3338 3633 omnipotens
3373 3567 3530 3614 cetera:
3558 3553 3650 3607 Dm
3672 3564 3720 3618 pd

2308 3648 2574 3729 Christum
2617 3650 2899 3706 Dominum
2930 3661 3189 3705 nostrum.
3240 3649 3494 3705 Dominum
3527 3655 3613 3697 eum
3633 3644 3719 3691 tow

2308 3741 2399 3812 qui
2431 3741 2741 3797 dominator
2767 3750 2853 3798 est
2877 3742 3145 3809 omnium,
3173 3750 3227 3798 et
3248 3741 3341 3797 sub
3363 3738 3464 3808 ejus
3487 3729 3719 3790 dominatione

2308 3834 2564 3889 universa
2607 3833 2930 3890 consistunt.
2977 3831 3392 3902 Sanctus:quia
3430 3823 3720 3915 sanctuscsttt

2311 3940 2407 3995 per
2455 3940 2616 3996 quem
2663 3926 2844 3981 omnia
2881 3926 3324 3990 sanctiﬁcantur,
3369 3920 3475 3991 quia
3506 3929 3589 3987 ipse
3614 3920 3717 4009 tim?”

2270 4088 2287 4102 δ
2309 4026 2495 4075 sancta
2519 4027 2575 4074 et
2596 4020 2739 4076 bona
2768 4020 2996 4085 creavit,
3016 4028 3172 4090 pater
3190 4017 3366 4074 Graece
3384 4000 3720 4102 dicitur,etl.tli0t

2309 4109 2545 4180 genitor:
2571 4107 2698 4180 quia
2727 4110 2843 4180 ipse
2867 4110 3047 4182 genuit
3072 4109 3265 4164 Filium
3290 4101 3501 4163 sineth
3520 4096 3717 4182 coinqtitlf'

2311 4176 2456 4255 tione
2483 4176 2980 4270 seu—corruptione.
3030 4198 3209 4265 Pater,
3247 4195 3396 4251 latine
3429 4208 3456 4246 a
3478 4181 3659 4261 patrando

2313 4289 2455 4345 citur
2480 4308 2492 4344 :
2516 4290 2620 4346 hoc
2664 4298 2750 4347 est
2765 4264 2794 4356 ,-
2826 4306 2856 4346 a
2904 4288 3282 4362 perpetrando,
3329 4283 3454 4356 quod
3476 4286 3555 4342 est,
3581 4290 3603 4327 ε
3628 4264 3717 4340 re"

2313 4382 2505 4439 cieudo
2531 4383 2618 4437 vel
2643 4381 2969 4452 adjuvando,
2999 4384 3125 4453 quia
3152 4383 3262 4454 ipse
3285 4374 3483 4452 perfecit
3501 4366 3717 4454 muniat“?

2238 4431 2289 4495 Β
2315 4473 2454 4529 facta
2483 4480 2631 4540 sunt,
2670 4431 2727 4528 ei
2766 4431 2970 4545 adjuvit
3003 4431 3199 4530 omni;
3217 4431 3331 4541 quare
3361 4464 3562 4535 adjuvata
3583 4452 3715 4545 sntit.“

2312 4564 2484 4621 voluit
2521 4537 2624 4620 nos
2648 4562 2767 4620 ﬁeri
2798 4537 2940 4620 ﬁlios
2986 4579 3115 4620 suos
3152 4537 3411 4632 adoptivos
3430 4568 3509 4625 per
3531 4537 3715 4631 δακίίεθῖ

2312 4654 2515 4710 tionem
2542 4669 2647 4724 qua
2689 4652 2780 4708 ille
2817 4652 3178 4710 sanctiﬁeavit
3202 4666 3312 4708 nos.
3338 4643 3602 4704 οηιηὶνοιεπε
3619 4635 3713 4724 im.

2311 4744 2493 4800 omnia
2518 4716 2718 4815 potest,
2764 4742 2888 4799 ideo
2911 4743 3251 4814 omnipotens
3270 4738 3459 4797 dicitur,
3466 4726 3576 4825 quia
3592 4716 3714 4825 non“?

2311 4806 2642 4906 impossibile
2662 4806 2804 4906 apud
2824 4834 2991 4891 Deum
3015 4806 3174 4891 omne
3200 4831 3421 4887 verbum.
3440 4806 3709 4878 Δί’κωῦταὶ

2314 4931 2418 4987 hoc
2447 4930 2673 4986 interest
2702 4929 2844 4985 inter
2869 4937 3129 4986 aeternum
3154 4933 3208 4983 et
3230 4925 3505 5006 ρεφεωηφ

2315 5021 2428 5077 rale
2455 5038 2471 5075 :
2501 5030 2763 5077 aeternum
2796 5029 2899 5086 est,
2939 5020 3083 5090 quod
3121 4992 3319 5074 initi—um
3357 5023 3447 5065 non
3472 4994 3629 5090 habilia,
3656 4992 3710 5090 "fc

2313 5112 2473 5169 ﬁnem
2496 5112 2734 5177 habebit,
2780 5078 3111 5181 sed'seinper
3141 5109 3238 5165 fuit
3253 5113 3305 5161 et
3323 5106 3396 5159 est
3419 5104 3465 5153 ει
3484 5089 3577 5181 ιπίιἶ

2314 5163 2471 5259 ὧῌῶ
2498 5163 3148 5274 ὶὲῖᾇζίὸᾱῶίι
3170 5163 3239 5254 ἐι
3274 5194 3415 5250 ﬁnem
3455 5196 3539 5274 non
3566 5163 3709 5274 ιιιξέξίξν

2313 5253 2610 5366 esse};
2639 5253 2777 5360 Isi,“
2802 5253 2945 5364 qm
2972 5253 3182 5349 iam.
3217 5284 3386 5345 habuit
3413 5285 3458 5333 et
3481 5271 3597 5365 non
3614 5253 3706 5366 ιξξξξζ

2311 5339 2456 5450 1m;r
2476 5393 2531 5439 et
2577 5383 2698 5438 ideo
2739 5339 2836 5438 ἱιίέ
2886 5382 3084 5438 dicitur
3126 5389 3303 5436 wterue
3338 5370 3481 5459 oens,
3511 5353 3599 5459 ruit
3622 5339 3707 5459 ff

2313 5475 2455 5533 Deus
2488 5483 2722 5531 aeternus
2748 5482 2849 5542 est,
2892 5488 2993 5531 nec
3027 5473 3184 5543 coepit
3207 5481 3321 5549 esse
3345 5473 3426 5516 nec

2313 5530 2407 5622 sed
2425 5530 2509 5623 est
2532 5581 2765 5637 semper.
2799 5530 2942 5622 Dens
2979 5581 3010 5620 a
3046 5530 3300 5634 diligendo
3314 5530 3699 5639 ’ἁίεἱιιιτιηξιιξῧηῖξ

2315 5657 2404 5712 nia
2435 5657 2629 5728 diligit,
2652 5614 2719 5711 rct
2744 5656 3006 5728 gubernat
3041 5614 3170 5726 (ιικὲ
3182 5644 3387 5709 creavit,
3409 5643 3452 5694 et
3476 5628 3601 5686 aliter,
3622 5614 3700 5667 0°"
