3936 6328
191 323 312 375 libi

1201 322 1400 372 ιιι)ιῇ
1443 325 1528 372 Dis
1569 323 1814 372 bALﬂlb
1851 324 2239 380 UHUINBUD.
2279 325 2427 377 Iti'lb.

3285 331 3423 388 “82

186 449 216 486 a
240 429 515 486 divinitate
559 427 732 482 dictus
770 435 881 493 est,
913 427 1038 497 quia
1077 429 1289 484 divinus
1328 437 1428 494 est,
1475 437 1530 483 et
1570 428 1750 483 omnia
1779 430 1830 488 A
1855 426 2190 496 majestatem
2223 429 2318 484 Dei
2341 429 2518 486 Patris
2546 445 2643 501 per
2669 431 2944 488 Christum
2972 435 3157 500 juncta
3182 440 3421 496 exsulta—

186 522 302 584 scit,
342 527 398 572 et
437 517 616 572 omnia
659 517 914 585 disponit,
953 525 1114 586 prout
1160 517 1293 572 vult.
1337 517 1442 573 Per
1485 515 1748 571 Christum

187 613 463 666 Dominum
507 618 762 663 nostrum.
790 609 1042 665 Christus
1077 608 1287 674 Gratce,
1326 617 1523 665 unctus
1553 608 1750 663 dicitur

184 703 364 766 latine,
392 703 480 756 hic
499 709 583 756 est
597 683 847 756 Christus
867 701 958 770 qui
995 709 1118 756 ante
1143 701 1323 756 omnia
1344 702 1499 756 initia
1523 715 1553 754 a
1582 700 1747 756 Patre

182 793 616 850 inenarrabiliter
661 801 746 848 est
790 793 1035 863 genitus,
1082 800 1136 846 et
1181 801 1365 862 postea
1406 792 1460 846 in
1509 801 1748 861 tempore

182 901 288 953 quo
326 883 528 953 placuit
565 883 636 948 ei,
693 881 927 952 Spiritus
981 891 1197 937 sanctus
1236 882 1382 936 venit
1428 881 1482 935 in
1522 881 1746 935 Mariam

181 973 477 1044 virginem,
519 971 778 1041 unxitque
822 972 1076 1025 unctione
1116 971 1297 1025 divina
1342 977 1555 1024 uterum
1607 969 1742 1038 ejus,

180 1067 318 1124 unde
356 1072 651 1135 conceptus
679 1073 763 1119 est
787 1065 852 1119 de
883 1062 1088 1133 Spiritu
1130 1073 1340 1126 sancto,
1376 1071 1431 1116 ct
1461 1069 1618 1116 natus
1661 1071 1747 1115 est

175 1157 248 1214 de
284 1155 448 1210 Maria
483 1154 709 1224 virgine.
738 1153 872 1208 Nam
914 1162 969 1208 et
1007 1153 1061 1207 in
1093 1152 1262 1207 veteri
1295 1158 1616 1207 testamento
1653 1165 1742 1204 sa-

176 1249 421 1306 cerdotes
448 1253 505 1300 et
545 1259 700 1316 reges
724 1245 1098 1314 ungehantur;
1139 1252 1195 1299 et
1232 1244 1354 1298 ideo
1393 1242 1582 1297 christi
1607 1241 1744 1297 dice-

176 1343 392 1406 bantur,
442 1341 570 1410 quia
613 1341 959 1395 uncti-erant
995 1339 1250 1394 unctione
1287 1336 1587 1407 temporali.
1639 1335 1742 1390 Iste

175 1434 421 1490 Christus
445 1447 545 1502 per
571 1447 729 1502 quem
761 1431 904 1486 Patri
930 1432 1132 1502 gratias
1157 1431 1384 1501 agimus,
1415 1429 1743 1484 aeternaliter

173 1521 417 1579 Christus
442 1529 546 1587 est,
575 1530 772 1577 et'eum
802 1521 961 1576 Patre
991 1528 1224 1576 attcrnus
1251 1521 1390 1575 Deus
1427 1526 1529 1583 est,
1563 1527 1617 1573 et
1645 1534 1742 1588 per

173 1613 347 1683 ipsum
384 1613 648 1681 redempti
686 1627 891 1676 sumus,
921 1619 975 1665 et
1004 1611 1118 1680 ipse
1142 1609 1401 1664 Dominus
1424 1616 1610 1663 noster
1635 1615 1737 1673 est,

171 1703 297 1772 quia
342 1701 649 1756 dominatur
684 1701 859 1756 nobis.
903 1700 1009 1754 Per
1043 1715 1192 1769 quem
1232 1699 1555 1768 majestatem
1594 1707 1740 1751 tuam

1851 519 1995 574 tione
2031 519 2312 589 aequaliter
2334 522 2734 578 concelebrant.
2777 523 2906 580 Cum
2934 528 3118 596 quibus
3139 540 3186 583 et
3218 543 3420 586 nostra:

1847 626 1994 664 uoces
2044 621 2100 664 ut
2144 612 2352 667 admitti
2389 614 2580 684 jubeas
2615 616 2974 686 deprecamur.
3015 619 3149 676 Cum
3186 625 3415 692 quibus:

1847 701 1962 755 hzec
1980 709 2063 756 est
2083 703 2406 771 supplicatio
2431 713 2642 784 nostra,
2667 715 2728 760 ut
2751 708 2865 776 ipse
2884 708 3123 766 cmlestis
3141 712 3302 768 Pater
3325 730 3422 783 per

1845 793 2119 848 Christum
2157 795 2353 850 Filium
2381 813 2560 864 suum,
2605 814 2702 870 per
2727 816 2886 870 quem
2917 817 3016 858 nos
3041 803 3092 858 ei
3121 805 3326 874 gratias
3354 806 3422 861 de

1843 885 2094 940 onmihus
2124 888 2354 958 agimus,
2389 890 2640 960 dignetur
2665 891 2954 946 admittere
2985 909 3146 948 voces
3182 903 3416 960 nostras,

1843 984 1898 1029 et
1930 975 2158 1048 jungcre
2205 981 2430 1036 vocibus
2479 983 2859 1052 prazdictorum
2900 985 3153 1040 ordinum
3203 987 3422 1058 angelo-

1843 1085 1980 1124 rum.
2006 1069 2240 1141 Supplici
2271 1074 2594 1142 confessione
2624 1076 2852 1129 dicentes
2883 1090 2901 1127 :
2937 1077 3040 1132 hoc
3071 1086 3173 1142 est,
3227 1079 3419 1134 humili

1843 1159 2205 1216 confessione.
2268 1162 2406 1230 Quid
2455 1165 2713 1220 humilius
2760 1167 3022 1231 conﬁteri,
3070 1185 3232 1237 quam
3288 1186 3418 1225 nos-

1841 1251 2098 1320 metipsos
2147 1262 2348 1307 aeterno
2405 1253 2553 1307 Patri
2595 1269 2690 1323 per
2731 1255 2921 1308 Filium
2958 1264 3218 1311 mternum
3270 1273 3417 1313 com-

1841 1340 2118 1407 mendare,
2143 1351 2197 1396 et
2244 1344 2310 1398 de
2347 1357 2530 1400 nostra
2567 1346 2896 1400 conscientia
2928 1348 3012 1402 vel
3051 1348 3292 1405 bonitate
3331 1352 3413 1404 ni-

1841 1431 1916 1486 hil
1939 1447 2290 1502 praasumerc,
2321 1444 2375 1488 et
2387 1433 2540 1503 juxta
2572 1451 2730 1492 voces
2764 1438 3036 1508 angelicas
3057 1457 3178 1494 cum
3205 1457 3420 1510 semper

1840 1526 2470 1605 sanctumoessentialiter
2491 1527 2714 1582 credere
2741 1536 2795 1581 et
2821 1529 3116 1598 prmdicare
3141 1530 3413 1586 dicentes:

1841 1611 2086 1678 Sanctus,
2132 1625 2365 1680 sanctus,
2420 1625 2650 1670 sanctus.
2706 1616 2940 1672 Joannes
2990 1620 3319 1690 evangelista
3363 1621 3418 1674 in

1838 1701 2188 1774 Apocalypsis
2217 1703 2354 1758 libro
2389 1705 2606 1774 scripsit
2632 1721 2689 1761 se
2716 1706 2914 1793 vidisse
2947 1726 2967 1757 ‹
3001 1717 3128 1763 ante
3165 1710 3416 1764 thronum

170 1791 388 1846 laudant
427 1790 597 1861 angeli
629 1807 646 1845 :
685 1805 782 1860 per
819 1791 992 1860 ipsum
1022 1789 1295 1844 Christum
1318 1803 1416 1858 per
1442 1803 1602 1858 quem
1639 1803 1740 1843 nos
1766 1782 1813 1840 B
1841 1791 1936 1846 Dei
1960 1799 2015 1846 et
2039 1792 2163 1862 agni
2189 1793 2376 1862 viginti
2399 1803 2633 1864 quatuor
2657 1782 2916 1862 seniores,
2955 1805 3010 1852 et
3039 1807 3270 1868 quatuor
3299 1799 3418 1852 aui-

171 1882 372 1953 gratias
421 1881 628 1951 agimus
673 1881 854 1945 Patri,
913 1879 1248 1950 Majestatem
1297 1878 1476 1934 Patris
1523 1877 1742 1933 laudant

170 1969 367 2040 angeli,
414 1971 536 2039 quia
591 1971 704 2039 ipse
745 1970 970 2040 aequalis
1019 1978 1103 2025 est
1140 1969 1285 2024 Patri
1331 1970 1386 2025 in
1438 1970 1738 2026 divinitate.

171 2056 426 2128 Majestas
467 2059 665 2114 dicitur
709 2059 861 2128 quasi
897 2059 1068 2129 major
1089 2066 1360 2129 potestas;
1409 2059 1534 2128 quia
1569 2057 1744 2128 major

169 2157 256 2204 est
283 2156 519 2218 potestas
568 2149 664 2204 Dei
709 2165 870 2220 quam
906 2151 1204 2215 hominum,
1261 2149 1356 2204 Dei
1400 2151 1742 2220 majestatem

165 2253 268 2308 per
315 2238 587 2294 Christum
632 2240 854 2295 laudant
884 2241 1081 2311 angeli,
1120 2241 1246 2310 quia
1290 2239 1538 2296 Christus
1582 2241 1741 2296 simul

167 2345 291 2384 cum
328 2329 488 2384 Patre
537 2331 742 2385 creavit
789 2329 1028 2401 angelos.
1078 2330 1316 2402 Angelus
1360 2330 1506 2386 enim
1531 2329 1739 2397 Graece,

167 2423 357 2478 Latine
390 2423 608 2478 nuntius
640 2423 1048 2492 interpretatur.
1097 2423 1367 2494 Angelus,
1415 2437 1612 2478 nomen
1657 2431 1744 2478 est

165 2515 344 2579 cilicii,
376 2530 483 2570 non
511 2524 717 2570 natum
745 2517 835 2585 qui
858 2515 1258 2587 nuntiant(sic).
1287 2513 1394 2570 Sed
1421 2514 1740 2570 naturaliter

165 2607 386 2677 spiritus
437 2615 579 2662 sunt.
634 2593 868 2660 Aderant
925 2607 1352 2662 dominationes:
1400 2605 1739 2674 majestatem

165 2699 263 2753 Dei
291 2698 488 2764 Patris,
521 2713 618 2768 per
645 2679 840 2751 Filium
887 2697 1107 2752 laudant
1143 2705 1197 2752 ct
1224 2697 1451 2758 adorant
1486 2697 1737 2752 domina-

166 2792 359 2846 tiones.
406 2790 796 2845 Dominationes
844 2805 983 2844 unus
1031 2789 1165 2844 ordo
1206 2789 1404 2844 dicitur
1442 2789 1508 2844 de
1543 2802 1736 2842 novem

161 2883 444 2938 ordinibus
491 2882 823 2953 angelorum,
869 2898 995 2936 nam
1040 2882 1226 2936 decem
1257 2881 1474 2936 fuerunt
1516 2881 1736 2936 ordines

161 2972 499 3042 angelorum,
525 2975 620 3027 sed
643 2972 883 3028 decimus
902 2972 1036 3028 ordo
1065 2973 1281 3039 cecidit,
1329 2980 1384 3026 et
1408 2986 1595 3026 versus
1628 2979 1732 3040 est,

160 3082 264 3136 per
283 3067 588 3136 superbiam
625 3065 679 3120 in
707 3065 998 3122 diabolum.
1041 3064 1248 3121 Novem
1275 3072 1454 3118 autem
1477 3078 1730 3132 perman-

1842 1880 2004 1936 malia
2057 1883 2286 1938 astantia
2347 1892 2402 1939 et
2457 1885 2794 1940 incessanter
2842 1885 3120 1943 dicentia:
3154 1888 3416 1955 Sanctus,

1843 1979 2063 2028 sanctus
2090 2014 2106 2040 ,
2163 1983 2383 2030 sanctus
2431 1975 2692 2031 Dominus
2737 1977 2879 2032 Deus
2933 1977 3213 2043 Sabaoth,
3243 2000 3260 2030 ι
3307 1986 3414 2034 etc.

1845 2061 2029 2134 (Apoc.
2064 2080 2138 2130 tv,
2179 2064 2260 2136 4.)
2305 2065 2430 2122 Ideo
2466 2067 2609 2121 enim
2639 2067 2812 2124 tribus
2839 2069 3048 2124 vicibus
3083 2079 3303 2124 sanctus
3331 2069 3415 2123 di-

1843 2153 2002 2235 citur,
2045 2154 2104 2209 ut
2139 2156 2536 2227 signiﬁcaretur
2577 2158 2739 2213 Pater
2783 2167 3021 2226 sanctus,
3073 2161 3242 2215 Filius
3289 2176 3414 2228 san:

1841 2256 1981 2313 ctus,
2020 2247 2254 2317 Spiritus
2292 2248 2471 2305 Patris
2493 2257 2548 2304 et
2585 2249 2707 2304 Filii
2737 2259 2975 2306 sanctus.
3030 2250 3135 2306 Sed
3173 2251 3420 2320 quamvis

1842 2338 2126 2408 tripliciter
2155 2339 2357 2394 dicatur
2395 2348 2646 2406 sanctus,
2687 2356 2793 2396 non
2833 2351 3008 2396 tamen
3059 2342 3258 2397 dicitur
3298 2343 3417 2412 plu-

1840 2429 1941 2483 rali
1973 2445 2198 2484 numero
2226 2432 2399 2486 sancti
2431 2446 2446 2485 :
2477 2431 2572 2487 sed
2617 2433 2873 2504 singulari
2909 2448 3132 2490 numero
3178 2442 3414 2500 sanctus,

1839 2527 1900 2574 ut
1926 2535 2032 2574 una
2057 2522 2318 2576 sanctitas
2345 2522 2398 2576 in
2428 2522 2512 2576 his
2553 2522 2724 2576 tribus
2752 2525 2999 2592 personis
3028 2533 3082 2580 et
3120 2539 3226 2578 una
3260 2531 3416 2579 aeter-

1838 2611 1980 2665 nitas
2003 2612 2354 2682 intelligatur.
2399 2613 2658 2667 Dominus
2694 2613 2837 2668 Deus
2873 2613 3129 2669 Sabaoth.
3181 2613 3414 2670 Sabaoth

1839 2717 1870 2755 a
1924 2701 2107 2756 multis
2155 2702 2502 2772 interpretari
2562 2703 2699 2758 solet
2743 2705 3086 2774 omnipotens,
3145 2719 3174 2756 a
3229 2704 3416 2758 multis

1828 2792 1965 2845 vero
2017 2792 2360 2844 exercituum.
2417 2790 2487 2846 Ut
2543 2791 2657 2861 ipse
2705 2792 2775 2845 sit
2830 2792 3087 2847 Dominus
3137 2793 3314 2858 Deus,
3364 2800 3419 2846 et

1835 2881 1950 2952 ipse
1999 2895 2189 2935 omnes
2235 2889 2507 2936 exercitus
2561 2881 2875 2950 angelorum
2928 2889 3089 2950 atque
3136 2881 3417 2936 hominum

1834 2974 2100 3044 disponat.
2178 2970 2321 3026 pleni
2399 2981 2517 3025 sunt
2576 2971 2688 3026 caeli
2752 2980 2798 3024 et
2848 2981 2988 3024 terra
3052 2970 3218 3041 gloria
3283 2979 3414 3024 tua:

1835 3067 1939 3119 hoc
1967 3073 2072 3126 est,
2107 3071 2166 3117 ut
2202 3061 2318 3129 ejus
2372 3062 2539 3130 gloria
2593 3062 2714 3116 creti
2747 3077 2810 3116 ac
2843 3071 2988 3115 terra
3017 3061 3411 3130 gubernentnr,

161 3164 356 3213 serunt
377 3157 429 3211 in
459 3156 746 3212 sanctitate
775 3171 891 3210 sua.
945 3155 1070 3210 Haec
1096 3161 1222 3210 su'nt
1255 3153 1474 3210 nomina
1502 3167 1728 3208 eorum:
1759 3129 1804 3190 C
1835 3166 1889 3211 et
1919 3155 2014 3224 qui
2043 3155 2097 3208 in
2125 3153 2262 3208 coelo
2315 3163 2438 3208 sunt
2463 3161 2518 3206 et
2577 3154 2629 3206 in
2663 3162 2806 3207 terra
2854 3152 3160 3223 gloriﬁcent
3213 3167 3414 3206 nomen

158 3246 362 3317 angeli,
399 3245 732 3318 archangeli,
759 3246 1013 3311 virtutes,
1039 3245 1390 3320 principatus,
1413 3250 1730 3312 potestates,

159 3338 370 3405 throni,
398 3339 810 3402 dominationes,
852 3337 1132 3403 cherubin,
1173 3335 1452 3405 seraphin.
1495 3334 1730 3390 Istorum

156 3431 390 3484 duorum
417 3430 668 3484 ordinum
693 3428 910 3483 nomina
936 3443 1044 3482 non
1070 3434 1196 3482 sunt
1221 3426 1411 3481 latina.
1461 3424 1732 3482 Cherubin

157 3520 309 3577 enim
341 3520 614 3590 plenitudo
648 3518 886 3573 scientiae
915 3518 1318 3586 interpretatur,
1357 3515 1612 3584 seraphin
1653 3517 1734 3571 in-

155 3613 416 3668 cendium
445 3611 668 3676 dicitur;
703 3618 897 3664 caetera
927 3608 1142 3664 nomina
1168 3608 1600 3678 supradictorum
1639 3623 1733 3662 or-

155 3709 352 3766 dinum
392 3703 582 3758 Latina
610 3711 749 3767 sunt,
789 3701 891 3756 nisi
936 3700 1245 3772 angelorum
1284 3708 1339 3754 et
1379 3699 1732 3769 archangelo-

154 3813 304 3855 rum.
359 3797 494 3852 Nam
535 3795 708 3868 angeli
760 3794 954 3858 nuntii,
1008 3791 1316 3863 archangeli
1360 3803 1491 3846 vero
1535 3790 1734 3845 excelsi

155 3887 341 3946 nuntii
369 3888 639 3943 dicuntur.
686 3885 976 3955 Gregorius
1005 3898 1141 3954 papa
1169 3881 1445 3937 Romanus
1475 3881 1528 3934 in
1561 3880 1735 3934 homi-

155 3982 237 4036 lia
266 3995 363 4034 sua
395 3994 556 4048 quam
577 3993 738 4048 super
758 3977 1043 4032 lectionem
1073 3973 1438 4044 evangelicum
1469 3971 1618 4038 fecit,
1643 3972 1734 4027 ubi

157 4075 242 4128 ita
272 4070 468 4141 legitur
500 4088 512 4123 :
543 4089 561 4120 ι
593 4069 763 4123 Erant
805 4067 1298 4138 appropinquantes
1329 4065 1396 4119 ad
1421 4062 1605 4118 Jesum
1635 4078 1732 4132 pu-

154 4159 365 4216 blicani
393 4166 448 4214 et
470 4168 782 4228 peccatores
811 4166 874 4211 ut
902 4157 1147 4211 audirent
1177 4155 1326 4208 illum
1357 4152 1506 4224 (Luc.
1540 4168 1631 4217 xv,
1657 4151 1731 4222 l),

153 4250 475 4322 plenissime
528 4247 594 4302 de
639 4247 913 4318 praedictis
963 4245 1244 4302 ordinibus
1303 4242 1569 4313 exposuit.
1629 4241 1735 4298 Nos

153 4353 296 4397 vero
317 4340 384 4395 ad
414 4338 742 4410 propositum
782 4337 1084 4392 redeamus.
1135 4333 1382 4388 Tremunt
1431 4341 1730 4403 potestates.

152 4439 241 4494 De
266 4435 590 4507 supradictis
616 4431 893 4488 ordinibus
916 4431 1068 4486 dicit.
1119 4427 1233 4484 Non
1264 4429 1384 4484 ideo
1416 4427 1565 4493 dicit,
1589 4427 1731 4496 quod

151 4527 460 4599 supradicti
499 4525 712 4582 ordines
738 4524 1046 4595 corporales
1081 4523 1211 4588 sint,
1255 4522 1349 4578 sed
1374 4529 1559 4577 nostro
1581 4536 1733 4577 more

150 4619 330 4683 dicit,
375 4618 501 4689 quia
543 4632 642 4672 nos
681 4626 918 4674 tremere
964 4631 1025 4672 ac
1068 4616 1256 4670 timere
1309 4623 1434 4669 ante
1486 4613 1733 4669 dominos

146 4719 384 4766 nostros
435 4709 694 4774 solemus,
723 4708 818 4763 sed
845 4707 966 4762 ideo
994 4707 1124 4762 dicit
1165 4714 1397 4761 tremere
1435 4719 1497 4758 ac
1523 4704 1730 4770 timere,

149 4807 218 4854 nt
259 4813 362 4853 nos
401 4797 760 4869 intelligamus
809 4797 990 4852 omnia
1043 4797 1304 4862 coelestia,
1355 4795 1630 4850 terrestria
1678 4802 1733 4850 et

144 4889 448 4946 infernalia
494 4898 622 4945 ante
662 4898 1012 4958 conspectum
1051 4887 1243 4944 divinae
1281 4885 1580 4956 majestatis
1621 4893 1733 4940 tre-

143 4996 312 5037 mere
339 4997 403 5036 ac
427 4981 635 5036 timere.
658 4979 784 5036 Caeli
820 4981 1163 5051 cwlorumque
1191 4981 1424 5034 virtutes.
1473 4978 1576 5050 Ipsi
1606 4978 1730 5034 C(Bli

142 5071 388 5143 iussioni
430 5073 624 5129 divinae
649 5075 928 5140 obediunt,
961 5075 1088 5143 quia
1113 5089 1171 5130 se
1197 5072 1484 5130 ostendere
1511 5088 1734 5129 serenos

147 5165 240 5221 vel
274 5165 563 5221 nebulosos
593 5181 700 5221 non
727 5166 923 5220 habent
947 5173 1288 5235 potestatem.
1317 5163 1591 5222 Caelorum
1623 5165 1732 5219 vir-

145 5265 306 5313 tutes
333 5267 460 5312 sunt
499 5259 792 5328 supradicti
822 5258 1040 5313 ordines
1061 5258 1393 5327 angelorum.
1425 5258 1577 5315 Sicut
1599 5258 1734 5314 Gre-

140 5347 349 5418 gorius
375 5347 430 5402 in
453 5349 675 5403 homilia
704 5364 800 5403 sua
830 5363 992 5418 super
1021 5347 1303 5402 lectionem
1345 5349 1730 5419 evangelicam,

139 5437 247 5491 ubi
291 5437 369 5492 ita
392 5438 650 5508 scriptum
681 5446 764 5494 est
796 5456 807 5491 :
848 5455 867 5488 ι
901 5437 1075 5493 Erunt
1101 5438 1253 5508 signa
1283 5437 1338 5490 in
1374 5437 1485 5492 sole
1510 5446 1565 5492 et
1605 5437 1733 5492 luna

140 5533 210 5582 et
233 5527 414 5583 stellis
447 5527 598 5599 (Luc.
625 5545 738 5595 χιιι,
767 5527 892 5600 25),
927 5548 946 5581 ι
977 5536 1224 5583 testatur.
1269 5528 1344 5581 Ac
1377 5527 1528 5582 beata
1568 5527 1733 5583 Sera-

138 5616 308 5686 phin.
338 5617 414 5672 De
432 5617 699 5689 Seraphin
743 5633 976 5688 namque
1004 5634 1166 5688 supra
1196 5617 1398 5672 dictum
1439 5628 1542 5673 cst.
1576 5618 1733 5673 Socia

140 5704 511 5761 exsultatione
545 5708 920 5764 concelebrant.
977 5709 1176 5763 Omnes
1225 5707 1464 5776 praedicti
1513 5708 1732 5764 ordines

1833 3255 2078 3304 sanctum
2095 3246 2230 3316 ejus.
2292 3244 2544 3298 Hosanna
2569 3245 2626 3297 in
2664 3242 2900 3296 excelsis.
2955 3242 3108 3309 Quod
3146 3242 3304 3297 modo
3337 3241 3416 3296 di-

1832 3341 1973 3398 citur
2021 3354 2164 3393 nunc
2212 3344 2466 3407 corrupte
2491 3336 2730 3401 Osanna,
2757 3342 2884 3390 ante
2911 3333 3194 3389 dicebatur
3219 3332 3410 3388 Osian-

1834 3445 1902 3484 na
1932 3447 1944 3482 :
1979 3428 2070 3484 Osi
2107 3425 2409 3496 interjeetio
2451 3434 2534 3480 est
2592 3423 2880 3488 laudantis,
2918 3423 3035 3478 sine
3083 3436 3269 3487 causa,
3297 3437 3414 3475 ma-

1832 3517 2159 3588 gniticantis,
2212 3531 2384 3581 anna,
2448 3514 2687 3570 salviﬁca
2716 3533 2727 3567 :
2760 3515 2856 3568 sed
2902 3521 3161 3582 corrupte
3213 3513 3414 3567 dicitur

1834 3608 2069 3673 Osanna,
2102 3617 2156 3662 et
2191 3606 2414 3675 intelligi
2445 3613 2621 3675 potest
2657 3603 2921 3669 salviﬁca,
2949 3603 3036 3657 vel
3065 3602 3276 3657 salvum
3305 3603 3410 3656 fac.

1837 3697 1901 3751 In
1931 3696 2168 3760 excelsis,
2226 3695 2278 3749 id
2331 3701 2434 3759 est,
2495 3694 2545 3747 in
2600 3692 2745 3747 altis.
2797 3692 3106 3746 Benedictus
3142 3691 3232 3761 qui
3282 3691 3414 3745 venit

1834 3789 1889 3841 in
1943 3788 2147 3840 nomine
2177 3784 2408 3838 Domini.
2467 3782 2692 3849 Quando
2732 3781 2981 3836 Christus
3022 3782 3169 3840 venit
3197 3781 3264 3836 ad
3292 3781 3417 3834 Hie-

1836 3877 2068 3932 rusalem
2116 3885 2169 3931 et
2202 3874 2478 3930 descendit
2531 3873 2597 3926 de
2643 3881 2822 3926 monte
2871 3870 3086 3936 Oliveti,
3151 3879 3280 3926 tunc
3315 3871 3410 3926 ﬁlii

1795 4001 1801 4007 -
1837 3966 1998 4023 Israel
2027 3967 2400 4020 clamaverunt
2427 3963 2670 4018 dicentes
2697 3979 2709 4014 :
2749 3980 2766 4012 ι
2801 3961 3126 4016 Benedictus
3148 3961 3240 4030 qui
3268 3961 3416 4014 venit

1758 4479 1810 4539 D

1836 4061 1888 4114 in
1917 4061 2136 4114 nomine
2181 4059 2392 4113 Domini
2445 4057 2629 4128 (Joan.
2658 4073 2717 4122 ιι,
2753 4057 2864 4126 15).
2907 4077 2925 4108 ι
2961 4054 3066 4110 Sed
3091 4056 3218 4125 quid
3244 4056 3415 4127 signi-

1835 4149 2015 4204 ﬁcavit
2047 4149 2135 4202 ille
2160 4147 2359 4203 Christi
2399 4149 2664 4202 adventus
2717 4146 2772 4200 in
2804 4145 3162 4212 llierusalem,
3193 4145 3294 4200 nisi
3325 4144 3411 4199 fu-

1841 4250 2018 4295 turam
2059 4240 2530 4305 resurrectionem,
2568 4238 2784 4310 quando
2825 4247 3088 4295 venturus
3114 4239 3218 4294 erit
3261 4238 3410 4309 judi-

1834 4347 1962 4387 care
1996 4332 2146 4386 vivos
2179 4341 2234 4386 ct
2289 4339 2552 4396 mortuos,
2607 4326 3006 4400 ct‘apparuerit
3051 4330 3206 4384 nobis
3237 4330 3289 4383 in
3320 4345 3411 4384 ea-

1836 4426 1954 4478 dem
1990 4437 2182 4487 carne,
2214 4437 2320 4492 qua
2357 4437 2453 4491 pro
2493 4421 2648 4476 nobis
2673 4436 2864 4490 passus
2913 4427 3016 4475 est.
3047 4420 3114 4473 Et
3141 4428 3268 4474 tunc
3298 4437 3316 4470 ι
3357 4420 3412 4474 in

1838 4520 2052 4576 nomine
2084 4518 2295 4574 Domini
2324 4517 2450 4572 Jesu
2480 4532 2639 4572 omne
2664 4516 3058 4588 genuﬂectetur
3085 4516 3405 4584 caelestium,

1841 4613 2176 4669 terrestrium
2207 4620 2261 4668 et
2303 4611 2635 4666 infernorum
2663 4607 2884 4680 (Philip.
2917 4624 2977 4674 ιι,
3011 4607 3120 4679 10),
3161 4626 3178 4658 ι
3211 4617 3264 4662 et
3299 4623 3406 4662 caa-

1841 4711 1972 4768 tera,
2008 4717 2126 4772 qua:
2170 4699 2423 4771 apostolis
2445 4699 2602 4754 dixit.
2643 4697 2772 4752 Post
2817 4697 3075 4768 hymnum
3106 4697 3409 4767 angelicum

1839 4810 1996 4864 quem
2030 4793 2283 4850 concordi
2315 4806 2447 4847 voce
2501 4798 2645 4845 totus
2679 4789 2858 4845 clerus
2894 4787 3056 4842 simul
3083 4795 3291 4852 cantat,
3326 4803 3410 4842 se-

1840 4886 2026 4956 quitur
2089 4886 2262 4940 oratio
2331 4901 2426 4956 per
2479 4901 2640 4955 quam
2703 4892 3102 4939 sacramentum
3168 4882 3411 4951 corporis

1832 4989 1887 5032 ct
1932 4978 2209 5048 sanguinis
2255 4977 2466 5032 Domini
2514 4976 2819 5040 conﬁcitur,
2877 4990 2995 5043 qum
3034 4973 3112 5028 sic
3171 4973 3406 5028 inchoat.

1838 5070 1906 5125 Te
1929 5071 2111 5140 igitur,
2156 5069 2553 5124 clementissime
2594 5067 2776 5132 Pater,
2825 5083 2916 5132 per
2937 5065 3120 5120 Jesum
3143 5064 3409 5120 Christum

1834 5158 2034 5213 Filium
2074 5169 2222 5212 tuum
2248 5159 2533 5213 Dominum
2580 5167 2837 5223 nostrum,
2865 5155 3122 5227 supplices
3165 5171 3408 5225 rogamus

1834 5260 1882 5304 et
1944 5251 2166 5320 petimus
2226 5251 2303 5303 uti
2350 5259 2559 5320 accepta
2615 5247 2804 5302 habeas
2860 5256 2909 5300 et
2968 5246 3239 5300 benedicas
3296 5245 3408 5298 hinc

1839 5340 1997 5405 dona,
2039 5341 2150 5395 lucc
2191 5356 2403 5393 munera
2431 5381 2445 5405 ,
2499 5339 2610 5393 hate
2660 5347 2842 5391 sancta
2881 5335 3145 5406 sacriﬁcia
3181 5333 3404 5389 illibata.

1839 5431 2100 5502 Loquitur
2129 5447 2259 5496 ergo
2282 5432 2347 5487 ad
2374 5432 2542 5487 Deum
2569 5430 2786 5485 Patrem
2823 5429 3272 5498 omnipotentem,
3301 5424 3408 5478 cle-

1839 5521 2233 5576 mentissimum
2261 5535 2384 5574 cum
2410 5521 2718 5591 appellans,
2772 5520 2898 5590 quia
2961 5515 3404 5573 misericordissi-

1842 5631 1963 5669 mus
1993 5622 2048 5670 et
2079 5613 2353 5684 piissimus
2377 5621 2480 5669 cst.
2513 5613 2760 5668 Clemens
2785 5612 2980 5682 quippe
3009 5611 3224 5674 dicitur,
3249 5608 3403 5678 quasi

1839 5704 1981 5758 clara
2035 5719 2207 5768 meus,
2265 5703 2378 5760 sive
2425 5705 2720 5769 abundans,
2751 5713 2804 5758 et
2836 5703 2954 5758 idco
3006 5718 3126 5757 eum
3171 5701 3404 5772 appellat
