3936 6328
629 276 766 336 1185

1268 270 1333 327 Β.
1373 258 1624 327 MBAN]
1663 264 1879 324 MAURI
1911 259 2228 320 ARCHIEP.
2271 258 2583 321 MOGUNT.
2624 258 2908 320 OPERUM
2947 260 3130 320 PARS
3161 261 3244 320 Ill.

3639 279 3720 339 “Si

627 391 1130 456 clementissimum,
1183 349 1289 445 hoc
1329 396 1433 453 est,
1485 384 1791 442 clarissima
1837 387 2040 446 mente,
2068 378 2195 448 quia
2221 379 2274 441 Α
2300 375 2412 450 18.)
2451 376 2521 433 Ει
2543 385 2768 448 propter
2812 378 2955 435 hanc
3008 379 3319 435 sententiam
3364 378 3573 441 debemus
3606 404 3721 452 omne,

628 484 746 552 ipse
793 480 1125 538 clarissimus
1180 486 1265 534 est
1318 484 1501 533 mente
1549 484 1607 532 et
1659 470 2196 529 misericordissimus

628 574 815 639 corde,
860 581 916 628 et
957 573 1062 628 hoc
1102 570 1244 642 quod
1291 569 1522 624 dicimus
1574 581 1700 622 eum
1747 562 2195 625 misericordem,

628 679 736 718 non
764 663 1021 719 debemus
1041 658 1394 730 corporaliter
1423 655 1742 724 intelligere,
1773 651 1916 722 quod
1942 648 2199 705 membris

627 753 903 823 corporeis
913 751 1174 807 veleorde
1196 757 1290 804 aut
1308 756 1487 803 mente
1500 748 1569 803 sit
1583 744 1914 813 compositus
1937 741 2077 796 sicut
2097 741 2198 796 ho-

630 858 740 909 mo,
769 843 864 899 sed
890 842 1012 898 ideo
1042 841 1362 896 clementem
1393 852 1515 892 eum
1565 843 1620 890 et
1642 831 2046 889 misericordem
2088 829 2201 886 ela-

629 950 865 1001 mantus,
910 935 1039 1004 quia
1070 932 1158 987 ille
1183 929 1503 987 naturaliter
1526 928 1648 999 pius
1675 936 1730 982 et
1750 925 2081 988 misericors,
2105 937 2201 992 pa-

631 1034 782 1081 ratus
805 1030 891 1080 est
917 1038 1133 1093 semper
1175 1021 1244 1076 ad
1284 1036 1383 1076 nos
1408 1016 1713 1083 salvandos,
1747 1015 1793 1070 si
1821 1015 1888 1070 ad
1936 1028 2061 1069 eum
2088 1019 2201 1067 toto

630 1117 811 1179 corde,
846 1123 995 1171 recta
1051 1113 1157 1169 ﬁde
1186 1120 1243 1168 et
1290 1112 1448 1166 bonis
1505 1108 1759 1178 operibus
1812 1104 2198 1161 convertimur.

631 1203 739 1261 Per
784 1205 969 1260 Iesum
1022 1202 1286 1258 Christum
1354 1198 1556 1254 Filium
1617 1207 1785 1251 tuum.
1840 1194 1998 1249 Iesus
2047 1192 2201 1250 Grie-

629 1310 714 1360 ce,
744 1295 934 1351 Latine
976 1293 1216 1349 salvator
1266 1292 1383 1347 sive
1430 1291 1685 1347 salutaris
1733 1289 1951 1344 dicitur.
2016 1286 2204 1342 Salva-

631 1393 738 1449 tor,
761 1399 826 1438 eo
850 1383 992 1453 quod
1018 1382 1190 1437 salvat
1214 1382 1468 1452 populum
1490 1396 1647 1436 suum
1678 1396 1709 1434 a
1734 1379 1969 1449 peccatis
1990 1393 2198 1433 eorum.

631 1476 755 1532 Ideo
783 1476 957 1531 salvat
983 1490 1015 1529 a
1038 1476 1294 1544 peccatis,
1321 1475 1446 1543 quia
1483 1482 1808 1544 potestatem
1838 1473 2001 1527 habet
2021 1472 2204 1527 dimit-

633 1565 779 1621 tendi
806 1573 1050 1635 peceata,
1084 1564 1225 1619 sicut
1259 1563 1372 1633 ipse
1425 1563 1604 1618 dixit:
1643 1581 1662 1613 α
1705 1561 1771 1617 Ut
1792 1548 1971 1616 autem
2016 1561 2203 1617 sciatis

632 1657 762 1728 quia
786 1657 958 1713 Filius
984 1657 1216 1712 hominis
1240 1656 1402 1710 habet
1422 1662 1744 1726 potestatem
1769 1655 1823 1709 in
1843 1661 1988 1708 terra
2017 1653 2198 1708 dimit-

2296 481 2397 537 pro
2436 480 2503 522 eo
2530 482 2691 523 orare
2719 467 2812 538 qui
2857 466 3037 523 eidem
3067 478 3255 539 praeest
3279 468 3549 525 Ecclesiae:
3578 476 3724 535 litanti.

2299 556 2427 612 stite
2447 566 2634 613 nostro
2659 576 2673 612 :
2704 578 2723 611 ›
2753 559 2858 613 hoc
2871 566 2977 623 est,
3000 573 3101 629 pro
3126 558 3361 629 episcopo
3386 569 3556 631 nostro,
3575 566 3615 621 in
3633 570 3725 641 alios

2298 648 2555 718 parocbia
2589 663 2810 716 sumus;
2847 663 2948 718 pro
2976 649 3099 719 ipso
3121 663 3275 705 orare
3300 652 3536 719 debemus,
3558 660 3725 731 quiaipse

2300 744 2384 793 est
2404 746 2591 809 pastor
2611 738 2866 794 Ecclesia:
2883 748 2941 795 et
2976 739 3294 810 praedicator
3339 751 3511 799 noster.
3543 746 3722 821 Immo,

2300 826 2546 893 Domine,
2599 827 2921 896 famulorum
2956 828 3368 901 famularumque
3412 843 3581 889 tuarum
3607 850 3725 895 ctua.

2301 921 2447 974 nium
2490 921 3002 975 circumastantium.
3061 920 3319 978 Sacerdos
3358 934 3469 980 ante
3506 931 3637 985 oravit
3670 949 3726 1003 pro

2303 1010 2600 1082 apostolico
2629 1019 2685 1066 et
2709 1011 2966 1082 episcopo
2996 1028 3136 1078 suo;
3166 1012 3210 1068 si
3235 1015 3488 1085 episcopus
3506 1019 3725 1079 missamcs

2302 1101 2496 1165 lebrat,
2539 1114 2638 1171 pro
2667 1101 2912 1157 antistite
2961 1111 3157 1158 nostro
3187 1103 3358 1160 dicere
3381 1121 3472 1161 non
3496 1108 3626 1176 debet,
3655 1115 3723 1182 qui:

2302 1194 2420 1266 ipse
2452 1194 2679 1249 antistes
2723 1201 2825 1249 est.
2857 1192 2915 1249 Si
2939 1195 3229 1266 presbyter
3256 1196 3453 1253 missam
3476 1200 3723 1269 celebrat,ille

2304 1287 2464 1343 debet
2501 1289 2681 1344 dicere
2712 1301 2814 1358 pro
2860 1288 3112 1343 antistite
3162 1297 3356 1344 nostro.
3380 1288 3482 1345 iam
3504 1301 3655 1347 oratam
3680 1305 3724 1349 st

2304 1395 2403 1451 pro
2457 1380 2782 1444 senioribus,
2837 1388 3027 1450 postea
3100 1379 3356 1434 orandum
3398 1389 3471 1437 est
3509 1398 3583 1453 pro
3611 1385 3724 1454 populo

2305 1470 2521 1542 quando
2574 1471 2829 1526 sacerdos
2877 1470 3012 1526 dicit
3043 1489 3057 1525 :
3088 1469 3356 1537 Memento,
3403 1471 3592 1537 vestitu,
3623 1473 3721 1541 [αα-

2303 1561 2477 1616 lorum
2540 1560 2962 1631 famularumque
3017 1570 3272 1627 tuarum;
3322 1561 3583 1633 deprecatur
3625 1563 3719 1620 Dem

2305 1652 2527 1709 Patrem
2548 1660 2610 1707 ut
2645 1667 2953 1709 memorare
2999 1652 3251 1722 dignetur
3276 1653 3490 1707 omnium
3519 1655 3720 1709 adollicim

633 1727 780 1804 tendi
800 1756 1020 1817 peccata
1046 1745 1261 1819 (Matth.
1291 1762 1364 1810 Ix,
1391 1745 1468 1816 ϐ),
1499 1766 1519 1798 ι
1555 1745 1818 1801 Salutaris
1838 1744 1959 1802 ideo
1989 1745 2202 1809 dicitur,
2232 1727 2281 1788 Β
2308 1744 2487 1800 missas
2510 1743 2627 1800 sive
2678 1742 3051 1799 masculorum
3077 1744 3193 1799 sive
3244 1741 3526 1798 feminarum
3544 1744 3719 1801 advenien-

631 1840 759 1915 quia
782 1839 1010 1894 salutem
1040 1837 1197 1892 nobis
1222 1837 1388 1903 dedit,
1417 1845 1478 1891 ut
1506 1838 1553 1892 si
1580 1846 1849 1907 praecepta
1869 1837 1988 1907 ejus
2016 1850 2206 1891 serva-

631 1947 775 1998 mus,
826 1930 994 1985 vitam
1051 1937 1311 1984 aeternam
1373 1942 1571 1998 capere
1636 1927 1931 1983 valeamus.
2003 1925 2206 1980 Filium

630 2031 780 2076 tuum
826 2020 1107 2075 Dominum
1168 2029 1423 2085 nostrum,
1476 2019 1671 2074 Filium
1739 2034 1897 2075 suum
1959 2017 2207 2088 unigeni-

632 2119 747 2165 tum
780 2109 929 2175 dicit,
973 2109 1100 2177 quia
1132 2109 1247 2180 ipse
1294 2117 1380 2165 est
1434 2108 1743 2181 unigenitus
1788 2124 1855 2164 ex
1906 2107 2207 2164 substantia

631 2198 830 2254 Patris.
867 2199 977 2255 Nos
1026 2207 1205 2256 autem
1236 2199 1332 2255 ﬁlii
1372 2200 1609 2270 adoptivi
1655 2215 1842 2256 sumus
1870 2215 1968 2270 per
2008 2199 2206 2270 ipsum,

631 2289 725 2358 qui
750 2288 1058 2360 unigenitus
1090 2299 1175 2344 est
1206 2305 1237 2344 a
1265 2290 1426 2346 Patre
1469 2291 1766 2361 procedens
1789 2290 1940 2346 Patri
1980 2299 2208 2346 coaeter-

632 2394 756 2445 nus,
784 2387 840 2435 et
867 2380 990 2435 ideo
1040 2396 1138 2449 per
1163 2396 1286 2435 eum
1331 2380 1550 2437 Patrem
1602 2381 1879 2452 postulare
1926 2381 2207 2445 debemus,

635 2468 915 2524 humiliter
980 2469 1281 2525 dicentes:
1342 2470 1613 2542 Supplices
1674 2488 1915 2543 rogamus
1962 2481 2011 2527 et
2079 2473 2212 2544 peti-

632 2577 769 2625 mus,
827 2560 1118 2631 supplices,
1170 2562 1225 2617 id
1273 2569 1377 2627 est,
1417 2562 1669 2629 humiles,
1705 2580 1725 2613 ι
1752 2564 1830 2618 uti
1860 2571 2081 2634 accepta
2114 2564 2212 2619 ha-

635 2650 766 2707 beas
791 2658 847 2706 et
873 2651 1182 2718 benedicas,
1220 2671 1240 2705 »
1269 2652 1368 2717 uti,
1397 2653 1450 2708 id
1479 2662 1584 2719 est,
1610 2661 1672 2708 ut
1698 2653 1938 2722 accipias
1965 2661 2023 2709 et
2046 2656 2211 2710 bene-

633 2742 805 2807 dicas,
828 2759 847 2792 ι
868 2742 985 2796 haec
1007 2742 1168 2802 dona.
1193 2741 1309 2797 haec
1331 2756 1574 2807 munera,
1592 2743 1709 2799 haec
1735 2751 1924 2799 sancta
1944 2742 2214 2799 sacriﬁcia

633 2831 861 2888 illibata.
885 2851 905 2885 ι
926 2833 1076 2887 Dona
1098 2842 1248 2899 sunt,
1270 2848 1387 2902 qua:
1406 2833 1710 2889 voluntarie
1731 2835 1959 2901 dantur;
1984 2849 2213 2890 munera

634 2931 761 2977 sunt
794 2938 915 2994 qua:
963 2938 1063 2994 pro
1098 2923 1278 2994 aliquo
1324 2939 1551 2980 munere
1576 2924 1659 2980 vel
1703 2927 1951 2981 mercede
1979 2923 2215 2982 offerun-

634 3021 745 3079 tur,
777 3013 922 3069 sicut
958 3029 1058 3070 nos
1107 3014 1384 3070 oll'erimus
1410 3015 1521 3071 Deo
1565 3023 1626 3069 ut
1663 3024 1883 3085 peccata
1911 3025 2095 3070 nostra
2130 3017 2214 3070 di-

632 3105 939 3162 mittantur.
972 3103 1250 3160 Sacriﬁcia
1295 3113 1421 3161 sunt
1458 3120 1579 3175 qua:
1605 3106 1771 3160 etiam
1798 3120 1923 3161 cum
1950 3106 2212 3162 orationi-
2238 3085 2282 3144 C

631 3194 736 3250 bus
763 3206 1175 3253 consecrantur.
1204 3194 1432 3258 Illibata,
1473 3193 1529 3248 id
1562 3203 1647 3249 est
1670 3194 2037 3260 immaculata,
2063 3201 2119 3251 et
2142 3194 2210 3249 ab

632 3286 782 3341 omni
810 3287 980 3342 livore
1002 3284 1219 3340 malitiae
1247 3286 1446 3340 aliena.
1490 3286 1645 3340 Tunc
1691 3296 1879 3342 sancta
1919 3298 2045 3343 sunt
2071 3290 2207 3345 dona

636 3385 695 3432 et
714 3376 982 3432 sacriﬁcia
1038 3376 1263 3442 illibata,
1318 3377 1536 3446 quando
1587 3378 1789 3447 absque
1837 3380 2212 3435 scandalorum

635 3466 865 3523 maculis
912 3475 1040 3523 sunt
1087 3465 1280 3522 ol'ferta
1311 3467 1561 3541 [oblata],
1609 3477 1666 3523 et
1686 3467 1838 3538 justo
1872 3469 2058 3526 labore
2085 3480 2213 3528 sunt

638 3557 924 3627 acquisita.
974 3556 1090 3612 Non
1141 3566 1202 3612 ut
1228 3559 1380 3613 multi
1413 3568 1618 3625 errant,
1647 3560 1739 3629 qui
1789 3561 1979 3616 dicunt
2010 3561 2211 3619 illibata

637 3664 759 3705 esse
777 3664 884 3703 non
905 3648 1152 3703 dedicata
1177 3663 1192 3702 :
1224 3648 1342 3721 lege
1368 3658 1577 3719 septem
1607 3650 1927 3707 collationes
1954 3652 2175 3708 Patrum
2196 3695 2211 3720 ,

636 3751 693 3799 et
730 3742 784 3797 in
814 3742 1050 3797 secunda
1072 3740 1357 3797 collatione
1378 3741 1631 3806 Theonaz,
1664 3742 1718 3797 in
1744 3759 1890 3799 nono
1910 3746 2107 3815 capite,
2134 3748 2215 3802 in-

635 3832 824 3889 venies
852 3848 975 3902 quae
1005 3842 1130 3888 sunt
1158 3831 1383 3887 illibata.
1417 3832 1513 3887 rln
1546 3832 1736 3902 primis
1759 3848 1880 3904 quae
1909 3836 2005 3891 tibi
2033 3836 2215 3893 oll'eri-

636 3940 759 3981 mus
782 3940 882 3995 pro
909 3924 1150 3980 Ecclesia
1182 3932 1270 3978 tua
1293 3932 1477 3979 sancta
1501 3925 1788 3990 catholica,
1818 3940 1979 3995 quam
2024 3930 2212 3998 paciﬁ-

636 4032 785 4082 care,
840 4016 1135 4082 custodire,
1169 4016 1410 4071 adunare
1454 4025 1512 4071 et
1567 4032 1756 4088 regere
1810 4018 2050 4090 digneris
2102 4030 2214 4077 tota

635 4111 768 4167 orbe
794 4117 1086 4174 terrarum,
1118 4123 1226 4162 una
1270 4123 1393 4163 cum
1420 4107 1622 4163 famulo
1654 4118 1744 4165 tuo
1771 4125 1912 4180 papa
1942 4120 2129 4166 nostro
2158 4121 2216 4168 et

636 4200 881 4256 antistite
907 4207 1113 4253 nostro.
1138 4216 1157 4249 ι
1184 4196 1241 4251 lu
1268 4197 1479 4267 primis,
1511 4198 1704 4269 inquit,
1739 4215 1860 4270 quae
1904 4201 2001 4255 tibi
2029 4201 2214 4259 offeri-

637 4308 779 4358 mus,
809 4291 938 4361 quia
966 4289 1067 4345 soli
1092 4289 1202 4344 Deo
1223 4288 1339 4344 huic
1383 4289 1588 4345 oblatio
1609 4290 1881 4347 offerenda
1905 4302 2010 4359 est,
2034 4304 2089 4350 et
2116 4310 2215 4367 pro

635 4384 834 4454 quibus
856 4379 1129 4436 offerenda
1159 4380 1230 4433 sit
1250 4378 1474 4444 indicat,
1502 4381 1606 4436 hoc
1628 4390 1712 4437 est
1740 4383 2005 4453 imprimis
2029 4385 2213 4443 oﬂ'erri

635 4477 832 4534 debent
854 4490 953 4545 pro
974 4473 1214 4529 Ecclesia
1242 4480 1430 4529 sancta
1443 4475 1725 4531 catholica.
1740 4476 1978 4535 Ecclesia
2001 4479 2209 4549 Graece,

633 4567 824 4623 Latine
858 4566 1207 4637 congregatio
1234 4565 1452 4632 dicitur,
1474 4566 1763 4635 catholica,
1797 4570 2117 4628 universalis
2138 4574 2216 4629 di-

634 4660 813 4716 citur:
844 4659 973 4729 quia
996 4659 1235 4715 universi
1269 4660 1362 4729 qui
1402 4660 1458 4714 in
1484 4662 1712 4717 Domino
1739 4665 1988 4729 credunt,
2018 4665 2074 4720 in
2104 4682 2211 4723 una

638 4753 836 4809 debent
856 4767 977 4808 esse
1000 4752 1437 4823 Congregatione.
1461 4770 1480 4802 α
1505 4752 1678 4820 Quam
1699 4755 2008 4824 paciﬁcare,
2032 4767 2213 4815 custo-

635 4845 777 4911 dire,
791 4844 1030 4899 adunare
1048 4851 1103 4899 et
1114 4858 1302 4914 regere
1314 4843 1553 4914 digneris
1575 4851 1687 4900 toto
1707 4845 1839 4901 orbe
1868 4856 2162 4905 terrarum.
2187 4870 2205 4903 ι

633 4933 743 4991 Pro
792 4934 897 4990 hac
927 4934 1203 4990 oli'erimus
1258 4933 1543 5004 imprimis,
1577 4944 1637 4988 ut
1681 4937 2049 5005 supradictam
2079 4954 2209 4995 con-

635 5026 1001 5098 gregationem
1032 5033 1176 5080 tuam
1205 5040 1303 5095 per
1329 5032 1500 5081 totum
1536 5026 1723 5081 orbem
1754 5035 2021 5084 terrarum
2056 5031 2208 5100 paci-

636 5116 852 5172 ﬁcatam
878 5123 935 5171 et
977 5115 1268 5169 adunatam
1311 5115 1581 5171 custodire
1609 5116 1868 5186 digneris,
1905 5137 1924 5171 ‹
1950 5136 2058 5175 una
2084 5136 2208 5177 cum

636 5206 838 5263 famulo
860 5215 952 5261 tuo
980 5206 1070 5261 illo
1098 5223 1111 5259 :
1135 5225 1154 5258 ι
1188 5206 1293 5261 hoc
1314 5214 1419 5273 est,
1451 5207 1611 5263 simul
1638 5222 1760 5264 cum
1788 5208 1995 5284 illo‘qui
2023 5213 2210 5269 sedem

635 5297 865 5368 apostoli
912 5295 1062 5351 Petri
1093 5303 1271 5363 tenet,
1311 5299 1438 5368 quia
1490 5299 1729 5355 Ecclesia
1762 5301 1816 5356 in
1871 5318 1977 5372 qua
2012 5303 2209 5361 Petrus

635 5388 890 5459 princeps
920 5386 1287 5458 apostolorum
1314 5389 1511 5454 sedet,’
1533 5400 1694 5460 caput
1722 5400 1805 5447 est
1839 5394 2081 5450 omnium
2110 5396 2215 5451 Ec-

639 5478 926 5537 clesiarum
947 5479 1361 5548 catholicarum,
1392 5481 1512 5538 ideo
1546 5485 1673 5556 quia
1702 5483 1865 5541 Petro
1895 5487 2032 5543 dixit
2052 5487 2215 5544 Chri-

639 5578 796 5661 stus:
836 5589 855 5622 α
893 5571 972 5627 Tu
998 5586 1058 5627 es
1083 5571 1298 5637 Petrus,
1324 5582 1379 5628 et
1418 5588 1581 5644 super
1629 5577 1768 5632 hanc
1791 5586 2000 5647 petram
2046 5579 2215 5636 aediﬁ-

641 5660 778 5718 cabo
832 5661 1126 5718 Ecclesiam
1179 5677 1377 5732 meam,
1412 5684 1435 5722 ›
1479 5674 1534 5719 et
1576 5674 1789 5721 caetera.
1844 5667 2058 5740 (Matth.
2098 5685 2208 5737 xvi,

2309 1836 2462 1891 tium.
2520 1835 2586 1891 Et
2634 1834 2778 1906 quod
2819 1835 2955 1890 dicit
3025 1835 3513 1901 circumastantium,
3550 1836 3618 1905 ipsi
3654 1846 3719 1890 snt

2307 1925 2532 1981 masculi
2567 1934 2621 1980 et
2647 1924 2864 1981 feminae
2899 1925 2996 1995 qui
3046 1925 3436 1981 circumastant.
3463 1923 3719 1982 lanistam

2308 2019 2485 2072 oravit
2508 2033 2605 2087 pro
2633 2016 2884 2073 omnibus
2903 2018 2999 2087 qui
3028 2017 3099 2072 ad
3126 2017 3431 2072 audiendam
3452 2019 3615 2073 missam
3631 2034 3718 2074 reae-

2308 2107 2455 2163 runt'.
2488 2107 2640 2164 Tunc
2683 2109 2901 2164 demum
2923 2116 3051 2164 orat
3085 2123 3185 2178 pro
3214 2108 3297 2163 his
3318 2107 3403 2176 qui
3423 2107 3716 2163 oblationem:

2308 2198 2562 2255 afferunt.
2620 2198 2726 2266 Qui
2753 2193 2847 2254 tibi
2896 2201 3131 2270 offerunt
3174 2199 3270 2254 hoc
3312 2198 3576 2267 sacriﬁcium
3610 2198 3715 2250 lania

2311 2288 2652 2345 Sacriﬁcium
2680 2291 2813 2349 dicit
2836 2290 3039 2357 laudis,
3071 2291 3215 2359 quod
3237 2304 3332 2360 pro
3377 2289 3511 2343 laude
3534 2286 3599 2342 Dei
3617 2288 3715 2357 imi-

2310 2381 2415 2436 mis
2439 2380 2689 2447 oberunt,
2733 2389 2789 2437 et
2846 2390 3038 2452 postea
3068 2380 3217 2436 addit
3246 2393 3261 2434 :
3318 2375 3415 2434 Pro
3440 2380 3714 2447 scirique-

2311 2472 2462 2529 nibus
2494 2514 2510 2540 ,
2577 2490 2672 2544 pro
2722 2473 3080 2544 redemptione
3136 2471 3416 2557 animarum
3461 2486 3638 2531 suam,
3665 2483 3715 2535 pa

2313 2580 2403 2635 spe
2450 2562 2638 2618 salutis
2688 2572 2739 2618 et
2783 2562 3166 2618 incolumitatis
3213 2579 3319 2618 suta
3355 2561 3438 2616 tibi
3478 2560 3714 2614 redditum

2311 2668 2431 2717 sua,
2483 2662 2677 2707 (eterna
2711 2651 2823 2706 Deo
2866 2653 2981 2706 vivo
3027 2660 3078 2707 et
3121 2668 3259 2707 vero.
3292 2650 3407 2705 Ideo
3451 2646 3714 2716 oﬁemntqlil

2310 2743 2434 2799 vivo
2455 2752 2512 2799 et
2536 2758 2666 2799 vero
2695 2743 2805 2799 Deo
2834 2744 3084 2798 omnium
3127 2742 3260 2798 ﬁdes
3285 2738 3662 2797 circumstantium
3685 2746 3714 2789 et

2310 2840 2367 2888 et
2390 2847 2497 2888 non
2526 2831 2865 2888 oﬂ‘erentium
2896 2832 3116 2902 cognita
3146 2838 3231 2887 est
3250 2838 3303 2885 et
3329 2837 3439 2885 nota
3462 2827 3714 2893 devotioni-

2312 2938 2410 2979 nes
2451 2924 2686 2979 reddunt
2735 2931 2861 2978 vota
2897 2939 3020 2988 sua,
3053 2932 3183 2978 vota
3212 2922 3442 2978 dicuntur
3468 2914 3712 2989 quam

2312 3012 2725 3082 promittuntur,
2756 3012 2883 3081 quia
2931 3011 3184 3068 volenter
3223 3018 3276 3066 et
3302 3005 3715 3064 libenter-Deorum

2313 3110 2370 3156 et
2434 3102 2660 3155 reddere
2727 3102 3012 3157 debemus.
3077 3101 3500 3157 Communicantes
3540 3105 3575 3150 et
3606 3106 3712 3147 w-

2312 3194 2449 3247 riam
2498 3202 2798 3247 venerantes
2827 3232 2843 3259 ,
2894 3193 3157 3263 imprimis
3208 3191 3428 3263 gloriosis
3455 3202 3599 3256 semper
3625 3179 3713 3249 υἱτῇ-

2314 3285 2395 3339 nis
2424 3283 2614 3338 Μανία»
2639 3285 2903 3355 genitricis
2935 3284 3059 3351 Dei,
3086 3294 3134 3339 et
3163 3283 3364 3338 Domini
3389 3279 3522 3336 nostri
3537 3272 3714 3332 Ιαιαὴ-

2313 3378 2401 3432 sti.
2464 3376 2571 3432 Sed
2627 3386 2675 3431 et
2738 3376 3008 3431 beatorum
3074 3375 3413 3447 apostolorum
3457 3388 3506 3425 ac
3543 3376 3711 3434 magri

2316 3480 2548 3525 tuorum.
2576 3470 2996 3526 Communicare
3020 3485 3085 3526 se
3111 3470 3262 3534 dicit,
3297 3470 3391 3524 hoc
3414 3473 3483 3522 est
3513 3456 3711 3518 comm

2314 3578 2439 3617 nem
2475 3578 2596 3617 cum
2622 3562 2731 3617 illis
2768 3561 2992 3626 habere,
3021 3562 3429 3629 memoriamque
3449 3557 3711 3627 ipset-untur

2317 3658 2449 3722 rari,
2476 3658 2588 3711 hoc
2611 3666 2716 3719 est,
2772 3656 2827 3711 in
2858 3657 3122 3711 memoria
3150 3671 3242 3711 eos
3288 3647 3597 3709 honorabiliter
3622 3651 3708 3695 telo-

2317 3747 2449 3812 rari,
2506 3746 2715 3800 scilicet
2740 3746 2885 3815 quod
2936 3755 3125 3801 sancta
3156 3744 3318 3800 Maria
3368 3732 3707 3809 virgoperadm'

2317 3846 2429 3891 tum
2460 3836 2696 3907 Spiritus
2745 3837 2917 3891 sancti
2944 3836 3182 3907 genitrix
3227 3834 3359 3889 facta
3381 3838 3452 3886 est
3477 3818 3709 3883 FiliiDciDr

2317 3932 2448 3986 mini
2495 3932 2667 3985 nostri
2698 3930 2824 3985 Jesu
2852 3916 3082 3995 Christi,
3106 3929 3196 3999 qui
3222 3928 3356 3983 Deus
3379 3935 3426 3980 et
3445 3922 3709 4009 homoeSLPf‘

2316 4038 2476 4092 quem
2521 4020 2736 4074 Patrem
2781 4020 3149 4090 supplicamus
3177 4027 3232 4074 et
3264 4016 3359 4071 ﬁde
3385 4027 3493 4070 sana
3528 4016 3708 4063 ωωωπω·

2317 4114 2490 4171 cando
2520 4113 2749 4167 ﬁrmiter
2778 4112 3070 4178 credimus,
3132 4110 3271 4182 quod
3313 4106 3487 4188 Spiritu
3526 4102 3708 4189 sancmte'

2315 4204 2519 4267 nienle,
2558 4201 2727 4257 Filius
2766 4201 2860 4256 Dei
2895 4210 3052 4256 natus
3093 4210 3178 4256 est
3212 4213 3276 4253 ex
3309 4212 3387 4261 ea,
3414 4206 3495 4248 nec
3518 4198 3635 4243 tamen
3650 4190 3707 4231 “te

2316 4296 2511 4367 ginitas
2534 4294 2651 4363 ejus
2671 4303 2756 4349 est
2781 4293 3003 4349 violata.
3034 4311 3052 4345 ι
3091 4292 3197 4349 Sed
3217 4300 3269 4346 et
3292 4291 3527 4345 beatorum
3551 4268 3707 4367 εροαῇ

2317 4361 2461 4451 rum,
2487 4361 2876 4457 acﬁmartyrum
2896 4394 3133 4441 tuorum.
3153 4404 3173 4438 ι
3191 4378 3453 4454 Apostolus
3467 4361 3707 4437 namque“

2318 4488 2406 4534 tur
2435 4479 2491 4532 in
2521 4486 2707 4532 nostra
2761 4479 2943 4547 lingua
2990 4478 3206 4542 missus,
3254 4480 3440 4540 martyr
3464 4460 3706 4554 “me”?

2314 4569 2486 4636 testis,
2516 4569 2743 4640 apostoli
2785 4569 2907 4625 ideo
2933 4569 3204 4632 dicuntur,
3231 4564 3349 4635 quia
3387 4574 3414 4614 a
3436 4554 3604 4641 Chrile

2315 4633 2480 4718 sunt;
2510 4633 2779 4732 martyres
2816 4675 2964 4726 vero,
3018 4660 3145 4730 quia
3178 4633 3329 4712 testes
3353 4660 3475 4713 sunt,

2314 4764 2432 4810 stus
2455 4729 2766 4825 passus-est
2795 4766 2894 4822 pro
2925 4729 3058 4821 ipsis
3086 4759 3142 4805 et
3177 4746 3405 4804 omnibus
3433 4740 3477 4794 in
3499 4748 3543 4790 se
3562 4729 3702 4825 ι’ἱιεεξς

2316 4808 2590 4911 dentibus,
2648 4808 2857 4915 ipsique
2898 4808 2997 4913 pro
3045 4842 3287 4903 Christo;
3316 4835 3406 4891 hoc
3425 4835 3505 4891 est,
3530 4824 3570 4879 in
3589 4808 3704 4915 ακιίεξα

2313 4939 2467 4996 sione
2518 4912 2941 5006 nominis—ejus.
2994 4934 3150 4991 Hanc
3180 4933 3330 5002 igitur
3366 4912 3702 5006 obnitemur

2312 5034 2439 5086 tutis
2492 5039 2703 5095 nostra,
2733 5002 2848 5083 θεάν
2872 5036 2920 5082 et
2972 5036 3174 5081 cuncta:
3195 5019 3494 5094 familiam:

2312 5122 2559 5188 Domine,
2600 5130 2659 5176 ut
2690 5085 2945 5191 'placatus
3006 5085 3247 5188 accipias.
3314 5102 3529 5191 εθοεΐάοε

2312 5230 2437 5272 nem
2463 5179 2617 5271 suam
2640 5179 2802 5283 atque
2824 5179 3143 5267 cunctorum
3161 5206 3248 5279 qui
3272 5198 3465 5259 Domino
3480 5179 3700 5283 famulitii?

2317 5307 2373 5362 id
2421 5314 2530 5372 est,
2565 5262 2808 5361 serviunt
2852 5262 3195 5358 commendat
3238 5303 3293 5349 ut
3321 5285 3505 5345 Domino
3537 5262 3696 5372 Ρίθξδοξ

2315 5356 2373 5453 .1
2404 5356 2959 5487 amittit-opm“
3137 5409 3154 5442 ι
3185 5356 3698 5487 vesanam:
3772 5422 3773 5487 ψ

2314 5444 2452 5558 pact:
2494 5444 2762 5555 disponat,
2785 5444 2983 5562 tratque
3030 5481 3099 5536 ab
3148 5486 3331 5535 aeterna
3378 5444 3695 5581 humillimi:

2315 5542 2533 5649 eripiat,
2570 5542 2628 5633 et
2661 5577 2716 5633 in
2754 5542 3050 5633 electorum
3093 5583 3299 5675 suorum
3343 5542 3695 5681 mitigabat:

2316 5635 2613 5737 numerari,
2640 5682 2737 5739 per
2758 5665 3032 5725 Christum
3053 5662 3320 5724 Dominum
3338 5653 3537 5709 nostrum
3555 5635 3644 5684 ³¹¹¹⁰
