3936 6328
106 301 247 363 H85

1121 292 1323 351 LIBER
1356 292 1449 350 DE
1480 290 1723 351 SACRIS
1757 293 2147 362 0RDINIBUS,
2186 294 2340 352 ETC.

3205 304 3344 354 1180

104 430 237 486 ergo
268 411 409 485 quod
436 407 688 468 sacerdos
731 406 910 475 oﬁert,
937 405 1168 479 populus
1197 408 1357 464 debet
1384 420 1566 473 orare,
1612 414 1674 461 ut
1697 412 1748 472 Α
1772 414 1829 463 et
1853 408 2176 464 manducate
2197 421 2264 463 ex
2295 421 2361 463 eo
2389 417 2596 461 omnes.
2633 423 2653 456 ι
2685 401 2950 460 Similiter
2993 412 3050 460 et
3089 404 3156 462 de
3177 406 3345 463 calice

104 504 360 561 sacerdos
421 499 762 557 exaudiatur.
820 498 999 569 Atque
1051 498 1297 555 omnium
1360 504 1673 553 nostrorum
1774 498 1952 554 dixit:
1983 497 2212 568 Accipite
2258 506 2308 552 et
2365 496 2520 551 bibite
2574 511 2637 551 ea:
2683 494 2780 549 hoc
2805 509 3002 549 omnes.
3060 494 3131 550 Et
3173 510 3345 565 quan-

104 595 225 651 dies
254 594 306 649 in
328 606 461 662 pace
486 590 864 659 disponantur,
893 590 1080 659 sicque
1121 589 1192 645 ab
1222 597 1424 644 aeterna
1446 589 1674 643 damna-
1774 591 1844 647 do
1868 590 2056 647 oculos
2096 589 2166 644 ad
2212 588 2410 643 εωιιηω
2440 587 2639 643 levavit
2670 597 2727 642 et
2756 586 2906 642 Patri
2963 586 3168 657 gratias
3211 587 3343 657 egit,

103 685 256 739 tione
300 681 615 752 eripiamur.
666 680 742 734 De
786 694 893 748 qua
946 679 1206 735 Dominus
1254 685 1439 734 noster
1488 677 1542 731 in
1573 676 1678 732 ﬁne

1798 702 1876 743 I08
1906 688 1959 742 in
1989 688 2093 742 hoc
2119 685 2325 749 docuit,
2358 682 2500 753 quod
2528 697 2626 738 nos
2658 681 2875 736 Patrem
2903 694 3118 749 semper
3146 680 3349 750 suppli-

103 773 295 830 mundi
347 772 594 827 dicturus
646 771 752 825 erit
807 770 1035 840 impiis:
1088 788 1107 821 ‹
1142 767 1243 832 lte,
1297 766 1588 832 maledicti,
1622 766 1676 821 in

104 865 287 935 ignem
335 869 621 926 aeternum,
648 868 757 915 etc.
788 858 1005 931 (Matth.
1038 873 1166 921 xxv,
1191 856 1307 927 4|).
1364 876 1384 909 ι
1416 856 1483 910 Ει
1517 855 1585 910 ad
1612 854 1677 910 il-

1777 790 1903 831 care
1922 775 2198 837 debemus,
2223 783 2285 828 ut
2305 771 2395 827 ille
2423 779 2531 825 tam
2553 785 2804 840 magnum
2826 776 3225 824 sacramentum
3254 784 3351 838 per

1778 882 1970 922 manus
1997 874 2212 921 nostras
2248 862 2509 934 perﬁcere
2554 862 2823 933 dignetur.
2872 860 3092 915 Etcum
3121 857 3348 921 diceret,

103 956 218 1010 lum
245 968 460 1027 gregem
488 952 784 1007 electorum
823 965 1047 1006 suorum
1076 965 1176 1019 per
1203 947 1426 1020 angelos
1461 955 1680 1003 sanctos
1777 959 1889 1014 Ιηεο
1957 958 2366 1029 quotiescunque
2425 954 2649 1024 feceritis
2675 994 2691 1020 ,
2752 954 2806 1007 in
2881 952 2985 1008 mei
3041 950 3355 1006 memoriam

104 1047 380 1103 numerari
404 1058 730 1109 mereamur,
754 1042 840 1099 cui
864 1043 1107 1098 dicturus
1130 1042 1236 1097 erit
1264 1059 1277 1094 :
1308 1059 1326 1092 ι
1358 1039 1568 1104 Venite,
1594 1041 1682 1095 be-

102 1134 309 1190 nedicti
338 1132 516 1187 Patris
542 1133 670 1195 mei,
699 1131 963 1202 percipite
988 1145 1215 1200 regnum
1242 1129 1382 1200 quod
1418 1129 1571 1185 vobis
1589 1144 1683 1200 pa-

106 1232 287 1278 ratum
325 1230 409 1276 est
434 1221 501 1275 ab
527 1219 739 1290 origine
772 1220 960 1274 mundi
997 1219 1183 1292 (lbid.,
1215 1236 1264 1275 υ.
1289 1219 1401 1291 54).
1438 1238 1457 1272 ι
1493 1217 1685 1289 Sequi-

106 1320 240 1366 tur:
266 1330 285 1362 ‹
321 1309 491 1376 Quam
517 1308 868 1374 oblationem,
904 1318 960 1364 tu
990 1311 1156 1375 Deus,
1187 1309 1242 1365 in
1263 1310 1516 1366 omnibus
1543 1324 1687 1380 quae-

105 1417 296 1459 sumus
317 1401 674 1464 benedictum,
705 1400 1025 1470 ascriptam,
1056 1408 1251 1467 ratam,
1285 1399 1682 1465 rationabilem,

105 1491 601 1562 acceptabilemquo
651 1489 832 1545 facere
882 1490 1141 1560 digneris,
1199 1497 1259 1544 ut
1303 1490 1460 1545 nobis
1487 1503 1685 1559 corpus

105 1595 166 1642 et
191 1584 410 1652 sanguis
439 1583 532 1638 ﬁat
587 1582 923 1637 dilectissimi
975 1582 1099 1637 Filii
1136 1582 1212 1636 tui
1245 1581 1459 1636 Domini
1512 1581 1685 1636 nostri

104 1677 238 1733 Jesu
274 1674 487 1738 Christi,
529 1693 548 1726 ι
576 1682 633 1728 et
671 1681 887 1729 caetera.
919 1672 1198 1744 Supplicat
1226 1672 1485 1728 sacerdos
1522 1679 1584 1727 ut
1614 1671 1682 1726 il-

1780 1049 2009 1120 facietis,
2057 1047 2222 1118 jussit
2264 1061 2364 1102 nos
2409 1045 2555 1100 illius
2604 1045 2871 1115 passionis
2915 1059 3079 1114 quam
3107 1057 3208 1114 pro
3256 1057 3355 1097 no-

1779 1141 1865 1197 bis
1893 1140 2152 1197 sustinuit
2197 1138 2384 1194 sedulo
2423 1152 2694 1193 memores
2743 1150 2882 1201 esse,
2913 1143 2968 1191 et
3016 1134 3252 1190 maxime
3286 1147 3356 1188 eo

1782 1241 2045 1304 tempore,
2108 1231 2326 1302 quando
2373 1230 2478 1285 hoc
2537 1238 2935 1285 sacramentum
2991 1228 3354 1291 celebramus,

1781 1321 2009 1393 ejusque
2059 1319 2445 1377 misericordiae
2472 1328 2636 1390 atque
2682 1319 2911 1374 bonitati
2956 1333 3055 1373 nos
3082 1330 3359 1372 commen-

1781 1413 1992 1469 damus.
2068 1410 2218 1467 Unde
2292 1420 2340 1467 et
2401 1427 2652 1466 memores
2715 1424 2915 1475 sumus,
2974 1409 3215 1473 Domine,
3262 1422 3358 1463 nos

1782 1504 1861 1559 tui
1905 1504 2057 1568 servi,
2091 1502 2182 1558 sed
2224 1512 2273 1557 et
2318 1502 2457 1571 plebs
2489 1512 2581 1556 tua
2624 1510 2828 1566 sancta,
2871 1498 3067 1554 Christi
3114 1496 3245 1552 Filii
3280 1499 3360 1553 tui

1781 1595 1994 1651 Domini
2046 1595 2143 1650 Dei
2171 1596 2351 1650 nostri.
2415 1594 2529 1650 Hoc
2554 1608 2613 1649 se
2655 1593 2906 1649 sacerdos
2944 1591 3138 1647 fecisse
3194 1589 3358 1660 proﬁ-

1786 1695 1931 1743 tetur
1955 1687 2099 1756 quod
2123 1686 2224 1741 sibi
2257 1700 2289 1740 a
2326 1685 2554 1741 Domino
2586 1684 2909 1754 imperatum
2937 1691 3038 1737 est.
3068 1680 3194 1736 Ideo
3212 1679 3361 1735 enim

106 1769 220 1823 iam
246 1766 574 1823 oblationem
612 1780 774 1835 quam
810 1765 924 1835 ipse
950 1780 1052 1836 pro
1077 1779 1136 1821 se
1179 1763 1340 1820 oﬁ'ert
1374 1773 1431 1820 et
1457 1778 1559 1835 pro
1584 1777 1684 1834 po-

1798 1779 1892 1850 ipsi
1922 1779 2236 1836 sacerdotes
2282 1776 2377 1833 ﬁlii
2406 1777 2503 1833 Dei
2528 1777 2742 1832 Domini
2770 1775 3024 1831 videlicet
3049 1772 3175 1830 Jesu
3203 1772 3365 1829 Chri-

102 1860 257 1931 pulo,
299 1858 638 1928 omnipotens
663 1855 828 1912 Pater
858 1857 1111 1929 dignetur
1159 1858 1408 1927 accipere
1458 1857 1682 1913 benedi-

107 1959 277 2015 ctam;
307 1957 363 2005 et
390 1950 592 2005 habere
636 1949 955 2019 ascriptam,
990 1949 1096 2004 hoc
1124 1959 1211 2005 est
1239 1949 1597 2021 assignatam,
1625 1957 1686 2005 ut

108 2040 215 2098 sibi
250 2039 475 2110 placeat.
510 2039 723 2104 Ratam,
751 2039 855 2094 hoc
883 2046 986 2103 est,
1027 2039 1350 2110 judicatam,
1382 2049 1444 2094 ut
1469 2040 1685 2111 dignam

108 2131 260 2187 illam
279 2130 484 2200 judicet
508 2130 563 2185 in
589 2138 884 2200 conspectu
904 2145 1003 2186 suo
1029 2129 1229 2186 oﬁ‘erri.
1264 2131 1685 2199 Rationabilem,

112 2223 170 2279 id
195 2232 300 2286 est,
325 2218 472 2290 justa
523 2221 733 2277 ratione
762 2221 977 2292 plenam
1007 2220 1189 2277 facere
1234 2222 1507 2294 dignetur,
1559 2224 1688 2295 quia

112 2328 248 2373 tunc
272 2315 347 2370 illi
373 2322 462 2371 est
482 2314 851 2386 acceptabilis,
889 2314 934 2370 si
971 2323 1120 2371 recte
1158 2315 1444 2371 credentes
1467 2331 1568 2386 pro
1602 2315 1691 2385 ju-

112 2415 200 2465 sta
231 2407 440 2463 ratione
469 2405 764 2461 offerimus.
791 2404 1001 2461 Iustum
1028 2414 1113 2461 est
1148 2406 1424 2475 postulare
1453 2416 1514 2462 ut
1544 2407 1691 2463 illam

113 2499 461 2564 oblationem,
483 2513 645 2569 quam
668 2513 767 2553 nos
790 2498 1186 2555 rationabiliter
1208 2498 1508 2566 offerimus,
1532 2500 1694 2556 Pater

112 2590 458 2661 omnipotens
503 2589 896 2646 sanctiﬁcando
926 2592 1029 2647 sibi
1082 2591 1472 2662 acceptabilem
1506 2591 1690 2658 faciat,

115 2678 191 2735 Ut
235 2679 379 2735 nobis
418 2696 605 2752 corpus
669 2689 720 2736 et
771 2683 986 2751 sanguis
1035 2683 1131 2752 ﬁat
1182 2682 1506 2738 dilectissimi
1562 2681 1696 2738 Filii

110 2771 195 2825 tui
245 2770 454 2827 Domini
503 2774 670 2827 nostri
715 2773 843 2828 Jesu
867 2770 1082 2829 Christi.
1131 2776 1268 2843 Quia
1297 2774 1446 2829 Patri
1468 2774 1698 2831 dilectus

114 2868 207 2919 est
244 2861 430 2929 Filius,
462 2863 604 2918 sicut
630 2864 742 2934 ipse
769 2864 934 2921 Pater
965 2874 1195 2923 testatus
1223 2875 1306 2924 est
1335 2869 1402 2924 de
1444 2868 1583 2924 coelo
1612 2869 1696 2923 di-

113 2966 254 3009 cens
283 2971 296 3006 :
333 2971 352 3005 ι
383 2952 485 3009 Hic
532 2962 616 3010 est
645 2954 814 3011 Filius
868 2972 1020 3013 meus
1045 2958 1294 3025 dilectus,
1346 2978 1366 3012 ι
1400 2968 1456 3015 et
1481 2966 1696 3014 caetera.

121 3061 147 3093 ι
178 3041 289 3098 Nos
314 3044 500 3114 utique
529 3060 653 3099 eum
703 3045 929 3117 diligere
955 3047 1231 3116 debemus,
1261 3050 1389 3120 quia
1414 3050 1528 3120 ipse
1550 3050 1700 3120 prior

112 3135 311 3191 dilexit
335 3152 452 3203 nos,
476 3146 532 3192 et
560 3152 751 3208 passus
780 3116 863 3194 est
896 3154 994 3209 pro
1013 3141 1189 3197 nobis.
1222 3161 1241 3193 ›
1261 3116 1369 3193 ἑ-‹
1391 3116 1493 3208 Qui
1524 3116 1696 3213 pridie
1724 3116 1768 3177 δ

112 3240 284 3295 quam
320 3235 601 3297 pateretur
647 3229 857 3299 accepit
886 3245 1081 3300 panem
1110 3232 1164 3286 in
1192 3240 1412 3288 sanctas
1437 3248 1502 3288 ac
1528 3247 1697 3288 vene-

112 3316 322 3373 rabiles
350 3333 544 3375 manus
570 3334 719 3385 suas,
757 3320 982 3376 elevatis
1005 3322 1177 3378 oculis
1224 3322 1281 3377 in
1326 3322 1521 3378 cmlum
1551 3323 1618 3378 ad
1646 3330 1699 3378 te

109 3406 291 3463 Deum
339 3406 555 3464 Patrem
614 3425 773 3465 suum
818 3412 1269 3483 omnipotentem,
1337 3415 1433 3471 tibi
1495 3414 1699 3484 gratias

110 3510 291 3567 agens
318 3496 614 3562 benedixit,
648 3498 828 3568 fregit,
858 3500 1006 3555 dedit
1033 3502 1315 3573 discipulis
1335 3504 1449 3559 suis
1469 3503 1696 3559 dicens:

107 3586 366 3658 Accipite
385 3595 443 3643 et
468 3589 793 3645 manducate
817 3605 883 3645 ex
931 3593 1035 3647 hoc
1058 3607 1266 3661 omnes,
1298 3594 1403 3651 hoc
1439 3603 1525 3649 est
1554 3596 1700 3650 enim

107 3691 323 3748 corpus
368 3691 569 3732 meum.
617 3677 793 3733 Simili
844 3681 1004 3735 modo
1049 3690 1400 3753 posteaquam
1430 3691 1700 3738 etenatum

106 3776 227 3832 est,
258 3766 534 3837 accipiens
559 3776 613 3823 et
642 3770 785 3823 hunc
810 3769 1125 3839 praeclarum
1148 3773 1373 3826 calicem
1404 3772 1458 3826 in
1486 3780 1704 3827 sanctas

109 3874 188 3915 ac
221 3858 567 3914 venerabiles
594 3873 787 3914 manus
826 3874 975 3925 suas,
1009 3860 1136 3916 item
1166 3861 1262 3915 tibi
1305 3862 1509 3932 gratias
1537 3876 1704 3932 agens

110 3949 418 4013 benedixit,
452 3949 600 4004 dedit
621 3949 899 4019 discipulis
921 3950 1033 4005 suis
1058 3950 1264 4016 dicens,
1293 3950 1520 4021 accipite
1541 3958 1597 4006 et
1623 3950 1707 4005 bi-

110 4041 240 4097 bite
275 4055 343 4095 ex
395 4041 497 4095 hoc
525 4054 716 4096 omnes
745 4057 759 4094 :
792 4039 891 4096 Hic
936 4050 1021 4096 est
1047 4040 1191 4096 enim
1235 4040 1377 4096 calix
1424 4040 1707 4112 sanguinis

114 4132 233 4187 mei
265 4132 389 4187 novi
419 4139 474 4187 et
496 4131 683 4187 aeterni
718 4130 1052 4187 Testamenti
1084 4132 1397 4202 mysterium
1434 4129 1578 4197 ﬁdei,
1614 4129 1704 4201 qui

112 4238 224 4294 pro
247 4222 402 4278 vobis
429 4230 485 4277 et
529 4238 629 4294 pro
665 4223 852 4279 multis
897 4222 1204 4278 elfundetur
1246 4224 1298 4278 in
1328 4222 1705 4278 remissionem

114 4314 370 4370 omnium
398 4324 761 4385 peccatorum.
794 4314 919 4371 Haec
936 4315 1362 4386 quotiescunque
1387 4315 1625 4370 feceritis
1651 4315 1706 4370 in

116 4405 237 4461 mei
270 4406 586 4462 memoriam
611 4405 840 4463 facietis.
874 4426 892 4458 ι
912 4404 1065 4474 Quod
1094 4406 1483 4461 intermisimus
1514 4422 1528 4460 :
1564 4423 1582 4456 ι
1610 4405 1703 4475 qui

115 4496 306 4567 pridie
341 4511 505 4565 quam
533 4506 830 4568 pateretur,
865 4517 884 4549 ι
927 4497 1029 4552 hoc
1057 4505 1160 4562 est,
1198 4497 1371 4568 pridie
1399 4512 1560 4565 quam
1590 4495 1704 4565 ipse

116 4604 326 4661 passus
351 4596 435 4642 est
462 4602 561 4658 pro
602 4588 777 4653 nobis,
804 4587 976 4642 voluit
1027 4588 1243 4643 tradere
1281 4586 1564 4656 discipulis
1593 4586 1706 4640 suis

118 4678 381 4749 corporis
402 4679 483 4734 sui
511 4678 846 4749 mysterium,
876 4686 935 4732 ut
968 4678 1045 4733 illi
1069 4680 1345 4734 traderent
1370 4678 1545 4733 nobis.
1573 4676 1707 4745 Quis

118 4787 373 4841 unquam
402 4770 666 4835 crederet,
717 4769 859 4838 quod
886 4770 1042 4839 panis
1084 4770 1138 4824 in
1187 4784 1409 4824 carnem
1444 4769 1710 4838 potuisset

118 4862 377 4921 converti
403 4879 419 4929 ;
447 4862 534 4918 vel
562 4863 744 4917 vinum
775 4863 829 4916 in
857 4862 1194 4933 sanguinem,
1242 4862 1346 4917 nisi
1383 4862 1495 4931 ipse
1523 4861 1709 4915 Salva-

120 4964 218 5011 tor
243 4954 467 5018 diceret,
504 4952 597 5024 qui
633 4967 828 5022 panem
855 4960 910 5007 et
956 4952 1139 5006 vinum
1184 4952 1410 5015 creavit,
1443 4960 1497 5005 ct
1524 4951 1704 5005 omnia

120 5060 197 5099 ex
226 5043 400 5098 nihilo
422 5042 590 5098 fecit?
616 5041 832 5097 facilius
854 5050 939 5097 est
972 5042 1175 5112 aliquid
1198 5058 1261 5097 ex
1298 5042 1481 5112 aliquo
1505 5040 1704 5105 facere,

121 5148 302 5204 quam
325 5132 507 5187 omnia
533 5149 597 5188 ex
631 5133 798 5187 nihilo
841 5148 1046 5188 creare.
1083 5134 1203 5204 Ipse
1239 5131 1493 5187 Salvator
1544 5130 1711 5186 voluit

121 5242 339 5297 corpus
374 5228 671 5283 humanum
717 5229 1009 5297 suscipere,
1041 5238 1097 5284 et
1141 5230 1414 5285 hominem
1446 5229 1556 5283 Deo
1582 5243 1712 5283 con-

114 5321 389 5394 jungere,
439 5328 500 5373 ut
532 5332 673 5373 unus
701 5317 857 5374 ﬁeret
906 5320 1169 5375 mediator
1210 5320 1304 5377 Dei
1333 5331 1388 5376 et
1436 5322 1716 5394 hominum

121 5413 307 5471 homo
333 5410 578 5467 Christus
602 5409 781 5467 Jesus.
827 5412 1049 5482 ipseque
1076 5413 1245 5468 voluit
1272 5429 1368 5483 per
1395 5429 1494 5469 nos
1519 5404 1722 5484 panenf

124 5515 187 5564 et
220 5507 411 5562 vinum
433 5504 616 5563 oﬁ'erri
641 5507 743 5563 sibi
767 5517 821 5562 et
861 5507 928 5562 ah
953 5507 1070 5578 ipso
1097 5508 1353 5563 divinitus
1383 5504 1712 5575 consecrari,

124 5606 191 5655 et
220 5598 437 5654 ﬁdelem
466 5598 721 5670 populum
768 5598 990 5654 credere
1033 5612 1220 5653 verum
1248 5613 1369 5655 esse
1398 5599 1714 5671 mysterium

126 5690 287 5761 quod
318 5690 433 5764 ipse
454 5691 677 5748 tradidit
700 5690 977 5761 discipulis
1006 5689 1120 5747 suis
1146 5688 1334 5748 dicens
1364 5708 1378 5746 :
1416 5710 1433 5743 ‹
1473 5690 1716 5753 Accipite

1787 1868 1855 1924 sti
1882 1867 2112 1923 ﬁdeliter
2134 1882 2405 1923 memores
2447 1880 2569 1923 esse
2606 1865 2822 1929 debent,
2855 1864 2984 1936 quia
3012 1863 3114 1934 ipsi
3140 1861 3362 1917 missam

1787 1959 2087 2026 celebrant,
2110 1967 2168 2014 et
2213 1956 2539 2014 sacriﬁcium
2588 1954 2823 2012 oﬁ'erunt
2865 1952 3068 2010 Christi
3112 1949 3364 2020 exemplo

1788 2048 2073 2112 instructi;
2101 2055 2156 2102 et
2179 2048 2321 2103 scire
2345 2047 2545 2102 debent
2561 2045 2691 2116 quid
2719 2043 3015 2108 celebrant,
3045 2041 3171 2111 quia
3191 2039 3359 2096 stulta

1787 2139 2079 2210 postulatio
2106 2146 2190 2193 est
2215 2137 2262 2192 si
2312 2136 2546 2208 postulat
2590 2135 2714 2206 quis
2760 2134 2903 2204 quod
2958 2131 3151 2188 nescit.
3199 2130 3362 2186 Plebs

1790 2237 1980 2286 sancta
2009 2228 2130 2283 ideo
2177 2225 2338 2281 simul
2384 2223 2697 2279 meminisse
2725 2216 2903 2287 debet,
2936 2219 3063 2290 quia
3112 2218 3365 2273 Christus

1790 2334 1898 2375 non
1929 2296 2101 2373 solum
2141 2329 2241 2387 pro
2287 2312 2661 2370 sacerdotibus
2694 2326 2888 2381 passus
2914 2317 3018 2374 est,
3052 2307 3146 2362 sed
3182 2314 3237 2360 et
3265 2319 3366 2376 pro

1766 2408 1989 2493 plebe;
2039 2413 2225 2463 sancta
2276 2405 2398 2460 ideo
2422 2403 2639 2469 dicitur,
2675 2402 2802 2472 quia
2834 2400 2939 2455 ﬁde
2988 2414 3053 2455 ac
3095 2398 3366 2466 baptismo

1792 2499 1995 2556 Christi
2027 2505 2282 2568 percepto
2315 2495 2652 2551 sanctiﬁcata
2700 2502 2803 2550 est.
2832 2492 2987 2548 Modo
3011 2489 3214 2545 indicat
3236 2488 3369 2558 quid

1794 2589 2106 2645 meminisse
2129 2587 2345 2654 debent,
2374 2587 2428 2642 id
2449 2594 2552 2652 est,
2580 2595 2692 2640 tam
2715 2586 2888 2640 beata:
2915 2582 3204 2655 passionis,
3234 2595 3366 2636 nec-

1795 2696 1904 2737 non
1928 2690 1984 2735 et
2005 2680 2075 2734 ab
2094 2677 2283 2734 inferis
2311 2676 2744 2737 resurrectionis.
2774 2674 2870 2729 sed
2894 2683 2951 2728 et
2974 2674 3031 2728 in
3064 2672 3232 2728 caelos
3254 2669 3369 2741 glo-

1798 2772 1959 2828 riosae
1991 2768 2344 2831 ascensionis,
2376 2766 2578 2821 Christi
2604 2765 2820 2835 quidem
2850 2762 2973 2817 Filii
3004 2761 3120 2816 Dei.
3150 2759 3366 2815 Passioo

1799 2861 1885 2916 nis
1918 2859 2168 2915 videlicet
2194 2855 2317 2926 ejus
2348 2869 2617 2910 memores
2642 2867 2763 2908 esse
2800 2851 3074 2914 debemus,
3102 2849 3227 2919 quia
3252 2847 3367 2919 pati

1800 2951 2053 3022 dignatus
2084 2957 2167 3004 est
2188 2962 2288 3017 pro
2322 2946 2497 3001 nobis.
2526 2943 2960 3000 Resurrectionis
2984 2942 3101 3013 ejus
3129 2941 3196 2994 ab
3223 2938 3365 2994 inle-

1802 3041 1898 3106 ris,
1924 3040 2050 3110 quia
2075 3038 2268 3092 animze
2282 3036 2445 3105 justas
2472 3036 2540 3091 ab
2566 3034 2755 3089 inferis
2778 3048 2875 3104 per
2910 3031 3367 3088 resurrectionem

1798 3132 1916 3202 ejus
1934 3132 2176 3186 liberatae
2199 3139 2346 3186 sunt.
2369 3127 2738 3197 Gloriosmque
2762 3125 3013 3181 similiter
3038 3123 3371 3180 ascensionis

1797 3229 1914 3300 ejus
1948 3240 2215 3282 memores
2266 3238 2386 3279 esse
2431 3224 2727 3287 debemus;
2759 3222 2886 3291 quia
2941 3235 3135 3290 corpus
3186 3221 3375 3274 huma-

1797 3334 1927 3374 num
1963 3318 2105 3388 quod
2144 3322 2512 3385 assumpserat
2553 3313 2801 3384 junctum
2827 3312 3118 3377 divinitati,
3152 3310 3271 3365 sine
3295 3309 3377 3364 ul-

1798 3408 1903 3465 lius
1929 3407 2198 3477 adjutorio
2227 3407 2444 3477 propria
2473 3406 2756 3476 majestate
2801 3404 3038 3475 portavit
3062 3403 3117 3457 in
3152 3401 3374 3457 cmlum.

1798 3500 1923 3556 ldeo
1964 3500 2200 3553 diximus
2247 3498 2367 3553 sine
2414 3496 2578 3552 ullius
2625 3495 2916 3564 adjutorio,
2963 3502 3023 3549 ut
3049 3492 3382 3562 intelligatur

1801 3606 1909 3645 non
1952 3591 2232 3645 hominum
2275 3604 2375 3644 nec
2403 3588 2741 3658 angelorum,
2793 3600 2894 3642 nec
2923 3585 3086 3641 ullius
3109 3594 3374 3641 creatum

1801 3679 2048 3735 vehiculo
2077 3679 2388 3734 ascendisse
2432 3679 2488 3732 in
2533 3677 2752 3743 caelum,
2805 3676 2899 3732 sed
2927 3677 3163 3731 aPatris
3209 3673 3379 3743 maje-

1802 3780 1943 3825 state
1971 3770 2215 3823 elevatus
2235 3777 2340 3833 est,
2368 3770 2435 3823 de
2459 3784 2566 3837 quo
2602 3768 2716 3837 ipse
2758 3768 2897 3822 dixit
2941 3768 2996 3822 in
3038 3765 3336 3837 Evangelia
3363 3782 3379 3820 :

1811 3881 1828 3912 ι
1851 3861 1963 3932 Ego
1985 3870 2039 3915 et
2060 3859 2221 3914 Pater
2240 3875 2404 3915 unum
2420 3875 2624 3915 sumus.
2649 3879 2667 3912 ι
2688 3891 2755 3900 -
2773 3878 2792 3911 ‹
2812 3858 3099 3915 Oﬁ‘erimus
3113 3858 3386 3929 praeclara:

1804 3949 2077 4019 maiestati
2136 3957 2242 4004 tua:
2290 3951 2357 4004 de
2380 3950 2488 4004 tuis
2512 3949 2668 4004 donis
2711 3962 2777 4004 ac
2814 3949 2975 4015 datis,
3018 3949 3253 4003 hostiam
3281 3963 3386 4019 pu-

1806 4055 1940 4101 ram,
1973 4039 2205 4095 hostiam
2249 4047 2514 4105 sanctam,
2561 4039 2793 4094 hostiam
2824 4039 3254 4105 immaculatam,
3287 4054 3384 4110 pa-

1807 4148 1929 4190 nem
1978 4143 2223 4190 sanctum
2271 4134 2397 4190 vitae
2418 4144 2654 4201 aeterna},
2688 4143 2745 4190 et
2772 4135 2998 4189 calicem
3027 4133 3222 4189 salutis
3259 4148 3387 4203 per-

1805 4236 2000 4298 petuae.
2053 4225 2099 4283 0
2126 4226 2375 4291 Domine,
2429 4227 2671 4283 omnium
2702 4242 2972 4283 memores
3025 4242 3187 4297 supra
3214 4227 3390 4282 dicta-

1810 4334 1929 4374 rum
1985 4319 2290 4375 bonitatum
2348 4328 2562 4373 tuarum
2612 4318 2892 4375 oﬁ'erimus
2945 4327 3051 4373 tua:
3112 4316 3389 4390 maiestati

1811 4411 2046 4466 hostiam
2068 4425 2280 4482 puram,
2308 4428 2328 4461 ›
2366 4411 2471 4465 hoc
2488 4418 2571 4466 est
2608 4413 2772 4466 corde
2800 4425 2940 4480 puro
2969 4450 2985 4476 ,
3036 4411 3161 4481 quia
3193 4426 3387 4480 purum

1808 4509 1893 4556 est
1917 4517 2113 4571 corpus
2135 4510 2307 4567 tuum,
2332 4502 2477 4572 quod
2500 4501 2569 4556 dc
2603 4502 2706 4558 hoc
2736 4517 2877 4572 pane
2923 4501 3041 4555 ﬁert
3093 4503 3385 4557 credimus.

1812 4591 2058 4649 Hostiam
2123 4605 2358 4649 sanctam
2388 4633 2403 4658 ,
2467 4593 2594 4662 quia
2652 4602 2710 4647 tu
2781 4593 3131 4649 sanctillcasti
3196 4608 3390 4664 corpus

1812 4692 1960 4739 tuum
1983 4686 2196 4756 quando
2219 4684 2489 4740 hominem
2520 4685 2572 4738 in
2600 4685 2769 4740 Deum
2792 4684 3153 4754 assumpsisti,
3173 4694 3228 4739 et
3248 4699 3389 4739 nunc

1812 4774 2087 4830 sanctiﬁca
2141 4775 2284 4829 hunc
2337 4788 2531 4844 panem
2569 4783 2628 4827 ut
2671 4789 2868 4844 corpus
2918 4781 3067 4828 tuum
3102 4773 3215 4829 ﬁat.
3279 4773 3389 4829 Πο-

1811 4869 1967 4922 stiam
2021 4867 2436 4931 immaculatum,
2491 4866 2615 4936 quia
2648 4873 2701 4920 tu
2748 4869 2865 4920 sine
2917 4867 3127 4921 macula
3179 4865 3385 4938 peccati

1806 4974 2000 5029 passus
2051 4974 2111 5014 es
2159 4972 2257 5027 pro
2322 4957 2494 5011 nobis.
2560 4953 2761 5011 Panem
2804 4966 3041 5011 sanctum
3080 4958 3195 5012 ritca
3233 4965 3387 5012 mter-

1810 5065 1912 5113 me,
1962 5049 2089 5118 quia
2143 5049 2297 5119 panis
2337 5047 2492 5101 vivus
2541 5061 2620 5111 es,
2650 5047 2745 5117 qui
2773 5048 2839 5102 de
2866 5047 3003 5102 caelo
3043 5045 3386 5111 descendisti,

1813 5149 1869 5194 et
1895 5155 2094 5207 corpus
2126 5146 2272 5193 tuum
2304 5138 2357 5192 in
2386 5138 2489 5194 hoc
2512 5152 2652 5207 pane
2679 5154 2710 5192 a
2740 5146 2793 5193 te
2815 5138 3153 5195 sanetiﬁcato
3174 5154 3269 5193 nos
3296 5151 3386 5192 ac-

1815 5231 1999 5301 cipere
2044 5229 2283 5292 voluisti,
2317 5237 2372 5284 et
2416 5243 2515 5298 per
2564 5228 2788 5284 calicem
2838 5230 3104 5300 passionis
3139 5238 3241 5283 tute
3286 5241 3385 5281 nos

1817 5323 2135 5393 sanguinem
2192 5328 2345 5375 tuum
2406 5334 2623 5376 sumere
2686 5319 2923 5376 voluisti.
2978 5319 3059 5374 Tu
3108 5314 3383 5371 sanctiﬁca

1816 5414 1957 5470 hanc
1982 5411 2237 5474 hostiam,
2265 5421 2325 5466 ut
2352 5412 2507 5468 nobis
2530 5426 2725 5480 corpus
2754 5420 2901 5466 tuum
2936 5420 2992 5465 et
3020 5408 3233 5479 sanguis
3263 5414 3385 5460 tuus

1815 5504 1929 5558 ﬁat.
1963 5520 1981 5554 ι
2011 5502 2187 5572 Supra
2213 5517 2333 5572 quae
2352 5502 2584 5572 propitio
2619 5518 2683 5558 ac
2727 5517 2920 5558 sereno
2948 5501 3093 5556 vultu
3118 5499 3384 5569 rcSpicere

1817 5596 2077 5668 digneris.
2116 5616 2135 5649 ι
2164 5596 2279 5653 Hoc
2306 5597 2660 5666 deprecamur
2686 5607 2766 5663 ut,
2806 5598 2966 5652 Pater
2993 5603 3192 5657 sancte,
3222 5606 3383 5662 super

1815 5690 1955 5747 dona
1983 5707 2014 5746 a
2042 5689 2198 5747 nobis
2248 5687 2436 5746 oﬁ‘erta
2490 5687 2674 5764 [Forte
2718 5687 2916 5760 oblata]
2969 5687 3058 5758 pio
3104 5697 3159 5743 et
3187 5684 3379 5741 blando
