3936 6328
540 333 670 388 “87

1166 327 1228 381 B.
1270 323 1521 380 RABAN-i
1562 322 1780 378 MAURI
1817 319 2134 376 ARCHIEP.
2177 315 2486 373 MOGUNT.
2527 315 2810 372 OPERUM
2853 315 3032 371 PARS
3068 316 3153 370 111.

3681 319 3813 373 H88

533 443 682 499 vultu
701 444 915 498 etclam
931 440 1168 512 digneris
1183 438 1468 509 respicere,
1503 455 1521 487 ι
1550 445 1605 490 et
1631 442 1855 504 accepta
1880 434 2093 498 habere1

2206 427 2406 482 mittat.
2431 445 2448 478 ι
2472 426 2576 481 Per
2608 423 2886 480 Christum
2910 424 3200 480 Dominum
3224 436 3495 481 nostrum.
3515 426 3640 482 Per
3652 443 3814 498 quem

535 534 692 592 sicuti
732 540 952 604 accepta
982 530 1182 586 habere
1213 531 1462 601 dignatus
1491 545 1552 584 es
1577 543 1800 583 munera
1846 526 1996 598 pueri
2025 525 2102 580 tui

525 625 658 694 justi
688 623 842 690 Abel,
873 630 929 678 et
956 620 1283 676 sacriﬁcium
1311 621 1636 690 patriarcha:
1657 618 1828 674 nostri
1850 617 2098 680 Abrahae,

531 725 589 771 et
613 715 756 785 quod
787 714 882 770 tibi
936 713 1131 768 obtulit
1157 726 1398 767 summus
1445 710 1696 766 sacerdos
1721 717 1845 765 tuus
1878 707 2102 764 Melchi-

533 806 724 864 sedech
736 846 750 871 ,
767 812 1010 860 sanctum
1032 803 1377 868 sacriﬁcium,
1394 801 1789 857 immaculatam
1811 801 2062 856 hostiam.
2075 818 2096 853 ι

530 897 768 966 Accepta
797 895 987 950 habuit
1032 893 1291 949 Dominus
1321 907 1546 948 munera
1587 892 1742 957 Abel,
1792 893 1918 962 quia
1947 891 2102 961 quid-

521 987 658 1058 .quid
686 987 947 1058 optimum
976 985 1198 1048 invenit,
1227 983 1453 1038 Domino
1482 981 1694 1038 obtulit.
1721 982 1791 1036 Et
1838 997 1938 1038 nos
1955 981 2102 1050 iusta

531 1091 759 1131 munera
789 1083 844 1130 et
870 1077 1066 1130 munda
1111 1073 1244 1138 Deo,
1278 1071 1480 1126 mundo
1506 1069 1669 1126 corde
1697 1069 1894 1125 offerre
1941 1070 2104 1125 debe-

531 1184 671 1223 mus.
703 1167 974 1222 Abraham
1004 1165 1112 1220 ﬁlio
1141 1180 1239 1220 suo
1267 1179 1375 1219 non
1417 1163 1676 1233 pepercit,
1709 1163 1804 1218 sed
1845 1161 2102 1217 obediens

525 1259 753 1330 iussioni
801 1257 1009 1312 Domini
1072 1254 1266 1310 oﬁ'erre
1317 1267 1441 1308 eum
1485 1251 1672 1317 voluit,
1708 1249 2101 1306 Melchisedech

529 1347 736 1418 primus
764 1345 1013 1400 sacerdos
1033 1344 1264 1399 Domino
1288 1357 1482 1412 panem
1508 1349 1564 1396 et
1594 1341 1780 1396 vinum
1809 1340 2022 1406 obtulit,
2049 1349 2104 1396 et

531 1435 652 1490 ideo
671 1435 927 1503 scriptum
961 1441 1044 1488 est
1074 1433 1127 1486 in
1157 1432 1372 1487 Psalmo
1422 1451 1437 1487 :
1496 1450 1514 1482 ε
1547 1431 1627 1485 Tu
1673 1446 1733 1486 es
1759 1431 2011 1486 sacerdos
2047 1431 2101 1485 in

530 1532 787 1580 :etemum
808 1523 1101 1578 secundum
1118 1523 1364 1578 ordinem
1387 1520 1780 1576 Melchisedech
1805 1519 1974 1592 (Psal.
1989 1534 2098 1586 cxx,

529 1613 651 1686 4):
689 1634 710 1667 ι
751 1613 877 1683 quia
927 1613 1066 1668 sicut
1103 1611 1498 1668 Melchisedech
1552 1626 1746 1681 panem
1795 1619 1850 1665 et
1892 1611 2100 1676 vinum,

528 1703 604 1759 ita
628 1711 682 1759 et
708 1703 956 1758 Christus
981 1702 1035 1756 in
1067 1702 1318 1771 passione
1355 1715 1452 1756 sua
1481 1714 1676 1770 corpus
1701 1707 1756 1754 et
1781 1700 2094 1770 sanguinem

2205 513 2320 567 haec
2341 513 2543 576 omnia,
2571 512 2818 579 Domine,
2851 527 3066 582 semper
3086 513 3227 568 bona
3249 527 3428 580 creas,
3459 516 3812 582 sanctificas,

2203 604 2464 669 viviﬁcas,
2495 603 2771 659 benedicis
2792 612 2847 659 et
2875 613 3102 674 praestas
3125 605 3301 660 nobis.
3335 625 3354 658 ι
3390 605 3516 662 Hoc
3547 607 3816 664 videlicet

2202 710 2490 765 precamur
2521 702 2581 748 ut
2606 709 2704 765 per
2730 694 2908 764 ipsum
2936 693 3214 750 Christum
3257 695 3459 751 Filium
3493 705 3666 752 tuum
3695 700 3814 753 uni-

2203 786 2458 857 genitum,
2490 799 2591 854 per
2636 801 2800 854 quem
2848 786 3030 840 omnia
3080 785 3221 841 bona
3268 796 3456 843 creata
3497 797 3643 844 sunt
3687 805 3810 845 san—

2203 875 2442 931 ctiﬁcata
2487 883 2544 929 et
2587 875 2882 941 viviﬁcata,
2913 875 3030 931 haec
3079 887 3426 932 sacramenta
3479 879 3810 944 benedicas,

2203 975 2258 1021 et
2285 967 2443 1022 nobis
2491 969 2558 1021 ad
2614 967 2914 1022 remedium
2962 969 3352 1037 sempiternum
3406 972 3812 1042 accipienda

2202 1058 2474 1127 praebeas.
2511 1076 2530 1108 ι
2566 1056 2670 1112 Per
2695 1071 2854 1126 quem
2884 1066 2941 1113 et
2965 1073 3087 1112 cum
3117 1075 3226 1128 quo
3253 1067 3308 1114 et
3338 1061 3392 1114 in
3443 1077 3562 1131 quo
3594 1071 3690 1117 est
3721 1061 3812 1117 tibi

2202 1146 2313 1202 Deo
2360 1147 2508 1202 Patri
2539 1148 2913 1217 omnipotenti,
2952 1149 3007 1203 in
3052 1149 3260 1204 unitate
3311 1150 3560 1221 Spiritus
3611 1157 3810 1220 sancti,

2206 1237 2396 1294 omnis
2424 1238 2598 1292 honor
2654 1247 2708 1292 et
2744 1237 2933 1308 gloria,
2961 1252 3059 1307 per
3105 1241 3288 1294 omnia
3330 1242 3538 1296 saecula
3573 1244 3810 1299 saeculo-

2203 1342 2342 1390 rum,
2359 1341 2536 1382 amen.
2561 1345 2578 1377 ι
2606 1326 2736 1381 Post
2756 1327 2871 1382 haec
2883 1323 3026 1398 ’ergo
3046 1329 3114 1382 ad
3126 1330 3431 1386 orationem
3455 1333 3810 1390 Dominican

2201 1417 2608 1487 proferendam,
2637 1418 2894 1474 sacerdos
2942 1419 3135 1475 incitat
3163 1421 3426 1490 populum
3461 1424 3540 1478 ita
3571 1425 3805 1481 dicens:

2202 1505 2487 1578 Prwceptis
2546 1508 2872 1564 salutaribus
2921 1511 3107 1564 moniti
3162 1521 3210 1565 et
3238 1513 3422 1567 divina
3457 1515 3806 1572 institution

2200 1599 2434 1669 formati,
2463 1601 2721 1656 audemus
2773 1603 2964 1657 dicere.
3026 1601 3234 1658 Christi
3312 1606 3463 1660 enim
3521 1618 3804 1678 precept:

2201 1692 2374 1747 salute
2421 1701 2547 1747 sunt
2587 1693 2772 1762 plena,
2814 1694 2939 1763 quia
2969 1693 3082 1763 ipse
3129 1705 3214 1750 est
3250 1696 3401 1751 salus
3443 1707 3688 1762 interna,
3718 1715 3806 1754 cn-

527 1793 720 1849 obtulit
747 1793 859 1848 Deo
885 1792 1032 1847 Patri
1057 1807 1156 1861 pro
1183 1791 1358 1846 nobis.
1397 1790 1465 1844 Et
1501 1789 1557 1844 in
1587 1803 1726 1858 pane
1751 1798 1805 1843 et
1831 1789 1956 1843 vino
1977 1803 2101 1859 pas-
2127 1779 2175 1839 B
2196 1781 2288 1853 ius
2334 1781 2705 1838 admonitione
2752 1792 2808 1839 et
2843 1784 3088 1854 iussione
3115 1794 3278 1854 atque
3328 1787 3696 1842 institutione
3723 1789 3803 1843 di-

526 1884 693 1940 sionis
721 1898 830 1938 suae
855 1882 1170 1954 mysterium
1199 1895 1299 1936 nos
1328 1880 1528 1934 imitari
1553 1879 1743 1946 voluit,
1773 1878 1988 1949 quando
2018 1877 2100 1933 di-

529 1973 751 2044 scipulis
780 1972 892 2028 suis
911 1972 1045 2026 dans
1070 1985 1264 2041 panem
1288 1986 1352 2026 ac
1378 1970 1600 2025 calicem
1624 1971 1762 2025 dixit
1788 1988 1800 2023 :
1839 1989 1856 2020 ι
1889 1969 2003 2024 Hoc
2017 1975 2102 2024 est

526 2077 720 2132 corpus
772 2068 1075 2115 meum:et
1127 2060 1217 2116 hic
1244 2069 1330 2116 est
1385 2060 1524 2116 calix
1569 2060 1851 2130 sanguinis
1901 2061 2026 2115 mei.
2067 2078 2084 2110 ι

527 2150 743 2220 (Matth.
795 2164 945 2214 xxvr,
977 2148 1093 2217 ‘26.)
1151 2148 1219 2202 Et
1270 2162 1370 2203 nos
1397 2147 1702 2219 supplicare
1751 2148 2009 2203 debemus
2037 2155 2098 2201 ut

525 2242 664 2297 sicut
710 2241 1137 2309 supradictorum
1185 2246 1395 2309 patrum
1439 2248 1660 2309 accepta
1720 2239 1830 2293 Deo
1881 2237 2098 2292 fuerunt

529 2348 778 2398 munera,
799 2334 874 2387 ita
899 2334 1032 2387 ﬁant
1051 2341 1107 2387 et
1130 2341 1336 2387 nostra.
1371 2349 1390 2381 ι
1426 2329 1709 2400 Supplices
1733 2339 1786 2384 te
1819 2345 2092 2399 rogamus,

524 2424 864 2492 omnipotens
893 2421 1058 2487 Deus,
1080 2420 1209 2488 iube
1239 2421 1355 2475 haec
1375 2419 1602 2489 perferri
1633 2433 1730 2489 per
1761 2434 1949 2473 manus
1971 2435 2094 2474 san-

525 2512 598 2567 cti
625 2511 799 2581 angeli
829 2510 905 2564 tui
933 2511 989 2564 in
1044 2510 1272 2564 sublime
1326 2510 1494 2564 altare
1521 2516 1671 2562 tuum
1721 2509 1774 2562 in
1804 2517 2092 2578 conspectu

525 2602 722 2657 divina:
745 2599 1046 2671 maiestatis
1077 2608 1201 2654 tuae.
1239 2619 1256 2650 ι
1293 2599 1578 2654 Humiliter
1607 2615 1736 2670 ergo
1761 2600 2093 2670 postulamus

523 2701 582 2748 ut
609 2708 835 2747 munera
864 2699 1050 2748 nostra
1079 2707 1242 2762 super
1269 2692 1372 2748 hoc
1406 2692 1578 2747 altare
1612 2693 1755 2762 quod
1783 2693 1954 2748 videri
1992 2709 2089 2764 po-

443 2841 456 2850 ,
522 2792 627 2840 test
654 2784 854 2850 oblata,
885 2783 1048 2838 Pater
1069 2783 1254 2855 iubeat
1283 2784 1523 2840 caelestis
1569 2799 1665 2855 per
1693 2799 1889 2840 manus
1919 2786 2090 2840 sancti

523 2873 698 2944 angeli
726 2874 808 2928 sui
863 2873 1092 2944 perferri
1143 2873 1198 2928 in
1255 2873 1385 2928 illud
1441 2874 1608 2929 altum
1640 2874 1811 2929 altare
1836 2876 1978 2944 quod
2010 2884 2093 2930 est

519 2973 646 3020 ante
674 2965 911 3020 divinam
939 2964 1276 3035 maiestatem
1306 2980 1480 3032 suam,
1525 2967 1665 3035 quod
1695 2967 1867 3022 oculis
1892 2968 2092 3022 nostris

520 3057 703 3112 videre
747 3072 855 3112 non
910 3071 1218 3127 possumus,
1265 3057 1393 3128 quia
1439 3057 1716 3126 corporale
1754 3075 1861 3115 non
1891 3059 2090 3114 estsed

2201 1874 2326 1928 vina
2379 1872 2596 1928 formati
2649 1875 2765 1928 ausi
2815 1890 3000 1930 sumus
3042 1890 3234 1946 preces
3262 1876 3378 1932 Deo
3430 1879 3803 1949 omnipotenti

2201 1965 2416 2032 oﬂ'erre,
2437 1967 2592 2037 iuxta
2611 1966 2890 2037 exemplar
2909 1968 3052 2037 quod
3073 1968 3187 2038 ipse
3212 1968 3474 2024 Salvator
3497 1971 3804 2042 discipuh

2198 2073 2324 2113 suos
2353 2058 2537 2112 docuit
2567 2057 2622 2111 in
2667 2059 2914 2114 oratione
2964 2058 3075 2114 Deo
3102 2058 3302 2128 placita
3351 2061 3593 2127 habere,
3626 2073 3684 2118 et
3709 2063 3802 2116 Pa-

2198 2157 2334 2202 trem
2388 2148 2811 2218 omnipotentem
2874 2163 2974 2218 pro
3022 2151 3178 2205 nobis
3238 2152 3570 2221 suppliciter
3638 2156 3800 2209 inter-

2195 2237 2413 2308 pellare.
2438 2235 2602 2290 Pater
2629 2248 2803 2292 noster
2828 2241 2917 2306 qui
2943 2255 2995 2293 es
3021 2239 3076 2293 in
3105 2239 3269 2307 cretis,
3298 2239 3692 2309 Sancti/inetur
3720 2262 3800 2296 ne-

2194 2343 2312 2380 men
2346 2337 2516 2392 tuum,
2551 2325 2803 2380 Adveniat
2839 2343 3051 2397 regnum
3077 2337 3250 2394 tuum,
3277 2327 3410 2382 Fiat
3441 2330 3798 2385 voluntatum

2192 2418 2325 2471 sicut
2368 2417 2423 2469 in
2451 2415 2575 2470 coelo
2605 2425 2652 2470 et
2681 2415 2736 2470 in
2779 2425 2939 2482 terra,
2985 2416 3187 2471 Panem
3235 2429 3484 2473 nostrum
3539 2423 3798 2492 quotidie-

2195 2526 2320 2563 num
2366 2508 2433 2562 da
2463 2509 2608 2563 nobis
2637 2509 2810 2573 hodie,
2863 2509 2931 2563 Et
2956 2510 3158 2565 dimitte
3183 2511 3334 2566 nobis
3361 2513 3548 2566 debita
3603 2526 3798 2580 nostra.

2192 2603 2327 2655 sicut
2353 2611 2400 2654 et
2428 2617 2520 2654 nos
2550 2600 2858 2655 dimittimus
2893 2602 3211 2657 debitoribus
3242 2606 3467 2670 nostris,
3511 2606 3588 2660 Et
3619 2626 3684 2661 ne
3711 2626 3798 2664 ltus

2192 2690 2411 2744 inducas
2441 2691 2498 2743 in
2528 2691 2883 2745 tentationem.
2914 2691 3018 2746 Sed
3045 2690 3208 2746 libera
3244 2709 3341 2748 nos
3376 2713 3410 2748 a
3439 2697 3612 2751 malo.
3646 2700 3800 2756 [nhil

2193 2795 2322 2850 ergo
2372 2791 2577 2848 septem
2617 2781 2966 2851 petitionibus
3009 2783 3284 2853 poscimus
3332 2785 3514 2842 Deum
3558 2802 3796 2859 patrem,

2192 2878 2253 2924 ut
2283 2869 2438 2924 nobis
2469 2884 2528 2923 ea
2562 2884 2683 2939 quae
2714 2871 2948 2927 salubria
2993 2883 3122 2929 sunt
3165 2875 3445 2944 conferat,
3477 2889 3537 2935 et
3579 2897 3646 2936 ea
3675 2899 3790 2952 qua:

2194 2963 2357 3018 noxia
2387 2971 2512 3017 sunt
2543 2963 2731 3032 procul
2759 2980 2788 3018 a
2817 2967 2972 3021 nobis
2999 2967 3246 3037 repellat.
3299 2968 3478 3040 Cuius
3515 2976 3798 3045 petitionis

2193 3055 2584 3124 expositionem
2631 3054 2788 3125 iuxta
2846 3067 3153 3113 sanctorum
3211 3059 3509 3118 doctorum
3559 3081 3788 3121 sensum

518 3148 778 3218 spiritale.
812 3149 880 3202 Et
912 3123 1074 3203 —sicut
1126 3163 1224 3202 nos
1256 3123 1490 3203 divinam
1533 3123 1870 3217 maiestatem
1914 3149 2093 3206 Patris
2121 3123 2164 3185 C
2196 3123 2432 3199 bl'éVilel'
2471 3145 2559 3200 hic
2587 3146 2846 3202 adllOlal'e
2867 3163 3139 3204 curamus-
3171 3147 3363 3218 Ραῑεν,
3389 3153 3595 3224 inquit.
3623 3169 3792 3210 ’ωεισ

519 3238 844 3308 investigare
867 3253 976 3293 non
1004 3252 1291 3308 possumus
1315 3278 1329 3302 ,
1368 3238 1442 3291 ita
1491 3254 1590 3293 nec
1619 3253 1682 3292 ea
1726 3255 1845 3310 quae
1889 3239 1941 3293 in
1966 3256 2096 3295 con-

523 3338 708 3398 spectu
753 3327 872 3396 eius
920 3337 1046 3382 sunt
1079 3327 1338 3382 debemus
1391 3328 1734 3399 investigare,
1781 3330 1876 3384 sed
1917 3331 2095 3400 potius

531 3419 774 3483 credere,
815 3436 834 3468 ε
871 3425 931 3471 ut
953 3426 1219 3488 quotquot
1245 3432 1310 3471 ex
1341 3419 1441 3474 hac
1470 3419 1656 3475 altaris
1687 3421 2094 3491 participatione

521 3517 926 3565 sacrosanctum
954 3508 1074 3564 Filii
1108 3509 1186 3563 tui
1209 3525 1406 3580 corpus
1432 3519 1487 3565 et
1511 3512 1828 3582 sanguinem
1849 3529 2092 3584 sumpse-

521 3600 708 3666 rimus,
740 3599 886 3654 ozmi
937 3600 1314 3656 benedictione
1340 3602 1546 3657 coelein
1576 3611 1632 3657 et
1676 3604 1846 3674 gratia
1879 3603 2091 3673 replea-

519 3709 644 3749 mur
668 3707 767 3764 per
794 3692 1066 3748 Christum
1091 3693 1378 3749 Dominum
1416 3683 1683 3751 nostrum.
1718 3718 1735 3749 ι
1771 3697 1938 3754 Orare
1975 3701 2094 3771 qui-

519 3783 640 3838 dem
665 3782 921 3838 debemus
962 3783 1181 3838 Patrem
1228 3784 1525 3850 caelestem,
1579 3795 1636 3840 ut
1685 3801 1873 3844 omnes
1901 3789 1992 3858 qui
2024 3805 2092 3845 ex

519 3874 688 3946 ipsius
713 3874 900 3929 altaris
939 3876 1351 3945 participatione
1387 3891 1550 3946 supra
1597 3878 1740 3946 quod
1785 3895 1883 3934 nos
1909 3874 2094 3935 oﬂ'eri-

518 3979 639 4020 mus
665 3965 773 4020 Deo
813 3965 957 4019 Patri
999 3965 1053 4019 in
1077 3968 1590 4023 commemoratione
1611 3968 1731 4024 Filii
1763 3972 1842 4025 sui
1873 3971 2088 4026 Domini

519 4055 614 4111 Dei
643 4058 811 4111 nostri
841 4055 970 4111 Jesu
998 4057 1219 4124 Christi,
1263 4073 1460 4128 corpus
1499 4069 1556 4115 et
1583 4063 1898 4133 sanguinem
1947 4078 2090 4134 prte-

517 4148 645 4202 dieti
676 4145 795 4201 Filii
825 4147 923 4201 Dei
963 4149 1371 4218 sumpserimus,
1413 4165 1629 4205 omnem
1655 4144 2087 4210 benedictionem

517 4237 792 4292 cmlestem
805 4238 1050 4306 accipere
1067 4253 1370 4308 mereamur
1381 4255 1478 4309 per
1502 4240 1676 4310 ipsum
1689 4241 1966 4297 Christum
1987 4246 2093 4299 Do-

517 4328 722 4381 minum
744 4336 1010 4382 nostrum.
1035 4347 1052 4378 ι
1075 4327 1239 4384 Nobis
1252 4345 1464 4399 quoque
1484 4333 1860 4399 peccatoribus
1875 4334 2092 4391 famulis

519 4417 624 4471 tuis
651 4417 719 4472 de
742 4416 1084 4472 multitudine
1130 4419 1536 4476 miserationum
1573 4433 1784 4478 tuarum
1821 4427 2088 4494 speranti-

515 4507 615 4561 bus
639 4516 849 4576 partem
902 4507 1137 4577 aliquam
1164 4517 1220 4563 et
1267 4511 1579 4568 societatem
1609 4515 1810 4571 donare
1855 4517 2092 4588 digneris

514 4616 639 4655 cum
673 4601 779 4656 tuis
827 4601 1031 4656 sanctis
1061 4603 1318 4673 apostolis
1347 4614 1402 4660 et
1435 4608 1762 4679 martyribus
1788 4611 1873 4665 vel
1915 4612 2089 4667 omni-

517 4689 617 4744 bus
643 4691 868 4747 sanctis.
893 4711 910 4742 ι
931 4691 1250 4763 Tequoque,
1267 4694 1704 4764 clementissime,
1730 4701 2003 4769 poscimus
2032 4711 2092 4757 ut

518 4791 736 4848 peccata
759 4794 943 4840 nostra
973 4801 1080 4840 non
1121 4786 1370 4856 aspicias,
1398 4790 1492 4843 sed
1526 4791 1821 4846 secundum
1869 4792 2087 4862 largita.-

521 4879 625 4926 tem
647 4876 902 4933 bonitatis
937 4887 1040 4934 ture
1085 4879 1278 4950 gaudia
1306 4892 1506 4936 :eterna
1539 4885 1694 4939 nobis
1743 4885 1979 4940 tribuere
2009 4887 2088 4941 di-

521 4964 698 5030 gneris
725 4955 779 5020 et
824 4970 1291 5040 participationem
1339 4972 1520 5041 gaudii
1575 4973 1626 5026 in
1683 4983 1884 5029 aeterna
1913 4975 2096 5029 laetitia

523 5068 643 5107 cum
677 5059 926 5113 omnibus
981 5061 1188 5116 sanctis
1229 5061 1333 5116 tuis
1388 5063 1776 5132 perpetualiter
1823 5065 2092 5120 conferre.

528 5161 547 5192 ι
577 5142 715 5198 intra
746 5161 975 5216 quorum
1015 5166 1112 5206 nos
1142 5152 1492 5217 consortium,
1533 5169 1641 5208 non
1667 5155 1964 5210 aestimator
1990 5171 2095 5212 me-

523 5234 632 5300 riti,
661 5237 754 5292 sed
775 5240 946 5294 venite
973 5257 1282 5310 quaesumus
1309 5245 1532 5314 largitor
1554 5246 1797 5301 admitte.
1822 5267 1840 5298 ι
1865 5247 1976 5303 Hoc
2006 5264 2096 5304 ro-

521 5339 729 5394 gamus,
765 5337 822 5381 ut
864 5329 978 5398 ipse
1009 5331 1101 5400 qui
1129 5333 1263 5386 dixit
1292 5349 1307 5388 :
1343 5332 1410 5388 In
1479 5351 1787 5404 quacunque
1835 5339 1919 5390 die
1969 5356 2090 5408 pec-

521 5423 667 5469 cator
703 5433 978 5473 conversus
1011 5420 1166 5489 fuerit
1211 5433 1256 5476 et
1284 5426 1636 5493 paenitentiam
1675 5428 1855 5497 egerit,
1909 5432 2085 5484 omnia

517 5515 728 5572 peccata
759 5507 871 5577 ejus
925 5509 978 5562 in
1008 5509 1263 5565 oblivione
1295 5523 1444 5566 erunt
1480 5531 1657 5569 coram
1691 5535 1770 5570 me
1793 5558 1808 5583 ,
1861 5535 1967 5573 non
1998 5537 2085 5575 re-

461 5655 464 5658 _
520 5595 862 5652 tributionem
911 5609 1252 5670 peccatorum
1300 5605 1552 5671 aestimet,
1602 5608 1694 5663 sed
1751 5610 1864 5680 ipse
1894 5612 2084 5667 sitve-

521 5687 624 5741 niaa
674 5688 914 5760 largitor,
968 5703 1021 5749 et
1076 5693 1213 5748 intra
1266 5705 1574 5752 sanctorum
1629 5701 1942 5758 societatem
1986 5719 2085 5762 nos

2192 3237 2283 3307 qui
2313 3253 2366 3290 es
2412 3237 2467 3290 in
2517 3235 2680 3303 caelis,
2718 3238 2962 3295 Christus
3009 3240 3146 3296 dixit
3194 3242 3258 3296 ad
3307 3242 3622 3315 discipulos
3669 3263 3790 3302 suos

2191 3337 2313 3397 post
2333 3330 2780 3384 resurrectionem
2810 3347 2990 3387 suam:
3019 3332 3254 3388 Ascendo
3276 3335 3349 3388 ad
3375 3335 3603 3392 Patrem
3627 3357 3789 3393 sum

2191 3429 2238 3473 et
2287 3421 2356 3473 ad
2393 3419 2601 3474 Patrem
2651 3433 2894 3476 rostrum.
2945 3423 3122 3479 Aliter
3171 3426 3320 3480 enim
3375 3427 3522 3483 dixit
3572 3429 3780 3486 Patren

2193 3525 2369 3576 suum,
2395 3511 2553 3566 aliter
2579 3511 2796 3568 Patrem
2827 3523 3069 3570 nostrum
3093 3535 3106 3569 :
3134 3515 3352 3572 Patrem
3384 3521 3598 3591 quippe
3623 3538 3788 3584 suum.

2190 3602 2315 3671 quia
2367 3603 2478 3670 ipse
2524 3604 2773 3674 proprius
2819 3614 2904 3660 est
2939 3606 3110 3661 Filius
3153 3607 3332 3664 Patris
3362 3626 3432 3665 ex
3485 3614 3784 3668 substantia

2192 3690 2370 3745 Patris
2397 3701 2524 3746 alite
2553 3694 2733 3748 omnia
2767 3702 3009 3766 tempora
3045 3699 3285 3767 genitus,
3319 3700 3424 3769 ipsi
3469 3701 3628 3758 Patri
3665 3720 3790 3758 m-

2191 3787 2396 3836 ternus.
2427 3781 2590 3838 Pater
2624 3793 2808 3840 noster
2836 3801 3050 3856 quoque
3087 3799 3169 3844 est
3197 3791 3319 3846 ideo
3351 3794 3486 3862 quia
3519 3811 3624 3850 nos
3645 3812 3778 3851 erea-

2191 3874 2270 3930 vit
2302 3875 2357 3929 in
2387 3883 2651 3946 tempore,
2683 3887 2740 3932 ut
2772 3893 2870 3934 nos
2896 3879 2988 3932 ﬁlii
3015 3881 3132 3951 eius
3164 3898 3417 3939 essemus
3458 3889 3702 3958 adoptivi
3733 3901 3782 3944 et

2193 3964 2564 4020 htereditatem
2606 3969 2877 4025 omlestem
2907 3971 3088 4028 Patris
3123 3976 3294 4029 nostri
3329 3978 3580 4034 cculestis
3629 3979 3788 4050 pensi-

2193 4053 2320 4108 dere
2335 4053 2451 4110 sine
2479 4054 2583 4110 ﬁne
2598 4072 2898 4126 possemus,
2916 4063 3170 4132 operibus
3192 4074 3318 4121 ante
3347 4067 3637 4137 implendo
3655 4075 3788 4142 quod

2195 4143 2248 4198 in
2288 4147 2636 4215 perceptione
2679 4148 2801 4204 ﬁdei
2855 4167 2953 4206 nos
3002 4152 3244 4211 facturos
3287 4159 3447 4226 prius
3503 4164 3786 4231 spopondi-

2193 4247 2331 4286 mus.
2386 4233 2592 4289 leum
2627 4253 2656 4290 a
2685 4240 2926 4296 caalando
2965 4243 3186 4310 dicitur,
3217 4262 3282 4302 eo
3313 4251 3464 4316 quod
3507 4252 3676 4307 caelat
3715 4255 3788 4308 di.

2192 4323 2316 4377 vina
2357 4336 2583 4381 secreta.
2628 4328 2799 4385 Aliter
2827 4331 3023 4388 coelum
3068 4350 3096 4387 a
3129 4336 3460 4394 celsitudine
3485 4342 3782 4406 dicitur,eo

2193 4416 2334 4484 quod
2374 4415 2536 4472 altius
2585 4429 2667 4474 est
2719 4422 2879 4476 rebus
2935 4426 3184 4480 terrenis.
3247 4426 3360 4483 Nos
3415 4441 3608 4486 autem
3665 4434 3782 4488 ideo

2197 4505 2455 4561 dicimus:
2510 4505 2671 4563 Pater
2718 4523 2891 4566 noster
2926 4514 3016 4584 qui
3053 4532 3105 4568 es
3141 4517 3193 4570 in
3223 4518 3391 4583 caelis,
3423 4532 3620 4590 ulmos
3670 4541 3782 4577 cre-

2197 4595 2323 4652 dere
2360 4599 2711 4656 ostendamus
2750 4602 2803 4656 in
2827 4611 3038 4672 pat-rem
3079 4607 3382 4672 caelestem,
3409 4621 3470 4666 et
3509 4615 3652 4668 sicut
3697 4614 3782 4667 lilii

2197 4687 2376 4744 devoti
2431 4691 2604 4760 patris
2641 4694 2723 4747 sui
2759 4705 3026 4765 praecepta
3068 4699 3292 4768 cupiunt
3329 4701 3608 4771 implere,
3639 4706 3709 4759 ita
3732 4717 3782 4758 et

2194 4797 2292 4837 nos
2328 4783 2495 4852 ipsius
2533 4787 2784 4840 mandata
2823 4788 3102 4856 perﬁcere,
3149 4800 3204 4845 et
3238 4793 3306 4847 ad
3336 4795 3548 4850 caelum
3575 4812 3778 4866 semper

2196 4873 2415 4928 tendere
2444 4873 2829 4931 desideremus.
2861 4876 3229 4950 Sanctrﬁcetur
3261 4900 3454 4938 nomen
3479 4897 3652 4940 tuum.
3677 4887 3778 4941 Hec

2198 4974 2305 5030 est,
2330 4973 2388 5019 ut
2417 4981 2514 5020 nos
2537 4966 2683 5037 digni
2727 4968 2898 5024 simus
2926 4987 3121 5030 nomen
3157 4984 3407 5030 sanctum
3435 4978 3566 5046 eius
3597 4989 3776 5034 tenere

2201 5055 2252 5110 in
2304 5056 2557 5112 cordibus
2605 5060 2840 5115 nostris:
2882 5070 2938 5115 ut
2993 5063 3132 5116 sicut
3157 5064 3336 5134 angeli
3379 5070 3564 5123 sancti
3595 5071 3682 5140 qui
3719 5069 3772 5122 ὴ

2197 5145 2334 5201 coelo
2366 5154 2490 5200 sunt
2530 5148 2710 5202 sciunt
2751 5157 2806 5204 et
2853 5150 3161 5223 intelligunt
3209 5158 3569 5213 sanctitatem
3615 5160 3778 5214 numi—

2195 5237 2281 5292 nis
2337 5238 2457 5303 sui,
2493 5238 2566 5292 ita
2596 5245 2651 5293 et
2701 5255 2802 5294 nos
2851 5241 2940 5310 qui
2970 5241 3024 5296 in
3075 5253 3216 5299 terra
3255 5261 3472 5314 sumus,
3525 5251 3644 5320 ipso
3683 5252 3782 5304 sd-

2189 5325 2413 5397 iuvante
2471 5328 2811 5383 sanctitatem
2867 5333 3098 5387 nominis
3161 5333 3278 5403 eius
3325 5353 3646 5394 mereamur
3693 5355 3783 5394 ω-

2195 5435 2486 5490 gnoscere,
2527 5429 2792 5490 quatenus
2835 5422 2975 5477 sicut
3012 5423 3064 5478 in
3105 5424 3272 5490 crelo,
3323 5427 3400 5481 ita
3444 5438 3507 5483 et
3559 5432 3612 5486 in
3643 5441 3781 5483 terra

2194 5505 2266 5566 sit
2329 5527 2520 5566 nomen
2577 5510 2692 5579 eius
2753 5513 3162 5569 sanctificatum.
3244 5519 3505 5573 Adrcaiat
3573 5537 3780 5591 regem

2192 5611 2338 5656 tuum
2393 5603 2550 5659 :hoc
2608 5598 2730 5670 est,
2801 5614 2863 5660 ut
2923 5623 3022 5663 nos
3077 5623 3298 5680 regnum
3367 5612 3489 5682 eius
3563 5625 3622 5670 et
3678 5630 3780 5684 po—

2191 5695 2411 5749 tentiam
2469 5694 2584 5765 eius
2649 5710 2954 5764 mereamur
3001 5713 3326 5770 cognoscere
3371 5743 3388 5768 ,
3439 5712 3498 5758 et
3561 5715 3618 5760 ut
3663 5704 3776 5772 im
