3936 6328
133 306 279 363 “89

1164 267 1365 351 uasa
1405 295 1492 349 DE
1528 292 1771 348 SACRIS
1807 293 2201 360 enormous,
2242 295 2390 351 ETC.

3254 303 3391 360 H90

128 424 360 487 propter
390 419 610 483 peccata
652 417 835 466 nostra
885 409 1130 466 diabolus
1158 425 1264 463 non
1309 415 1495 478 regnet
1549 410 1786 476 superA
1817 407 1984 462 simus
2044 423 2257 477 semper
2321 409 2498 475 liberi,
2557 419 2610 465 et
2661 413 2730 466 ab
2789 415 2932 468 omni
2989 418 3391 486 perturbatione

129 523 271 571 nos;
301 505 394 560 sed
432 503 597 573 ipsius
627 516 852 572 regnum
877 501 1149 566 adveniat,
1175 501 1316 555 sicut
1344 501 1398 554 in
1423 497 1717 568 Evangelio

133 597 402 664 scriptum
418 600 534 648 est:
562 591 795 664 Regnum
810 591 904 644 Dei
930 593 1069 645 intra
1091 607 1178 644 vos
1201 598 1378 644 est.—
1398 587 1521 641 Fiat
1539 587 1718 642 volun-

133 696 229 740 tas
257 663 371 738 itua
421 683 556 738 sicut
585 683 639 736 in
688 663 812 736 coita
859 691 908 736 et
948 681 1004 736 in
1027 690 1200 736 terra:
1232 680 1336 735 hoc
1378 687 1478 742 εει,
1512 687 1571 732 ιιι
1603 678 1720 749 ejus

132 779 472 834 voluntatem
503 777 644 830 sicut
672 775 766 840 illi,
793 775 969 844 quiin
1009 775 1146 830 coelo
1176 782 1322 839 sunt,
1361 773 1594 839 faciunt,
1645 773 1720 827 ita

135 879 195 926 et
230 885 351 935 nos,
393 867 567 937 quiin
609 874 752 920 terra
789 881 994 930 sumus,
1051 865 1331 920 faciamus.
1389 863 1556 918 Terra
1581 878 1610 917 a
1641 870 1721 918 te—

135 959 316 1016 rendo
351 959 570 1024 dicitur,
599 973 664 1013 eo
694 957 837 1026 quod
869 956 1098 1025 pedibus
1138 956 1348 1010 teritur.
1399 952 1600 1009 Panem
1626 970 1721 1007 no-

134 1061 313 1105 strum
380 1049 744 1120 quotidianum
794 1047 864 1101 da
939 1047 1085 1102 nobis
1130 1048 1302 1102 hodie.
1368 1047 1531 1102 Panis
1581 1045 1722 1116 apud

135 1140 362 1195 Graecos
386 1139 442 1192 in
476 1146 660 1193 nostra
686 1138 866 1209 lingua
895 1139 1070 1194 omnis
1101 1139 1508 1208 interpretatur,
1539 1145 1593 1193 et
1621 1152 1722 1192 nos

137 1247 364 1286 oramus
387 1240 446 1285 ut
469 1230 806 1300 omnipotens
835 1229 995 1285 Pater
1028 1245 1240 1317 gmnem
1261 1231 1462 1286 victum
1507 1230 1721 1300 Spirita-

139 1322 256 1376 lem
286 1337 346 1376 ac
371 1320 642 1376 carnalem
666 1319 822 1374 nobis
850 1319 1047 1391 largire
1091 1320 1341 1392 dignetur
1381 1319 1528 1377 omni
1578 1327 1716 1374 tem-

137 1427 297 1482 pore.
343 1411 410 1465 Et
440 1411 641 1465 dimitte
679 1410 825 1464 nobis
847 1411 1019 1464 debita
1040 1422 1240 1478 nostra,
1272 1413 1404 1465 sicut
1430 1421 1477 1465 et
1503 1428 1595 1465 nos
1638 1410 1720 1464 di-

141 1505 400 1559 mittimus
425 1503 739 1558 debitoribus
768 1503 976 1557 nostris.
1008 1503 1151 1557 Nihil
1177 1503 1320 1557 enim
1345 1503 1539 1572 injuste
1569 1502 1716 1565 facit,

143 1595 242 1665 qui
297 1595 396 1649 sibi
439 1594 652 1649 debenti
704 1593 940 1649 debitum
989 1593 1217 1663 requirit
1254 1611 1266 1646 :
1319 1594 1412 1648 sed
1455 1593 1499 1648 si
1542 1593 1718 1647 omni-

141 1695 338 1756 potens
379 1685 518 1740 Deus
548 1700 578 1739 a
614 1683 772 1740 nobis
804 1683 986 1738 omnia
1016 1684 1194 1739 debita
1244 1683 1492 1754 requirit,
1542 1683 1720 1738 nullus

1818 498 2015 562 securi,
2049 519 2066 550 ι
2101 499 2203 555 hoc
2249 508 2352 566 est,
2398 507 2457 556 ut
2507 502 2744 572 peccatis
2779 507 2974 561 nostris
3019 508 3276 574 dimissis,
3337 510 3392 564 in

1817 591 2067 659 prmsenti
2099 591 2292 646 sazculo
2321 607 2426 646 non
2449 595 2826 662 perturbentur
2851 596 3045 652 iterum
3075 608 3359 666 peccantes
3377 641 3392 666 ,

1818 695 1922 736 nec
1960 681 2013 735 in
2063 683 2148 736 die
2189 681 2378 750 judicii
2413 693 2669 739 :eternam
2711 687 2981 756 patiamur
3035 691 3395 758 perturbatio-

1821 787 1966 828 nem.
1997 791 2016 823 ι
2047 773 2151 828 Ρει·
2173 775 2454 830 Dominum
2486 785 2746 831 nostrum.
2785 797 2802 829 ι
2835 777 2939 832 Ρει·
2966 779 3136 847 ipsum
3180 796 3308 850 ergo
3337 780 3398 834 (i-

1829 861 1964 916 lium
2006 863 2097 918 Dei
2133 866 2304 934 patris
2337 867 2738 937 omnipotenns,
2771 869 2814 922 si
2843 869 2908 922 ad
2938 869 3098 923 vitam
3136 879 3398 926 aeternam
3461 929 3465 932 λ

1826 944 2648 1021 perveniredesideraverimus
2682 999 2696 1021 ,
2751 960 2900 1029 regni
2957 960 3196 1016 caelestis
3242 962 3400 1017 nobis

1819 1045 1997 1100 aditus
2027 1047 2403 1115 adipiscendus
2430 1056 2533 1112 est,
2573 1050 2696 1118 quia
2731 1050 2846 1104 sine
2872 1051 2984 1118 ipso
3007 1052 3094 1105 hic
3119 1066 3399 1122 prospere,

1835 1135 1970 1190 etin
2007 1135 2184 1190 futura
2229 1138 2338 1192 vita
2373 1137 2604 1195 feliciter
2649 1156 2772 1196 cum
2812 1143 3014 1196 sanctis
3039 1145 3243 1215 angelis
3283 1143 3402 1213 ejus

1821 1237 2061 1291 regnare
2105 1239 2442 1296 nequaquam
2493 1229 2816 1296 poterimus;
2856 1232 2980 1300 quia
3015 1233 3126 1302 ipse
3173 1245 3256 1289 est
3298 1236 3401 1289 ini-

1829 1313 1964 1368 tium
1994 1322 2049 1369 et
2073 1315 2338 1384 perfectio
2365 1318 2530 1372 totius
2551 1320 2698 1385 boni,
2733 1339 2752 1370 ι
2774 1323 2866 1390 qui
2885 1337 3006 1376 cum
3020 1323 3180 1380 Patre
3204 1333 3258 1380 et
3283 1325 3402 1397 Spi-

1818 1403 1930 1458 ritu
1977 1415 2166 1461 sancto
2199 1407 2331 1461 vivit
2367 1417 2422 1462 et
2453 1419 2640 1479 regnat
2669 1410 2810 1467 Deus
2843 1429 2942 1482 per
2979 1415 3156 1469 omnia
3202 1417 3400 1471 stecula

1819 1492 2162 1548 saeculorum.
2202 1515 2221 1548 ι
2250 1496 2400 1552 Tunc
2424 1499 2676 1554 sacerdos
2691 1515 2876 1569 pacem
2902 1504 3096 1573 populo
3123 1505 3402 1573 postulans

1820 1585 1981 1639 dicit:
2036 1584 2156 1640 Paa:
2202 1587 2416 1644 Domini
2454 1593 2520 1645 sit
2567 1609 2768 1663 semper
2820 1597 3099 1651 vobiscum.
3157 1597 3403 1656 Christus

1821 1676 1966 1730 enim
1990 1687 2073 1731 est
2103 1693 2206 1747 pax
2238 1687 2457 1744 :eterna,
2493 1685 2585 1752 qui
2617 1700 2715 1740 nos
2744 1688 3110 1743 reconciliavit
3132 1689 3278 1744 Patri
3305 1707 3403 1761 per

142 1754 267 1835 sine
293 1778 472 1834 debito
499 1778 819 1841 invenietur,
851 1786 906 1832 et
934 1777 1053 1831 ideo
1101 1776 1358 1832 debemus
1385 1757 1720 1832 debitoribus

1824 1765 2133 1833 passionem
2190 1781 2366 1833 suam,
2396 1785 2463 1824 ne
2509 1781 2731 1841 propter
2779 1784 3058 1843 peccatum
3095 1778 3256 1846 primi
3305 1754 3402 1834 ho-

143 1870 348 1925 nostris
380 1869 556 1924 debita
601 1868 874 1923 dimittere
900 1908 915 1934 ,
948 1876 1008 1922 ut
1034 1868 1190 1923 nobis
1233 1868 1578 1937 omnipotens
1623 1883 1721 1922 no-

144 1971 259 2016 stra
287 1961 549 2026 dimittat,
583 1959 708 2029 quia
739 1960 853 2028 ipse
879 1959 1049 2014 dixit:
1084 1978 1100 2010 ι
1154 1957 1210 2013 Si
1258 1974 1364 2012 non
1404 1957 1723 2013 remiseritis

143 2053 513 2123 unusquisque
565 2051 717 2106 fratri
761 2067 860 2106 suo
906 2051 972 2106 de
1036 2050 1288 2105 cordibus
1337 2050 1572 2114 vestris;
1624 2063 1724 2103 nec

144 2143 306 2207 Pater
350 2151 530 2198 vester
567 2141 801 2198 caelestis
836 2141 1072 2195 remittet
1100 2141 1254 2196 vobis
1279 2148 1502 2211 peccata
1537 2147 1720 2195 vestra

148 2233 360 2304 (Matth.
385 2250 537 2299 xvul,
558 2233 671 2304 55).
701 2253 718 2283 ι
743 2233 809 2287 Ει
831 2233 985 2287 alibi:
1019 2252 1036 2284 ι
1065 2231 1414 2297 Auferuntur,
1440 2232 1628 2301 inquit,
1655 2232 1722 2286 de

146 2341 311 2396 regno
343 2324 460 2395 ejus
510 2327 689 2381 omnia
735 2325 988 2380 scandala
1025 2324 1240 2396 (Matth.
1268 2341 1390 2389 xui,
1421 2324 1534 2393 41).
1581 2342 1600 2374 ι
1655 2321 1722 2376 Ει

145 2421 343 2474 iterum
381 2437 394 2473 :
427 2417 759 2487 Sacriﬁcium
788 2435 892 2471 non
923 2418 1173 2485 recipitur
1219 2433 1268 2471 st
1317 2433 1432 2470 cum
1469 2413 1721 2469 scandala

147 2511 386 2580 offertur,
446 2510 540 2565 sed
600 2518 724 2564 ante
783 2509 956 2563 altare
1007 2507 1206 2563 dimitti
1274 2506 1498 2575 jubctur
1547 2520 1720 2575 usque

149 2603 278 2656 dum
309 2601 682 2657 reconcilietur
717 2599 870 2654 fratri
910 2614 1028 2665 suo,
1073 2607 1130 2654 et
1157 2606 1286 2653 tunc
1315 2597 1496 2653 otferri
1522 2597 1722 2652 mundo

149 2691 332 2746 corde.
396 2687 465 2743 Et
518 2708 579 2744 ne
637 2707 728 2744 nos
782 2689 1000 2743 inducas
1055 2688 1111 2742 in
1160 2688 1496 2742 tentationem
1542 2703 1560 2750 ;
1619 2685 1728 2739 hoc

150 2791 256 2845 est,
313 2793 381 2835 ne
433 2779 692 2835 intremus
753 2780 806 2833 in
859 2778 1004 2832 illam
1063 2777 1417 2832 tentationem
1475 2775 1530 2828 in
1603 2789 1710 2843 qua

149 2870 397 2927 diabolus
453 2886 550 2926 nos
608 2877 792 2933 tentat,
853 2876 919 2942 et
970 2869 1020 2923 ei
1091 2882 1197 2922 non
1267 2863 1713 2928 consentiamus,

151 2961 250 3017 sed
301 2961 554 3016 Dominus
582 2961 696 3031 ipse
747 2974 845 3014 nos
889 2957 1158 3022 defendat,
1189 2969 1257 3011 ne
1307 2955 1624 3009 inducamur
1667 2952 1719 3006 in

152 3049 502 3105 tentationem
530 3048 848 3103 diabolicam
875 3064 890 3112 ;
926 3046 1065 3115 quod
1095 3045 1140 3100 si
1172 3060 1270 3099 nos
1297 3045 1440 3099 Deus
1467 3040 1716 3108 dimittit,

1822 1856 1987 1913 minis
2025 1859 2078 1912 in
2107 1858 2318 1915 inferno
2370 1871 2674 1918 teneremur
2703 1881 2718 1930 ;
2751 1865 2840 1920 hic
2877 1876 2998 1921 orat
3049 1871 3301 1926 sacerdos
3344 1880 3403 1925 ut

1822 1949 1913 2004 illa
1937 1965 2041 2019 pax
2065 1966 2184 2005 cum
2218 1953 2415 2024 populo
2441 1966 2774 2024 permaneat,
2801 1966 2856 2013 et
2877 1973 3066 2014 omnes
3099 1963 3398 2019 concordes

1823 2037 2004 2105 faciat,
2036 2048 2096 2094 ut
2131 2043 2353 2112 pacitice
2380 2059 2502 2098 cum
2551 2045 2766 2102 Christo
2812 2065 3119 2104 mereamur
3149 2051 3201 2105 in
3256 2053 3399 2110 celo

1822 2149 2070 2204 regnare.
2108 2135 2175 2189 Et
2206 2136 2328 2192 ideo
2387 2147 2514 2194 tunc
2560 2139 2823 2196 faciamus
2866 2156 3052 2211 pacem
3102 2153 3398 2214 antequam

1824 2237 2026 2292 corpus
2085 2231 2139 2278 et
2197 2226 2513 2296 sanguinem
2559 2227 2770 2283 Domini
2821 2245 3116 2297 sumamus,
3164 2243 3401 2289 ut‘cum

1823 2316 2109 2370 concordia
2143 2331 2340 2386 corpus
2370 2326 2425 2372 et
2471 2321 2786 2391 sanguinem
2816 2323 3026 2378 Domini
3058 2326 3229 2379 nostri
3274 2325 3402 2381 Jesu

1823 2405 2023 2461 Christi
2077 2407 2130 2461 in
2162 2423 2386 2478 corpora
2433 2419 2620 2464 nostra
2666 2413 3044 2480 suscipiamus,
3103 2416 3227 2484 quia
3279 2416 3398 2471 sine

1822 2496 2109 2551 concordia
2139 2497 2288 2567 digni
2317 2513 2422 2553 non
2473 2515 2660 2554 sumus
2689 2510 2930 2556 sanctam
2964 2505 3401 2560 connnunionem

1824 2587 2101 2657 accipere,
2147 2589 2274 2658 quia
2321 2605 2544 2644 munera
2576 2599 2759 2646 nostra
2787 2592 2832 2647 si
2869 2593 3192 2648 discordiam
3239 2595 3405 2650 habe-

1822 2692 1944 2731 mus
1989 2693 2111 2732 cum
2165 2679 2428 2748 proximis
2471 2682 2688 2745 nostris,
2741 2690 3029 2752 antequam
3082 2685 3396 2740 reconcilie-

1825 2781 1968 2830 mur,
1998 2781 2028 2819 a
2078 2766 2186 2821 Deo
2214 2783 2321 2821 non
2351 2768 2702 2837 recipiuntur.
2754 2770 2903 2826 Tunc
2931 2780 3051 2825 orat
3080 2773 3255 2827 clerus
3277 2789 3402 2828 can-

1826 2855 2018 2910 tando:
2053 2857 2232 2927 Agnus
2261 2856 2356 2910 Dei
2380 2860 2466 2927 qui
2497 2859 2636 2912 tollis
2668 2871 2877 2930 peccata
2910 2861 3126 2928 mundi,
3155 2863 3398 2916 miserere

1825 2947 1990 3000 nobis.
2029 2948 2206 3016 Agnus
2233 2947 2432 3002 dicitur
2460 2957 2678 3018 propter
2703 2949 3085 3016 innocentiam,
3111 2953 3236 3022 quia
3265 2953 3397 3008 ιιιιῖιί

1824 3035 2099 3089 hominum
2138 3051 2236 3090 nec
2260 3037 2555 3092 bestiarum
2585 3048 2760 3104 nocet,
2795 3041 2892 3095 sed
2915 3042 3212 3097 occisorem
3237 3059 3396 3098 suum

153 3139 337 3194 statim
393 3139 782 3194 introducimnr
833 3137 887 3191 in
934 3103 1185 3205 laqueum
1233 3133 1460 3198 diaboli;
1511 3140 1567 3186 et
1603 3132 1723 3186 ideo
1751 3103 1794 3164 C
1827 3133 1949 3195 post
1989 3126 2318 3180 occisionem
2353 3143 2504 3181 suam
2533 3129 2740 3195 reficit;
2772 3129 2843 3184 ita
2877 3139 2932 3186 et
2985 3131 3237 3188 Christds
3288 3134 3404 3187 nul-

152 3230 487 3302 postulamus
534 3237 594 3284 ut
625 3229 737 3300 ipse
764 3243 863 3282 nos
885 3227 1073 3282 liberet
1102 3243 1131 3281 a
1173 3225 1349 3290 malo,
1397 3224 1502 3278 hoc
1543 3231 1628 3278 est
1655 3223 1722 3278 ab

152 3319 301 3374 omni
337 3319 733 3390 impugnatione
771 3317 989 3372 diaboli.
1039 3315 1223 3369 Libera
1261 3331 1373 3382 nos,
1400 3329 1722 3384 quwsumus,

151 3411 396 3475 Domine,
433 3410 498 3462 ab
549 3409 786 3464 omnibus
826 3408 978 3462 malis
1025 3407 1325 3476 prwteritis,
1379 3403 1720 3474 prtesentibus

151 3509 200 3555 et
243 3498 465 3568 futuris:
513 3500 618 3554 hoc
657 3499 711 3553 in
749 3499 852 3552 hac
879 3511 1038 3568 prece
1079 3497 1334 3566 postulat,
1364 3504 1423 3549 ιιι
1465 3496 1577 3563 ipse
1623 3507 1722 3548 nos

151 3593 222 3648 ab
246 3592 494 3647 omnibus
535 3590 691 3644 malis
717 3588 933 3652 liberet,
965 3588 1056 3656 qui
1082 3601 1180 3641 nos
1216 3588 1388 3641 bonos
1413 3594 1467 3639 et
1495 3584 1721 3639 mundos

151 3672 380 3735 creavit,
419 3670 474 3722 in
502 3683 610 3737 quo
642 3667 845 3721 nullum
877 3675 958 3720 est
996 3665 1215 3718 malum.
1261 3665 1542 3720 Praitcrita
1576 3670 1720 3727 sunt,

152 3779 276 3836 qum
301 3763 410 3834 jam
437 3769 560 3814 ante
585 3765 869 3829 peccantes
899 3755 1286 3820 commisimus,
1310 3763 1364 3809 et
1380 3755 1497 3808 ideo
1519 3752 1722 3824 flagella

153 3862 502 3920 sustinemus.
533 3857 826 3913 Praesentia
851 3864 976 3911 sunt
1003 3871 1122 3924 qu:e
1153 3853 1392 3925 quotidie
1432 3853 1725 3908 committi-

154 3969 298 4019 mus,
334 3953 512 4006 futura
544 3959 669 4006 sunt
708 3965 828 4019 quae
859 3949 1036 4003 adhuc
1065 3947 1278 4001 diabolo
1323 3945 1581 4000 suadente
1624 3945 1722 3999 ad-

152 4045 344 4100 venire
395 4049 641 4112 possrmt.
693 4041 763 4094 Et
815 4041 935 4094 ideo
985 4053 1203 4094 oramus
1241 4046 1301 4092 ut
1364 4039 1432 4092 ab
1475 4037 1724 4091 omnibus

153 4136 478 4199 liberemur,
521 4133 648 4202 quia
693 4140 816 4188 ante
861 4138 1207 4200 conspectum
1263 4130 1357 4185 Dei
1404 4129 1546 4184 nulla
1600 4137 1725 4184 sunt

150 4227 427 4297 praeterita
454 4240 552 4280 nec
581 4224 802 4278 futura?
822 4223 915 4279 sed
937 4223 1116 4277 omnia
1139 4231 1264 4276 sunt
1277 4221 1580 4292 prmsentia.
1604 4241 1620 4272 ι
1643 4221 1724 4274 ln-

157 4305 473 4374 tercedente
517 4331 614 4387 pro
653 4316 806 4371 nobis
847 4315 1001 4370 beata
1022 4321 1076 4368 et
1110 4313 1341 4384 gloriosa
1383 4327 1597 4382 semper
1619 4313 1724 4366 vir-

1825 3215 1934 3269 lum
1971 3215 2127 3281 laesit,
2179 3216 2320 3270 sicut
2352 3217 2626 3286 apostolus
2671 3218 2838 3272 dixit:
2874 3239 2891 3270 ι
2935 3219 3069 3288 Quia
3113 3231 3398 3291 peccatum

1825 3318 1931 3358 non
1968 3303 2116 3369 fecit,
2145 3320 2245 3360 nec
2282 3306 2530 3360 inventus
2550 3315 2630 3361 est
2654 3307 2806 3362 dolus
2835 3307 2886 3362 in
2919 3324 3012 3364 ore
3037 3307 3152 3378 ejus
3180 3311 3230 3380 (Ι
3257 3311 3401 3367 Petr.

1824 3409 1886 3460 ιι,
1909 3393 2019 3466 22).
2055 3417 2074 3448 ›
2111 3394 2216 3451 Sed
2248 3404 2370 3466 post
2405 3396 2704 3466 passionem
2749 3414 2924 3466 suam,
2962 3417 3252 3458 conversos
3274 3419 3400 3472 per-

1823 3495 2258 3560 secutoressuos
2301 3487 2502 3544 multos
2546 3505 2642 3559 per
2673 3502 2916 3548 sanctam
2967 3497 3402 3552 communionem

1823 3577 2065 3646 corporis
2095 3584 2148 3632 et
2175 3579 2454 3649 sanguinis
2489 3579 2570 3633 sui
2607 3578 2794 3636 refecit
2827 3591 2880 3636 et
2931 3586 3214 3640 credentes
3254 3586 3402 3642 fecit.

1822 3665 1939 3736 Ipse
1965 3667 2084 3720 tulit
2111 3677 2331 3736 peccata
2360 3669 2562 3733 mundi,
2599 3671 2812 3738 quando
2852 3675 3224 3729 remissionem
3273 3692 3402 3744 pec-

1824 3767 2066 3812 catorum
2099 3760 2256 3813 nohis
2293 3760 2463 3824 dedit,
2500 3760 2624 3829 quia
2648 3769 2774 3814 ante
2801 3765 3106 3830 passionem
3138 3765 3254 3834 ejus
3273 3767 3406 3836 justi

1823 3857 1878 3904 et
1895 3850 2276 3918 peccatoresin
2301 3851 2568 3905 infernum
2596 3853 3007 3909 descenderunt.
3041 3858 3108 3910 Et
3135 3858 3186 3912 in
3214 3859 3399 3914 Veteri

1825 3939 2171 3995 Testamento
2224 3941 2597 3996 remissionem
2638 3951 2984 4012 peccatorum
3031 3962 3299 4017 nusquam
3323 3949 3401 4004 le-

1824 4035 2018 4104 gimus,
2066 4033 2313 4090 Christus
2342 4050 2472 4089 vero
2519 4050 2616 4106 per
2651 4037 3045 4104 paenitentiam,
3090 4056 3196 4095 non
3233 4042 3405 4096 solum

1825 4128 2038 4182 veniam
2077 4139 2444 4197 peccatorum,
2476 4128 2568 4182 sed
2607 4129 2769 4182 etiam
2799 4129 3047 4198 gaudium
3078 4130 3233 4186 nobis
3281 4148 3408 4202 pro—

1824 4219 1970 4272 misit
2005 4219 2327 4290 augcllcum,
2359 4218 2546 4273 dicens
2572 4235 2584 4270 :
2616 4238 2634 4270 ι
2657 4217 2924 4273 Gaudium
2955 4221 3058 4274 erit
3087 4235 3270 4275 coram
3305 4236 3403 4276 an-

1825 4309 1958 4380 gelis
1994 4310 2087 4365 Dei
2119 4325 2280 4380 super
2303 4326 2410 4365 uno
2449 4320 2732 4380 peccatore
2771 4312 3145 4380 paenitentiam
3194 4322 3393 4384 agente

152 4408 282 4479 gine
325 4406 420 4461 Dei
462 4406 721 4476 genitrice
760 4405 926 4459 Maria
974 4413 1029 4459 et
1089 4403 1265 4458 beatis
1315 4403 1574 4474 apostolis
1619 4403 1724 4458 tuis
1753 4444 1805 4502 Β
1833 4402 1982 4473 (Luc.
2018 4419 2107 4468 xv,
2143 4404 2217 4475 7).
2263 4403 2443 4473 Ipsum
2491 4403 2786 4471 Christum,
2839 4407 2932 4475 qui
2961 4415 3045 4462 est
3068 4407 3252 4478 Agnus
3303 4409 3398 4463 Dei

151 4500 321 4555 Petro
365 4507 418 4553 et
445 4499 610 4553 Paulo
651 4506 811 4568 atque
833 4497 1067 4552 Andrca.
1095 4517 1112 4549 ι
1140 4496 1458 4550 lnvocamus
1490 4495 1646 4551 nobis
1671 4495 1724 4549 in

150 4587 485 4656 adjutorium
541 4587 636 4643 Dei
695 4587 1032 4659 genitricem,
1083 4602 1204 4655 quae
1245 4587 1397 4657 virgo
1457 4586 1559 4640 fuit
1601 4592 1727 4640 ante

146 4687 390 4753 partum,
417 4679 565 4748 virgo
604 4677 656 4731 in
703 4687 880 4748 partu,
909 4677 1056 4746 virgo
1081 4685 1200 4746 post
1229 4685 1468 4747 partum,
1488 4685 1544 4731 et
1582 4675 1727 4731 beati

148 4773 418 4844 apostoli,
454 4772 543 4842 qui
582 4771 738 4825 nobis
787 4771 900 4824 inec
935 4770 1189 4840 mysteria
1236 4769 1554 4825 celebranda
1609 4776 1725 4823 tra-

149 4861 428 4926 diderunt,
476 4869 534 4914 ut
571 4859 909 4926 intercedant
949 4874 1048 4930 pro
1097 4860 1272 4924 nobis,
1313 4860 1439 4929 quia
1489 4875 1587 4914 nos
1623 4859 1725 4929 ipsi

146 4952 300 5020 digni
333 4967 462 5006 non
491 4966 676 5007 sumus
718 4952 783 5006 de
832 4951 1120 5020 prteleritis
1153 4965 1216 5005 ac
1258 4951 1612 5020 prtesentibus
1641 4967 1730 5006 ve-

147 5043 303 5098 niam
345 5042 660 5114 promereri,
699 5058 904 5096 necnon
946 5041 1012 5095 de
1049 5040 1244 5096 futuris
1289 5042 1576 5107 cautelam,
1623 5041 1726 5096 nisi

147 5135 315 5188 nobis
351 5149 543 5188 eorum
570 5135 812 5188 oratione
837 5133 1081 5188 donetur.
1127 5133 1246 5188 Jam
1274 5133 1546 5188 oravimus
1575 5142 1631 5188 ut
1665 5134 1728 5188 li-

146 5227 412 5280 beremur
459 5241 490 5280 a
515 5226 693 5291 malis,
735 5241 875 5281 nunc
919 5240 1156 5290 oramus,
1204 5235 1262 5281 ut
1299 5228 1574 5298 praedictis
1609 5243 1729 5282 san-

146 5313 260 5371 ctis
298 5314 775 5372 intervenientibus
804 5316 917 5386 ipse
951 5315 1113 5371 donet
1150 5333 1357 5387 pacem.
1391 5339 1407 5368 ι
1441 5319 1517 5373 Da
1545 5319 1726 5388 propi-

147 5407 266 5460 tius
304 5423 488 5477 pacem
514 5410 566 5462 in
593 5409 782 5464 diebus
805 5410 1033 5473 nostris,
1067 5429 1084 5460 ι
1118 5409 1207 5478 qui
1237 5421 1426 5478 potens
1445 5426 1502 5465 es
1530 5425 1559 5464 a
1583 5411 1725 5466 malo

146 5511 256 5552 nos
289 5498 536 5565 liberare,
566 5515 750 5568 pacem
777 5499 932 5554 nobis
971 5499 1034 5554 da
1058 5500 1259 5553 amalis
1295 5500 1615 5564 hominibus,
1657 5515 1724 5554 ne

145 5589 425 5658 patiamur
462 5589 666 5661 ﬂagella
693 5605 899 5646 eorum.
930 5608 948 5640 ι
977 5589 1047 5644 Ut
1075 5605 1176 5660 ope
1203 5591 1583 5646 misericordiae
1621 5599 1723 5646 tua:

145 5678 353 5749 adjuti;
385 5699 402 5732 ›
427 5682 528 5736 hoc
546 5690 647 5747 est,
676 5691 736 5736 ut
759 5681 852 5736 Dei
877 5681 1144 5750 adjutorio
1171 5681 1338 5751 adjuti
1363 5699 1374 5734 :
1406 5699 1424 5732 ι
1455 5697 1481 5734 a
1500 5690 1720 5750 peccato

1831 4495 2093 4548 innocens
2122 4493 2214 4563 qui
2243 4509 2431 4564 passus
2462 4503 2547 4550 est
2581 4509 2679 4564 pro
2709 4495 2882 4551 salute
2925 4499 3129 4563 mundi,
3169 4498 3402 4567 petimus

1831 4594 1890 4638 ιιι
1922 4587 2242 4642 misereatur
2270 4588 2441 4643 nostri
2480 4588 2750 4643 dicentes:
2799 4589 3047 4644 Miserere
3078 4592 3243 4645 nobis.
3273 4591 3406 4647 Nam

1831 4691 2000 4746 agnus
2050 4678 2104 4732 in
2155 4676 2336 4732 Veteri
2393 4677 2886 4748 Testamento’pro
2931 4681 3168 4750 peccatis
3223 4682 3402 4750 populi

1829 4766 2170 4834 offerebatur,
2207 4769 2339 4823 etin
2371 4768 2519 4824 Novo
2561 4769 2903 4826 Testamento
2927 4770 3174 4826 Christus
3212 4782 3407 4828 semet-

1831 4858 2006 4926 ipsum
2053 4857 2248 4912 obtulit
2296 4859 2406 4913 Deo
2441 4859 2608 4925 Patri,
2649 4868 2708 4914 ut
2756 4875 2925 4931 genus
2969 4863 3261 4917 humanum
3311 4880 3408 4935 per

1831 4948 2136 5016 passionem
2170 4963 2322 5002 suam
2352 4948 2606 5004 liberaret
2630 4965 2660 5003 a
2700 4961 2938 5020 peccato.
2978 4953 3041 5006 Et
3073 4953 3192 5008 ideo
3223 4954 3407 5026 Agnus

1832 5037 1927 5092 Dei
1958 5047 2085 5092 tunc
2113 5039 2326 5093 canitur
2353 5080 2368 5104 ,
2399 5040 2613 5108 quando
2643 5056 2837 5110 corpus
2867 5051 2921 5097 et
2949 5045 3168 5115 sanguis
3194 5044 3405 5100 Domini

1832 5128 2163 5198 percipitur,
2232 5138 2291 5184 ut
2337 5145 2526 5186 omnes
2581 5133 2863 5188 credamus
2903 5134 3029 5203 quia
3064 5135 3230 5205 ipsius
3267 5135 3406 5204 Agni

1831 5238 2028 5292 corpus
2055 5225 2342 5295 etsanguis
2366 5231 2495 5280 tunc
2525 5225 2774 5290 sumitur,
2820 5227 2912 5296 qui
2947 5237 3170 5296 peccata
3219 5227 3404 5280 mundi

1832 5318 1958 5373 tulit
2003 5319 2306 5376 moriendo.
2354 5321 2420 5374 Et
2461 5321 2628 5375 vitam
2671 5329 2929 5376 aeternam
2986 5323 3142 5377 nobis
3185 5319 3407 5374 donavit

1831 5408 2180 5478 resurgendo.
2237 5407 2394 5464 Iesus
2441 5409 2686 5465 Christus
2739 5411 2998 5466 Dominus
3049 5418 3259 5473 noster,
3313 5409 3405 5478 qui

1829 5516 1950 5556 cum
2000 5501 2161 5556 Patre
2199 5502 2251 5556 in
2292 5503 2497 5557 unitate
2544 5501 2777 5572 Spiritus
2827 5504 2999 5558 sancti
3043 5501 3172 5555 vivit
3223 5509 3280 5554 et
3324 5513 3408 5552 re-

1827 5601 1958 5662 gnat
2001 5593 2142 5648 Deus
2178 5608 2274 5664 per
2309 5593 2488 5648 omnia
2523 5593 2720 5648 Stccula
2748 5593 3088 5658 saeculorum,
3117 5606 3296 5646 amen.
3339 5589 3406 5643 Et

1827 5691 1950 5753 post
2003 5684 2224 5739 missam
2266 5682 2490 5748 finitam,
2534 5683 2665 5736 dicit
2705 5682 2962 5736 diaconus
2992 5681 3058 5736 ad
3101 5677 3403 5735 poculum:
