3956 6326
653 312 786 370 ιιθι
842 378 855 389 ,

1283 302 1345 357 B.
1386 298 1895 357 RABANl-MAL‘RI
1931 295 2247 354 ARClllEP.
2288 294 2598 353 MOGUNT.
2639 292 2924 352 OPERUM
2958 293 3137 351 PARS
3169 293 3248 350 ΙΙΙ.

3650 304 3740 363 ΜΩ

651 423 757 490 Ite,
785 438 945 477 missa
968 428 1065 476 est.
1105 416 1374 474 Diaconus
1420 417 1628 482 Graece,
1662 415 1907 469 minister
1942 412 2133 468 Latine
2157 411 2234 466 di-
2257 414 2308 474 Α
2334 420 2447 466 tum
2502 411 2865 466 ministerium
2907 410 3216 471 nuntiatum
3254 409 3400 466 fuerit
3424 428 3452 467 a
3490 415 3742 486 minimum

651 515 814 571 citur.
841 512 935 568 Ille
974 511 1182 567 nuntiat
1216 508 1413 579 p0pulo
1453 508 1595 577 quod
1649 506 1813 560 ﬁnita:
1837 511 1964 559 sunt
1991 516 2215 573 preces;

652 603 779 674 quia
807 602 983 657 nullus
1007 607 1132 655 ante
1153 599 1302 655 exire
1326 598 1487 654 debet
1514 595 1820 662 ecclesiam,
1851 609 2010 664 quam
2040 591 2224 662 exple-

727 727 754 756 ι
779 714 987 770 Cretera
1014 712 1188 783 capita
1216 712 1398 783 inms.
1429 711 1613 766 codice
1635 708 1884 783 [{‘nldensi
1914 706 2224 783 desideran-

653 792 761 847 tur,
817 775 1355 841 fortassis-consulto
1403 781 1798 851 praetermissa,
1844 775 2227 851 quod_iisd_em

654 842 835 909 verbis
860 853 959 925 (uti
973 868 1039 909 ex
1056 852 1223 906 titulis
1245 842 1486 922 apparet)
1505 842 1880 919 repererentur
1904 845 2081 916 capita
2108 842 2228 899 libri

2326 521 2514 563 omnes
2542 502 2933 575 respondeant:
2959 499 3064 556 Deo
3088 501 3328 571 gratiast.

2331 706 2499 778 primi
2522 704 2590 760 de
2637 702 2978 778 institutione
3017 700 3323 778 clericorum
3345 716 3373 757 a
3396 711 3554 774 quarto
3571 719 3690 776 usque
3704 709 3744 764 ad

2336 771 2656 832 vicesimum
2684 774 2907 830 tertium
2944 771 3220 827 inclusive.

662 978 3744 1021 mw

1225 1144 1797 1265 ΒΕΔΤΙ
1870 1136 2615 1253 ΒΔΒΔΝῙ
2687 1134 3296 1248 ΜΔΠΒῙ

1378 1356 1762 1418 FULDENSIS
1797 1352 2088 1413 ABBATIS
2125 1350 2214 1407 ET
2253 1347 2634 1408 MOGUNTINI
2669 1345 3183 1405 ARCHIEPISCOPI

1044 1538 1244 1668 DE
1338 1517 2576 1667 ECCLESIASTICA
2664 1521 3517 1656 DISGIPLINA

1940 1772 2216 1855 LIBRI
2289 1770 2544 1850 TRES
2608 1771 2641 1812 ³

1756 1949 1851 2006 AD
1888 1945 2380 2005 REGINB'ALDUM
2414 1941 2822 2003 EPISCOPUM.

1990 2179 2590 2255 PBEFATIO.

731 2422 976 2493 Quadam
1004 2421 1092 2478 die
1118 2420 1247 2476 dum
1272 2418 1489 2489 quietus
1516 2416 1585 2474 ab
1612 2416 1758 2472 omni
1785 2416 2059 2472 mundano
2082 2429 2239 2489 nego-
2264 2423 2313 2483 B
2339 2419 2502 2476 ﬁnem
2542 2419 2668 2476 vitae
2706 2419 2762 2477 in
2793 2419 2973 2476 studio
3006 2418 3167 2478 bona:
3206 2422 3574 2479 conversationis
3595 2436 3737 2494 perme-

663 2514 741 2572 tio
768 2515 823 2569 in
853 2511 1040 2568 cellula
1094 2524 1214 2566 mea
1268 2509 1530 2575 sederem,
1574 2517 1630 2564 et
1657 2508 1872 2564 lectioni
1926 2505 2234 2563 divinarum

661 2603 964 2658 litterarum
991 2614 1211 2672 operam
1238 2598 1445 2666 darem,
1469 2599 1618 2654 venit
1649 2599 1781 2653 mihi
1810 2599 1864 2653 in
1892 2606 2129 2655 mentem
2156 2613 2236 2654 re-

660 2694 904 2751 cordatio
949 2691 1077 2748 boni
1125 2690 1291 2747 studii
1320 2690 1422 2756 tui,
1474 2697 1662 2745 sancte
1712 2688 1914 2745 Christi
1959 2689 2230 2754 sacerdos,

661 2786 806 2857 quod
835 2785 1003 2841 habes
1032 2785 1087 2841 in
1102 2784 1344 2841 doctrina
1371 2782 1549 2854 gregis
1570 2782 1665 2839 tibi
1682 2782 1937 2838 divinitus
1960 2783 2234 2840 commissi

661 2877 897 2949 qualiter
932 2876 1294 2947 extrapositos
1331 2884 1387 2930 et
1429 2876 1484 2929 in
1514 2874 1778 2946 paganico
1825 2890 2013 2932 errore
2058 2857 2235 2930 adhuc

663 2975 1046 3025 conversantes
1072 2967 1141 3022 ad
1168 2966 1331 3021 ﬁdem
1357 2962 1559 3020 Christi
1596 2963 1997 3034 percipiendam
2039 2963 2236 3018 invita-

665 3074 776 3127 res,
816 3068 873 3115 et
916 3058 1186 3128 quomodo
1215 3057 1271 3111 in
1328 3055 1627 3111 Ecclesiam
1660 3070 1757 3125 per
1805 3055 2131 3124 baptismum
2179 3063 2237 3109 et

663 3149 1057 3207 confessionem
1105 3162 1248 3202 verae
1294 3146 1419 3200 ﬁdei
1462 3146 1574 3215 jam
1617 3145 1951 3200 introductos
1987 3145 2245 3200 doctrina

662 3249 719 3298 et
738 3239 1115 3295 exhortatione
1143 3235 1408 3292 catholica
1436 3234 1838 3300 corroborares,
1870 3242 1931 3289 ut
1950 3234 2092 3303 quod
2116 3248 2238 3303 pro-

665 3330 793 3385 fessi
823 3336 952 3383 sunt
976 3342 1091 3392 ore,
1122 3333 1442 3380 exercerent
1468 3324 1524 3378 in
1569 3325 1708 3379 bona
1737 3325 2076 3393 operatione,
2104 3337 2233 3393 qua—

664 3418 893 3486 literque
930 3416 1209 3470 deviantes
1242 3429 1338 3484 per
1364 3414 1831 3483 praevaricationes
1875 3414 2115 3469 diversas
2149 3413 2232 3468 di-

665 3506 893 3577 sciplina
934 3504 1243 3574 evangelica
1290 3518 1587 3568 coerceres,
1621 3512 1678 3560 et
1706 3505 1759 3559 in
1810 3513 2010 3559 statum
2042 3505 2231 3575 pristi-

665 3615 796 3656 num
826 3613 924 3670 per
950 3598 1318 3669 pmnitentiam
1356 3597 1641 3652 restituere
1666 3605 1923 3652 certares.
1952 3597 2076 3653 Haec
2110 3597 2234 3667 quia

663 3690 784 3747 dem
810 3689 994 3745 omnia
1024 3688 1079 3743 in
1109 3688 1290 3742 animo
1318 3700 1439 3742 meo
1465 3702 1714 3757 pensans,
1756 3688 1988 3759 cogitavi
2018 3688 2234 3758 aliquod

2335 2526 2458 2568 rare
2494 2512 2797 2577 conveniat,
2844 2520 3006 2584 prout
3040 2512 3300 2569 Dominus
3341 2515 3570 2570 donaverit
3602 2514 3735 2584 pandae

2333 2601 2664 2657 curabimus.
2696 2600 2849 2656 Nosti
2877 2603 3024 2657 enim
3051 2603 3258 2673 optime
3284 2603 3416 2673 quod
3452 2601 3736 2669 Paulusaposn-

2326 2691 2418 2748 ius
2446 2707 2568 2748 cum
2598 2693 2666 2748 ad
2694 2691 3038 2749 Timotheum
3072 2695 3354 2762 scriberet,
3391 2694 3576 2764 qualiter
3595 2692 3737 2747 canal-

2334 2784 2608 2839 monuerit
2634 2792 2691 2839 et
2719 2784 3041 2839 instruxerit
3070 2785 3268 2840 debere
3304 2784 3355 2840 in
3387 2783 3579 2840 Ecclesia
3598 2782 3737 2836 Daicus-

2333 2875 2562 2939 versari,
2585 2875 2678 2945 qui
2706 2875 2850 2931 inter
2869 2874 2973 2929 alia
2988 2876 3062 2931 ita
3087 2876 3166 2931 ait
3181 2874 3232 2947 (1
3248 2874 3374 2931 Tim.
3393 2891 3458 2941 tv,
3472 2874 3559 2947 l2):
3575 2893 3587 2925 t
3604 2871 3737 2940 hunc

2336 2968 2453 3022 haec
2479 2976 2535 3022 et
2563 2968 2717 3023 doce.
2749 2967 2921 3024 Nemo
2950 2969 3366 3026 adolescentiam
3392 2980 3514 3025 tuam
3535 2972 3734 3023 contam.

2334 3057 2429 3114 sed
2455 3059 2759 3130 exemplum
2785 3069 2903 3115 esto
2935 3060 3175 3116 ﬁdelium
3203 3061 3256 3116 in
3292 3061 3459 3125 verbo,
3484 3059 3525 3114 in
3567 3067 3736 3112 contusa.

2337 3151 2502 3217 tione,
2546 3151 2601 3206 in
2630 3151 2916 3215 charitate,
2951 3152 3003 3206 in
3033 3151 3163 3220 ﬁde,
3186 3151 3242 3208 in
3269 3152 3505 3208 castitate.
3524 3149 3618 3203 Dum
3639 3143 3735 3203 talia.

2335 3242 2551 3296 attende
2591 3240 2834 3307 lectioni,
2876 3248 2932 3295 et
2972 3242 3338 3298 exhortationi
3365 3251 3413 3298 et
3447 3238 3647 3296 doctrina.
3673 3231 3736 3286 Κῶ

2335 3333 2604 3404 negligere
2637 3335 2868 3405 gratiam
2904 3350 3023 3405 quae
3064 3334 3122 3389 in
3160 3344 3214 3392 te
3243 3344 3340 3401 est,
3374 3350 3476 3404 qute
3503 3333 3663 3387 datust
3687 3321 3735 3376 liii

2336 3441 2433 3496 per
2459 3426 2796 3497 prophetiam
2825 3442 2950 3482 cum
2978 3426 3323 3497 impositione
3345 3439 3505 3481 manus
3524 3412 3732 3493 presbyter!"L

2337 3514 2462 3572 Haec
2500 3518 2782 3584 meditare,
2823 3519 2878 3573 in
2904 3518 2989 3574 his
3025 3528 3169 3585 esto,
3204 3526 3262 3573 ut
3307 3516 3537 3589 protectus
3570 3523 3649 3565 tuus
3674 3518 3734 3557 m-

2336 3610 2564 3667 nifestus
2589 3611 2661 3668 sit
2682 3611 2951 3667 omnibus.
2982 3611 3217 3668 Attende
3248 3611 3339 3666 tibi
3371 3618 3420 3663 et
3454 3597 3733 3663 doctrinam“

2340 3702 2394 3756 in
2423 3701 2549 3757 illis.
2586 3700 2699 3757 Hoc
2729 3701 2875 3757 enim
2902 3699 3110 3756 faciens
3132 3709 3189 3756 et
3232 3700 3441 3770 teipsum
3470 3693 3619 3752 salvum
3645 3684 3733 3739 {add

661 3779 978 3853 opusculum
1005 3780 1290 3845 conﬁcere,
1320 3788 1375 3835 et
1404 3788 1494 3833 tuo
1521 3779 1722 3834 nomini
1750 3780 1879 3834 illud
1907 3780 2110 3845 dicare,
2143 3781 2235 3837 ubi
2261 3784 2305 3846 C
2336 3804 2390 3850 ει
2423 3810 2517 3851 eos
2545 3794 2637 3864 qui
2666 3802 2718 3849 ιε
2741 3793 2983 3848 audiunt.
3013 3792 3083 3847 Et
3111 3792 3237 3848 alibi
3261 3790 3343 3864 (11
3369 3789 3483 3844 Tim.
3515 3801 3559 3848 ιι,
3581 3783 3640 3849 l):
3664 3770 3731 3827 iit

654 3869 811 3941 juxta
844 3871 1218 3926 auctoritatem
1248 3877 1553 3925 sanctarum
1586 3867 1990 3938 Scripturarum
2038 3880 2093 3925 et
2137 3870 2233 3926 do-

661 3965 894 4021 ctrinam
923 3963 1312 4018 catholicorum
1340 3960 1559 4015 Patrum
1583 3961 1823 4017 invenire
1848 3976 2038 4031 posses
2057 3962 2234 4033 qualis

661 4054 856 4111 debeat
893 4068 1015 4110 esse
1063 4052 1382 4109 convocatio
1418 4050 1595 4106 adhuc
1644 4050 1776 4107 foris
1816 4053 2118 4122 positorum
2165 4054 2235 4109 ad

660 4146 1066 4217 percipiendam
1093 4144 1253 4199 ﬁdem
1282 4143 1504 4209 Christi,
1532 4142 1811 4214 qualisque
1838 4145 1956 4209 ﬁeri
1983 4160 2235 4201 accessus

660 4249 783 4311 post
811 4246 1115 4308 perceptam
1137 4236 1249 4306 jam
1278 4236 1438 4291 ﬁdem
1478 4237 1547 4291 ad
1572 4237 1938 4307 accipiendam
1968 4239 2109 4294 sacri
2134 4239 2234 4294 ba-

660 4329 931 4402 ptismatis
956 4327 1438 4399 regenerationem,
1464 4334 1519 4381 et
1545 4336 2004 4383 sacramentorum
2026 4330 2235 4385 divino~

661 4436 783 4476 rum
814 4418 1319 4483 sanctiﬁcationem,
1351 4417 1595 4487 scireque
1634 4417 1895 4473 doctrina:
1936 4434 2104 4474 sacra:
2148 4434 2234 4474 ra-

662 4511 884 4575 tionem,
911 4518 968 4564 et
992 4523 1315 4564 conservare
1347 4511 1609 4563 veraciter
1629 4508 1991 4565 Christianam
2021 4511 2235 4583 religio-

661 4612 810 4654 nem.
864 4596 1015 4653 Unde
1043 4597 1276 4668 primum
1307 4597 1579 4651 doctorem
1620 4596 1796 4667 ipsum
1823 4599 1890 4653 de
1916 4598 2092 4654 oﬁicio
2136 4615 2234 4656 suo

660 4696 718 4745 et
742 4689 1042 4744 eruditione
1091 4688 1396 4753 instituens,
1436 4696 1826 4758 consequenter
1853 4694 1919 4746 de.
1963 4693 2237 4747 instruen-

661 4779 747 4837 dis
779 4780 1004 4836 rudibus
1033 4781 1087 4835 in
1116 4781 1221 4835 ﬁde
1262 4779 1464 4836 Christi
1491 4796 1797 4837 sermonem
1827 4784 2005 4840 facere
2038 4786 2231 4842 statui-

662 4885 805 4926 mus.
867 4870 1068 4926 Deinde
1106 4871 1374 4942 quomodo
1424 4880 1670 4941 oporteat
1717 4888 1812 4945 per
1838 4878 2235 4945 praedicationis

668 4961 903 5019 olﬁcium
925 4961 1037 5032 jam
1068 4971 1397 5020 convocatos
1418 4965 1838 5023 catechumenos
1860 4967 2041 5025 facere
2071 4980 2127 5026 et
2145 4971 2236 5027 ba-

2336 3901 2485 3957 ergo,
2533 3885 2727 3955 inquit,
2775 3883 2849 3938 ﬁli
2877 3884 2973 3950 mi,
3015 3883 3324 3939 confortare
3351 3881 3400 3935 in
3424 3877 3577 3951 gratia.
3599 3870 3732 3957 qui“

2336 3977 2391 4031 in
2406 3955 2637 4031 ‘Christo
2680 3974 2850 4041 Iesu;
2894 3982 2948 4030 et
2994 3990 3116 4053 quae
3152 3972 3341 4030 audisti
3365 3988 3393 4026 a
3427 3984 3498 4025 me
3528 3978 3599 4037 per
3625 3955 3732 4053 nisi!"
3802 3964 3803 3979 ‘

2336 4077 2520 4134 testes,
2548 4069 2665 4123 haec
2700 4067 3017 4122 commenda
3053 4046 3298 4121 ﬁdelibus
3332 4060 3585 4120 hominibus
3600 4046 3730 4123 qui“?

2337 4161 2424 4216 nci
2459 4170 2583 4216 sunt
2617 4171 2672 4217 et
2696 4161 2830 4216 alios
2876 4161 3088 4217 docere.
3122 4160 3327 4215 Lahora
3362 4159 3481 4212 sicut
3509 4153 3628 4207 bonus
3649 4139 3730 4197 αλια

2336 4252 2389 4307 in
2442 4250 2659 4305 Christo
2695 4249 2844 4305 Jesu.
2880 4270 2899 4303 ι
2933 4250 2999 4305 Et
3023 4266 3213 4306 rursus
3248 4248 3297 4322 (1
3324 4238 3613 4308 Tim.v.22):
3640 4250 3652 4282 ι
3800 4238 3801 4261 ‘

2336 4359 2458 4408 nus,
2482 4343 2574 4407 ait,
2599 4343 2706 4398 cito
2734 4343 2936 4398 nemini
2966 4319 3302 4413 imposueris.
3332 4350 3483 4407 ιιαιυθ
3504 4319 3729 4413 “mm”??-

2334 4434 2478 4488 veris
2532 4435 2772 4503 peccatis
2819 4433 3029 4490 alienis.
3071 4432 3325 4504 Teipsum
3367 4439 3538 4486 castum
3560 4410 3727 4477 custodi"
3798 4456 3799 4504 ξ

2334 4523 2402 4577 Ει
2439 4523 2518 4578 sic
2551 4524 2616 4580 de
2642 4524 2869 4595 singulis
2897 4524 3179 4580 ordinibus
3209 4538 3330 4580 eum
3368 4510 3729 4576 institutarum"

2334 4615 2494 4671 modo
2532 4616 2881 4687 presbyteros
2916 4626 3078 4686 atque
3116 4616 3363 4672 diaconos
3397 4612 3642 4670 σεωτοεηυε
3666 4603 3730 4660 επ

2335 4709 2436 4764 dus
2473 4709 2729 4764 ordinare
2762 4709 3004 4773 deberet,
3058 4709 3391 4779 singulasque
3421 4707 3618 4774 person”
3643 4690 3729 4779 φ’

2333 4807 2541 4867 aetates,
2565 4815 2772 4856 necnon
2812 4810 2867 4855 et
2898 4817 3079 4868 sexus,
3119 4802 3310 4857 docere
3340 4808 3481 4867 atqne
3501 4785 3649 4846 crudi“

2336 4890 2478 4946 niter
2540 4893 2815 4947 instruxit.
2864 4891 3018 4949 Unde
3060 4858 3277 4949 necesse
3310 4858 3725 4946 ωιύιθοειῐυθίέ
3794 4932 3795 4955 ι

2334 4981 2575 5036 divinum
2607 4981 2839 5039 oﬂicium
2869 4998 3185 5054 promovere
3213 4975 3529 5050 concupiscis.

660 5052 915 5147 ptismate
973 5052 1173 5110 Christi
1231 5054 1469 5147 abluere,
1522 5041 1984 5130 sacramentisque
2036 5062 2287 5147 divinis_
2334 5073 2532 5130 doceas
2556 5084 2718 5144 atque
2738 5039 3167 5147 ευηίάίεοίριίηη
3195 5039 3727 5147 εωδίεξ,υι

663 5146 1011 5213 conﬁrmare,
1051 5156 1107 5202 et
1134 5147 1186 5201 in
1238 5145 1360 5201 ﬁdei
1408 5147 1637 5204 veritate
1680 5152 2065 5221 corroborare;
2109 5164 2225 5226 post

2162 5164 2232 5212 »ει
2257 5145 2308 5204 D
2340 5174 2420 5220 ter
2447 5140 2795 5222 divini—verbi
2828 5140 3061 5223 ministri
3102 5167 3218 5223 ﬁeri
3249 5165 3472 5225 debeant.
3503 5160 3545 5208 ει
3572 5140 3655 5216 αυίδ
3676 5142 3724 5232 ῗ⁰ῗ

662 5238 779 5294 haec
812 5253 1047 5309 quoque,
1091 5237 1361 5308 quomodo
1403 5238 1545 5307 ipsos
1582 5239 1918 5298 Christianos
1961 5246 2230 5304 catholico
2336 5257 2476 5315 scire
2508 5265 2564 5312 ει
2602 5257 2800 5313 habere
2837 5258 3143 5323 conveniat,
3182 5264 3237 5312 ιιι
3277 5268 3388 5311 cum
3414 5238 3594 5305 ordinati
3612 5228 3723 5323 fw?

659 5327 910 5400 dogmate
948 5328 1165 5384 erudire
1193 5335 1357 5398 atque
1382 5328 1749 5386 ecclesiastica
1791 5334 2072 5404 disciplina
2111 5354 2232 5395 cor-
2335 5357 2391 5403 ει
2431 5350 2605 5405 sacris
2651 5350 2935 5405 ordinibus
2990 5315 3282 5416 ευωίίηαιί,
3329 5341 3474 5412 magis
3514 5324 3649 5407 popli")
3673 5315 3722 5371 θδ

661 5420 858 5491 rigere,
888 5421 945 5475 in
970 5419 1269 5512 militiaque
1297 5418 1494 5512 Christi
1523 5424 1846 5479 constitutos
1867 5428 2098 5497 qualiter
2132 5446 2230 5487 cos
2334 5442 2543 5512 prosim
2570 5459 2731 5498 quam
2762 5452 3006 5501 noceam,

660 5526 785 5566 cum
824 5510 1117 5566 virtutibus
1164 5517 1357 5565 contra
1405 5511 1535 5566 vitia
1573 5529 1832 5585 pugnare,
1864 5526 1918 5573 et
1961 5535 2131 5590 usque
2160 5524 2228 5579 ad

660 5634 761 5748 su;
779 5621 1363 5750 ξιὲἑίἑιῖιὶόίῖἓιεξίοτίὺυε
1395 5621 1548 5680 libris
1583 5635 1707 5683 sunt
1745 5628 1950 5700 aliquot
1977 5636 2150 5705 capita
2175 5651 2294 5707 qua:
2330 5653 2451 5694 cum
2481 5610 2641 5697 libris
2655 5641 2721 5699 de
2750 5643 3082 5702 institutione
3106 5641 3399 5699 clericorum
3419 5608 3716 5689 culmiImm
