3956 6326
161 283 305 338 i193)

1080 281 1170 337 DE
1205 276 1735 339 ECCLESIASTHZA
1775 275 2176 331 DlStLll’LlNA.
2219 306 2291 319 --
2328 277 2458 336 LIB.
2494 276 2538 332 ῐ.

3302 278 3438 338 HM

172 410 1958 438 W

1394 544 1710 650 LIBER
1787 544 2178 623 PRIMUS

1340 719 1448 782 DE
1490 717 1763 782 SACRIS
1805 715 2255 781 ORDINIBUS.

482 945 562 1001 De
581 946 748 1001 sacris
773 946 1044 1002 ordinibus
1085 945 1425 1018 accipiendis.

237 1060 345 1118 Sed
379 1058 504 1132 quia
533 1065 590 1116 et
629 1059 873 1115 scientia:
898 1058 1312 1130 plenitudinem,
1338 1066 1394 1116 et
1417 1059 1544 1114 vitae
1581 1058 1748 1115 recti-

157 1153 440 1217 tudinem,
483 1160 538 1207 et
583 1150 900 1207 eruditionis
944 1149 1332 1222 perfectionem
1379 1151 1616 1206 maxime
1657 1164 1752 1207 eos

156 1244 366 1300 habere
385 1243 538 1299 decet
559 1242 651 1312 qui
678 1243 732 1297 in
753 1241 987 1313 quodam
1005 1241 1239 1298 culmine
1259 1242 1536 1299 constituti
1555 1243 1750 1315 guber-

159 1335 422 1391 naculum
479 1333 762 1403 regiminis
807 1333 862 1387 in
892 1332 1133 1389 Ecclesia
1185 1342 1389 1399 tenent,
1427 1341 1559 1400 etc.,
1589 1341 1648 1388 ut
1695 1333 1752 1388 in

162 1425 301 1481 libro
341 1424 404 1480 de
427 1423 667 1479 Institut.
695 1421 975 1489 Clericor.,
1021 1421 1112 1478 lib.
1145 1439 1238 1489 Ill,
1263 1440 1379 1496 cap.
1409 1423 1459 1490 1,
1498 1438 1660 1494 usque
1681 1421 1750 1477 ad

162 1522 326 1594 ﬁnem
349 1520 533 1593 capitis
559 1519 726 1575 illius.

469 1649 549 1706 De
576 1649 794 1706 lectione
816 1649 1114 1706 divinarum
1150 1647 1467 1704 litterarum.

242 1761 342 1837 (De
371 1761 542 1817 instit.
587 1761 737 1829 cler.,
765 1760 856 1816 lib.
886 1778 970 1829 ut,
997 1762 1151 1834 αἳ.)
1186 1760 1621 1819 Fundamentum
1656 1777 1754 1819 au-

169 1870 302 1927 tem,
351 1865 526 1914 status
546 1897 562 1925 ,
597 1865 656 1913 et
699 1854 978 1928 praelectio
1021 1855 1346 1928 prudentiae,
1393 1855 1624 1912 scientia
1669 1865 1753 1912 est

166 1961 478 2012 sanctarum
511 1950 936 2022 Scripturarum,
979 1955 1112 2018 etc.,
1139 1963 1301 2019 usque
1348 1947 1418 2003 ad
1465 1947 1627 2018 ﬁnem
1665 1963 1756 2002 ca-

166 2048 311 2120 pilis.

168 2162 324 2230 Quod
348 2162 490 2219 idem
515 2161 583 2219 sit
613 2162 682 2218 ad
711 2161 918 2219 culmen
945 2161 1216 2246 sapientia:
1246 2171 1296 2219 et
1335 2162 1608 2218 charitatis
1631 2179 1753 2234 per-

856 2251 1049 2290 ventre.

1776 949 1832 1007 Α
1857 953 1941 1000 ter
1967 946 2192 1003 reddere
2219 965 2231 1003 :
2262 947 2349 1005 vel
2376 951 2579 1007 nostris
2600 952 2781 1008 verbis
2795 954 2975 1009 omnia
3005 970 3125 1026 qua:
3155 957 3240 1014 his
3265 965 3445 1020 conti-

1850 1043 2050 1092 nentur
2073 1037 2435 1096 voluminibns
2461 1044 2736 1097 narrando
2757 1045 3028 1111 evolvere,
3054 1056 3108 1102 et
3130 1049 3444 1120 explicare:

1850 1129 1995 1198 quod
2023 1145 2126 1188 nec
2153 1138 2368 1202 tempus
2396 1134 2564 1204 capit,
2593 1150 2692 1190 nec
2723 1135 2827 1190 ulla
2859 1139 3155 1196 necessitas
3179 1143 3440 1212 postulat.

1853 1219 1960 1278 Sed
1991 1230 2187 1279 cuncta
2228 1225 2540 1280 summatim
2569 1228 2978 1299 generatimque
3025 1232 3330 1303 complecti,
3365 1237 3439 1292 ita

1851 1322 1914 1368 ut
1953 1313 2222 1385 eligantur
2250 1316 2499 1386 quadam
2546 1319 2903 1388 mirabiliora,
2933 1337 3053 1392 quae
3100 1326 3322 1383 suavius
3348 1343 3416 1383 au

1853 1403 2095 1470 diuntur,
2113 1414 2278 1477 atque
2307 1407 2363 1461 in
2389 1407 2522 1479 ipsis
2546 1409 2790 1466 articulis
2817 1413 3109 1470 constituta
3123 1425 3268 1482 sunt,
3298 1429 3352 1473 et
3377 1434 3442 1475 e-

1853 1502 2109 1564 tanquam
2131 1496 2424 1554 involucris
2445 1499 2760 1556 ostendere:
2781 1503 3072 1575 statimque
3097 1521 3126 1560 a
3149 1518 3442 1578 conspectu

1853 1583 2104 1656 abripere
2147 1601 2257 1643 non
2286 1597 2522 1659 oportet,
2577 1591 2672 1646 sed
2721 1592 3059 1663 aliquantum
3103 1597 3441 1657 immorando

1852 1677 2008 1747 quasi
2036 1678 2310 1735 resolvere
2338 1689 2501 1751 atque
2542 1684 2869 1752 expandere,
2896 1694 2953 1741 et
2995 1687 3330 1758 inspicienda
3363 1701 3441 1748 at-

1853 1782 1961 1838 que
1989 1769 2236 1825 miranda
2277 1769 2473 1826 offerre
2501 1773 2697 1829 animis
2727 1774 3057 1846 auditorum,
3085 1788 3283 1836 caetera
3309 1797 3440 1839 vero

1854 1860 2017 1917 celeri
2058 1863 2406 1932 percussione
2449 1865 2740 1922 inserendo
2767 1877 3078 1928 contexere.
3128 1872 3207 1927 Ita
3247 1882 3302 1929 et
3357 1875 3446 1930 illa

1855 1966 1976 2022 quae
2003 1954 2241 2010 maxime
2279 1958 2650 2014 commendari
2676 1959 2926 2018 volumus
2953 1963 3183 2020 aliorum
3212 1967 3449 2025 submis-

1856 2047 2010 2104 sione
2049 2050 2224 2122 magis
2250 2052 2527 2108 eminent:
2561 2069 2662 2110 nec
2700 2056 2769 2111 ad
2799 2071 2861 2112 ea
2893 2055 3150 2130 fatigatus
3197 2062 3448 2130 pervenit

1857 2157 2019 2213 quem
2062 2134 2616 2204 narrando‘volumus
2649 2151 2911 2220 excitare,
2944 2169 3047 2211 nec
3074 2153 3218 2211 illius
3246 2173 3452 2214 memo-

1860 2234 1943 2289 ria
1990 2235 2340 2292 confunditur
2389 2254 2550 2310 quem
2579 2239 2826 2300 docendo
2852 2244 3114 2302 debemus
3151 2247 3444 2306 instruere.

245 2344 430 2417 (ιωάη
461 2362 509 2401 ο,
540 2344 619 2418 5,)
661 2344 980 2416 Quicunque
1009 2345 1172 2418 igitur
1215 2343 1285 2400 ad
1310 2343 1589 2417 sapientia
1637 2343 1752 2400 cu]-
1777 2311 1914 2381 Bln
1957 2327 2210 2418 omnibus
2255 2346 2386 2387 sane
2432 2348 2540 2388 non
2587 2341 2798 2390 tantum
2851 2351 2950 2392 nos
2995 2346 3211 2408 oportet
3247 2341 3447 2396 intueri

167 2454 296 2497 men
335 2441 602 2512 pervenit,
630 2441 700 2497 ad
739 2439 1012 2514 fastigium
1059 2439 1365 2510 charitatis,
1408 2453 1542 2508 etc.,
1588 2456 1752 2511 usque

168 2535 246 2588 ad
269 2534 423 2604 finem
445 2534 650 2606 capitis.

594 2647 672 2704 De
699 2649 1039 2722 acquisitione
1061 2649 1330 2705 virtutum.

247 2761 431 2834 (lbid.,
457 2779 506 2817 c.
532 2760 648 2836 27.)
670 2761 880 2819 interea
914 2763 1099 2835 quippe
1126 2762 1256 2818 dum
1296 2761 1500 2817 intenta
1529 2761 1756 2816 medita-

173 2856 319 2910 tione
365 2853 646 2911 scientiam
672 2855 972 2926 spiritalem
1002 2863 1154 2926 optat
1196 2853 1455 2925 adipisci,
1512 2868 1754 2928 necesse,

173 2953 306 3013 etc.,
337 2962 499 3018 usque
529 2946 636 3016 fere
687 2945 758 3000 ad
799 2944 959 3015 ﬁnem
987 2945 1174 3016 capitis
1203 2943 1276 3000 ibi
1319 2943 1389 2999 ad
1431 2942 1525 2998 illa
1568 2942 1756 2998 verba:

175 3035 286 3094 Sed
307 3037 432 3108 quia
462 3037 528 3092 de
555 3034 734 3093 modo.

418 3167 558 3234 Quid
588 3168 772 3225 doctor
790 3167 972 3223 debeat
999 3168 1056 3222 in
1083 3167 1316 3223 docendo
1342 3183 1514 3239 agere.

251 3277 438 3352 (Ibid.,
465 3295 512 3334 c.
541 3278 657 3350 28.)
708 3278 877 3335 Debet
925 3279 1091 3351 igitur
1109 3277 1417 3335 divinarum
1449 3278 1760 3351 Scriptura-

173 3386 298 3427 rum
330 3379 592 3428 tractator
617 3380 674 3428 et
712 3372 922 3438 doctor,
953 3370 1206 3429 defensor
1240 3381 1404 3428 recta
1447 3371 1596 3439 ﬁdei,
1626 3381 1762 3441 etc.,

172 3481 339 3536 usque
369 3465 438 3520 ad
464 3465 623 3534 ﬁnem
653 3465 862 3536 capitis.

249 3556 440 3630 (Ibid.,
482 3574 530 3612 c.
577 3556 691 3629 30.)
741 3556 850 3613 Sed
876 3557 1122 3627 quamvis
1150 3557 1207 3614 in
1251 3558 1410 3615 bonis
1454 3559 1767 3618 doctoribus

173 3659 330 3707 tanta
361 3647 588 3704 docendi
616 3664 746 3704 cura
761 3649 833 3705 sit
851 3649 938 3704 vel
965 3664 1087 3706 esse
1108 3649 1416 3717 debeat,'ut,
1442 3658 1575 3716 etc.,
1602 3669 1766 3723 usque
1791 3669 1839 3736 ο

170 3742 244 3798 ad
267 3740 426 3811 linem
455 3739 660 3812 capitis.

249 3831 436 3905 (lbid.,
459 3848 505 3886 c.
536 3831 626 3886 51.
654 3830 675 3904 )
701 3831 799 3888 Est
819 3838 1000 3887 autem
1025 3830 1260 3904 optimus
1305 3830 1497 3887 modus
1525 3833 1760 3902 dicendi,

173 3941 286 3997 quo
315 3924 377 3979 iit
404 3932 465 3980 ut
489 3924 582 3996 qui
609 3923 782 3992 audit,
808 3937 1023 3991 verum,
1048 3931 1182 3992 etc.,
1209 3939 1372 3995 usque
1401 3923 1470 3978 ad
1491 3924 1652 3995 ﬁnem
1674 3942 1765 3980 ca-

172 4020 323 4093 pitis.
1499 4023 1502 4026 ’

256 4109 452 4167 Verum
483 4111 648 4167 etiam
675 4108 894 4166 ﬂectere
921 4117 981 4164 ut
1003 4109 1204 4165 vincat.
1234 4105 1361 4166 Haec
1382 4123 1512 4182 ergo
1537 4123 1764 4166 servans

171 4205 500 4279 praedicator
523 4203 863 4276 evangelicus
892 4203 948 4258 in
977 4202 1278 4274 prolatione
1300 4203 1590 4267 sermonis,
1612 4199 1765 4271 adju-

174 4305 345 4352 vante
373 4297 552 4352 divina
575 4296 772 4370 gratia,
800 4296 1001 4368 poterit
1029 4295 1271 4353 invenire
1305 4293 1540 4351 fructum
1563 4293 1766 4350 laboris

175 4391 290 4456 sui,
319 4398 374 4445 et
399 4389 635 4446 laudem.

469 4512 743 4581 Quomodo
765 4512 922 4568 rudes
949 4511 1307 4567 catechizandi
1325 4511 1451 4566 sint.

252 4625 390 4682 Nam
429 4626 554 4699 quia
582 4625 651 4682 de
696 4625 1000 4682 eruditione
1041 4623 1389 4692 doctrinaeget
1425 4623 1768 4683 institutione

173 4735 396 4778 morum
453 4719 836 4792 praedicatores
883 4717 1033 4774 verbi
1085 4718 1183 4774 Dei
1221 4716 1376 4787 juxta
1420 4718 1768 4774 traditionem

175 4814 449 4886 majorum
471 4813 734 4869 hactenus
753 4811 1087 4882 aliquantum
1108 4810 1461 4875 instituimus,
1479 4823 1626 4865 nunc
1643 4823 1770 4866 con-

175 4911 478 4975 sequenter
525 4903 795 4974 quomodo
825 4901 987 4958 rudes
1033 4900 1404 4957 catechizandi
1449 4909 1578 4956 sunt
1621 4900 1768 4956 dica‘

1852 2410 2106 2492 praecepti
2133 2421 2322 2489 ﬁnem,
2352 2424 2493 2494 quod
2541 2435 2625 2481 est
2654 2428 2894 2484 charitas
2935 2429 3002 2484 de
3037 2431 3201 2487 corde
3229 2447 3364 2502 puro
3395 2443 3451 2488 et

1853 2511 2188 2567 conscientia
2217 2511 2360 2568 bona
2389 2523 2446 2570 et
2467 2515 2570 2571 ﬁde
2597 2532 2705 2572 non
2735 2516 2882 2583 ﬁcta,
2909 2535 3016 2589 quo
3041 2535 3104 2575 ea
3135 2537 3255 2591 quae
3279 2523 3454 2592 loqui—

1855 2615 1978 2656 mur
1998 2610 2192 2658 cuneta
2209 2603 2534 2671 referamus,
2551 2606 2646 2660 sed
2657 2608 2822 2662 etiam
2841 2607 2982 2665 illius
3007 2625 3168 2681 quem
3183 2611 3452 2682 loquendo

1855 2693 2174 2748 instruimus
2190 2694 2258 2750 ad
2283 2694 2336 2749 id
2349 2697 2646 2752 movendus
2661 2706 2824 2768 atque
2836 2697 2961 2755 illuc
2975 2700 3288 2773 dirigendus
3299 2718 3449 2774 aspe-

1856 2791 1977 2838 ctus
1997 2792 2099 2838 est.
2133 2782 2318 2856 Neque
2338 2787 2483 2842 enim
2505 2788 2576 2843 ob
2602 2788 2745 2844 aliud
2767 2799 2892 2845 ante
2916 2790 3204 2847 adventum
3233 2794 3448 2850 Domini

1858 2877 2059 2947 scripta
2099 2887 2224 2933 sunt
2265 2879 2448 2933 omnia
2506 2895 2627 2949 qua;
2674 2880 2729 2936 in
2775 2880 3075 2951 Scripturis
3125 2885 3328 2940 sanctis
3375 2886 3451 2944 le.-

1858 2965 2036 3038 gimus
2063 2986 2074 3021 :
2100 2967 2203 3023 nisi
2254 2975 2314 3022 ut
2359 2967 2502 3025 illius
2549 2973 3024 3028 commendaretur
3065 2976 3363 3043 adventus,
3393 2988 3450 3032 et

1860 3058 2040 3114 futura
2058 3062 2476 3132 praesignaretur
2497 3063 2760 3130 Ecclesia,
2777 3066 2831 3121 id
2851 3075 2934 3122 est
2962 3069 3188 3139 p0pulus
3209 3069 3327 3138 Dei,
3353 3088 3452 3142 per

1861 3168 2051 3209 omnes
2078 3163 2267 3226 gentes
2285 3195 2300 3221 ,
2327 3156 2471 3226 quod
2497 3166 2583 3212 est
2614 3172 2811 3228 corpus
2837 3156 2958 3227 ejus
2993 3159 3262 3229 adjunctis
3292 3171 3457 3233 atque

1863 3247 2233 3307 annumeratis
2263 3248 2515 3316 omnibus
2543 3250 2768 3306 sanctis.
2798 3249 2900 3318 Qui
2922 3253 3086 3308 etiam
3108 3264 3233 3310 ante
3255 3255 3457 3312 adven-

1866 3345 1978 3392 tum
2005 3337 2124 3410 ejus
2152 3339 2206 3394 in
2235 3340 2339 3396 hoc
2380 3341 2578 3398 saeculo
2608 3342 2884 3409 vixerunt,
2912 3345 2985 3400 ita
3015 3361 3140 3403 eum
3170 3350 3454 3406 credentes

1865 3437 2151 3486 venturum
2177 3446 2321 3499 esse,
2351 3433 2492 3489 sicut
2520 3449 2620 3491 nos
2646 3433 2882 3492 venisse.
2911 3437 3041 3507 Qum
3072 3448 3250 3497 autem
3283 3441 3458 3511 major

1865 3534 2032 3578 causa
2055 3529 2140 3578 est
2176 3522 2440 3579 adventus
2480 3523 2718 3592 Domini,
2749 3528 2853 3583 nisi
2885 3536 2946 3583 ut
2973 3531 3286 3586 ostenderet
3315 3532 3458 3586 Deus

1868 3612 2208 3672 dilectionem
2255 3631 2412 3672 suam
2441 3616 2497 3672 in
2522 3618 2681 3674 nobis
2717 3621 3107 3676 commendans
3136 3637 3258 3677 eam
3287 3623 3454 3678 vehe-

1869 3717 2099 3773 menter,
2127 3708 2253 3777 quia
2303 3723 2428 3762 cum
2463 3709 2640 3765 adhuc
2679 3710 2888 3766 inimici
2933 3726 3176 3768 essemus
3205 3713 3455 3771 Christus

1864 3811 1963 3868 pro
2007 3799 2164 3853 nobis
2210 3807 2459 3856 mortuus
2488 3800 2738 3856 estzhoc
2764 3811 2944 3858 autem
2994 3805 3134 3872 ideo,
3159 3807 3285 3877 quia
3329 3807 3455 3876 linis

1864 3889 2120 3958 praecepti
2153 3897 2209 3944 et
2235 3889 2512 3961 plenitudo
2553 3891 2688 3963 legis
2728 3892 2967 3950 charitas
3005 3904 3087 3952 est
3123 3915 3134 3950 :
3168 3905 3226 3951 ut
3264 3906 3319 3952 et
3357 3914 3458 3955 nos

1871 3978 2104 4034 invicem
2146 3979 2452 4052 diligamus,
2480 3989 2536 4036 et
2560 3983 3013 4053 quemadmodum
3042 3986 3130 4042 ille
3171 4002 3268 4058 pro
3300 3989 3457 4044 nobis

1865 4070 2102 4125 animam
2129 4085 2283 4127 suam
2312 4072 2510 4143 posuit,
2545 4074 2624 4129 sic
2650 4081 2705 4129 et
2733 4089 2834 4130 nos
2859 4076 3096 4136 animam
3134 4093 3234 4148 pro
3265 4077 3454 4134 fratri-

1863 4161 1967 4217 bus
2006 4177 2270 4233 ponamus
2305 4172 2398 4219 :et
2436 4164 2614 4235 ipsum
2654 4165 2856 4234 Deum,
2890 4169 3144 4239 quoniam
3185 4170 3335 4240 prior
3371 4171 3456 4226 di-

1863 4251 1997 4308 lexit
2031 4269 2152 4320 nos,
2179 4263 2234 4310 et
2262 4254 2398 4310 Filio
2431 4272 2530 4312 suo
2576 4257 2735 4313 unico
2776 4274 2881 4314 non
2931 4261 3194 4331 pepercit,
3222 4262 3316 4317 sed
3357 4278 3456 4333 pro

1865 4343 2022 4400 nobis
2055 4344 2308 4401 omnibus
2335 4347 2557 4402 tradidit
2582 4347 2754 4404 illum.
2782 4347 2842 4405 Si
2871 4365 3055 4406 amare
3078 4350 3311 4423 pigebat,
3342 4352 3452 4406 sal-

1867 4445 1976 4492 tem
2007 4437 2290 4492 redamare
2318 4453 2425 4492 non
2455 4440 2655 4510 pigeat.
2705 4439 2860 4496 Nulla
2893 4451 2977 4497 est
3001 4443 3146 4497 enim
3180 4443 3352 4514 major
3386 4443 3454 4498 ad

1868 4542 2107 4584 amorem
2135 4529 2382 4586 invitatio
2408 4546 2570 4601 quam
2600 4533 2898 4602 praevenire
2925 4535 3178 4601 amando,
3207 4544 3264 4590 et
3291 4535 3454 4592 nimis

1867 4619 2034 4676 durus
2079 4628 2165 4678 est
2205 4622 2438 4688 animus,
2475 4624 2566 4692 qui
2599 4622 2978 4692 dilectionem,
3011 4627 3055 4681 si
3087 4627 3307 4682 nolebat
3353 4628 3454 4683 im-

1867 4711 2120 4780 pendere,
2138 4711 2273 4767 nolit
2293 4721 2346 4769 et
2357 4716 2671 4784 rependere.
2689 4715 2780 4770 Sic
2801 4731 2930 4786 ergo
2954 4719 3186 4774 maxime
3208 4727 3456 4791 pr0pter-

1868 4819 1932 4860 ea
1972 4803 2222 4861 Christus
2261 4806 2498 4873 advenit,
2534 4817 2595 4862 ut
2625 4817 2979 4879 cognosceret
3002 4809 3163 4864 homo
3190 4820 3452 4880 quantum

1868 4910 1990 4952 eum
2042 4896 2230 4966 diligat
2272 4897 2436 4963 Deus,
2465 4905 2521 4952 et
2565 4897 2684 4953 ideo
2732 4909 3080 4970 cognosceret
3131 4910 3192 4956 ut
3234 4902 3290 4958 in
3338 4904 3457 4974 ejus

173 5011 329 5053 mus.
370 4995 554 5066 itaque
598 4995 700 5051 hoc
721 4992 957 5051 oiiicium
983 4991 1291 5049 faciendum
1318 5001 1404 5049 est
1429 4992 1760 5059 narratione,
1786 5029 1842 5091 Β
1869 4988 2212 5045 dilectionem
2235 5004 2343 5060 qua
2368 4989 2517 5059 prior
2555 4990 2788 5047 dilectus
2808 5002 2894 5049 est
2914 4993 3306 5063 inardesceret,
3330 5011 3458 5066 pro-

174 5085 584 5151 exhortatione,
614 5092 777 5154 atque
808 5083 1099 5138 hilaritate.

255 5178 508 5235 Narratio
531 5177 690 5249 plena
714 5185 816 5242 est,
840 5191 963 5232 cum
991 5175 1223 5246 quisque
1264 5175 1440 5247 primo
1466 5175 1768 5232 catechiza-

175 5279 278 5326 tur
304 5270 463 5326 abeo
504 5268 648 5340 quod
701 5267 959 5338 scriptum
1002 5274 1118 5322 est:
1173 5283 1192 5317 ι
1223 5265 1282 5321 in
1329 5267 1593 5338 principio
1637 5267 1768 5324 fecit

178 5361 336 5416 Dens
363 5360 559 5416 omium
583 5368 640 5415 et
667 5367 869 5414 terram
897 5355 1050 5430 (Gen.
1077 5372 1117 5423 ι,
1153 5356 1230 5429 1),
1274 5376 1293 5410 ι
1333 5373 1504 5428 usque
1531 5359 1598 5414 ad
1624 5374 1765 5431 prae-

177 5451 366 5507 sentia
393 5459 634 5523 tempora
662 5449 938 5516 Ecclesiae,
959 5463 1068 5505 non
1092 5457 1273 5505 tamen
1299 5456 1585 5521 propterea
1608 5450 1768 5506 debe-

178 5560 315 5600 mus
341 5552 512 5600 totum
539 5543 923 5600 Pentateucum
947 5550 1200 5614 totosque
1223 5541 1473 5599 iudicum
1497 5551 1554 5600 et
1585 5559 1771 5616 regno-

179 5653 316 5693 rum
342 5643 398 5692 et
422 5635 574 5692 Eua:
593 5635 781 5701 libros,
808 5643 1088 5708 totumque
1135 5634 1483 5706 Evangelium
1512 5644 1568 5691 et
1605 5637 1772 5694 Actus

179 5727 560 5803 apostolorum
599 5726 684 5783 vel
721 5727 766 5782 si
795 5727 863 5782 ad
902 5728 1126 5784 verbum
1169 5727 1490 5783 edidicimus
1521 5731 1773 5784 memori-

475 5817 747 5881 Panos.
790 5817 983 5881 CXII.

1871 5081 2183 5152 ximumque
2213 5081 2303 5138 illo
2325 5081 2548 5150 jubente
2569 5092 2624 5138 et
2644 5085 3050 5142 demonstrante
3072 5087 3335 5161 diligeret,
3359 5090 3454 5159 qui

1873 5187 1982 5227 non
2022 5172 2350 5242 proximum,
2384 5175 2479 5228 sed
2520 5189 2628 5228 non
2669 5173 2828 5246 longe
2854 5177 3293 5247 peregrinantem
3325 5178 3452 5233 diii-

1875 5264 2049 5336 gendo
2076 5264 2252 5321 factus
2277 5272 2363 5321 est
2392 5266 2690 5337 proximus.
2739 5265 3031 5339 Omnisque
3063 5268 3342 5339 Scriptura
3369 5269 3423 5325 di

1875 5357 2000 5412 vina
2025 5372 2145 5427 quae
2173 5365 2298 5413 ante
2325 5357 2526 5427 scripta
2551 5365 2635 5413 est
2662 5359 2730 5413 ad
2755 5359 3223 5429 praenuntiandum
3252 5349 3454 5415 adven-

1872 5456 1985 5504 tum
2007 5449 2237 5514 Domini,
2253 5456 2309 5504 et
2328 5448 2587 5520 quidquid
2610 5458 2793 5520 postea
2817 5450 3130 5506 mandatum
3152 5459 3236 5505 est
3254 5449 3453 5506 litteris

1871 5549 1928 5596 et
1954 5541 2134 5596 divina
2162 5542 2485 5598 auctoritate
2514 5541 2786 5598 ﬁrmatum
2831 5552 2933 5610 est,
2960 5543 3236 5599 Christum
3268 5553 3455 5598 narrat

1874 5641 1928 5690 et
1975 5634 2314 5691 dilectionem
2363 5646 2560 5692 movet.
2607 5635 2949 5693 Manifestum
2981 5645 3065 5691 est
3105 5652 3210 5691 non
3243 5645 3451 5692 tantum

1878 5736 2043 5784 totam
2089 5728 2261 5800 legem
2305 5737 2360 5784 et
2404 5730 2698 5801 prophetas
2743 5731 2795 5784 in
2833 5729 2936 5784 illis
2978 5729 3186 5784 duobus
3218 5730 3455 5800 pendere

2860 5820 2937 5884 38
