3956 6326
603 304 749 364 M93
784 350 805 367 .

1274 302 1338 360 ιι.
1378 302 1634 362 mm
1672 264 1893 364 nam
1926 298 2246 362 suamne.
2287 300 2596 361 uocum.
2630 299 2836 362 opem

1682 264 1893 364 nam
1926 298 2246 362 suamne.
2287 300 2596 361 uocum.
2630 248 2923 362 ornatur
2951 299 3134 361 rans
3163 298 3244 358 ιιι.

3641 312 3731 373 ιιιι

599 412 889 488 praeceptis
915 410 1223 470 dilectionis
1242 412 1339 470 Dei
1368 425 1425 470 et
1449 416 1705 486 proximi,
1731 431 1852 486 quae
1877 416 2055 471 adhuc
2078 413 2193 470 sola
2218 419 2270 480 Α
2295 415 2441 471 xime
2469 417 2957 473 commendandum
2984 424 3165 482 est,nt
3191 430 3307 470 cum
3331 415 3409 473 ille
3430 419 3507 490 qui
3529 436 3605 480 nos
3621 429 3729 499 audii,

604 504 889 575 Scriptura
916 513 1106 560 sancta
1133 512 1252 560 erat
1274 520 1398 561 cum
1420 507 1524 561 hoc
1545 506 1805 562 Dominus
1827 506 2051 562 diceret.
2084 503 2193 565 Sed

603 601 768 654 etiam
821 613 1160 669 quaecunque
1218 599 1490 669 posterius
1542 601 1831 656 salubriter
1879 608 2197 656 consecrata

605 699 752 750 sunt.
776 690 1162 758 memoriaeque
1190 690 1443 746 mandata
1475 691 1779 746 divinarum
1810 691 2080 747 volumina
2110 689 2201 745 lit-

608 794 869 837 terarum.
921 780 1058 849 Quia
1100 796 1229 854 ergo
1272 783 1524 838 charitati
1571 785 1707 840 nihil
1735 786 1996 841 adversus
2033 801 2199 856 quam

607 874 902 929 invidentia
929 915 944 939 ,
993 882 1167 930 mater
1213 884 1393 930 autem
1444 875 1753 932 invidentia:
1799 878 2053 948 superbia
2093 886 2195 945 est,

2298 507 2410 563 imo
2432 521 2534 578 per
2560 523 2660 564 nos
2696 508 2848 564 audit
2888 508 3058 563 Deum
3074 548 3090 574 ,
3122 506 3343 565 moribus
3363 519 3412 564 et
3431 513 3606 570 scientia
3625 523 3733 588 prus.

2300 614 2425 656 ccre
2452 600 2702 671 coeperit,
2722 607 2779 655 et
2805 599 2948 653 viam
2970 597 3173 654 Christi
3200 614 3315 653 cum
3336 600 3564 660 alacritate
3585 606 3733 681 ingredi,

2298 706 2401 747 nec
2431 689 2588 745 nobis
2612 688 2666 745 id
2692 689 2892 744 audeat
2919 690 3217 759 assignare,
3244 703 3336 745 nec
3361 691 3469 757 sibi,
3486 694 3562 748 sed
3579 698 3733 766 scim

2298 791 2357 839 et
2385 797 2485 838 nos
2520 790 2577 836 et
2601 795 2954 851 quoscunque
2991 779 3130 836 alios
3164 779 3326 850 diligit
3360 781 3531 838 amicos
3553 784 3593 840 in
3612 786 3735 855 illo,ct

2299 882 2522 945 propter
2572 873 2723 928 illum
2769 872 2943 943 diligi,
2969 872 3066 944 qui
3110 886 3233 928 eum
3274 872 3443 929 dilexit
3474 876 3735 938 inimicitiam

606 965 751 1020 idem
797 964 1057 1020 Dominus
1082 962 1239 1021 Jesus
1268 965 1519 1022 Christus
1554 966 1698 1023 Deus
1727 968 1892 1025 homo
1917 980 1973 1024 et
2002 969 2199 1027 divinae
2295 966 2604 1039 justiﬁcans
2630 966 2834 1022 faceret
2860 967 3120 1023 amicum.

609 1056 664 1110 in
698 1071 797 1110 nos
826 1055 1128 1112 dilectionis
1156 1056 1412 1113 indicium
1437 1067 1492 1113 et
1521 1057 1772 1115 humanae
1793 1058 1935 1130 apud
1965 1074 2067 1117 nos
2095 1059 2200 1119 bu-.

609 1146 854 1201 unilitatis
884 1148 1213 1217 exemplum,
1234 1156 1295 1202 ut
1320 1163 1548 1221 magnus
1580 1158 1758 1206 tumor
1783 1157 1973 1205 noster
1996 1149 2202 1219 majore

607 1241 881 1295 contraria
932 1241 1199 1296 medicina
1241 1250 1549 1296 sanaretur.
1582 1241 1778 1314 Magna
1805 1250 1890 1299 est
1918 1242 2065 1299 enim
2093 1242 2199 1297 mi-

607 1332 749 1386 seria
773 1332 1036 1403 superbus
1058 1331 1243 1399 homo,
1267 1332 1361 1387 sed
1387 1331 1563 1402 major
1581 1334 1957 1391 misericordia
1984 1333 2202 1393 humilis

608 1424 771 1481 Deus.
806 1423 921 1481 liae
961 1441 1092 1498 ergo
1139 1424 1430 1482 dilectione
1461 1426 1583 1494 tibi,
1612 1426 1806 1493 lector,
1832 1424 2200 1497 tanquam'si-

608 1510 716 1589 guo
745 1517 1023 1590 proposito
1053 1532 1160 1589 quo
1190 1518 1395 1577 referas
1420 1520 1601 1575 omnia
1628 1535 1751 1592 quae
1763 1520 1918 1585 dicis,
1945 1517 2205 1591 quidquid

607 1624 801 1665 narras
829 1610 901 1664 ita
927 1626 1087 1665 narra
1107 1621 1195 1666 :ut
1221 1610 1310 1666 ille
1333 1611 1419 1666 cui
1442 1610 1682 1681 loqueris
1707 1610 1974 1668 audiendo
1991 1610 2202 1677 credat,

608 1702 879 1758 credendo
908 1712 1107 1776 speret,
1144 1704 1412 1774 sperando
1440 1711 1607 1760 amet.

2372 1058 2507 1113 Illud
2550 1058 2711 1133 plane
2759 1073 2866 1113 non
2906 1056 3333 1129 praetereundum
3374 1068 3461 1127 est,
3495 1072 3545 1117 ut
3575 1063 3607 1119 si
3635 1068 3680 1121 ad
3706 1078 3735 1125 te

2302 1149 2591 1221 quisquam
2621 1149 3038 1205 catechizandus
3064 1150 3269 1204 venerit
3289 1150 3552 1208 liberalibus
3571 1155 3735 1216 doctrina

2303 1239 2554 1295 excultus
2581 1238 2673 1311 qui
2692 1238 2808 1311 jam
2836 1239 3146 1295 decreverit
3167 1255 3283 1296 esse
3305 1238 3734 1309 Christianismum

2304 1332 2518 1389 venerit
2546 1340 2605 1386 ut
2624 1331 2739 1398 ﬁat,
2767 1326 3145 1387 difficillimum
3166 1331 3377 1387 omnino
3392 1342 3527 1388 estut
3546 1350 3623 1391 non
3637 1336 3734 1393 ιιιυιιι

2306 1431 2618 1479 nostrarum
2671 1414 3069 1495 scripturarum
3109 1423 3486 1496 litterarumque
3517 1432 3733 1500 cognoverit

2305 1514 2505 1585 quibus
2532 1512 2647 1584 jam
2675 1514 2976 1571 instructus
3006 1514 3077 1570 ad
3105 1524 3526 1571 sacramentorum
3549 1522 3733 1591 participa-

2306 1608 2510 1665 tionem
2538 1609 2910 1664 tantummodo
2934 1607 3167 1664 venerit.
3200 1607 3351 1664 Tales
3377 1608 3499 1665 enim
3520 1624 3596 1666 non
3621 1613 3732 1669 cades

2306 1701 2442 1757 hora
2466 1716 2575 1772 qua
2603 1699 2900 1758 Christiani
2930 1700 3088 1765 ῐίιιιιι,
3120 1701 3216 1756 sed
3240 1711 3360 1757 ante
3388 1702 3533 1757 solent
3552 1704 3733 1758 auidi.

678 1792 1005 1850 Narratione
1036 1794 1208 1861 ﬁnita,
1262 1810 1385 1865 spes
1438 1795 1855 1852 resurrectionis
1900 1794 2205 1852 intimanda
2232 1789 2282 1852 B
2308 1789 2538 1863 ligenter
2556 1790 2858 1862 inquirere,
2879 1801 2935 1847 et
2949 1799 3135 1849 metus
3147 1791 3311 1847 animi
3324 1791 3729 1864 wieumquihmps-

607 1892 712 1952 est,
742 1894 797 1940 et
845 1901 942 1956 pro
967 1887 1269 1957 capacitate
1293 1901 1358 1943 ac
1405 1886 1612 1942 viribus
1655 1885 1949 1953 audientis,
1992 1900 2202 1959 proque

604 1977 776 2051 ipsius
820 1978 1080 2050 temporis
1129 1977 1347 2035 modulo
1396 1979 1656 2036 adversus
1703 1994 1874 2034 vanas
1920 1978 2204 2035 irrisiones

607 2070 906 2126 infidelium
938 2070 1006 2127 de
1035 2071 1280 2141 corporis
1316 2070 1722 2127 resurrectione
1760 2069 2121 2135 tractandum,
2148 2078 2205 2125 et

603 2160 770 2216 futuri
796 2160 969 2216 ultimi
1005 2160 1197 2232 judicii
1226 2161 1467 2218 bonitate
1506 2161 1561 2218 in
1605 2161 1799 2227 bonos,
1827 2158 2121 2215 severitate
2145 2158 2201 2213 in

603 2254 797 2321 malos,
835 2255 1062 2310 veritate
1103 2254 1159 2309 in
1203 2269 1413 2310 omnes.
1466 2253 2031 2323 Commemoratisque
2077 2267 2203 2308 cum

605 2344 966 2401 detestatione
1010 2352 1066 2399 et
1116 2344 1345 2400 horrore
1391 2342 1572 2416 poenis
1618 2343 1943 2416 impiorum,
1974 2357 2203 2415 regnum

598 2436 875 2508 justorum
908 2442 1073 2507 atque
1098 2433 1336 2491 ﬁdelium
1366 2449 1603 2506 superna
1630 2434 1721 2489 illa
1756 2434 1952 2492 civitas
1977 2432 2203 2505 ejusque

607 2529 863 2601 gaudium
890 2544 1015 2585 cum
1040 2528 1309 2585 desiderio
1328 2528 1736 2600 praedicandum
1765 2537 1867 2585 est.
1901 2528 2040 2584 Tum
2071 2543 2203 2583 vero

602 2619 927 2675 instruenda
958 2629 1013 2676 et
1041 2619 1330 2674 animanda
1374 2628 1459 2676 est
1506 2618 1794 2677 infirmitas
1839 2619 2077 2676 hominis
2109 2620 2204 2675 ad-

603 2728 800 2769 versus
828 2712 1157 2768 tentationes
1177 2718 1232 2767 et
1254 2711 1535 2780 scandala,
1558 2713 1673 2769 sive
1698 2712 1852 2779 foris,
1875 2712 1989 2770 sive
2004 2714 2059 2768 in
2085 2714 2201 2785 ipsa

600 2804 752 2861 intus
790 2803 1061 2860 ecclesia:
1093 2802 1227 2860 foris
1272 2804 1535 2862 adversus
1583 2805 1812 2878 gentiles
1859 2805 1947 2862 vel
1986 2804 2202 2862 Judaeos

601 2894 689 2950 vel
723 2895 1031 2963 haereticos,
1065 2895 1212 2951 intus
1236 2903 1418 2952 autem
1450 2897 1713 2954 adversus
1740 2913 1881 2953 area:
1907 2898 2202 2953 Dominij

599 2984 808 3057 paleas,
840 3000 950 3040 non
985 2993 1044 3039 ut
1086 2993 1276 3041 contra
1317 2984 1531 3056 singula
1573 3002 1954 3058 perversurum
2000 3001 2201 3060 genera

602 3078 935 3149 disputetur,
966 3093 1265 3149 omnesque
1306 3076 1521 3134 illorum
1556 3094 1738 3151 pravae
1762 3080 2046 3152 opiniones
2074 3096 2202 3153 pro-

2303 1891 2430 1940 sunt
2456 1883 2867 1945 communicare
2898 1891 3071 1953 atque
3110 1882 3390 1941 discutere.
3423 1882 3532 1939 Cum
3553 1886 3731 1954 hisitaql

2302 1958 2544 2033 breviter
2568 1976 2836 2049 agendum
2864 1984 2969 2043 est,
2995 1983 3054 2032 et
3084 1991 3193 2031 non
3218 1974 3393 2031 odiose
3418 1974 3731 2045 iaculandoque

2304 2080 2524 2139 norunt,
2558 2074 2651 2129 sed
2681 2069 2925 2128 modeste
2953 2071 3393 2143 perstringenda,
3426 2070 3488 2125 ita
3517 2079 3563 2126 ut
3590 2070 3729 2125 diuus

2304 2178 2407 2220 nos
2429 2162 2653 2219 credere
2666 2162 2810 2233 quod
2825 2161 2939 2231 jam
2962 2162 3218 2218 noverint
3238 2160 3363 2217 illud
3379 2168 3515 2231 atque
3530 2159 3631 2225 illud,
3640 2172 3728 2231 atque

2305 2260 2411 2316 hoc
2439 2259 2602 2316 modo
2632 2260 2839 2317 cursim
2861 2272 3188 2339 enumerare
3209 2256 3383 2313 omnia
3405 2270 3506 2327 que
3527 2254 3726 2309 rudibus-

2304 2351 2589 2424 doctisque
2615 2352 2937 2409 inculcanda
2961 2360 3093 2408 sunt
3121 2358 3184 2407 ut
3206 2351 3309 2407 etsi
3330 2349 3444 2420 quid
3464 2347 3725 2405 noritemdits

2305 2445 2411 2502 iste
2458 2432 2568 2502 non
2617 2456 2876 2516 tanquam
2905 2461 2937 2500 a
2964 2445 3191 2500 doctore
3224 2443 3425 2509 audiat,
3444 2440 3632 2512 etsiquid
3653 2438 3727 2493 ius

2306 2538 2486 2593 adhuc
2533 2538 2745 2610 ignorat
2787 2537 2914 2595 dum
2943 2552 3010 2593 ea
3060 2550 3513 2593 commemoramus
3544 2530 3725 2604 queillul

2305 2644 2468 2687 nosse
2507 2629 2623 2699 jam
2664 2628 2940 2686 credimus
2983 2629 3183 2685 discat.
3230 2626 3361 2684 Sunt
3403 2628 3509 2682 item
3540 2623 3726 2695 quidande

2307 2723 2513 2779 scholis
2556 2722 2928 2778 usitatissimis
2968 2721 3453 2794 grammaticorum,
3489 2727 3726 2784 oratam

2306 2815 2612 2881 venientes,
2625 2828 2762 2885 quos
2789 2828 2967 2885 neque
2990 2816 3137 2871 inter
3157 2810 3345 2871 idiotas
3365 2826 3590 2869 numerare
3602 2808 3725 2869 sudus.

2306 2920 2485 2976 neque
2522 2905 2666 2963 inter
2698 2907 2816 2963 illos
2856 2908 3208 2964 doctissimos
3233 2912 3446 2977 quorum
3472 2918 3588 2959 mens
3602 2912 3727 2967 magm-

2308 3015 2431 3055 rum
2459 3015 2641 3056 rerum
2661 3009 2745 3057 est
2770 3000 3075 3058 exercitata
3097 3000 3475 3072 quaestionibus.
3498 2992 3569 3052 llis
3586 3008 3665 3065 ergo
3678 2992 3725 3061 qui

2308 3091 2571 3163 loquendi
2605 3103 2725 3151 arte
2758 3093 2973 3151 caeteris
3001 3094 3316 3151 hominibus
3345 3090 3562 3151 excellere
3586 3087 3727 3141 viduli!

598 3172 796 3246 positis
840 3171 1235 3242 quaestionibus
1278 3170 1615 3226 refellantur.
1667 3169 1776 3227 Sed
1821 3187 1922 3242 pro
1960 3181 2160 3244 tempor

2162 3185 2205 3228 ’θ
2228 3157 2277 3222 C
2307 3157 2431 3238 cuiu
2462 3185 2690 3240 veniunt
2735 3194 2798 3240 ut
2835 3183 3137 3243 Christiani
3174 3184 3322 3252 ﬁant,
3348 3185 3439 3241 hoc
3460 3180 3724 3253 amplinstll

604 3266 769 3323 brevi
817 3265 1299 3322 demonstrandum
1348 3274 1433 3321 est
1485 3264 1563 3319 ita
1612 3278 1734 3321 esse
1777 3267 2117 3337 praedictum,
2147 3276 2204 3323 et

605 3352 727 3429 quae
762 3357 835 3412 sit
864 3355 1070 3412 utilitas
1117 3356 1483 3411 tentationum
1514 3356 1828 3420 erudiendis
1848 3356 2119 3425 ﬁdelibus,
2148 3366 2205 3417 et

604 3466 728 3523 quae
777 3449 1045 3504 medicina
1105 3449 1161 3504 in
1213 3448 1460 3522 exemplo
1499 3449 1778 3521 patientia:
1804 3450 1928 3517 Dei,
1953 3451 2048 3523 qui
2084 3458 2201 3509 sta-

606 3541 711 3598 tuit
736 3554 909 3612 usque
937 3540 993 3595 in
1020 3538 1184 3597 linem
1236 3540 1343 3598 ista
1386 3542 1722 3613 permittere.
1769 3541 1905 3600 Cum
1938 3559 2069 3600 vero
2102 3544 2203 3601 ad-

606 3650 799 3691 versus
833 3648 928 3690 eos
968 3632 1272 3701 instruitur,
1303 3650 1535 3706 quorum
1562 3620 1837 3706 perversae
1870 3638 2043 3694 turbae
2082 3653 2205 3694 cor-

604 3726 868 3801 poraliter
916 3726 1141 3800 implent
1187 3727 1452 3785 ecclesias
1477 3746 1490 3784 :
1514 3729 1679 3785 simul
1723 3730 1890 3786 etiam
1931 3741 2207 3804 praecepta

604 3819 847 3876 breviter
879 3826 933 3875 et
962 3820 1218 3876 decenter
1245 3827 1743 3876 commemorantur
1767 3818 2099 3879 Christianae
2123 3829 2205 3877 at-

610 3926 718 3983 que
752 3911 998 3967 honesta:
1028 3911 1462 3967 conversationis
1482 3952 1498 3977 ,
1526 3926 1594 3967 ne
1622 3912 1692 3967 ab
1717 3911 1971 3980 ebriosis,
2000 3916 2205 3982 avaris,

610 4000 1036 4067 fraudatoribus,
1064 3999 1414 4069 aleatoribus,
1445 4001 1728 4069 adulteris,
1761 4002 2204 4073 fornicatoribus,

576 4121 585 4127 ο
612 4092 1011 4163 speculatorum
1038 4090 1396 4159 amatoribus,
1426 4091 1789 4147 remediorum
1816 4093 2205 4166 sacrilegorum

614 4183 1000 4257 allegatoribus
1025 4223 1039 4249 ,
1094 4185 1583 4253 praecantatoribus
1624 4187 2027 4243 mathematicis
2052 4227 2067 4254 ,
2122 4187 2207 4242 vel

615 4276 981 4349 quarumlibet
1028 4276 1227 4330 artium
1260 4291 1527 4332 vanarum
1554 4286 1610 4332 et
1640 4278 1906 4334 malarum
1938 4279 2209 4335 divinato-

609 4369 764 4425 ribus
790 4377 953 4438 atque
995 4363 1301 4435 huiusmodi
1341 4367 1555 4423 caeteris
1585 4367 1660 4423 ita
1697 4366 1853 4423 facile
1894 4369 2207 4436 seducatur,

610 4464 667 4516 et
691 4458 1019 4531 impunitum
1045 4455 1149 4512 sibi
1177 4455 1292 4511 fore
1316 4456 1630 4524 arbitretur,
1658 4459 1785 4529 quia
1810 4460 1955 4516 videt
1982 4460 2203 4528 multos,

610 4550 704 4621 qui
730 4548 1026 4607 Christiani
1074 4545 1434 4618 appellantur,
1466 4548 1583 4605 haec
1628 4565 1814 4606 amare
1842 4558 1897 4606 ct
1939 4566 2121 4624 agere,
2152 4562 2207 4608 et

601 4640 926 4742 ‘del‘endere,
977 4647 1032 4694 et
1081 4638 1331 4707 suadere,
1384 4649 1440 4695 et
1484 4643 1832 4713 persuadere.
1880 4643 2015 4713 Quis
2058 4647 2205 4702 enim

616 4732 745 4787 ﬁnis
763 4730 1037 4803 praestitus
1057 4730 1129 4786 sit
1150 4732 1205 4786 in
1228 4731 1323 4786 tali
1344 4732 1453 4788 vita
1481 4736 1962 4803 perseverantibus
1975 4746 2032 4793 et
2045 4754 2207 4810 quam

616 4822 730 4881 sint
758 4822 813 4878 in
843 4822 960 4892 ipsa
1009 4822 1253 4880 Ecclesia
1285 4823 1548 4881 tolerandi
1588 4841 1655 4883 ex
1694 4844 1802 4899 qua
1848 4816 1903 4885 in
1941 4829 2052 4886 ﬁne
2091 4847 2212 4904 spe-

612 4914 773 4972 randi
810 4923 938 4971 sunt
976 4915 1281 4972 divinorum
1326 4914 1588 4975 librorum
1618 4921 1946 4979 testimoniis
1972 4923 2207 4980 edocen-

614 5007 746 5064 dum
776 5012 882 5073 est,
904 5009 1380 5079 praenuntiandum
1420 5011 1586 5069 etiam
1622 5013 1968 5072 inventurum
2004 5035 2127 5075 eum
2156 5019 2210 5076 in

612 5097 857 5157 Ecclesia
896 5099 1095 5156 multos
1120 5100 1462 5161 Christianos
1502 5105 1698 5174 bonos,
1724 5108 2039 5169 verissimos
2063 5113 2211 5171 cives

614 5189 856 5247 scelestis
881 5187 1205 5248 Jerusalem.
1249 5194 1307 5250 Si
1343 5210 1466 5252 esse
1500 5196 1616 5268 ipse
1663 5200 1911 5271 eruperit,
1939 5203 2009 5259 ad
2034 5213 2212 5261 extre-

614 5297 766 5339 mum
798 5297 863 5338 ne
885 5296 1012 5354 spes
1039 5282 1159 5353 eius
1185 5285 1239 5341 in
1270 5286 1489 5344 homine
1513 5297 1749 5359 ponatur
1769 5290 1956 5349 sedulo
1983 5312 2210 5353 monen-

617 5372 719 5430 dus
745 5381 858 5441 est,
884 5375 1010 5447 quia
1037 5391 1215 5447 neque
1238 5375 1400 5433 facile
1423 5379 1493 5434 ab
1516 5378 1736 5438 homine
1768 5383 2000 5453 judicari
2028 5397 2207 5459 potest

614 5466 741 5537 quis
770 5468 933 5524 homo
970 5470 1043 5525 sit
1073 5467 1276 5538 justus,
1306 5479 1363 5525 et
1404 5470 1451 5527 si
1497 5469 1657 5529 facile
1694 5484 1899 5546 posset,
1930 5494 2038 5535 non
2083 5482 2206 5540 ideo

616 5556 777 5615 nobis
813 5561 1040 5631 proponi
1084 5560 1329 5630 exempla
1368 5559 1639 5630 justorum
1670 5573 1730 5621 ut
1754 5568 1823 5624 ab
1849 5569 1931 5626 eis
1948 5569 2210 5640 iustifice-

617 5658 764 5712 mur,
789 5650 885 5706 sed
911 5660 975 5705 ut
996 5665 1090 5706 eos
1114 5651 1391 5706 imitantes
1419 5654 1488 5709 ab
1511 5668 1698 5711 eorum
1723 5655 2085 5725 justiﬁestore
2110 5682 2211 5725 nos

617 5744 837 5806 quoque
859 5738 1145 5807 iustiﬁcari
1172 5741 1425 5797 sciamus.
1460 5742 1600 5800 Hinc
1627 5748 1772 5803 enim
1796 5748 1891 5806 ﬁet
1917 5754 2063 5823 quod
2090 5772 2209 5813 ma-

2306 3273 2415 3331 illis
2438 3275 2737 3333 illitteratis
2769 3272 3043 3346 impartiri
3085 3278 3358 3343 debemus,
3385 3274 3505 3347 quod
3529 3270 3727 3328 sedulo-o-

2304 3368 2469 3424 nendi
2512 3377 2658 3433 sunt,
2689 3378 2749 3424 ut
2777 3368 3093 3425 humilitate
3133 3370 3301 3426 induti
3345 3362 3727 3427 Christianam

2304 3468 2782 3531 non‘contemnere
2801 3475 2940 3533 quos
2951 3470 3340 3535 cognoverunt,
3361 3474 3536 3517 morum
3543 3457 3629 3511 vitii
3640 3466 3727 3525 quas

2300 3541 2599 3609 Verborum
2631 3553 2865 3626 amplius
2891 3554 3140 3613 devitarc
3160 3597 3175 3624 ,
3208 3565 3263 3613 et
3284 3555 3421 3611 cordi
3453 3558 3567 3608 casto
3592 3547 3723 3617 lingua

2306 3645 2661 3701 exercitatam
2686 3661 2790 3702 nec
2819 3646 3071 3704 conferre
3098 3630 3345 3713 audeant,
3367 3658 3505 3717 quam
3525 3641 3722 3706 etianp

2305 3736 2454 3795 {terre
2471 3748 2897 3795 consueverunt.
2954 3738 3190 3796 Maxime
3211 3748 3379 3797 autem
3405 3738 3478 3792 isti
3496 3730 3725 3790 docendiﬂl

2309 3827 2623 3902 Scripturas
2658 3831 2850 3886 audire
2883 3831 3122 3900 divinas,
3168 3848 3236 3889 ne
3276 3831 3470 3887 sordeat
3506 3825 3569 3882 eis
3596 3819 3723 3877 solum

2308 3910 2608 3992 eloquium,
2639 3922 2765 3993 quia
2792 3936 2905 3978 non
2936 3933 3021 3979 est
3049 3922 3310 3989 inflatum,
3346 3934 3496 3992 neque
3525 3912 3723 3970 militum

2308 4015 2623 4071 carnalibus
2653 4015 3043 4089 integumentis
3079 4017 3320 4075 involuta
3345 4023 3483 4085 atque
3502 4014 3633 4080 opem
3648 4000 3724 4054 tW

2311 4105 2396 4189 vel
2424 4104 2569 4162 facta
2601 4107 2906 4175 hominum,
2941 4123 3062 4181 quae
3092 4111 3149 4165 in
3179 4108 3281 4166 illis
3304 4107 3438 4165 libris
3463 4104 3722 4189 legentum

2310 4188 2603 4254 evolvenda
2634 4208 2798 4271 atque
2824 4198 3126 4271 operienda
3172 4210 3230 4256 ut
3270 4186 3723 4270 intelliganturzsedSit

2310 4293 2628 4364 accipienda
2681 4301 2743 4348 ut
2791 4294 2990 4351 litterae
3036 4304 3259 4361 sonant,
3287 4294 3441 4363 deque
3480 4289 3565 4360 ipsa
3595 4278 3723 4335 υίὶίὶωί

2309 4386 2510 4443 secreti
2540 4388 2682 4442 unde
2716 4387 2883 4443 etiam
2923 4391 3182 4462 mysteria
3219 4396 3459 4447 vocantur
3488 4378 3582 4453 quid
3605 4373 3722 4429 vah“

2312 4477 2663 4549 aenigmatum
2704 4477 2929 4535 latebra:
2954 4480 3022 4536 ad
3049 4496 3283 4537 amorem
3312 4474 3518 4535 veritatis
3543 4463 3720 4526 acuendﬂl

2314 4569 2820 4643 discutiendumque
2864 4572 3067 4631 fastidii
3096 4585 3378 4647 torporem.
3402 4575 3496 4644 ipsa
3518 4556 3719 4659 εειαῴ

2313 4664 2654 4735 probandum
2714 4676 2830 4734 est,
2874 4667 3075 4726 talibus
3120 4682 3239 4727 cum
3282 4666 3460 4739 aliquid
3489 4663 3553 4717 ei!
3584 4651 3720 4728 Ψοδίθ

2314 4765 2566 4829 promptu
2596 4758 2854 4829 positum,
2884 4775 2991 4816 non
3034 4762 3109 4818 ita
3146 4738 3628 4825 moveat,enodatione
3653 4738 3718 4796 δι’

2316 4849 2482 4922 Barig
2522 4850 2753 4923 mallius
2794 4853 3027 4909 eruitur.
3078 4854 3174 4912 llis
3198 4855 3333 4911 enim
3375 4849 3565 4907 maxime
3582 4837 3718 4896 allied

2319 4954 2479 4995 nosse
2507 4939 2585 4995 ita
2604 4955 2726 4997 esse
2746 4944 3138 5013 praeponendas
3160 4944 3331 5000 verbis
3346 4937 3582 4997 sententias
3595 4938 3634 4983 υῑ
3647 4935 3718 4996 π

2311 5033 2534 5102 ponitur
2558 5033 2773 5090 animus
2807 5037 3050 5106 corpori,
3080 5052 3147 5093 ex
3175 5052 3278 5109 quo
3304 5036 3377 5101 lit,
3405 5040 3455 5088 ut
3480 5032 3536 5087 ita
3554 5014 3718 5080 nam?

2312 5120 2478 5178 beant
2520 5125 2759 5183 veriores
2794 5114 2955 5197 quam
3011 5129 3312 5189 disertiores
3351 5125 3506 5183 audire
3534 5120 3713 5175 M

2315 5211 2456 5267 sicut
2499 5213 2661 5269 malle
2702 5215 2898 5272 debent
2938 5220 3306 5290 prudentiores
3330 5229 3469 5288 quam
3501 5201 3715 5290 W9

2316 5300 2519 5357 habere
2562 5303 2805 5361 amicos:
2831 5280 3083 5365 noverint
3125 5311 3282 5367 etiam
3307 5280 3401 5364 non
3428 5304 3656 5361 essem!em
3676 5280 3713 5337 ³⁸

2316 5406 2477 5449 aures
2502 5393 2601 5451 Dei
2643 5395 2751 5453 nisi
2785 5395 3035 5455 eiectum
3058 5401 3241 5457 animi.
3277 5399 3348 5456 ita
3371 5396 3488 5455 enim
3509 5376 3713 5447 millia”

2315 5486 2452 5543 bunt
2478 5488 2525 5545 si
2554 5489 2767 5562 aliquos
2792 5493 3065 5552 antistites
3088 5504 3143 5553 et
3168 5496 3416 5552 ministros
3433 5472 3711 5577 accisis“:

2316 5577 2826 5649 animadverterint,
2849 5582 2934 5641 vel
2958 5602 3083 5643 cum
3118 5583 3435 5643 barbarismis
3455 5585 3499 5631 et
3517 5568 3710 5629 Mm
3788 5588 3789 5649 ι

2317 5669 2605 5729 Dominum
2636 5674 2910 5744 invocare,
2942 5678 3024 5733 vel
3063 5678 3244 5735 eadem
3274 5676 3415 5732 verba
3448 5681 3538 5739 qua!
3566 5662 3709 5730 lim"

2317 5761 2457 5819 tiant
2484 5780 2590 5821 non
2618 5766 2920 5840 intelligere
2946 5772 3343 5842 perturbateque
3378 5750 3708 5826 MM.-
