3956 6326
127 355 280 414 1197

1052 349 1140 407 DE
1176 344 1712 408 ECCLESIASTICA
1753 345 2159 424 DlSClPLlNA.
2200 380 2271 390 —
2307 299 2518 406 1.1.3.1.

3287 341 3427 414 llas

124 474 264 546 quia
302 471 407 528 ista
443 468 668 527 minime
701 469 1027 541 corrigenda
1065 477 1191 525 sunt
1218 476 1278 524 ut
1305 463 1534 539 populus
1571 465 1640 521 ad
1677 465 1728 521 id
1760 465 1812 526 A
1836 463 1936 521 dus
1967 473 2081 533 est,
2111 466 2156 521 si
2182 474 2364 522 autem
2409 467 2572 523 tacita
2609 475 2662 523 et
2687 466 2899 525 occulta
2929 463 3154 526 offensio
3195 479 3298 536 est,
3325 471 3425 531 Dei

124 565 284 640 quod
327 563 488 636 plana
536 563 788 636 intelligit
809 565 952 619 dicat
979 581 993 618 :
1023 563 1216 619 Amen.
1270 562 1376 619 Sed
1422 569 1600 616 tamen
1649 562 1735 632 pie

123 655 419 714 toleranda
462 663 590 710 sunt
617 657 690 710 ab
724 655 806 710 eis
837 655 928 725 qui
957 654 1246 711 didicerint
1284 661 1344 709 ut
1373 667 1506 710 sono
1537 653 1590 707 in
1618 651 1734 708 foro

124 749 218 806 sic
250 759 376 803 voto
405 748 459 803 in
485 747 716 804 ecclesia
742 747 1020 805 benedici.
1733 813 1736 818 _

207 840 472 896 Hilaritas
512 848 695 894 autem
724 839 777 894 in
814 839 1190 895 catechizandi
1225 837 1402 894 oﬂicio
1438 837 1737 908 plurimum

123 932 305 998 valet,
321 930 540 1001 quando
565 931 820 986 devotum
849 939 904 984 et
927 930 1248 986 benevolum
1279 938 1441 998 atque
1467 929 1736 984 intentum

128 1023 303 1082 eﬂicit
331 1023 632 1078 auditorem
651 1063 665 1090 ,
696 1022 821 1093 quia
853 1037 1047 1092 parum
1067 1021 1294 1094 prolicit
1331 1037 1511 1078 sermo
1539 1020 1736 1092 pradi-

124 1117 348 1182 cantis,
379 1115 426 1172 si
473 1130 580 1171 non
629 1115 806 1170 aderit
851 1115 1080 1171 intentio
1120 1115 1399 1171 delectans
1429 1113 1734 1180 auditoris;

129 1207 272 1264 facit
295 1207 460 1264 etiam
498 1206 749 1276 loquendi
784 1207 1003 1263 taedium
1031 1207 1248 1262 auditor
1287 1207 1601 1272 immobilis,
1625 1222 1734 1262 non

129 1302 270 1372 quia
302 1301 554 1356 humanas
579 1298 757 1355 laudis
781 1314 878 1354 nos
904 1314 1024 1354 esse
1049 1299 1242 1354 avidos
1269 1299 1465 1363 decet,
1493 1298 1587 1354 sed
1609 1298 1734 1368 quia

132 1411 202 1454 ea
239 1411 358 1466 qua:
388 1394 762 1450 ministramus
782 1435 796 1459 ,
828 1393 924 1448 Dei
957 1402 1116 1462 sunt,
1147 1401 1203 1449 et
1231 1402 1434 1465 quanto
1467 1392 1640 1462 magis
1662 1393 1738 1447 di-

129 1487 355 1561 ligimus
381 1502 477 1542 eos
516 1486 713 1558 quibus
737 1485 1032 1555 loquimur,
1072 1492 1222 1539 tanto
1269 1485 1443 1556 magis
1473 1485 1552 1539 eis
1581 1483 1733 1554 cupi-

130 1595 282 1646 mus,
303 1587 361 1635 ut
384 1578 634 1651 placeant
657 1593 776 1648 quae
802 1578 869 1632 ad
893 1593 1080 1632 eorum
1104 1577 1458 1648 porriguntur
1481 1576 1729 1642 salutem;

131 1672 281 1743 quod
307 1671 352 1727 si
388 1686 495 1727 non
523 1671 765 1727 succedit
787 1670 1200 1734 contristamur,
1245 1677 1300 1724 et
1331 1669 1384 1723 in
1421 1670 1538 1741 ipso
1573 1686 1734 1725 cursu

131 1765 483 1821 debilitamur
507 1771 562 1820 et
590 1762 911 1834 frangimur,
941 1763 1094 1832 quasi
1125 1760 1328 1816 frustra
1358 1776 1576 1832 operam
1605 1777 1734 1818 con-

131 1869 394 1916 teramus.
436 1856 834 1926 Nonnunquam
863 1855 1028 1911 etiam
1059 1870 1184 1908 cum
1210 1854 1510 1909 avertimur
1530 1854 1598 1909 ab
1630 1853 1729 1908 ali-
1759 1835 1806 1896 Β

133 1969 246 2025 qua
275 1967 332 2008 re
360 1967 523 2023 quam
553 1950 928 2007 desideramus
957 1964 1139 2022 agere,
1186 1960 1239 2005 et
1277 1948 1432 2019 cujus
1471 1949 1612 2004 actio
1637 1957 1731 2004 aut

134 2043 440 2100 delectabat
464 2059 564 2099 nos
584 2050 678 2097 aut
698 2042 873 2113 magis
894 2043 1050 2098 nobis
1081 2041 1393 2097 necessaria
1423 2041 1729 2108 videbatur,

133 2149 194 2196 et
238 2141 482 2211 cogimur
510 2145 603 2193 aut
624 2137 779 2206 jussu
809 2135 925 2206 ejus
970 2151 1133 2206 quem
1176 2136 1449 2192 offendere
1484 2135 1732 2192 volumus

137 2242 234 2288 aut
268 2233 568 2303 aliquorum
615 2230 912 2287 inevitabili
941 2231 1200 2285 instantia
1246 2230 1591 2285 catechizare
1629 2230 1729 2285 ali-

136 2339 319 2398 quem,
362 2324 473 2394 jam
519 2323 827 2380 conturbati
859 2323 1169 2378 accedimus
1216 2309 1284 2378 ad
1327 2322 1601 2393 negotium
1642 2322 1731 2377 cui

133 2434 332 2489 magna
376 2417 764 2488 tranquillitate
789 2432 928 2488 opus
950 2426 1056 2481 est,
1087 2414 1333 2470 dolentes
1359 2415 1504 2485 quod
1550 2429 1726 2485 neque

133 2513 382 2570 ordinem
403 2511 678 2566 actionum
705 2509 863 2564 nobis
884 2507 1202 2563 conceditur
1228 2515 1416 2562 tenere
1444 2522 1603 2576 quem
1632 2524 1730 2564 vo-

135 2603 340 2670 lumus,
369 2618 470 2659 nec
499 2599 746 2658 sufﬁcere
763 2601 1016 2656 omnibus
1036 2613 1348 2669 possumus,
1371 2607 1533 2668 atque
1563 2598 1637 2653 ita
1663 2613 1731 2654 ex

137 2695 260 2768 ipsa
286 2695 503 2750 tristitia
531 2708 712 2749 sermo
730 2692 1031 2762 procedens
1059 2691 1238 2746 minus
1264 2699 1452 2760 gratus
1481 2697 1566 2745 est
1587 2690 1731 2760 quod

135 2787 210 2842 de
253 2787 501 2842 ariditate
543 2785 818 2841 maestitia:
865 2783 1048 2838 minus
1089 2783 1372 2838 exuberat.
1423 2781 1730 2852 Aliquando

137 2879 272 2934 item
297 2893 361 2935 ex
397 2878 579 2949 aliquo
623 2877 878 2932 seandalo
926 2890 1130 2931 mceror
1178 2884 1369 2948 pectus
1415 2875 1651 2942 obsidet,
1677 2884 1733 2932 et

135 2981 269 3028 tunc
303 2969 459 3026 nobis
497 2971 696 3027 dicitur
723 2988 736 3024 :
763 2969 920 3036 Veni,
963 2970 1186 3040 loquere
1209 2969 1357 3034 huic,
1387 2968 1730 3027 Christianus

133 3064 256 3118 vult
291 3062 424 3118 ﬁeri.
484 3063 693 3118 Dicitur
727 3063 871 3118 enim
913 3063 982 3117 ab
1027 3062 1401 3133 ignorantibus
1443 3061 1588 3132 quod
1631 3078 1731 3120 nos

133 3155 376 3210 clausum
421 3155 565 3211 intus
601 3163 829 3220 exurat,
861 3155 1058 3224 quibus
1100 3154 1145 3210 si
1186 3153 1437 3210 affectum
1482 3163 1728 3210 nostrum

133 3249 350 3319 aperire
379 3263 486 3304 non
514 3256 728 3319 oportet
758 3249 1088 3318 suscipimus
1117 3248 1318 3318 ingrati
1344 3249 1487 3317 quod
1515 3248 1725 3316 volunt,

129 3347 192 3393 et
217 3340 458 3409 profecto
487 3341 773 3412 languidus
799 3350 854 3396 et
874 3341 1117 3397 insuavis
1145 3342 1236 3398 ille
1273 3357 1454 3398 sermo
1481 3343 1606 3407 erit,
1632 3357 1730 3413 per

129 3447 329 3486 venam
379 3434 560 3488 cordis
607 3442 926 3488 restitantem
979 3435 1386 3505 fumantemque
1445 3435 1726 3504 trajectus.

129 3523 244 3579 Tot
275 3523 440 3595 igitur
465 3538 531 3578 ex
552 3525 732 3579 causis
758 3525 1009 3593 quaelibet
1042 3539 1228 3594 earum
1259 3527 1610 3582 serenitatem
1635 3543 1731 3581 no—

132 3621 265 3669 stra
315 3613 511 3667 mentis
564 3613 875 3679 obnubilet,
926 3617 1220 3671 secundum
1271 3617 1554 3672 Dominum
1606 3628 1733 3673 sunt

129 3704 430 3777 quaerenda
460 3703 696 3760 remedia
725 3705 922 3775 quibus
957 3706 1237 3762 relaxetur
1263 3708 1351 3762 illa
1388 3709 1729 3764 contractio:

130 3807 204 3857 et'
215 3799 430 3855 fervore
452 3798 677 3869 spiritus
699 3799 1035 3855 exsultemus
1059 3807 1114 3854 et
1126 3798 1490 3868 jucundemur
1513 3801 1566 3854 in
1590 3809 1734 3856 tran-

131 3893 403 3966 quillitate
439 3893 564 3949 boni
595 3895 795 3965 operis.
835 3911 854 3945 ι
885 3893 1123 3949 Hilarem
1151 3895 1298 3949 enim
1336 3896 1580 3951 datorem
1606 3897 1730 3951 dili-

133 3987 217 4060 git
243 3987 384 4042 Deus
411 3985 497 4060 (ΙΙ
521 3984 643 4042 Cor.
663 4003 735 4051 ιι,
755 3987 832 4057 7).
857 4005 874 4037 ι
905 3987 972 4042 Ει
995 3987 1120 4058 quia
1142 3987 1372 4042 multum
1397 3988 1733 4044 dissimiliter

131 4074 253 4135 exit
277 4080 436 4134 taedet
463 4078 629 4150 loqui,
655 4087 710 4135 et
739 4079 870 4135 libet
897 4087 1080 4135 tacere
1107 4098 1120 4134 :
1145 4079 1446 4150 cogitemus
1475 4080 1605 4150 quid
1636 4097 1734 4136 no-

131 4172 223 4228 bis
263 4181 622 4242 praerogatum
651 4172 721 4228 sit
763 4173 833 4228 ab
879 4171 970 4227 illo
999 4171 1091 4242 qui
1138 4171 1534 4227 demonstravit
1575 4171 1733 4226 nobis

131 4263 460 4335 exemplum,
494 4254 554 4318 ut
600 4278 892 4335 sequamur
924 4264 1151 4335 vestigia
1181 4264 1317 4334 ejus.
1370 4262 1731 4331 Quantumvis

129 4357 282 4414 enim
305 4356 515 4412 differat
555 4357 838 4412 articulata
864 4373 968 4413 vox
1011 4366 1198 4412 nostra
1240 4357 1309 4412 ab
1352 4356 1732 4428 intelligentia:

130 4459 340 4506 nostra:
381 4449 686 4514 vivacitate,
717 4449 875 4520 longe
912 4449 1250 4506 differentior
1294 4458 1379 4504 est
1424 4449 1730 4504 mortalitas

1835 560 2102 616 medicina
2133 561 2382 633 opitulari
2411 570 2608 635 potest.
2662 566 2732 622 At
2771 565 2816 622 si
2848 565 3105 622 resilierit
3145 576 3202 624 et
3242 570 3424 627 curari

1838 653 2188 720 recusaverit,
2228 655 2540 712 consoletur
2583 670 2680 711 nos
2714 655 3054 714 Dominicum
3085 659 3216 718 illud
3243 679 3432 720 exem-

1835 745 2015 816 plum,
2044 746 2142 816 qui
2177 745 2397 804 offensis
2433 749 2744 805 hominibus
2779 765 2842 806 ex
2884 751 3050 809 verbo
3081 769 3200 822 suo,
3229 764 3283 811 et
3314 765 3433 816 tan-

1837 851 1999 909 quam
2029 839 2222 893 durum
2255 840 2667 912 refugientibus,
2699 843 2863 898 etiam
2911 843 2998 900 his
3035 846 3127 916 qui
3159 861 3435 905 remanse-

1837 937 1959 994 rant
1983 931 2060 984 ait
2085 949 2096 984 :
2129 950 2147 982 ι
2174 929 2426 1001 Nunquid
2449 941 2504 988 et
2527 948 2622 988 vos
2646 934 2808 990 vultis
2827 935 2940 990 ire?
2965 957 2982 989 ι
3006 935 3192 1007 (Joan.
3214 954 3290 1007 Vl,
3315 939 3431 1018 68.)

1839 1019 1987 1078 Satis
2011 1022 2158 1078 enim
2197 1023 2359 1078 fixum
2391 1033 2554 1095 atque
2577 1024 2853 1082 immobile
2897 1027 3056 1084 debet
3095 1029 3259 1086 corde
3304 1032 3436 1088 reti-

1836 1114 1953 1170 neri
1981 1107 2318 1170 Hierusalem
2349 1117 2619 1186 captivam
2649 1118 2716 1172 ab
2743 1116 2906 1186 hujus
2927 1121 3106 1175 sazculi
3137 1120 3434 1194 Babylonia

1837 1202 2082 1259 decursis
2109 1205 2442 1275 temporibus
2471 1206 2690 1262 liberari
2717 1226 2728 1262 :
2757 1209 3280 1281 nullumque-exilla
3315 1230 3436 1274 esse

1834 1296 2167 1365 periturum,
2200 1298 2324 1368 quia
2349 1299 2441 1370 qui
2463 1301 2686 1370 perierit
2709 1318 2816 1357 non
2841 1319 2905 1358 ex
2931 1304 3019 1360 illa
3047 1316 3186 1374 erat,
3215 1307 3434 1366 ﬁrmum

1836 1387 1980 1442 enim
2019 1387 2426 1445 fundamentum
2460 1390 2554 1447 Dei
2575 1401 2683 1448 stat
2705 1393 2912 1451 habens
2935 1396 3270 1468 signaculum
3292 1402 3430 1457 hoc:

1836 1483 1987 1539 novit
2039 1483 2299 1541 Dominus
2328 1486 2419 1556 qui
2456 1495 2583 1541 sunt
2630 1487 2765 1556 ejus,
2801 1499 2858 1544 et
2907 1493 3123 1547 recedet
3171 1495 3253 1550 ab.
3286 1497 3435 1552 omni

1837 1575 2124 1647 iniquitate
2169 1579 2349 1634 omnis
2377 1579 2468 1650 qui
2509 1582 2750 1636 nominat
2802 1597 2997 1638 nomen
3039 1584 3272 1642 Domini.
3327 1587 3436 1646 Ista

1837 1672 2139 1744 mgitantes
2185 1682 2240 1727 et
2283 1673 2602 1729 invocantes
2645 1673 2930 1730 Dominum
2963 1677 3016 1732 in
3049 1692 3144 1732 cor
3165 1686 3434 1748 nostrum,
3531 1691 3542 1700 ‘

1838 1767 2019 1820 minus
2069 1765 2378 1822 timebimus
2428 1767 2665 1823 incertos
2720 1769 2899 1824 exitus
2949 1771 3218 1828 sermonis
3264 1773 3437 1829 nostri

1835 1865 2060 1928 propter
2090 1857 2329 1913 incertos
2350 1866 2529 1913 motus
2561 1859 2893 1928 auditorum,
2916 1861 3313 1934 delectabitque
3338 1879 3436 1921 nos

1835 1949 2001 2005 etiam
2045 1951 2162 2019 ipsa
2209 1950 2488 2021 perpessio
2535 1951 2904 2008 molestiarum
2949 1971 3049 2025 pro
3097 1957 3438 2014 misericordi

1834 2056 2022 2112 opere,
2052 2041 2096 2095 si
2148 2056 2254 2096 non
2291 2042 2346 2096 in
2391 2059 2456 2098 eo
2497 2052 2740 2099 nostram
2794 2044 3020 2113 gloriam
3072 2049 3437 2120 requiramus.

1836 2132 1988 2188 Tunc
2037 2133 2179 2187 enim
2225 2142 2309 2188 est
2361 2148 2486 2190 vere
2539 2151 2673 2206 Opus
2719 2137 2920 2192 bonum
2962 2154 3086 2194 cum
3115 2155 3146 2194 a
3173 2140 3439 2198 charitate

1827 2221 2103 2292 jaculatur
2127 2225 2337 2296 agentis
2359 2225 2608 2294 intentio,
2631 2236 2686 2283 et
2707 2236 2964 2300 tanquam
2989 2231 3053 2286 ad
3074 2231 3252 2287 locum
3278 2249 3438 2290 suum

1835 2315 2054 2372 rediens
2084 2331 2274 2373 rursus
2301 2318 2355 2373 in
2381 2319 2649 2374 charitate
2679 2322 2996 2392 requiescit;
3023 2325 3166 2393 quod
3195 2325 3241 2381 si
3272 2326 3438 2383 nimis

1835 2409 2024 2463 tardus
2047 2417 2154 2476 est,
2177 2409 2312 2464 etab
2331 2409 2478 2464 omni
2503 2409 2592 2464 tali
2617 2411 2883 2466 suavitate
2912 2415 3178 2470 absurdus
3203 2423 3257 2471 et
3279 2429 3438 2472 aver-

1835 2517 1960 2568 sus,
1992 2502 2418 2559 misericorditer
2446 2501 2786 2560 sulierendus
2815 2513 2930 2572 est,
2966 2505 3310 2580 breviterque
3345 2510 3438 2566 de-

1836 2597 2012 2652 cursis
2055 2598 2269 2653 caeteris
2296 2613 2358 2653 ea
2401 2615 2521 2668 quae
2564 2599 2801 2655 maxime
2849 2603 3158 2658 necessaria
3186 2613 3335 2673 sunt,
3369 2606 3438 2660 de

1831 2685 2046 2744 unitate
2091 2690 2373 2745 catholica:
2420 2690 2678 2746 Ecclesiae
2705 2732 2722 2758 ,
2770 2692 2836 2747 de
2885 2675 3276 2751 tentationibus
3303 2735 3318 2761 ,
3368 2696 3436 2750 de

1833 2777 2144 2836 Christiana
2175 2781 2586 2838 conversatione
2622 2792 2847 2853 propter
2890 2781 3133 2840 futurum
3168 2784 3436 2855 judicium

1836 2872 2155 2929 terribiliter
2199 2873 2516 2929 inculcanda
2568 2883 2723 2942 sunt,
2776 2875 3052 2948 magisque
3097 2893 3198 2949 pro
3236 2875 3326 2934 illo
3366 2877 3436 2933 ad

1835 2965 2007 3021 Deum
2036 2981 2197 3036 quam
2242 2965 2330 3020 illa
2356 2967 2422 3021 de
2456 2966 2567 3021 Deo
2605 2965 2772 3021 multa
2817 2967 3066 3023 dicenda.
3102 2966 3160 3023 Si
3196 2983 3326 3024 vero
3362 2984 3432 3025 ex

1835 3059 2020 3131 aliquo
2046 3060 2303 3117 seandalo
2330 3062 2679 3131 perturbatus
2707 3061 2921 3118 animus
2951 3078 3057 3118 non
3098 3062 3244 3120 valet
3271 3064 3437 3121 edere

1837 3167 2090 3210 serenum
2125 3151 2535 3224 jucundumque
2563 3169 2892 3224 sermonem,
2933 3163 3138 3210 tantam
3170 3170 3290 3212 esse
3312 3155 3438 3212 cha-

1837 3247 2056 3302 ritatem
2083 3253 2299 3317 oportet
2331 3246 2382 3301 in
2415 3261 2530 3311 eos,
2555 3262 2658 3317 pro
2683 3248 2879 3316 quibus
2910 3246 3158 3304 Christus
3186 3258 3436 3305 mortuus

1835 3346 1940 3404 est,
1970 3338 2156 3393 volens
2183 3352 2278 3393 eos
2330 3339 2506 3410 pretio
2533 3339 2811 3411 sanguinis
2849 3340 2931 3396 sui
2959 3341 3027 3395 ab
3051 3355 3300 3397 errorum
3335 3357 3434 3398 sa:—

1834 3429 2099 3485 cularium
2130 3437 2305 3486 morte
2337 3431 2628 3498 redimere,
2659 3441 2716 3487 ut
2746 3432 2848 3488 hoc
2871 3433 3048 3503 ipsum
3104 3435 3248 3504 quod
3275 3434 3433 3491 nobis

1835 3523 2082 3579 tristibus
2126 3522 2409 3578 nuntiatur
2447 3533 2646 3593 praesto
2678 3539 2799 3580 esse
2839 3524 3070 3596 aliquem
3101 3526 3194 3596 qui
3221 3526 3437 3583 deside-

1835 3621 1920 3667 ret
1954 3612 2069 3667 lieri
2098 3612 2465 3679 Christianus,
2491 3615 2559 3669 ad
2605 3615 3032 3672 consolationem
3060 3614 3204 3671 illius
3233 3617 3437 3673 resolu-

1835 3704 2146 3773 tionemque
2170 3695 2413 3759 tristitia:
2439 3704 2604 3760 valeri
2631 3706 2846 3773 debeat,
2877 3707 3020 3762 sicut
3045 3707 3224 3763 solent
3252 3709 3434 3764 lucro-

1835 3810 1956 3849 rum
2005 3794 2199 3865 gaudia
2246 3795 2488 3851 dolorem
2527 3797 2698 3852 lenire
2747 3798 3087 3854 damnorum.
3121 3799 3238 3855 Non
3285 3803 3428 3858 enim

1836 3885 2151 3942 scandalum
2179 3901 2279 3942 nos
2309 3887 2598 3944 contristat
2623 3888 2868 3961 alicujus,
2900 3891 3005 3948 nisi
3037 3906 3199 3964 quem
3228 3894 3433 3964 perire,

1835 3988 1929 4034 aut
1976 3994 2074 4050 per
2117 3994 2280 4050 quem
2331 3980 2510 4050 perire
2560 3979 2836 4037 infirmum
2895 3984 2982 4041 vel
3033 3985 3306 4044 credimus
3343 3987 3430 4042 vel

1835 4073 2100 4128 videmus.
2145 4071 2242 4129 His
2267 4083 2428 4144 atque
2453 4071 2758 4143 hujusmodi
2783 4077 3200 4150 cogitationibus
3226 4088 3280 4137 et
3307 4095 3432 4138 con-

1835 4166 2256 4224 siderationibus
2283 4167 2503 4239 depulsa
2529 4169 2759 4240 caligine
2790 4172 3072 4228 taediorum
3097 4173 3165 4242 ad
3185 4174 3432 4232 catechi-

1834 4261 2070 4317 zandum
2101 4269 2320 4332 aptatur
2347 4261 2593 4328 intentio,
2614 4272 2675 4318 ut
2695 4267 2935 4322 suaviter
2961 4266 3256 4325 imbibatur
3289 4271 3434 4342 quod

1833 4353 2061 4424 impigre
2074 4361 2236 4423 atque
2252 4353 2502 4410 hilariter
2523 4355 2590 4410 de
2605 4356 2887 4415 charitatis
2910 4359 3158 4416 ubertate
3177 4375 3434 4431 prorum-

1833 4447 1932 4517 pit.
1958 4446 2085 4503 Haec
2109 4448 2252 4503 enim
2277 4464 2384 4505 non
2416 4456 2526 4504 tam
2553 4464 2653 4520 ego
2685 4450 2783 4506 tibi
2809 4468 2972 4524 quam
2996 4453 3250 4509 omnibus
3277 4455 3434 4512 nobis

128 4543 320 4599 carnis
356 4544 425 4599 ab
466 4543 773 4613 aequalitate
819 4543 936 4609 Dei,
964 4551 1019 4598 et
1061 4554 1238 4600 tamen
1276 4559 1399 4600 cum
1439 4545 1492 4598 in
1540 4545 1728 4600 eadem
1757 4569 1814 4630 Β
1837 4539 1969 4595 dicit
1997 4540 2112 4612 ipsa
2141 4541 2360 4598 dilectio
2386 4557 2508 4613 qua:
2528 4541 2725 4600 diffusa
2759 4553 2843 4600 est
2869 4545 2922 4601 in
2953 4547 3207 4603 Cordibus
3233 4547 3436 4606 nostris

128 4635 310 4693 forma
353 4644 499 4692 esset
525 4654 544 4686 ί
581 4636 930 4706 semetipsum
979 4637 1280 4691 exinanivit
1311 4636 1542 4691 formam
1589 4638 1732 4691 servi

129 4725 429 4800 accipiens,
455 4749 472 4780 ι
500 4735 629 4795 etc.,
655 4744 823 4798 usque
869 4729 936 4783 ad
978 4737 1212 4783 mortem
1264 4729 1444 4784 crucis
1471 4725 1729 4800 (Philipp.

129 4839 198 4886 ιι,
233 4820 318 4894 7);
347 4837 510 4892 quam
539 4823 608 4877 ob
643 4837 861 4875 causam
893 4821 994 4876 nisi
1035 4822 1159 4892 quia
1191 4840 1210 4872 ‹
1243 4821 1417 4877 factus
1457 4829 1543 4876 est
1591 4821 1736 4875 inﬁr-

127 4915 241 4970 mis
269 4913 516 4968 infirmus
535 4922 594 4966 ut
615 4912 862 4967 infirmos
885 4912 1228 4968 lucrifaceret
1252 4912 1307 4986 (I
1329 4913 1454 4967 Cor.
1483 4929 1558 4977 Ix,
1578 4913 1728 4985 20).»

125 5006 276 5061 Audi
307 5004 424 5076 ejus
466 5005 796 5060 imitatorem
845 5005 968 5059 alibi
1017 5005 1180 5060 etiam
1219 5005 1487 5061 dicentem
1515 5023 1527 5061 :
1558 5025 1576 5057 ι
1606 5005 1734 5062 Sive

126 5097 284 5153 enim
317 5104 496 5152 mente
538 5097 895 5161 excessimus,
923 5096 1060 5163 Deo;
1094 5097 1206 5152 sive
1247 5105 1611 5168 temperantes
1640 5113 1732 5153 su-

127 5205 283 5254 mus,
316 5190 508 5245 vobis:
535 5189 776 5244 charilas
809 5189 952 5243 enim
982 5188 1184 5244 Christi
1212 5190 1488 5261 compellit
1516 5205 1616 5246 nos
1653 5191 1737 5244 in-

129 5284 392 5339 dicantes
430 5284 533 5338 hoc
564 5282 690 5352 quia
736 5296 876 5335 unus
919 5296 1020 5352 pro
1057 5282 1312 5337 omnibus
1358 5289 1604 5337 mortuus
1651 5289 1734 5336 est

130 5375 229 5448 (II
265 5373 388 5429 Cor.
415 5391 467 5436 v,
499 5375 611 5447 l3).
641 5394 659 5427 ι
693 5373 976 5442 Quomodo
1010 5374 1154 5428 enim
1193 5383 1418 5446 paratus
1451 5382 1594 5428 esset
1629 5373 1732 5427 im-

128 5467 304 5540 pendi
333 5483 433 5538 pro
472 5467 757 5522 animabus
786 5479 994 5531 eorum,
1022 5465 1068 5518 si
1095 5479 1219 5520 cum
1253 5465 1462 5534 pigeret
1487 5461 1735 5519 inclinari

131 5561 210 5616 ad
258 5571 420 5615 aures
456 5560 683 5616 eorum?
723 5557 862 5614 Hinc
902 5574 1032 5630 ergo
1073 5557 1249 5614 factus
1277 5567 1361 5613 est
1397 5558 1654 5628 parvulus
1681 5559 1736 5614 in

131 5655 327 5710 medio
367 5663 634 5720 nostrum,
667 5663 926 5726 tanquam
962 5653 1140 5708 nutrix
1183 5652 1370 5708 fovens
1403 5653 1542 5709 ﬁlios
1587 5669 1734 5709 suos.

133 5747 306 5814 Quod
331 5748 374 5801 si
405 5747 714 5818 apparuerit
758 5747 1166 5818 sanabilemque
1193 5764 1251 5801 se
1281 5747 1482 5815 praebet
1508 5788 1522 5808 ,
1555 5755 1738 5801 aucto-

135 5843 372 5896 ritatum
402 5843 780 5912 rationumque
806 5842 958 5912 copia
989 5841 1103 5897 sine
1133 5842 1237 5896 ulla
1265 5841 1523 5898 dilatione
1549 5859 1738 5898 sanan-

1837 4648 1936 4704 per
1961 4632 2222 4704 Spiritum
2254 4644 2500 4692 sanctum
2539 4638 2632 4707 qui
2659 4637 2816 4692 datus
2837 4647 2921 4693 est
2947 4639 3123 4695 nobis.

1912 4723 1970 4780 Si
2016 4726 2137 4796 quis
2166 4734 2347 4781 autem
2393 4727 2558 4782 ritum
2589 4727 2961 4784 catechizandi
3008 4728 3229 4800 plenum
3271 4746 3434 4788 nosse

1837 4818 2089 4885 voluerit,
2123 4834 2190 4875 ex
2239 4821 2385 4876 beati
2435 4821 2720 4891 Augustini
2773 4822 2932 4878 dictis
2975 4823 3183 4879 discere
3231 4825 3435 4895 poterit

1837 4911 1928 4983 qui
1973 4913 2114 4967 inter
2143 4911 2247 4966 alia
2275 4913 2342 4966 ad
2369 4913 2604 4968 amicum
2642 4914 2709 4969 de
2747 4914 3150 4972 catechizandis
3178 4916 3429 4986 rudibus,

1837 5006 2099 5068 scribens,
2130 5005 2204 5060 ita
2248 5005 2359 5060 ait:
2389 5005 2500 5061 Nec
2536 5007 2699 5064 etiam
2750 5007 2880 5063 illud
2921 5009 3064 5079 quod
3107 5011 3428 5083 priusquam

1837 5097 2208 5168 promitterem
2233 5112 2339 5152 non
2368 5097 2655 5165 debebam,
2675 5097 2788 5168 jam
2811 5099 3044 5157 fortasse
3069 5100 3310 5158 debitum
3332 5102 3426 5158 fla-

1835 5190 1998 5260 gitas,
2045 5197 2106 5243 ut
2152 5187 2372 5260 aliquod
2418 5190 2684 5246 sermonis
2721 5191 3028 5264 exemplum
3076 5201 3335 5265 tanquam
3380 5193 3429 5250 si

1835 5299 1936 5355 ego
1966 5283 2201 5354 aliquem
2229 5285 2562 5342 catechizem
2589 5299 2698 5342 non
2728 5301 2816 5344 me
2846 5288 3028 5360 pigeat
3052 5289 3346 5362 explicare,
3375 5298 3434 5346 et

1835 5376 2153 5432 intuendum
2185 5376 2282 5432 tibi
2327 5393 2648 5449 proponere.
2679 5377 2832 5448 Quod
2874 5381 3190 5452 priusquam
3233 5379 3430 5438 faciam

1840 5469 1964 5525 volo
2003 5469 2212 5541 cogites
2245 5469 2410 5525 etiam
2449 5485 2570 5528 esse
2609 5472 2965 5528 intentionem
3001 5472 3262 5528 dictantis
3306 5486 3429 5528 cum

1839 5561 2011 5617 lector
2035 5559 2249 5616 futurus
2277 5560 2560 5632 cogitatur,
2591 5572 2644 5618 et
2670 5562 2829 5618 aliam
2855 5563 3124 5633 loquentis
3145 5578 3268 5620 cum
3291 5577 3433 5634 prte-

1839 5668 1964 5709 sens
1991 5652 2206 5707 auditor
2230 5653 2550 5720 attenditur,
2573 5663 2627 5710 et
2651 5655 2704 5709 in
2727 5670 2792 5710 eo
2810 5655 2927 5725 ipso
2950 5653 3112 5708 aliam
3139 5655 3193 5709 in
3217 5661 3432 5710 secreto

1839 5747 2129 5814 monentis,
2162 5748 2288 5802 dum
2316 5746 2494 5801 nullus
2521 5747 2658 5802 alius
2679 5746 2770 5816 qui
2795 5747 2860 5802 de
2884 5744 3041 5800 nobis
3059 5741 3265 5814 judicet
3292 5760 3431 5814 prai-

1841 5850 1924 5899 sto
1949 5849 2052 5909 cst,
2084 5841 2244 5897 aliam
2271 5839 2447 5911 palam
2481 5839 2723 5896 docentis
2750 5836 2985 5906 aliquid,
3027 5835 3118 5892 ubi
3154 5825 3431 5893 dissimili-
