3956 6326
690 262 831 326 “99

1323 268 1387 326 Β.
1423 268 1676 326 RABANI
1711 270 1932 331 MAURI
1963 275 2281 336 ARCHIEP.
2323 277 2939 342 MOGUN'LOPERUM
2971 284 3153 342 PARS
3191 287 3276 343 ΙΙΙ.
3710 305 3795 364 mo

800 375 1136 478 opinantium
1162 378 1478 438 circumstat
1503 383 1747 478 auditus,
1774 393 1829 441 et
1855 386 1908 441 in
1939 387 2043 444 hoc
2069 404 2268 461 genere
2294 399 2346 458 Α
2370 394 2594 466 agitant,
2626 411 2726 452 nec
2767 397 2978 468 quietos
3017 413 3138 455 esse
3175 401 3481 470 permittunt.
3501 407 3602 466 Sive
3633 416 3734 473 enim
3761 423 3792 478 in

685 472 850 534 aliam
877 486 999 526 cum
1028 471 1255 529 docetur
1292 490 1451 546 unus,
1481 477 1663 532 caeteri
1694 487 1872 550 autem
1905 488 2160 551 tauquam
2181 482 2269 552 ju-

683 563 927 620 dicantes
955 572 1049 618 aut
1067 573 1388 623 attestantes
1414 583 1533 639 quae
1561 570 1662 625 sibi
1692 579 1822 627 nota
1845 581 1996 639 sunt,
2022 573 2268 642 audiunt,

681 651 846 709 aliam
889 669 1012 710 cum
1051 670 1236 712 omnes
1266 660 1629 716 communiter
1657 662 1784 732 quid
1813 663 1882 718 ad
1909 679 2002 719 eos
2029 663 2271 735 profera-

679 759 806 804 mus
844 757 1180 819 exspectant,
1223 758 1281 806 et
1313 767 1504 808 rursus
1547 752 1600 808 in
1649 768 1715 808 eo
1763 754 1880 825 ipso
1929 755 2111 823 aliam,
2143 772 2268 813 cum

679 839 840 911 quasi
878 841 1131 911 privatim
1175 843 1550 900 consideretur
1576 854 1635 901 ut
1659 848 2045 904 sermocinatio
2073 864 2267 906 consc-

680 939 850 993 ratur,
874 930 1036 987 aliam
1071 947 1194 988 cum
1217 935 1448 1004 populus
1478 944 1665 992 tacens
1715 953 1881 993 unum
1917 939 1984 994 de
2023 939 2142 995 loco
2177 956 2268 996 su-

677 1023 894 1093 periore
945 1023 1214 1080 dicturum
1258 1043 1550 1098 suspensus
1600 1030 1840 1086 intuetur
1866 1072 1881 1096 ,
1926 1033 2265 1104 multumque

679 1111 930 1182 interest,
958 1123 1014 1171 et
1041 1133 1164 1172 cum
1195 1119 1268 1173 ita
1297 1119 1525 1176 dicimus
1553 1130 1734 1176 utrum
1761 1124 1919 1193 pauci
1963 1124 2165 1191 adsint,
2197 1141 2266 1182 an

674 1203 854 1272 mulli,
888 1207 1030 1264 docti
1053 1224 1119 1263 an
1157 1208 1380 1276 indocti,
1411 1227 1479 1266 an
1515 1227 1581 1267 ex
1607 1222 1835 1284 utroque
1857 1231 2054 1287 genere
2089 1217 2264 1282 mixti,

673 1297 868 1353 urbani
913 1314 984 1353 an
1020 1299 1230 1366 rustici,
1261 1317 1327 1355 an
1356 1302 1413 1357 hi
1443 1311 1497 1357 et
1528 1303 1604 1359 illi
1632 1304 1815 1368 simul,
1846 1321 1912 1360 an
1943 1307 2170 1377 populus
2198 1322 2266 1362 ex

671 1389 821 1460 omni
865 1389 1143 1444 hominum
1185 1379 1382 1463 genere
1435 1403 1768 1466 temperatus
1814 1397 1906 1463 sit,
1954 1397 2072 1452 fieri
2120 1397 2264 1453 enim

671 1501 780 1543 non
829 1498 1026 1560 potest,
1062 1489 1165 1546 nisi
1197 1491 1356 1548 aliter
1402 1500 1565 1563 atque
1593 1493 1752 1549 aliter
1786 1492 2020 1548 alliciant
2059 1493 2266 1550 locutu-

672 1589 793 1632 rum
816 1587 978 1650 atque
1007 1579 1278 1636 dicturum
1305 1599 1318 1636 :
1343 1591 1400 1637 et
1432 1592 1495 1637 ut
1525 1598 1704 1638 sermo
1758 1583 1850 1655 qui
1879 1583 2154 1654 profertur
2179 1580 2264 1638 af-

665 1669 919 1728 fectionis
931 1673 1095 1730 animi
1113 1688 1143 1729 a
1166 1689 1273 1745 quo
1293 1674 1566 1744 profertur
1583 1677 1869 1746 quemdam
1890 1675 2046 1747 quasi
2060 1675 2264 1731 vultum

669 1778 842 1840 gerat,
866 1777 924 1825 et
943 1783 1045 1840 pro
1071 1770 1260 1826 eadem
1287 1769 1601 1826 diversitate
1630 1770 1842 1825 diverse
1878 1768 2076 1824 alliciat
2109 1768 2262 1825 audi-

667 1869 836 1925 tores,
869 1876 993 1916 cum
1035 1868 1090 1916 et
1128 1859 1231 1930 ipsi
1259 1859 1466 1932 seipsos
1491 1861 1704 1917 diverse
1750 1859 1986 1916 alliciant
2029 1859 2260 1915 invicem

663 1953 954 2022 praesentia
984 1967 1102 2008 sua.
1128 1952 1237 2009 Sed
1275 1953 1405 2027 quia
1432 1954 1498 2010 de
1527 1952 1752 2010 rudibus
1780 1951 2086 2009 imbuendis
2115 1967 2260 2007 nunc

667 2048 900 2118 agimus,
919 2048 986 2105 de
1015 2049 1226 2120 meipso
1250 2050 1347 2106 tibi
1373 2057 1600 2106 testatus
1626 2064 1747 2106 sum
1780 2049 1940 2104 aliter
1967 2058 2131 2120 atque
2156 2047 2256 2102 ali-

649 2144 751 2192 .ter
775 2154 862 2194 me
895 2139 1134 2206 moveri,
1166 2155 1287 2196 cum
1317 2149 1441 2198 ante
1480 2155 1566 2196 me
1607 2139 2052 2196 catechizandum
2103 2139 2259 2194 video

662 2229 958 2295 eruditum,
983 2231 1238 2298 inertem,
1263 2230 1843 2303 civem,peregrinum,
1868 2229 2110 2294 divitem,
2133 2244 2260 2300 pau-

659 2333 869 2390 perem,
916 2321 1224 2392 privatum,
1261 2323 1614 2387 honoratum,
1665 2321 1721 2376 in
1763 2327 2030 2390 potestate
2073 2318 2256 2389 aliqua

663 2417 1018 2472 constitutum
1039 2455 1054 2482 ,
1087 2415 1233 2472 illius
1256 2425 1350 2470 aut
1376 2415 1522 2471 illius
1549 2414 1764 2487 generis
1789 2413 2085 2479 hominem,
2114 2411 2258 2468 illius

663 2515 760 2563 aut
783 2506 929 2563 illius
948 2507 1146 2572 aetatis,
1168 2515 1262 2563 aut
1290 2522 1471 2572 sexus,
1499 2521 1562 2563 ex
1598 2505 1689 2561 illa
1715 2513 1809 2561 aut
1849 2503 1940 2560 illa
1981 2511 2148 2568 secta,
2185 2518 2254 2559 ex

661 2598 755 2658 illo
787 2606 884 2654 aut
909 2599 1002 2654 illo
1029 2599 1241 2671 vulgari
1279 2613 1466 2656 errore
1492 2597 1821 2663 venientem,
1856 2610 1920 2650 ac
1948 2609 2047 2667 pro
2069 2595 2256 2650 diver-

661 2695 824 2750 sitate
854 2703 1034 2751 motus
1065 2696 1172 2751 mei
1203 2709 1384 2752 sermo
1407 2695 1526 2766 ipse
1548 2703 1604 2749 et
1649 2692 1916 2764 procedit,
1942 2699 1999 2747 et
2027 2704 2252 2762 progre-

657 2789 825 2853 ditur,
853 2798 910 2845 et
933 2788 1140 2844 linitur.
1173 2789 1238 2845 Et
1266 2790 1392 2860 quia
1419 2805 1539 2846 cum
1563 2789 1753 2845 eadem
1779 2787 2032 2843 omnibus
2057 2785 2256 2843 debea-

663 2895 752 2937 tur
778 2881 1040 2947 charitas,
1066 2897 1174 2938 non
1199 2882 1387 2938 eadem
1417 2888 1500 2937 est
1527 2880 1778 2936 omnibus
1803 2875 2108 2935 adhibenda
2141 2893 2256 2933 me-

660 2974 876 3040 dicina;
903 2975 1017 3046 ipsa
1063 2975 1192 3031 item
1221 2975 1462 3034 charitas
1491 2973 1626 3030 alios
1658 2972 1925 3044 parturit,
1958 2987 2085 3027 cum
2128 2970 2250 3026 aliis

661 3065 989 3132 infirmatur,
1016 3066 1152 3122 alios
1189 3075 1346 3122 curat
1383 3065 1672 3128 aediﬁcare,
1703 3064 1840 3120 alios
1877 3061 2251 3120 contremiscit

659 3157 952 3224 oﬂ‘endere,
981 3159 1050 3214 ad
1078 3159 1216 3215 alios
1234 3173 1294 3214 se
1316 3158 1562 3222 inclinat,
1591 3158 1658 3213 ad
1682 3155 1816 3211 alios
1839 3170 1897 3212 se
1924 3153 2106 3226 erigit,
2127 3152 2248 3209 aliis

657 3251 879 3318 blanda,
911 3251 1032 3308 aliis
1061 3267 1272 3317 severa,
1303 3251 1436 3307 nulli
1482 3250 1722 3316 inimica,
1754 3249 2007 3306 omnibus
2034 3257 2242 3304 mater:

625 3343 630 3348 ’
657 3348 716 3398 et
739 3342 831 3412 qui
877 3356 982 3396 non
1009 3349 1268 3412 expertus
1295 3349 1380 3398 est
1404 3341 1592 3397 eadem
1627 3341 1895 3398 charitate
1932 3341 2076 3412 quod
2100 3339 2244 3406 dico,

657 3445 784 3486 cum
825 3429 1006 3486 videat
1045 3447 1146 3488 nos
1187 3433 1314 3503 quia
1356 3431 1585 3489 facultas
1630 3432 1809 3502 aliqua
1844 3432 2003 3490 nobis
2048 3433 2246 3488 donata

659 3520 894 3576 delectet
917 3520 1260 3578 laudabiliter
1287 3523 1630 3578 innotescere
1653 3523 1706 3577 in
1738 3536 1834 3578 ore
1863 3521 2243 3590 multitudinis,

655 3594 784 3667 inde
835 3621 936 3668 nos
976 3613 1166 3668 beatos
1192 3622 1367 3692 putat;
1400 3614 1544 3670 Deus
1565 3621 1775 3677 autem,
1807 3612 2048 3692 in.cujus
2092 3627 2247 3683 aspe-

657 3713 803 3760 ctum
833 3704 1002 3759 intrat
1029 3705 1262 3775 gemitus
1275 3689 1741 3777 'compeditorum,
1770 3689 1954 3759 videat
1975 3704 2245 3760 humilita-

657 3806 768 3853 tem
800 3805 1041 3853 nostram
1075 3805 1129 3853 et
1153 3796 1393 3854 laborem
1421 3805 1688 3861 nostrum,
1720 3805 1776 3851 et
1799 3795 2039 3851 dimittat
2062 3796 2244 3851 omnia

655 3898 879 3962 peccata
908 3899 1112 3946 nostra.
1137 3891 1502 3960 Quamobrem
1529 3892 1574 3946 si
1603 3890 1731 3962 quid
1755 3890 1852 3945 tibi
1879 3893 1934 3945 in
1959 3890 2121 3945 nobis
2134 3889 2245 3960 pla-

655 3983 769 4038 cuit
815 3992 876 4038 ut
913 3983 1150 4056 aliquam
1199 3983 1634 4039 observationem
1683 3982 1951 4037 sermonis
1993 3982 2165 4038 nostri
2211 3998 2242 4037 a

653 4076 814 4132 nobis
861 4077 1048 4131 audire
1082 4091 1376 4146 qntereres,
1405 4077 1595 4132 melius
1633 4075 1862 4131 videndo
1891 4085 1948 4130 et
1973 4075 2242 4131 audiendo

653 4185 755 4225 nos
783 4185 903 4224 cum
932 4171 1047 4224 haec
1071 4169 1303 4239 agimus,
1329 4184 1491 4240 quam
1524 4168 1752 4239 legendo
1778 4182 1899 4222 cum
1935 4167 2051 4222 haec
2072 4166 2242 4222 dicta-

653 4275 776 4314 mus
801 4259 1094 4315 edisceres.
1125 4258 1232 4314 Sed
1254 4267 1434 4314 tamen
1459 4258 1724 4314 faciamus
1749 4259 1982 4328 aliquem
2026 4259 2241 4313 venisse

651 4353 720 4407 ad
749 4367 847 4407 nos
874 4351 967 4422 qui
1001 4351 1118 4406 vult
1149 4365 1272 4407 esse
1305 4350 1669 4430 Christianus,
1697 4362 1753 4407 et
1788 4352 1854 4406 de
1892 4365 2091 4422 genere
2121 4351 2238 4422 qui-

651 4443 775 4498 dem
817 4441 1126 4508 idiotarum,
1157 4456 1266 4498 non
1297 4449 1478 4496 tamen
1509 4442 1907 4496 rusticanorum
1954 4441 2047 4497 sed
2081 4439 2238 4495 urba-

650 4549 866 4600 norum,
901 4533 1090 4605 quales
1111 4502 1266 4604 apud
1293 4530 1674 4604 Carthaginem
1706 4532 1888 4604 plures
1915 4533 2150 4604 experiri
2185 4540 2242 4588 te
2263 4502 2315 4562 Ῐ)
2340 4533 2545 4602 majore
2587 4535 2846 4591 adversus
2875 4502 3115 4589 invicem
3129 4502 3379 4588 discordia
3403 4505 3710 4612 furere

651 4645 874 4685 necesse
893 4637 997 4696 est,
1023 4629 1416 4700 interrogatum
1449 4627 1620 4682 etiam
1651 4636 1836 4682 utrum
1865 4637 2090 4698 propter
2111 4627 2235 4682 vitae

648 4721 932 4792 prtesentis
961 4720 1177 4790 aliquod
1206 4722 1570 4786 commodum,
1602 4735 1672 4775 an
1702 4728 1924 4791 propter
1970 4721 2232 4790 requiem,

647 4831 769 4885 qua:
784 4823 903 4885 post
929 4815 1072 4869 hanc
1100 4814 1262 4868 vitam
1285 4819 1553 4883 speratur,
1583 4811 1928 4867 Christianus
1951 4826 2072 4868 esse
2099 4811 2238 4868 desi-

609 4919 612 4924 '
647 4908 825 4970 derat,
867 4915 1088 4977 propter
1133 4907 1371 4960 futuram
1422 4905 1662 4974 requiem
1725 4902 2100 4973 respondisse,
2143 4902 2233 4958 tali

648 4996 882 5053 fortasse
907 5011 940 5050 a
968 4997 1126 5052 nobis
1175 4996 1535 5052 instrueretur
1559 4994 1793 5065 alloquio
1823 5013 1835 5048 :
1869 4996 1981 5050 Deo
2011 4995 2228 5064 gratias,

645 5087 838 5154 frater,
865 5087 1019 5144 valde
1056 5089 1154 5144 tibi
1189 5088 1452 5160 gratulor,
1481 5096 1536 5142 et
1573 5088 1781 5159 gaudeo
1809 5087 1877 5142 de
1902 5096 1975 5154 te,
2003 5087 2146 5159 quod
2176 5087 2231 5142 in

643 5181 817 5238 tantis
843 5196 909 5236 ac
937 5189 1046 5236 tam
1075 5180 1394 5252 periculosis
1414 5178 1572 5249 hujus
1590 5179 1772 5236 saeculi
1798 5182 2228 5250 tempestatibus,

593 5291 602 5298 '
649 5275 715 5333 de
742 5275 920 5348 aliqua
957 5289 1087 5330 vera
1111 5282 1170 5330 et
1190 5281 1343 5330 certa
1370 5273 1668 5329 securitate
1704 5273 1973 5345 cogitasti.
2018 5272 2153 5331 Nam
2176 5282 2231 5331 et

561 5361 565 5366 ’
618 5369 703 5426 ’ἰιι
729 5369 834 5426 hac
859 5370 972 5426 vita
1003 5366 1253 5425 homines
1274 5367 1488 5438 magnis
1511 5365 1786 5424 laboribus
1813 5367 2056 5438 requiem
2084 5383 2231 5439 quae-

642 5470 774 5518 runt
817 5469 874 5517 et
916 5458 1288 5522 securitatem,
1323 5457 1418 5514 sed
1467 5457 1648 5528 pravis
1679 5459 2068 5530 cupiditatibus
2120 5475 2230 5517 non

643 5551 944 5609 inveniunt.
977 5547 1178 5605 Volunt
1205 5549 1351 5603 enim
1381 5549 1723 5619 requiescere
1749 5550 1803 5604 in
1831 5551 1992 5607 rebus
2020 5551 2231 5623 inquie-

555 5663 560 5670 ·
643 5647 718 5703 tis
743 5653 800 5700 et
821 5657 929 5698 non
957 5641 1424 5714 permanentibus,
1458 5649 1513 5696 et
1545 5641 1671 5711 quia
1709 5641 1814 5698 illa:
1839 5650 2081 5714 tempore
2109 5645 2232 5702 sub-

582 5743 586 5746 ·
648 5735 1018 5797 trahuntur.“
1059 5738 1339 5791 transeunt
1381 5732 1668 5790 timoribus
1708 5742 1763 5790 et
1806 5733 2089 5792 doloribus
2133 5751 2228 5794 eos

2371 486 2574 542 divitiis
2598 487 2728 544 velit
2749 489 2913 544 homo
2935 491 3291 562 requiescere,
3307 496 3458 566 magis
3479 504 3680 571 superbus
3695 508 3794 568 efﬁci.

2370 584 2458 632 tur
2481 593 2643 648 quam
2676 594 2921 636 securus.
2958 581 3151 638 Annon
3204 585 3429 643 videmus
3454 607 3586 660 quam
3614 599 3792 660 multias

2370 669 2548 726 subito
2570 671 2920 740 perdiderint,
2951 675 3104 730 multi
3121 675 3279 730 etiam
3293 688 3485 750 propter
3503 681 3787 760 illasperierint,

2370 767 2464 814 aut
2512 775 2636 815 cum
2683 777 2776 817 eas
2821 762 3023 819 habere
3049 765 3287 835 cupiunt,
3315 777 3516 826 autcum
3539 773 3602 828 eis
3619 785 3792 846 oppressis

2369 867 2400 907 a
2443 853 2809 924 cupidioribus
2837 855 3179 924 auferuntur,
3218 874 3332 928 qua:
3360 861 3400 916 si
3428 863 3565 919 etiam
3593 882 3664 936 per
3689 881 3788 929 totam

2366 943 2534 998 vitam
2574 960 2694 1000 cum
2727 945 2946 1004 homine
2973 961 3365 1018 permanerent,
3388 962 3438 1008 et
3469 969 3555 1010 non
3586 957 3789 1018 desereret:

2367 1038 2682 1096 dilectorem
2726 1057 2916 1106 suum,
2975 1043 3092 1114 ipsa
3139 1044 3254 1101 illas
3294 1061 3382 1102 sua
3423 1059 3568 1105 morte
3600 1051 3786 1112 desereret

2367 1129 2576 1198 Quanta
2602 1141 2686 1186 est
2709 1133 2852 1186 enim
2882 1135 2994 1188 vita
3022 1134 3257 1191 hominis
3301 1137 3491 1194 etiamsi
3526 1153 3717 1206 senescat,
3735 1158 3786 1200 aut

2366 1236 2490 1276 cum
2540 1221 2642 1276 sibi
2683 1221 2930 1278 homines
2977 1233 3174 1295 optant
3216 1235 3542 1295 senectutem,
3578 1233 3671 1300 quid
3704 1233 3786 1290 aliud

2365 1323 2552 1384 optant
2598 1315 2699 1369 nisi
2744 1316 2959 1386 longam
3015 1317 3414 1375 inﬁrmitatem?
3454 1319 3530 1377 Sic
3567 1333 3610 1378 et
3642 1325 3783 1382 honora

2364 1407 2526 1477 hujus
2573 1407 2754 1463 saeculi
2787 1409 2914 1478 quid
2952 1418 3112 1477 sunt,
3145 1411 3246 1466 nisi
3287 1419 3450 1482 typus,
3483 1423 3528 1468 et
3561 1415 3731 1482 inanitas,
3753 1428 3783 1474 et

2365 1498 2534 1554 ruina:
2579 1498 2914 1570 periculum?
2948 1501 3076 1570 quia
3113 1501 3192 1556 sic
3222 1509 3398 1557 sancta
3442 1503 3655 1575 Scriptura
3684 1509 3777 1562 dicit:

2369 1607 2388 1642 ε
2421 1587 2609 1648 Omnis
2635 1607 2764 1648 caro
2794 1592 2999 1658 fenum,
3031 1602 3089 1648 et
3115 1594 3331 1650 claritas
3349 1595 3550 1651 hominis
3568 1607 3610 1652 ut
3627 1597 3776 1662 ﬂoslmi,

2365 1680 2548 1737 fenum
2597 1684 2770 1749 aruit,
2819 1683 2918 1740 llos
2965 1685 3436 1742 deciditzverbum
3484 1696 3620 1743 aute
3653 1688 3774 1744 Domini

2363 1783 2546 1830 manet
2575 1776 2628 1831 in
2653 1785 2916 1832 :eternum
2948 1776 3086 1849 (Ira.
3118 1795 3206 1845 XL,
3241 1779 3314 1850 6).
3345 1799 3362 1830 ι
3383 1778 3492 1835 ideo
3514 1782 3587 1850 qui
3603 1797 3773 1836 venun-

2361 1866 2541 1938 quiem
2569 1875 2624 1922 et
2661 1883 2846 1923 veram
2875 1867 3196 1924 lelicitatem
3235 1869 3500 1936 desiderat,
3527 1871 3640 1926 debet
3667 1872 3768 1926 tollet

2361 1975 2513 2032 spem
2547 1975 2699 2015 suam
2739 1959 2806 2015 de
2844 1961 3006 2016 rebus
3035 1962 3350 2018 mortalibus
3387 1972 3436 2019 et
3459 1965 3766 2034 prmtereunubu,

2361 2059 2416 2107 et
2444 2065 2564 2106 eam
2597 2051 2863 2108 collocare
2890 2052 2943 2107 in
2969 2053 3140 2109 verbo
3162 2053 3388 2119 Domini,
3405 2063 3457 2109 ut
3473 2055 3762 2125 haereusqu

2359 2155 2544 2198 manet
2584 2144 2637 2198 in
2680 2152 2964 2212 aeternum,
2991 2147 3163 2202 etiam
3204 2147 3316 2218 ipse
3339 2163 3450 2204 cum
3483 2147 3554 2203 illo
3585 2148 3758 2203 manat

2359 2245 2646 2294 aeternum.

2429 2326 2570 2384 Sunt
2600 2328 2762 2384 etiam
2795 2330 3064 2397 homines,
3096 2333 3190 2403 qui
3222 2349 3320 2390 nec
3343 2333 3510 2390 divites
3537 2343 3752 2403 essequam.

2357 2433 2457 2475 nec
2501 2419 2568 2475 ad
2608 2435 2777 2476 vanas
2811 2422 3081 2478 honorum
3115 2440 3334 2496 pompas
3364 2426 3563 2480 ambiunt
3581 2423 3752 2496 perveniri,

2356 2512 2450 2568 sed
2494 2513 2747 2584 gaudere,
2797 2521 2853 2570 et
2897 2516 3244 2588 requiescere
3291 2519 3456 2573 volunt
3487 2519 3530 2573 in
3555 2520 3701 2588 popinis,

2353 2603 2818 2672 fornicationibus,
2853 2615 2908 2662 et
2938 2606 2994 2661 in
3032 2608 3290 2673 theatris,
3316 2617 3458 2678 atque
3476 2607 3750 2679 spectaculi”:-

2355 2693 2639 2764 gacitatis,
2669 2709 2790 2762 quae
2818 2695 2871 2750 in
2908 2697 3124 2768 magnis
3169 2697 3453 2754 civitatibus
3486 2699 3606 2770 gratis
3633 2696 3748 2756 halm.

2355 2788 2450 2842 sed
2488 2787 2568 2843 sic
2599 2788 2765 2844 etiam
2809 2789 2909 2859 ipsi
2947 2799 3009 2846 ut
3041 2800 3356 2846 consumunt
3381 2805 3466 2859 per
3488 2788 3748 2854 luxuriatu-

2351 2888 2617 2950 pertatem
2661 2897 2833 2945 suam,
2876 2890 2931 2938 et
2964 2881 3035 2936 ab
3070 2891 3304 2954 egestate
3334 2891 3492 2953 postea
3525 2881 3564 2933 in
3596 2878 3696 2936 iam.
3719 2883 3747 2925 et

2351 2970 2701 3040 ell'racturas,
2735 2981 2791 3028 et
2826 2973 3120 3044 aliquando
3147 2974 3307 3030 etiam
3337 2974 3396 3028 ad
3430 2969 3632 3026 latrocinia
3652 2963 3745 3035 pmi-

2351 3063 2513 3127 liunt,
2535 3060 2590 3119 et
2609 3064 2788 3119 subito
2809 3064 2991 3120 multis
3014 3073 3076 3120 et
3097 3065 3300 3136 magnis
3319 3061 3553 3118 timoribus
3565 3056 3741 3126 iplentur.

2273 3129 2320 3194 (ἶ
2351 3164 2408 3211 et
2429 3156 2522 3228 qui
2550 3156 2604 3212 in
2633 3157 2829 3228 popina
2857 3156 3016 3227 paulo
3052 3129 3491 3218 ante-cantabant,
3510 3152 3589 3222 jam
3608 3148 3741 3218 Nam

2347 3249 2586 3303 carceris
2606 3249 2898 3302 somniant.
2924 3245 3133 3303 Studiis
3156 3254 3328 3303 autem
3352 3234 3739 3316 spectaculot'ttmiﬂil

2349 3337 2681 3394 daemonibus
2706 3337 2909 3394 similes
2934 3357 2946 3392 :
2971 3338 3054 3394 cla
3063 3337 3300 3394 moribus
3321 3337 3421 3392 suis
3443 3331 3636 3389 incitando
3649 3325 3737 3381 honi-

2347 3445 2445 3484 nes
2485 3436 2546 3484 ut
2583 3445 2642 3485 se
2677 3429 2907 3485 invicem
2943 3418 3182 3496 exedant,
3220 3440 3479 3496 secumque
3502 3422 3733 3478 habeantur

2349 3521 2576 3576 tentiosa
2605 3521 2904 3576 certamina
2947 3519 3040 3591 qui
3064 3536 3125 3575 se
3144 3535 3250 3575 non
3275 3519 3511 3578 laeserunt,
3529 3505 3732 3576 dumphm

2346 3616 2539 3671 insano
2562 3615 2758 3687 populo
2783 3615 3024 3686 cupiunt.
3058 3613 3214 3682 Quod
3239 3613 3282 3668 si
3310 3601 3730 3666 animadverterint!“

2345 3709 2660 3776 concordes,
2690 3716 2818 3764 tunc
2845 3723 2941 3764 eos
2961 3708 3194 3763 oderunt
3211 3714 3263 3762 et
3285 3706 3610 3777 persequuntur,
3626 3695 3728 3744 em-

2343 3816 2506 3871 quam
2535 3800 2831 3856 collusores
2861 3808 2919 3854 ut
2945 3797 3181 3854 fustibus
3205 3795 3512 3852 verberantur
3531 3782 3724 3878 excitata“

2343 3903 2398 3949 et
2427 3895 2567 3950 hanc
2599 3893 2937 3963 iniquitatem
2965 3891 3148 3948 facere
3174 3891 3329 3946 etiam
3361 3884 3569 3940 vindicem
3589 3875 3724 3941 inii”

2344 3995 2455 4042 tum
2482 3985 2721 4056 judicem
2756 3992 2974 4056 cogunt.
3026 3982 3088 4039 Si
3128 3991 3300 4038 autem
3332 3974 3567 4035 horrendas
3777 4009 3779 4019 ς

2343 4080 2574 4134 invicem
2624 4078 2937 4133 inimicitias
2979 4092 3076 4132 eos
3119 4089 3360 4132 exercere
3392 4061 3651 4140 οοεηονετίείν

2341 4172 2495 4226 sinta:
2538 4171 2629 4242 qui
2693 4169 3049 4241 appellantur,
3106 4169 3217 4224 sive
3267 4162 3453 4221 scaenici
3495 4166 3536 4212 et
3569 4142 3718 4242 ύίωθξιαν

2342 4266 2454 4319 sive
2481 4265 2700 4334 aurigae,
2727 4263 2842 4318 sive
2874 4269 3178 4327 venatores,
3205 4272 3332 4329 quos
3357 4255 3535 4308 miseros
3554 4233 3716 4334 Mill“?
3769 4293 3771 4334 Ι

2340 4354 2587 4409 homines
2609 4332 2752 4407 eum
2797 4352 3128 4417 hominibus,
3171 4349 3262 4405 sed
3299 4346 3440 4403 etiam
3472 4333 3634 4396 homines
3657 4332 3716 4377 ω

2340 4443 2528 4498 bestiis
2575 4443 2628 4498 in
2681 4452 2958 4499 certamen
3007 4454 3336 4514 pugnamque
3375 4425 3715 4514 (ιοιῐιιιιίιιιιιιίίφῗν

2337 4643 2403 4682 eo
2425 4595 2600 4698 inagis
2631 4635 2833 4692 amant,
2864 4634 2920 4682 et
2943 4612 3288 4685 delectantur,
3315 4629 3362 4675 et
3389 4595 3710 4700 incitati
3759 4671 3761 4700 Ι

2337 4693 2583 4774 faventes
2621 4719 2850 4774 incitant
2895 4717 3017 4788 plus
3053 4717 3302 4772 adversus
3327 4693 3705 4788 seipsOSimmf

2339 4811 2440 4880 ipsi
2470 4818 2808 4882 spectatores
2835 4782 2974 4865 alter
3009 4824 3110 4882 pro
3141 4807 3320 4869 altero,
3353 4809 3484 4869 (1³³³³
3505 4782 3703 4882 in“?

2339 4870 2606 4958 insaniam
2649 4901 2824 4957 insani
2867 4870 3178 4971 provocant,
3220 4904 3272 4951 et
3313 4870 3703 4976 insanientis???

2336 4994 2660 5049 desiderant.
2716 4959 2997 5060 Quomodo
3048 4959 3175 5062 ergo
3213 4984 3456 5042 sanitatem

2333 5085 2548 5141 animus
2581 5055 2778 5157 potest,
2809 5085 2902 5155 qui
2937 5055 3217 5140 discordiis
3240 5087 3292 5136 et
3318 5055 3700 5157 certamittiitﬂshl’f‘f

2336 5177 2466 5232 tur?
2515 5142 2700 5244 Qualis
2733 5142 2876 5232 enim
2907 5175 3061 5231 cibus
3086 5171 3318 5232 sumitur,
3349 5161 3446 5219 talis
3463 5142 3696 5265 illeilli:

2332 5235 2597 5342 sequitur.
2646 5268 2934 5368 Postremo
2953 5267 3195 5339 quamvis
3225 5264 3390 5368 insana

2333 5317 2568 5436 ἶςξιέῖιέξιῖ
2583 5317 3201 5434 ἰαἱιιξιί’ἶιῖἑείιίῖιὲἷιὲιίιύἱ
3225 5317 3354 5417 sint,
3386 5317 3435 5402 εἰ
3467 5317 3688 5450 wgf:

2333 5425 2562 5512 delectet
2591 5425 2851 5526 iactantia
2882 5425 3206 5516 divitiarum.
3233 5455 3283 5504 ei
3307 5450 3453 5498 ω¹¹³⁰τ

2332 5565 2533 5621 vorago
2578 5515 2926 5621 popinarum,
2957 5556 3012 5604 et
3043 5545 3176 5603 bella
3201 5541 3488 5642 theatrum.
3485 5515 3682 5642 ἐξ.Ὓῶ

2331 5611 2493 5699 ditiav
2507 5611 2944 5707 fornicationum,
2988 5650 3044 5697 et
3082 5636 3282 5742 prurigo

2331 5737 2512 5794 omnia
2545 5738 2643 5793 ista
2679 5753 2784 5792 una
2825 5735 3095 5796 febricula,
3125 5741 3176 5788 et
3199 5729 3348 5787 adhuc
3374 5703 3584 5773 viventhll
