3956 6326
135 335 277 395 1801

1040 326 1130 386 DE
1159 320 1700 385 ECCLESIASTICA
1740 314 2144 382 DlSCIPLlNA.
2184 353 2255 367 --
2291 316 2420 380 LIB.
2460 316 2537 379 i.‘

3290 322 3435 386 ιίιη

130 454 333 513 falsam
371 448 760 509 beatitudinem
794 446 1065 504 subtrahit
1095 466 1108 502 :
1142 454 1421 503 remaneat
1447 443 1646 511 inanis,
1676 452 1733 499 et
1759 448 1811 509 Α
1835 442 2057 500 davitet
2077 454 2261 501 creata
2278 451 2425 510 sunt,
2449 462 2470 498 ι
2488 442 2582 500 sed
2609 450 2669 499 ttt
2697 433 3030 513 signiﬁcaret
3051 443 3179 517 quia
3193 452 3317 516 post
3339 459 3436 502 sex

132 547 324 606 saucia
334 543 669 602 conscientia
682 540 970 598 Dominum
985 554 1211 597 sensura
1218 537 1458 610 judicem
1473 549 1633 607 quem
1647 549 1743 590 no-

132 639 243 696 luit
269 636 468 695 ltabere
486 634 786 700 custodem,
802 639 859 690 et
872 632 1157 688 inventura
1170 627 1737 701 asperutnDomittum,

132 747 302 805 quem
330 727 540 786 dulcem
567 726 784 784 Patrem
811 739 1055 797 quatrere
1090 730 1147 780 et
1170 737 1358 779 amare
1394 719 1736 792 contempsit.

133 822 224 881 'l‘u
251 830 430 878 autem
455 818 547 890 qtti
582 832 770 874 veram
805 814 1070 887 requiem,
1102 829 1223 885 qua:
1256 823 1382 885 post
1407 813 1544 868 hanc
1572 810 1738 865 vitam

136 914 469 989 Christianis
498 909 851 983 promittitur,
884 907 1116 979 quaeris;
1145 906 1310 963 etiam
1341 905 1431 961 hic
1449 919 1570 960 eam
1599 903 1742 959 inter

138 1006 516 1064 amarissimas
538 1004 663 1060 vitae
693 1002 850 1074 hujus
875 1000 1151 1057 molestias
1179 1013 1400 1056 suavem
1419 997 1744 1070 jucundam-

136 1115 252 1172 que
271 1096 543 1170 gustabis,
588 1095 635 1152 si
660 1095 778 1167 ejus
803 1094 896 1164 qui
927 1109 1049 1151 eam
1081 1090 1332 1164 promisit
1357 1099 1626 1163 praecepta
1654 1088 1747 1163 di:

138 1192 359 1249 lexeris.
387 1189 507 1248 Cito
520 1189 678 1251 ,ettim
701 1188 902 1246 senties
937 1186 1207 1244 dulciores
1240 1198 1360 1242 esse
1381 1182 1610 1255 juStitize
1631 1180 1744 1238 fru-

140 1298 269 1342 ctus
311 1299 473 1356 quant
500 1279 820 1353 iniquitatis,
845 1290 901 1336 ct
920 1279 1101 1337 verius
1122 1286 1284 1348 atque
1300 1275 1592 1346 jucunoius
1614 1288 1746 1347 gau-

141 1376 279 1434 dere
306 1374 579 1432 hominem
604 1373 672 1428 de
705 1373 845 1428 bona
883 1368 1217 1429 conscientia
1264 1368 1407 1426 inter
1442 1366 1743 1435 molesttas,

143 1487 310 1545 quam
360 1469 428 1526 de
470 1467 609 1525 mala
656 1466 799 1525 inter
837 1467 1086 1529 delicias,
1117 1465 1244 1538 quia
1294 1480 1398 1521 non
1436 1464 1518 1521 sic
1546 1462 1744 1521 venisti

143 1562 399 1634 conjungi
426 1560 682 1617 Ecclesia:
718 1558 836 1626 Dei,
861 1567 922 1614 ut
943 1574 1009 1615 ex
1033 1573 1097 1613 ca
1126 1558 1476 1627 temporalem
1505 1554 1744 1625 aliquam

145 1653 438 1711 utilitatem
466 1651 732 1723 requiras.
785 1648 923 1707 Sunt
951 1649 1096 1706 cnint
1127 1648 1216 1719 qui
1246 1657 1532 1720 propterea
1558 1644 1748 1702 volunt

145 1759 272 1801 esse
292 1741 605 1809 Christiani,
630 1748 691 1797 ut
717 1750 810 1797 aut
838 1746 1253 1811 promereatttttr
1280 1737 1548 1801 homines,
1574 1750 1605 1791 a
1632 1734 1748 1806 qui-

146 1838 255 1894 bus
277 1833 588 1908 temporalia
614 1810 896 1891 commoda
923 1839 1270 1904 exapectant,
1296 1841 1389 1886 aut
1415 1830 1541 1901 quia
1569 1828 1744 1886 oflcu~
1771 1810 1820 1873 Β

150 1930 283 1989 dere
310 1929 501 1984 nolunt
523 1942 660 1998 quos
687 1928 900 1991 timent,
929 1924 1026 1981 sed
1055 1924 1143 1980 isti
1184 1922 1396 1996 reprobi
1421 1934 1551 1978 sunt
1583 1962 1597 1977 .
1625 1918 1749 1977 etsi

150 2022 225 2080 ad
269 2032 477 2095 tempus
518 2037 612 2079 eos
634 2029 815 2094 portat
857 2018 1122 2086 Ecclesia,
1150 2017 1289 2073 sicut
1326 2030 1451 2072 arca
1478 2026 1651 2085 usque
1679 2011 1747 2069 ad

155 2126 367 2188 tempus
410 2114 778 2172 ventilationis
824 2113 1035 2186 paleam
1076 2110 1347 2168 sustinent
1390 2127 1405 2164 :
1455 2106 1500 2164 si
1540 2122 1600 2164 se
1641 2119 1749 2163 non

153 2210 529 2275 correxerint,
576 2216 632 2264 et
677 2216 898 2280 pmpter
942 2202 1178 2261 futuram
1229 2201 1614 2274 scmpitcrnant
1664 2215 1752 2257 re—

154 2303 335 2376 quiem
355 2301 649 2359 Christiani
672 2315 793 2359 esse
821 2298 1110 2372 coeperint,
1138 2298 1193 2354 in
1223 2297 1385 2353 linem
1413 2295 1750 2368 scparahtut-

158 2412 291 2459 tur:
322 2417 425 2459 nec
450 2400 551 2457 sibi
584 2399 928 2455 blandiantur
951 2397 1096 2468 quod
1136 2396 1191 2451 in
1224 2408 1352 2451 area
1380 2400 1606 2466 possunt
1631 2403 1754 2446 esse

154 2508 281 2550 cum
333 2491 607 2548 frumento
653 2490 769 2556 Dei,
819 2489 945 2562 quia
994 2489 1051 2545 in
1097 2487 1297 2543 horreo
1342 2499 1465 2541 cum
1513 2483 1604 2539 illo
1645 2497 1751 2539 non

154 2592 341 2652 erunt,
365 2585 459 2641 sed
488 2582 598 2657 igni
632 2580 816 2638 debito
844 2580 1203 2637 destinantur.
1264 2576 1405 2633 Sunt
1448 2575 1612 2632 etiam
1661 2573 1752 2630 alii

157 2678 368 2736 meliori
393 2677 611 2751 quidem
646 2690 765 2749 spe,
792 2675 887 2733 sed
915 2683 1098 2730 tamen
1117 2686 1223 2729 non
1247 2671 1459 2727 minore
1486 2667 1754 2741 periculo,

158 2770 255 2844 qui
290 2770 405 2843 jam
449 2768 738 2826 Dominum
778 2766 993 2833 timent,
1019 2772 1207 2821 etnon
1238 2762 1466 2819 irrident
1493 2759 1756 2844 Christia-

159 2841 305 2922 numﬁ
327 2878 546 2930 novum,
583 2876 685 2919 nec
710 2859 965 2918 simulato
1006 2857 1171 2916 corde
1212 2857 1423 2913 intrant
1457 2841 1758 2913 Ecclesiam

158 2957 280 3024 Dei,
300 2957 393 3014 sed
422 2956 476 3012 in
506 2956 610 3012 ista
637 2953 749 3011 vita
768 2960 1085 3025 exspectant
1109 2951 1448 3017 felicitatem,
1469 2959 1528 3007 ttt
1549 2948 1755 3006 felicio-

161 3063 254 3105 res
291 3048 400 3105 sint
433 3048 489 3103 itt
533 3046 697 3104 rebus
722 3044 955 3103 terrenis
994 3058 1159 3116 quam
1198 3041 1274 3098 illi
1307 3042 1397 3114 qui
1435 3057 1542 3099 non
1573 3039 1759 3097 colunt

160 3141 449 3200 Dominum
479 3158 492 3197 :
521 3140 748 3212 ideoque
790 3154 915 3195 cum
948 3137 1183 3194 viderint
1216 3135 1478 3209 quosdam
1519 3132 1756 3192 scelera-

162 3240 253 3291 tos
278 3239 335 3288 et
355 3230 549 3303 impios
598 3231 703 3286 ista
750 3228 996 3287 saeculari
1034 3226 1393 3301 prosperitate
1433 3223 1655 3297 pollere,
1701 3232 1759 3279 et

162 3324 447 3391 excellere,
484 3337 544 3382 se
572 3332 756 3381 autem
785 3323 872 3381 vel
895 3324 1078 3380 minus
1109 3322 1313 3379 habere
1343 3321 1447 3378 ista
1475 3319 1561 3376 vel
1598 3319 1759 3376 amit—

160 3424 306 3484 tere,
331 3415 733 3487 perturbantur,
783 3422 1040 3486 tanquam
1088 3412 1208 3469 sine
1259 3426 1422 3468 causa
1468 3409 1760 3467 Dominum

162 3506 368 3574 colant,
427 3514 485 3562 et
511 3504 672 3563 facile
696 3520 727 3561 a
754 3505 858 3562 ﬁde
883 3503 1160 3561 deficiunt.
1199 3502 1304 3572 Qui
1331 3511 1511 3584 autem
1542 3509 1763 3573 propter

162 3596 559 3656 beatitudinem
601 3595 989 3667 sempiternam
1030 3602 1088 3649 et
1127 3602 1444 3665 perpetuam
1491 3590 1762 3663 requiem,

163 3695 428 3764 quaepost
452 3687 598 3744 hanc
622 3686 792 3742 vitam
819 3685 1025 3743 sanctis
1050 3683 1234 3739 futura
1261 3682 1620 3756 promittitur,
1649 3680 1767 3737 vult

168 3785 294 3844 fieri
328 3782 672 3841 Christianus
702 3790 763 3837 ut
795 3796 901 3837 non
937 3787 1027 3837 eat
1058 3779 1111 3835 in
1150 3778 1328 3851 ignem
1357 3783 1619 3833 aeternum
1641 3787 1766 3830 cum

168 3874 411 3942 diabolo,
442 3874 537 3932 sed
567 3874 622 3931 in
646 3888 875 3947 regnum
897 3879 1161 3928 teteruum
1192 3868 1361 3924 intret
1380 3882 1503 3924 cum
1527 3865 1765 3933 Christo,

170 3983 303 4026 vere
334 3968 450 4039 ipse
490 3975 575 4025 est
600 3965 946 4025 Christianus
971 3971 1164 4020 cautus
1190 3961 1244 4016 in
1272 3959 1419 4018 omni
1448 3957 1766 4026 teutatione,

172 4059 536 4134 neprospcris
552 4060 713 4116 rebus
725 4063 1129 4128 corrumpatur,
1141 4062 1199 4110 et
1209 4067 1279 4110 ne
1288 4050 1570 4124 frangatur
1580 4049 1771 4107 adver-

172 4155 256 4211 sis
289 4171 304 4210 :
329 4160 383 4210 et
406 4152 463 4209 in
488 4151 817 4209 abundantia
841 4151 1107 4207 bonorum
1136 4156 1474 4204 terrenorum
1494 4142 1772 4201 modestus

173 4256 236 4305 et
264 4254 589 4318 temperans,
617 4252 675 4301 et
716 4244 772 4300 in
819 4239 1255 4300 tribulationibus
1276 4236 1432 4294 fortis
1450 4245 1505 4293 et
1526 4236 1767 4308 patiens:

171 4340 274 4413 qui
307 4338 473 4395 etiam
505 4336 838 4410 proficiendo
866 4333 1115 4407 pervenit
1148 4332 1218 4388 ad
1247 4330 1410 4388 talem
1443 4329 1684 4385 animum
1713 4334 1774 4384 ut

172 4433 301 4506 plus
348 4440 496 4489 amet
559 4430 849 4487 Dominum
898 4420 1064 4500 quam
1119 4426 1308 4483 timeat
1343 4425 1685 4499 gehennam:
1715 4428 1775 4477 ut

172 4527 347 4586 etiam
406 4525 453 4582 si
494 4525 639 4582 dicat
684 4523 762 4581 illi
804 4523 969 4590 Deus,
1006 4519 1173 4578 Utere
1219 4519 1427 4577 deliciis
1465 4515 1775 4575 carnalibus

173 4620 550 4693 sempiternis,
577 4627 635 4676 et
671 4625 932 4690 quantum
973 4624 1130 4689 potes
1168 4628 1354 4686 pecca,
1377 4627 1481 4669 nec
1503 4609 1774 4677 morieris,

171 4730 287 4773 nec
325 4715 379 4770 in
417 4715 719 4788 gehennam
754 4710 1010 4778 mitteris,
1041 4711 1138 4768 sed
1165 4723 1378 4766 mecum
1404 4703 1777 4762 tantummodo

170 4822 293 4864 non
331 4806 466 4873 eris,
511 4806 889 4872 exhorrescat,
926 4811 982 4861 et
1017 4800 1239 4859 omnino
1275 4813 1382 4856 non
1420 4804 1629 4868 peccet,
1669 4810 1777 4852 non

167 4901 295 4974 jam
322 4907 382 4954 ut
410 4898 467 4954 in
491 4897 621 4954 illud
645 4895 792 4969 quod
822 4894 1051 4951 timebat
1073 4907 1181 4948 non
1211 4888 1441 4957 incidat,
1478 4886 1575 4944 sed
1614 4900 1682 4943 ne
1707 4884 1776 4941 il-

174 4994 301 5051 lum
329 5008 491 5066 quem
525 4992 609 5050 sic
632 4999 782 5047 amat
807 4988 1062 5056 offendat,
1094 4986 1150 5043 in
1171 4998 1283 5057 quo
1316 4996 1428 5039 uno
1452 4989 1539 5039 est
1562 4977 1779 5051 requies

184 5106 209 5143 ι
236 5103 403 5160 quam
442 5086 632 5145 oculus
666 5099 774 5142 non
811 5082 966 5149 vidit,
1007 5093 1109 5137 nec
1147 5076 1298 5134 auris
1335 5073 1565 5141 audivit,
1593 5086 1696 5130 nec
1720 5070 1779 5128 in

177 5192 286 5235 cor
305 5176 542 5234 hominis
563 5174 830 5239 ascendit,
856 5186 1018 5244 quam
1041 5165 1365 5242 praeparavit
1385 5167 1530 5222 Deus
1553 5162 1780 5236 diligen-

185 5269 340 5327 tibus
360 5282 420 5325 se
450 5267 501 5341 (Ι
531 5265 659 5325 Cor.
694 5282 760 5334 tt,
787 5264 866 5338 9).
905 5283 926 5319 ι
973 5262 1050 5320 De
1082 5275 1190 5334 qua
1232 5275 1291 5317 re
1325 5254 1594 5331 signiﬁcat
1625 5252 1779 5311 Seri-

180 5373 352 5436 ptttra
375 5370 431 5420 et
456 5376 563 5418 non
590 5368 733 5417 tacet
755 5358 901 5430 quod
927 5356 999 5413 ab
1026 5353 1182 5411 initio
1208 5350 1395 5409 mundi
1422 5365 1493 5407 ex
1513 5363 1620 5421 quo
1650 5344 1783 5404 fecit

184 5455 339 5513 Deus
359 5453 556 5510 emittm
587 5462 644 5510 et
666 5462 867 5509 terram
895 5460 952 5507 et
977 5446 1160 5505 omnia
1182 5459 1305 5518 qua:
1322 5443 1378 5500 in
1398 5441 1481 5500 eis
1507 5449 1655 5507 sunt,
1684 5452 1781 5495 sex
1865 5472 1872 5499 ς

184 5548 387 5605 diebus
419 5555 678 5618 operatus
706 5552 811 5608 est,
847 5551 906 5599 et
930 5539 1161 5613 septimo
1197 5536 1286 5594 die
1326 5531 1592 5605 requievit
1627 5527 1781 5604 (Gen.

1841 543 2030 611 tetates
2062 535 2249 592 mundi
2287 534 2448 607 hujus
2475 534 2706 606 septima
2732 539 2893 589 actate
2919 540 3176 605 tanquam
3205 535 3438 608 septimo

1841 628 1929 687 die
1951 629 2291 700 requieturus
2316 637 2402 686 est
2424 627 2478 684 in
2490 628 2692 685 sanctis
2706 627 2839 693 suis,
2857 627 2984 699 quia
3012 626 3115 699 ipst
3143 628 3197 684 in
3233 627 3326 685 illo
3350 645 3440 687 re-

1841 722 2122 794 quiescant
2144 728 2267 794 post
2285 720 2469 778 omnia
2494 719 2636 778 bona
2663 732 2828 791 opera
2855 719 2907 775 itt
2936 718 3133 790 quibus
3156 718 3205 776 ei
3235 719 3440 777 set-vico

1840 822 1984 875 runt,
2017 826 2137 885 qua:
2163 811 2354 884 ipsein
2384 810 2491 868 illis
2509 819 2783 883 operatur,
2811 809 2902 882 qui
2933 818 3090 865 vocat
3113 816 3168 867 ct
3192 809 3442 882 prmeipit

1839 915 1897 964 et
1936 905 2131 964 delicta
2167 905 2441 980 praeterita
2482 902 2704 962 dimittit
2737 921 2752 960 :
2792 912 2851 960 et
2881 901 3142 975 jttstiltcat
3177 916 3303 958 eum
3342 898 3440 973 qui

1839 999 1993 1071 prius
2019 997 2138 1056 erat
2161 998 2376 1072 impius.
2404 996 2560 1055 Sicut
2587 1012 2768 1054 autem
2798 1010 2920 1053 cunt
2952 993 3026 1050 illi
3055 1009 3120 1051 ex
3147 992 3292 1051 dono
3319 993 3440 1065 ejus

1840 1090 1981 1150 bene
2008 1100 2327 1163 operantur,
2371 1100 2519 1147 recte
2561 1087 2760 1146 dicitur
2802 1083 3014 1159 operari
3045 1087 3161 1141 :sic
3183 1099 3306 1141 cum
3343 1082 3439 1139 illo

1867 1184 2235 1255 requiescunt,
2288 1189 2435 1238 recte
2490 1180 2688 1237 dicitur
2731 1179 2847 1251 ipse
2897 1178 3258 1248 requiescere.
3304 1177 3439 1233 Nam

1869 1276 2012 1347 quod
2039 1275 2106 1330 ad
2132 1274 2306 1346 ipsum
2335 1272 2549 1338 attinet,
2579 1270 2949 1344 pausationem
2970 1284 3080 1325 non
3106 1269 3319 1341 quaerit,
3348 1269 3445 1339 qui

1869 1368 2108 1424 laborem
2136 1383 2241 1422 non
2268 1365 2453 1422 sentit.
2492 1364 2645 1420 Fecit
2669 1371 2851 1419 autem
2877 1361 3056 1418 omnia
3079 1376 3182 1433 per
3206 1360 3447 1417 Verbum

1871 1473 2050 1525 suum,
2075 1465 2131 1513 et
2159 1457 2396 1513 Verbum
2423 1455 2541 1527 ejus
2562 1441 2677 1524 ipse
2706 1451 2979 1518 Christus,
3005 1452 3060 1507 in
3085 1466 3193 1522 quo
3230 1451 3446 1522 requie-

1872 1559 2030 1609 scunt
2049 1549 2240 1621 angeli,
2258 1555 2312 1604 et
2325 1560 2514 1604 omnes
2526 1545 2774 1602 ctelestes
2788 1542 3128 1600 mundissimi
3150 1542 3370 1615 spiritus
3391 1543 3447 1600 in

1878 1647 2066 1696 sancto
2091 1638 2325 1695 silentio.
2353 1636 2525 1693 Homo
2550 1641 2981 1705 autem°peccato
3007 1633 3189 1705 lapsus
3212 1632 3451 1705 perdidit

1876 1731 2118 1802 requiem
2148 1744 2310 1802 quam
2344 1727 2577 1784 habebat
2601 1726 2658 1781 in
2699 1723 2816 1796 eius
2843 1724 3141 1790 divinitate,
3166 1732 3222 1782 et
3246 1725 3452 1798 recepit

1874 1838 1995 1879 eam
2018 1824 2071 1879 in
2089 1821 2207 1892 ejus
2230 1822 2569 1879 humanitate
2590 1841 2605 1878 :
2628 1822 2858 1893 ideoque
2879 1830 3184 1893 opportuno
3209 1828 3453 1895 tempate

1863 1906 1982 1985 quo
2021 1911 2136 1983 ipse
2177 1912 2383 1969 sciebat
2419 1922 2669 1985 oportere
2695 1912 2814 1969 ﬁeri
2851 1911 3015 1969 homo
3053 1910 3251 1979 factus,
3291 1920 3348 1969 et
3382 1912 3453 1968 de

1875 2000 2074 2062 femina
2096 2013 2257 2062 natus
2295 2011 2400 2062 est.
2430 2003 2477 2060 Α
2503 2021 2668 2062 carne
2694 2004 2893 2078 quippe
2931 2003 3296 2061 contaminari
3338 2017 3451 2061 non

1872 2106 2083 2171 poterat
2105 2099 2240 2170 ipse,
2269 2114 2488 2157 carnem
2517 2099 2697 2173 potius
2723 2098 3099 2155 mandaturus.
3132 2097 3315 2170 Ipsum
3354 2111 3452 2152 au-

1878 2190 2010 2261 tiqui
2048 2197 2333 2246 venturum
2359 2190 2416 2246 in
2445 2190 2772 2247 revelatione
2806 2189 3040 2261 Spiritus
3061 2193 3450 2261 cognoverunt,

1871 2288 1928 2337 et
1953 2280 2432 2352 prophetaverunt,
2479 2287 2538 2336 et
2580 2281 2662 2337 sic
2688 2280 2825 2349 salvi
2859 2279 2990 2336 facti
3026 2287 3156 2336 sunt
3182 2277 3455 2335 credendo

1872 2370 1999 2444 quia
2022 2371 2222 2437 veniet,
2251 2372 2393 2429 sicut
2425 2387 2526 2429 nos
2555 2371 2689 2428 salvi
2727 2369 2991 2429 efﬁcimur
3025 2369 3297 2428 credendo
3322 2367 3454 2438 quia

1869 2466 2052 2521 venit':
2079 2473 2139 2520 ut
2159 2465 2509 2538 diligeremus
2533 2466 2820 2523 Dominum
2843 2465 2936 2538 qui
2958 2464 3041 2522 sic
3060 2479 3161 2522 nos
3182 2462 3372 2520 dilexit
3390 2468 3455 2518 ut

1871 2559 2091 2615 unicum
2104 2557 2301 2614 Filium
2322 2574 2480 2616 suum
2502 2558 2764 2626 mitteret,
2787 2559 2880 2631 qui
2892 2556 3232 2613 humanitate
3253 2563 3455 2613 nostra:

1871 2646 2217 2704 mortalitatis
2242 2647 2483 2715 indutus,
2510 2657 2568 2704 et
2587 2663 2618 2702 a
2643 2645 3020 2720 peccatoribus
3043 2653 3101 2702 et
3129 2658 3232 2715 pro
3251 2652 3452 2715 pecca—

1872 2740 2083 2796 toribus
2103 2747 2426 2797 moreretur.
2456 2737 2578 2795 Jam
2598 2738 2745 2795 enim
2772 2737 2901 2793 olim
2921 2738 2991 2793 ab
3021 2733 3332 2793 ineuntibus
3355 2748 3458 2789 ste-

1871 2830 2009 2888 culis
2035 2829 2277 2903 mysterii
2305 2828 2467 2900 huius
2494 2828 2722 2886 altitudo
2753 2826 3087 2901 prmﬂgumri
3124 2822 3459 2898 praenuntia-

1864 2924 2020 2995 rique
2047 2937 2155 2979 non
2176 2931 2374 2979 cessat.
2406 2920 2675 2990 Quoniam
2712 2919 2859 2976 Deus
2882 2916 3245 2988 omnipotens,
3274 2921 3335 2972 et
3364 2914 3461 2971 bo-

1865 3029 1970 3073 nus
1993 3022 2050 3072 et
2080 3012 2281 3084 justus,
2322 3021 2375 3070 et
2427 3011 2751 3074 misericors,
2790 3008 2883 3080 qui
2931 3006 3061 3066 fecit
3087 3004 3273 3063 omnia
3313 3002 3459 3061 bona

1871 3106 1987 3162 sive
2014 3119 2210 3177 magna
2228 3104 2345 3161 sive
2368 3117 2556 3175 parva,
2590 3102 2706 3159 sive
2729 3115 2940 3157 summa
2969 3098 3085 3156 sive
3114 3096 3322 3164 intima,
3345 3109 3458 3152 sua:

1783 3183 1831 3249 (ἶ
1875 3216 1996 3274 qua:
2022 3198 2293 3264 videntur,
2327 3197 2489 3255 sicuti
2514 3203 2644 3252 sunt
2671 3193 2890 3258 emtum,
2929 3200 2987 3250 et
3006 3198 3172 3260 terra,
3198 3198 3256 3259 et
3282 3201 3463 3268 mare,

1874 3292 2009 3351 etin
2036 3290 2176 3348 caelo
2201 3291 2283 3348 sol
2308 3298 2365 3347 et
2389 3288 2538 3355 luna,
2564 3294 2621 3344 et
2642 3293 2838 3343 caetera
2862 3283 3066 3351 sidera,
3093 3282 3149 3338 in
3186 3289 3335 3343 terra
3368 3294 3471 3345 atro

1879 3394 1989 3443 tem
2024 3392 2081 3440 et
2103 3383 2261 3449 mari,
2298 3381 2524 3437 arbores
2562 3386 2623 3434 et
2658 3375 2904 3443 frutices,
2942 3383 3001 3431 et
3039 3371 3320 3439 animalia,
3350 3382 3466 3432 suae

1880 3480 2142 3552 cujusque
2167 3483 2397 3540 naturae,
2431 3482 2488 3530 et
2517 3470 2699 3529 omnia
2733 3481 2963 3541 corpora
2991 3463 3079 3523 vel
3108 3460 3351 3523 caelestia
3378 3469 3469 3524 vel

1882 3570 2193 3637 terrestria;
2215 3568 2329 3626 sive
2345 3582 2466 3641 qua:
2486 3580 2594 3622 non
2614 3563 2890 3628 videntur,
2909 3559 3073 3616 sicuti
3092 3564 3222 3615 sunt
3241 3553 3470 3627 spiritus

1861 3666 2061 3740 quibus
2089 3678 2319 3737 corpora
2346 3667 2692 3733 vegetantur,
2726 3664 2786 3714 et
2821 3653 3209 3711 viviﬁcautur:
3242 3649 3373 3708 fecit
3407 3657 3468 3706 et

1863 3760 2141 3817 hominem
2163 3754 2232 3812 ad
2251 3752 2543 3825 imaginem
2569 3764 2745 3819 suam,
2773 3756 2834 3804 ut
2855 3744 3315 3821 quemadmodum
3346 3742 3465 3816 ipse

1862 3866 1965 3927 per
1992 3847 2443 3921 omnipotentiam
2471 3859 2625 3902 suam
2647 3849 2842 3916 prmest
2872 3840 3141 3897 universa:
3165 3847 3460 3903 creaturae,

1867 3944 1948 4000 sic
1992 3943 2156 3999 homo
2203 3953 2302 4012 per
2347 3934 2760 4009 intelligentiam
2795 3947 2904 4004 qua
2946 3929 3111 3988 etiam
3150 3928 3468 3988 Creatorem

1867 4048 2026 4091 suum
2050 4030 2400 4107 cognoscitet
2424 4026 2576 4093 colit,
2599 4040 2711 4098 prte
2721 4022 2935 4081 exteris
2952 4021 3208 4079 omnibus
3236 4018 3474 4078 terrenis

1868 4124 2193 4183 animalibus
2220 4141 2234 4178 :
2262 4121 2395 4180 fecit
2421 4120 2588 4177 etiam
2614 4117 2690 4174 illi
2718 4115 3047 4188 adjutorium
3073 4112 3336 4171 feminam
3358 4125 3471 4171 non

1870 4218 1939 4276 ad
1974 4216 2252 4275 carnalem
2296 4210 2793 4285 concupiscentiam
2818 4250 2835 4276 ,
2876 4204 3320 4279 quandoquidem
3368 4218 3472 4262 nec

1871 4308 2243 4382 corruptibilia
2284 4320 2516 4378 corpora
2550 4312 2682 4360 tunc
2727 4301 3004 4359 habebant
3042 4307 3337 4370 antequam
3370 4311 3470 4354 eos

1870 4400 2173 4461 mortalitas
2233 4397 2513 4456 invaderet
2572 4408 2733 4467 paena
2779 4391 3013 4465 peccati,
3066 4391 3162 4447 sed
3216 4397 3276 4445 ut
3300 4386 3489 4445 habe-.

1876 4506 1964 4553 ret
1995 4495 2079 4552 vi'r
2118 4493 2344 4567 gloriam
2378 4492 2445 4549 de
2483 4489 2684 4547 femina
2723 4502 2846 4545 cum
2874 4487 2938 4556 ei,
2952 4485 3171 4559 praeiret
3194 4484 3261 4539 ad
3286 4483 3472 4540 Domi-

1804 4548 1854 4610 θ
1880 4602 2032 4655 num,
2078 4548 2246 4656 seque
2289 4548 2365 4640 illi
2405 4580 2673 4654 praeberet
2719 4548 3043 4636 imitandum
3087 4577 3143 4633 in
3187 4573 3477 4633 sanctitate

1880 4688 2044 4751 atque
2082 4676 2305 4750 pietate,
2348 4674 2493 4731 sicut
2533 4674 2651 4745 ipse
2680 4679 2829 4729 esset
2864 4668 3035 4742 gloria
3072 4668 3168 4726 Dei
3192 4682 3323 4729 cum
3356 4664 3476 4737 (ius

1880 4770 2203 4843 sapientiam
2215 4776 2553 4841 sequeretur.
2571 4765 2758 4836 itaque
2771 4761 3050 4820 constituit
3060 4774 3155 4819 eos
3170 4760 3222 4816 itt
3238 4759 3476 4831 quodam

1878 4863 2000 4920 loco
2034 4868 2309 4935 perpetua:
2340 4857 2692 4917 beatitudinis
2720 4870 2884 4928 quem
2915 4852 3151 4928 appellat
3187 4853 3475 4926 Scriptura

1878 4955 2190 5030 paradisum
2232 4972 2246 5009 :
2287 4958 2729 5024 praeceptumque
2767 4947 2876 5005 illis
2906 4946 3056 5005 dedit
3086 4946 3233 5019 quod
3271 4946 3319 5003 si
3365 4960 3473 5001 non

1881 5048 2410 5121 transgrederentur,
2449 5045 2504 5101 ltt
2530 5043 2622 5100 illa
2647 5056 2864 5115 semper
2887 5039 3312 5098 immortalitatis
3337 5039 3471 5096 bea-

1882 5141 2114 5202 titudine
2131 5143 2554 5211 permanerent:
2580 5134 2628 5191 si
2655 5132 3179 5205 transgrederentur,
3211 5128 3477 5203 supplicia

1883 5232 2229 5292 mortalitatis
2283 5230 2673 5303 expenderent.
2725 5224 3057 5284 Praesciebat
3102 5233 3285 5281 autem
3334 5220 3480 5277 Deus

1882 5344 1979 5388 eos
2008 5336 2445 5400 transgressum
2464 5363 2479 5390 ,
2512 5321 2609 5380 sed
2642 5329 2824 5377 tamen
2849 5317 2977 5392 quia
3007 5316 3261 5376 conditor
3283 5320 3389 5378 est,
3420 5317 3484 5370 et

1883 5422 2107 5480 effector
2138 5417 2317 5477 omnis
2347 5415 2495 5484 boni,
2525 5414 2697 5488 magis
2719 5428 2816 5469 eos
2841 5409 2991 5479 fecit,
3021 5407 3240 5481 quando
3267 5404 3398 5461 fecit
3421 5411 3483 5462 et

1882 5516 2110 5583 bestias,
2130 5522 2191 5572 ut
2223 5511 2474 5584 impleret
2497 5517 2701 5567 terram
2722 5506 2881 5564 bonis
2907 5501 3162 5567 terrenis,
3197 5507 3255 5556 et
3286 5496 3478 5569 utique

182 5653 257 5703 ιι,
307 5637 383 5708 l).
433 5588 653 5693 iroterat
691 5588 837 5690 enim
864 5588 1217 5702 Omnipotens
1263 5633 1318 5683 et
1358 5588 1469 5680 uno
1512 5588 1788 5678 momento
1887 5608 2081 5668 melior
2125 5613 2215 5664 εει
2254 5605 2419 5708 hem?
2460 5601 2624 5658 ﬁliam
2963 5608 3129 5708 imm
3423 5594 3485 5708 θξ

188 5681 458 5801 ιεἰιιρίιτίε
502 5681 687 5782 omnia
733 5681 917 5781 facere
946 5740 961 5779 ;
992 5681 1327 5797 utrm—autent
1361 5713 1703 5771 laboraverat
1729 5716 1791 5767 ut
1888 5707 2219 5777 praeceptum
2254 5697 2540 5801 quod-non
2564 5701 2724 5801 erant
2747 5687 3034 5801 servatur:
3048 5685 3224 5757 magis

189 5773 589 5891 requiesceret,
611 5815 845 5889 quando,
864 5832 885 5870 ι
907 5811 1069 5881 Dixit,
1090 5792 1227 5870 dixit
1247 5807 1456 5868 etfacta
1467 5811 1621 5872 sunt;
1638 5814 1790 5858 tuan-
1890 5773 2079 5855 essent
2115 5786 2513 5857 inexcusabiles
2538 5801 2663 5846 cum
2689 5786 2747 5843 in
2772 5799 2869 5844 eos
2886 5773 3484 5847 vindicarem
