3956 6326
523 246 775 381 1205'

1159 308 1219 364 Β.
1263 306 1517 367 RABANI
1554 307 1775 365 MAURI
1811 306 2130 371 ARCHIEP.
2168 305 2485 396 MOCUNT.
2529 305 2823 369 OPERUM
2863 300 3048 367 PARS
3086 308 3176 367 III.

3698 315 3837 371 ωε

523 423 793 495 Quidquid
827 422 972 479 enim
1002 422 1164 477 homo
1193 419 1402 488 fecerit,
1429 420 1753 479 laudabilem
1793 422 1847 477 in
1884 438 1995 479 SUlS
2027 420 2109 476 fa—
2136 425 2187 486 Α
2214 418 2310 475 sed
2331 419 2379 475 si
2424 433 2567 489 saepe
2589 419 2876 475 adversum
2896 435 2955 477 se
2976 436 3077 492 pro
3093 422 3180 477 his
3196 421 3358 479 rebus
3383 423 3698 491 dimicant,
3730 430 3847 497 pari
3930 404 3931 407 η

523 516 625 575 ctis
650 514 852 572 invenit
869 515 1072 573 Deum:
1104 514 1152 571 si
1178 521 1326 571 recte
1338 514 1536 586 egerit,
1550 514 1872 571 laudabilem
1901 515 2111 571 invenit

520 625 620 681 per
641 608 907 680 justitiam
941 608 1317 679 praemiorum;
1349 607 1393 663 si
1421 608 1758 679 peccaverit,
1787 607 2111 665 laudabilem

522 697 728 755 invenit
756 713 855 770 per
875 695 1143 767 justitiam
1163 690 1564 769 suppliciorum,
1594 698 1639 752 si
1660 706 1883 770 peccata
1905 697 2112 754 confes-

523 805 617 849 sus
652 789 720 845 ad
756 798 904 851 recte
940 788 1231 845 vivendum
1271 788 1515 856 redierit,
1543 789 1864 846 laudabilem
1904 790 2114 847 invenit

521 896 619 955 per
663 881 1092 941 misericordiam
1141 880 1615 954 indulgentiarum.
1680 881 1789 939 Cur
1830 898 1960 954 ergo
2000 898 2111 939 non

520 969 725 1030 faceret
776 973 920 1029 Deus
976 973 1250 1031 hominem
1295 973 1543 1044 quamvis
1591 989 1714 1029 eum
1760 982 2111 1045 peccaturum

520 1074 885 1137 praenosceret
916 1084 928 1119 Ξ
956 1081 1075 1121 cum
1095 1073 1151 1120 οι
1171 1073 1402 1120 stantem
1424 1073 1726 1129 θοι-οηιιιθι,
1750 1072 1803 1119 ΘΙ.
1827 1064 2110 1121 cadentem

520 1156 831 1222 ordinaret,
856 1166 911 1213 et
931 1166 1242 1230 surgentem
1271 1156 1570 1227 adjuvaret,
1601 1160 1657 1210 et
1684 1156 1882 1226 ubique
1908 1155 2110 1228 glorio-

521 1262 614 1303 sus
639 1247 899 1313 bonitate,
921 1245 1148 1317 justitia,
1180 1246 1487 1311 clementia,
1531 1245 1763 1302 maxime
1798 1247 1924 1318 quia
1959 1254 2015 1303 et
2048 1245 2111 1301 il-

519 1337 609 1395 lud
646 1339 965 1411 pratsciebat
993 1340 1057 1395 de
1084 1340 1378 1410 propagine
1412 1338 1759 1393 mortalitatis
1800 1338 1916 1408 ejus
1964 1336 2111 1394 futu-

520 1447 612 1489 ros
633 1424 867 1497 sanctos,
895 1432 986 1502 qui
1017 1448 1121 1487 non
1145 1432 1248 1489 sibi
1268 1439 1597 1504 quaererent,
1620 1432 1716 1488 sed
1738 1430 1983 1488 Creatori
2010 1445 2110 1487 suo

518 1522 746 1595 gloriam
767 1523 958 1579 darent
982 1541 996 1577 :
1021 1531 1077 1578 et
1106 1539 1228 1579 eum
1250 1522 1476 1579 colendo
1495 1524 1564 1577 ab
1585 1524 1729 1578 omni
1764 1522 2111 1594 corruptione

516 1612 726 1671 liberati
755 1630 877 1670 cum
909 1613 1115 1687 angelis
1152 1616 1352 1671 sanctis
1383 1614 1565 1670 vivere
1603 1630 1818 1686 semper
1853 1622 1909 1669 et
1950 1615 2110 1671 beate

454 1734 461 1742 α
516 1708 698 1763 vivere
723 1708 1092 1764 mererentur?
1138 1707 1240 1776 Qui
1280 1708 1426 1762 enim
1459 1708 1765 1764 hominibus
1793 1707 1942 1764 dedit
1976 1708 2109 1764 libe-

2210 520 2394 567 tamen
2421 511 2659 582 pondere
2684 512 2997 583 cupiditatis
3028 514 3082 568 in
3112 513 3362 570 eamdem
3391 513 3846 586 profunditatem

2208 601 2637 672 praecipitantur,
2664 610 2722 658 et
2747 601 2851 659 sibi
2880 619 3094 660 morum
3124 614 3182 660 et
3210 607 3543 663 meritorum
3578 607 3847 664 similitu-

2209 691 2337 747 dine
2391 689 2840 764 conjunguntur:
2882 702 2937 750 et
2989 711 3179 751 rursus
3221 712 3417 755 omnes
3472 698 3753 754 homines
3799 709 3850 757 ει

2209 797 2397 840 omnes
2434 784 2659 855 spiritus
2688 784 2967 841 humiliter
2999 786 3095 843 Dei
3118 786 3348 861 gloriam
3377 797 3722 859 quaerentes
3746 807 3851 849 non

2212 894 2387 946 suam,
2420 890 2625 939 etcum
2654 880 2856 952 pietate
2884 891 3191 949 sectantes,
3228 883 3299 938 ad
3344 899 3525 938 unam
3562 883 3853 954 patiam

2210 974 2530 1057 societatem
2558 990 2574 1029 :
2605 985 2661 1031 et
2694 984 2876 1031 tamen
2910 975 3053 1033 Deus
3079 978 3660 1034 misericordissimus
3678 989 3744 1035 et
3762 994 3851 1035 sn-

2212 1080 2309 1136 per
2338 1066 2534 1137 impios
2564 1066 2812 1124 homines
2840 1069 3055 1139 patiens
3092 1078 3177 1125 est
3203 1087 3217 1124 :
3246 1080 3303 1126 et
3340 1071 3571 1143 prabet
3610 1068 3705 1126 e’is
3746 1086 3853 1143 po-

2211 1143 2454 1214 nitentize
2496 1168 2659 1229 atque
2703 1160 3059 1217 correctionis
3103 1160 3303 1217 locum.
3380 1160 3534 1217 Nam
3587 1171 3653 1217 et
3710 1163 3855 1235 quod

2209 1262 2398 1303 omnes
2444 1248 2645 1305 diluvio
2686 1249 2904 1316 delevit,
2925 1260 3152 1322 excepto
3207 1268 3318 1307 uno
3352 1252 3518 1325 justo
3558 1268 3703 1308 cum
3744 1255 3851 1311 suis

2209 1353 2345 1407 quos
2382 1337 2437 1392 in
2484 1354 2613 1393 arca
2656 1353 2876 1395 servare
2920 1341 3109 1407 voluit,
3153 1350 3383 1398 noverat
3425 1343 3679 1415 quidem
3706 1346 3849 1414 quod

2210 1440 2317 1482 non
2341 1442 2401 1483 se
2426 1429 2728 1485 correcturi
2753 1439 2935 1487 essent
2966 1449 2978 1485 :
3007 1440 3381 1487 verumtamen
3416 1448 3560 1488 cum
3592 1448 3705 1504 per
3731 1449 3849 1489 cen-

2210 1526 2322 1574 tum
2367 1534 2539 1576 annos
2580 1535 2708 1576 arca
2748 1518 3011 1577 fabricata
3032 1530 3137 1590 est,
3183 1524 3622 1593 praedicabatur
3662 1525 3847 1595 utique

2208 1612 2289 1667 eis
2318 1614 2399 1667 ira
2430 1612 2525 1668 Dei
2554 1621 2784 1668 ventura
2811 1629 2974 1685 super
3007 1630 3102 1671 eos
3135 1633 3148 1669 :
3183 1623 3239 1671 et
3272 1616 3319 1671 si
3354 1626 3843 1675 converte-renuo

2209 1703 2276 1758 ad
2312 1702 2599 1759 Dominum
2639 1716 2883 1775 parceret
2911 1704 3011 1771 eis,
3044 1706 3185 1762 sicut
3217 1708 3475 1779 pepercit
3499 1719 3716 1779 posta
3750 1709 3835 1766 Σῦ-

520 1815 638 1856 rum
666 1799 971 1869 arbitrium,
1013 1807 1072 1853 ut
1109 1814 1218 1854 non
1247 1798 1430 1857 servili
1460 1800 1798 1863 necessitate,
1834 1800 1931 1856 sed
1960 1800 2108 1873 inge-
2135 1792 2182 1855 Β
2210 1795 2349 1849 nivze
2379 1795 2585 1851 civitati
2629 1795 2808 1867 agenti
2843 1796 3239 1867 prenitentiam,
3286 1813 3417 1853 cum
3468 1799 3525 1856 ei
3576 1816 3691 1871 per
3722 1817 3831 1872 prn-

517 1909 623 1950 nua
647 1874 918 1949 voluntate
943 1892 1229 1947 Dominum
1263 1892 1522 1958 colerent,
1555 1892 1703 1948 dedit
1734 1892 1898 1948 etiam
1938 1908 2105 1964 ange-

515 1984 582 2041 lis
613 2003 626 2039 :
652 1992 706 2042 et
746 1985 865 2040 ideo
910 1968 1011 2041 nec
1050 1983 1274 2054 angelus
1298 1984 1391 2054 qui
1420 2000 1543 2040 cum
1574 1985 1853 2055 spiritibus
1877 1984 1996 2041 aliis
2022 2000 2108 2042 sa-

516 2059 777 2130 tellitibus
803 2074 915 2135 suis
941 2073 1299 2145 superbiendo
1326 2073 1563 2131 deseruit
1592 2074 1952 2131 obedientiam
1985 2075 2104 2143 Dei,

514 2176 573 2223 et
613 2166 856 2223 diabolus
895 2164 1069 2223 factus
1106 2175 1208 2235 est,
1253 2166 1450 2238 aliquid
1478 2169 1659 2224 nocuit
1691 2167 1826 2234 Deo,
1856 2167 1949 2223 sed
1979 2167 2101 2223 sibi.

514 2254 691 2314 Novit.
716 2259 860 2314 enim
889 2260 1033 2315 Deus
1070 2260 1324 2315 ordinare
1361 2259 1672 2315 deserentes
1704 2276 1763 2315 se
1792 2259 2020 2326 animas,
2052 2267 2107 2314 et

515 2365 584 2407 ex
601 2365 788 2407 carum
801 2347 949 2420 justa
973 2344 1190 2406 miseria
1210 2348 1494 2405 inferiores
1514 2360 1696 2421 partes
1713 2358 1974 2405 creaturae
1995 2365 2106 2406 suae

516 2446 1039 2504 convenientissimis
1085 2454 1139 2499 et
1166 2443 1669 2514 congruentissimis
1692 2443 1899 2515 legibus
1926 2443 2103 2498 admi-

518 2537 702 2593 randae
752 2535 1166 2607 dispensationis
1222 2549 1438 2592 ornare.
1490 2534 1671 2607 Itaque
1715 2550 1816 2591 nec
1860 2534 2105 2591 diabolus

516 2626 715 2699 aliquid
740 2626 851 2687 Deo
881 2627 1093 2694 nocuit,
1123 2627 1248 2699 quia
1272 2626 1358 2683 vel
1390 2626 1504 2700 ipse
1532 2626 1714 2698 lapsus
1756 2634 1839 2695 est
1882 2625 1968 2685 vel
2005 2627 2104 2683 ho-

515 2722 716 2777 minem
747 2719 959 2777 seduxit
986 2720 1054 2777 ad
1080 2730 1308 2777 mortem
1336 2740 1349 2775 :
1381 2736 1481 2777 nec
1512 2721 1625 2792 ipse
1649 2721 1811 2777 homo
1842 2721 1896 2776 in
1922 2719 2102 2792 aliquo

514 2810 710 2867 minuit
749 2800 1031 2866 veritatem
1066 2820 1160 2865 aut
1190 2819 1530 2881 potestatem,
1590 2819 1684 2867 aut
1710 2810 2102 2867 beatitudinem

513 2901 812 2960 conditoris
850 2903 930 2957 sui
959 2921 972 2956 :
1002 2902 1129 2974 quia
1175 2900 1389 2975 conjugi
1427 2917 1537 2959 suae
1568 2896 1799 2959 seductas
1827 2919 1860 2958 a
1888 2901 2102 2960 diabolo

512 2995 580 3051 ad
621 2997 674 3052 id
706 2983 849 3068 quod
884 2998 1025 3052 Deus
1055 2996 1406 3067 prohibuerat
1424 2996 1644 3069 propria
1672 2995 1948 3054 voluntate
1971 3013 2100 3053 con-

511 3085 701 3147 sensit.
758 3084 1079 3143 Justissimis
1104 3088 1246 3142 enim
1285 3087 1381 3144 Dei
1407 3086 1614 3160 legibus
1640 3103 1829 3145 omnes
1857 3089 2098 3146 damnati

510 3186 637 3235 sunt
668 3178 778 3235 Deo
809 3177 1042 3251 glorioso
1068 3193 1166 3246 per
1191 3179 1499 3248 aequitatem
1526 3179 1794 3247 vindictae,
1820 3181 1921 3252 ipsi
1948 3181 2100 3255 igno-

509 3270 741 3328 miniosi.
754 3285 855 3342 per
880 3268 1267 3355 turpitudinem
1292 3285 1488 3340 preme,
1522 3280 1583 3326 ut
1621 3280 1676 3327 et
1722 3272 1883 3329 homo
1924 3290 1955 3329 a
1999 3290 2099 3353 suo

510 3358 767 3417 Creatore
794 3376 1016 3417 aversus
1035 3359 1209 3414 victus
1230 3349 1443 3416 diabolo
1469 3360 1807 3430 subderetur,
1833 3374 1887 3421 et
1911 3349 2098 3422 diabo-Q

508 3448 596 3507 lus
621 3438 824 3513 homini
866 3450 933 3505 ad
971 3449 1286 3507 Creatorem
1314 3440 1472 3506 suum
1501 3467 1762 3515 converso
1802 3455 2098 3514 vincendus

508 3548 937 3623 proponeretur:
973 3549 1033 3597 ut
1062 3542 1366 3614 quicunque
1404 3543 1617 3602 diabolo
1645 3563 1814 3621 usque
1847 3549 1902 3605 in
1933 3550 2094 3609 ﬁnem

507 3633 910 3724 consentirent,
957 3650 1078 3691 cum
1122 3634 1214 3693 illo
1260 3636 1402 3693 irent
1440 3638 1495 3694 in
1536 3648 1736 3698 aeterna
1786 3646 2089 3721 supplicia:

507 3728 815 3805 quicunque
862 3738 1041 3813 autem
1085 3728 1433 3787 humiliarent
1475 3724 1549 3789 se
1581 3726 1691 3790 Deo
1737 3745 1791 3793 et
1835 3754 1936 3809 per
1978 3742 2096 3813 ejus

507 3820 736 3893 gratiam
761 3811 1031 3875 diabolum
1057 3819 1355 3889 vincerent,
1383 3832 1584 3881 aeterna
1609 3830 1831 3900 praemia
1858 3811 2095 3889 merere-

506 3928 650 3971 mur.
701 3910 885 3986 Neque
933 3906 1077 3969 enim
1124 3912 1227 3970 hoc
1272 3930 1490 3973 movere
1530 3916 1720 3987 debet,
1765 3925 1889 3994 quia
1937 3926 2094 3984 multi

507 4005 721 4093 diabqlo
750 4006 1097 4063 consentiunt
1128 4014 1183 4062 et
1218 4008 1375 4079 pauci
1418 4007 1703 4068 Dominum
1744 4025 2088 4086 sequuntur:

504 4100 633 4172 quia
683 4108 739 4157 et
789 4097 1117 4155 frumentum
1173 4102 1578 4173 comparatione
1616 4106 1891 4176 palearum
1934 4110 2091 4167 valde

500 4190 814 4267 pauciorem
849 4190 1012 4245 habet
1041 4207 1320 4247 numerum
1351 4212 1364 4248 :
1396 4195 1489 4251 sed
1511 4196 1653 4253 sicut
1680 4200 1913 4272 agricola
1941 4192 2095 4258 novit

504 4282 636 4355 quid
676 4279 840 4336 faciat
872 4281 938 4335 de
981 4280 1183 4348 ingenti
1230 4297 1425 4340 acervo
1466 4286 1657 4356 paleae,
1714 4289 1793 4347 sic
1831 4290 1964 4348 nihil
2006 4302 2090 4351 est

505 4375 617 4433 Deo
653 4372 937 4431 multitudo
976 4380 1340 4444 peccatorum,
1386 4377 1478 4446 qui
1521 4380 1671 4435 novit
1720 4381 1848 4452 quid
1882 4386 1948 4441 de
1982 4387 2088 4443 illis

505 4474 651 4538 agat,
690 4472 750 4520 ut
782 4461 1178 4518 administratio
1205 4464 1356 4534 regni
1382 4466 1498 4537 ejus
1524 4484 1591 4524 ex
1617 4471 1761 4528 nulla
1785 4484 1943 4545 parte
1974 4485 2087 4532 tur-

496 4565 662 4629 petur
684 4566 845 4627 atque
876 4554 1141 4610 turbetur.
1178 4554 1288 4612 Nec
1318 4557 1438 4616 ideo
1470 4564 1740 4630 putandus
1780 4575 1863 4622 est
1890 4567 2086 4625 vicisse

504 4646 772 4715 diabolus,
825 4647 951 4719 quia
997 4661 1180 4704 secum
1211 4648 1393 4720 plures
1427 4667 1548 4709 cum
1584 4655 1780 4727 quibus
1825 4674 1855 4713 a
1898 4663 2088 4731 paucis

506 4736 811 4795 vinceretur
836 4737 1078 4793 attraxit.

963 4870 1038 4927 De
1070 4872 1277 4929 duabus
1314 4875 1626 4934 civitatibus.

576 4994 849 5073 (August.)
887 5000 1018 5057 Duae
1050 5001 1237 5075 itaque
1286 5005 1559 5075 civitates,
1600 5024 1707 5065 una
1746 5009 2079 5081 iniquorum,

2110 4522 2164 4585 D

2208 1887 2426 1959 pbetam
2455 1896 2742 1943 venturum
2770 1887 3048 1945 interitum
3080 1893 3513 1962 przenuntiasset
3547 1913 3565 1948 :
3602 1896 3716 1951 hoc
3741 1914 3829 1952 a-

2207 1987 2315 2035 tem
2356 1979 2484 2035 facit
2521 1979 2664 2037 Deus
2695 1982 2859 2037 etiam
2885 1981 2990 2038 illis
3015 1999 3153 2054 quos
3190 1986 3341 2041 novit
3364 1986 3427 2041 in
3454 1987 3689 2043 malitia
3714 1996 3828 2061 per-

2204 2081 2584 2140 severaturos,
2639 2074 2775 2131 dans
2820 2075 3117 2145 pwnitendi
3166 2079 3412 2148 spatium
3463 2090 3532 2136 ut
3584 2092 3823 2140 nostra:

2202 2163 2517 2233 patientiam
2544 2177 2799 2222 exerceat
2825 2174 2878 2222 et
2902 2167 3156 2225 informet
3179 2172 3437 2243 exemplo
3460 2189 3577 2231 suo
3602 2191 3717 2247 quo
3734 2194 3820 2236 Io-

2203 2252 2443 2311 verimus
2488 2265 2748 2326 quantum
2797 2274 2897 2314 nos
2940 2267 3191 2331 oporteat
3236 2262 3625 2321 tolerabiliter
3658 2268 3817 2326 mins

2203 2348 2489 2411 sustinere,
2526 2366 2648 2406 cum
2680 2352 2991 2423 ignoremus
3019 2353 3208 2423 quales
3235 2364 3435 2425 postea
3471 2356 3659 2414 futuri
3694 2361 3813 2427 sint,

2205 2440 2420 2509 quando
2434 2440 2521 2495 ille
2544 2442 2719 2512 parcit
2732 2452 2787 2498 et
2808 2443 2937 2498 sinit
2955 2458 3049 2500 eos
3061 2445 3247 2501 vivere
3263 2461 3431 2517 quem
3447 2450 3597 2506 nihil
3614 2450 3812 2509 Im

2203 2545 2325 2584 rum
2353 2530 2990 2591 latet.Pr:enuntiabatur
3016 2544 3195 2593 tamen
3225 2540 3397 2594 etiam
3414 2542 3621 2599 diluvii
3646 2562 3813 2603 sna-a-

2203 2633 2386 2679 mento
2409 2625 2550 2694 quod
2578 2640 2677 2696 per
2706 2626 2907 2697 lignum
2929 2625 3061 2697 justi
3092 2630 3309 2687 liberati
3336 2643 3475 2689 sunt
3501 2635 3693 2693 futura
3718 2638 3811 2695 Ee-

2202 2713 2391 2782 clesia,
2423 2732 2586 2787 quam
2616 2732 2711 2774 rex
2741 2719 2858 2790 ejus
2881 2728 2938 2775 et
2965 2722 3108 2778 Deus
3131 2722 3387 2782 Christus
3413 2731 3689 2799 mysterio
3706 2746 3811 2787 sn

2202 2806 2380 2862 crucis
2410 2808 2479 2867 ab
2517 2807 2679 2880 hujus
2715 2810 2895 2865 sxeculi
2931 2810 3307 2871 submersione
3342 2821 3659 2889 suspendit.
3706 2821 3809 2878 Ne-

2201 2912 2308 2968 que
2325 2899 2469 2954 enim
2498 2900 2641 2956 Deus
2661 2900 2947 2972 ignorabat
2973 2905 3115 2974 quod
3138 2904 3306 2963 etiam
3349 2924 3419 2964 ex
3440 2911 3553 2967 illis
3577 2914 3673 2983 qui
3694 2912 3812 2969 ἔδει

2202 2997 2325 3044 rant
2355 2989 2411 3045 in
2436 3006 2561 3046 arca
2590 2992 2791 3048 servati
2822 2994 3080 3050 nascituri
3106 3008 3266 3054 erant
3296 3000 3459 3067 mali,
3490 3004 3577 3074 qui
3604 3002 3808 3060 faciem

2206 3092 2366 3141 terrae
2408 3086 2692 3157 iniquitate
2723 3087 3041 3158 implerent:
3072 3090 3166 3148 sed
3203 3100 3389 3149 tamen
3415 3104 3477 3150 et
3506 3099 3807 3168 exempbrn

2124 3164 2173 3229 C
2201 3173 2367 3231 futuri
2400 3177 2590 3246 judicii
2628 3178 2795 3246 dedit,
2822 3187 2879 3235 et
2905 3190 3217 3239 sanctorum
3266 3164 3803 3262 liberationem—Egi

2200 3269 2458 3339 mysterio
2480 3271 2891 3340 pmnuntiavit:
2910 3289 3035 3329 nam
3064 3283 3120 3330 et
3148 3286 3270 3345 post
3296 3278 3417 3335 haec
3440 3296 3557 3336 non
3576 3283 3807 3339 cessarit

2199 3358 2527 3430 repullulare
2567 3362 2771 3419 malitia
2813 3380 2912 3435 per
2949 3367 3281 3439 superbiam,
3329 3380 3385 3426 et
3432 3371 3721 3445 libidina,
3754 3384 3803 3432 et

2197 3452 2415 3510 illicitas
2443 3455 2750 3526 impietates
2784 3476 2798 3513 :
2832 3475 2955 3515 cum
2986 3462 3255 3531 homines,
3286 3465 3513 3523 deserto
3543 3468 3801 3528 Cratere

2199 3560 2319 3615 suo,
2342 3560 2452 3600 non
2479 3547 2653 3603 solum
2676 3551 2744 3603 ad
2767 3560 3073 3608 creaturam
3098 3570 3265 3626 quam
3280 3556 3426 3613 Deus
3458 3563 3707 3618 condidit
3728 3563 3798 3618 la-

2194 3637 2280 3707 psi
2323 3645 2463 3702 sunt,
2490 3646 2551 3694 ut
2596 3654 2696 3710 pro
2735 3639 2846 3697 Deo
2888 3643 3128 3701 colerent
3154 3648 3300 3718 quod
3327 3647 3465 3705 fecit
3502 3652 3679 3719 Deus,
3706 3655 3797 3711 sed

2195 3729 2359 3785 etiam
2388 3730 2456 3787 ad
2485 3746 2650 3802 opera
2695 3749 2952 3791 manuum
2993 3737 3273 3794 hominum
3316 3750 3378 3796 et
3412 3744 3488 3798 ad
3528 3745 3791 3802 fabrorum

2196 3817 2425 3874 artificia
2453 3834 2817 3878 curvaverant
2845 3826 3054 3881 animas
3086 3842 3234 3894 suas,
3274 3830 3374 3887 ubi
3413 3833 3487 3890 de
3536 3835 3645 3891 illis
3686 3846 3787 3893 ιιτ-

2192 3909 2314 4001 pius
2352 3910 2597 3969 diabolus
2626 3923 2681 3969 et
2716 3915 2981 3973 daemonia
3016 3920 3425 3993 triumpharent
3455 3945 3474 3982 :
3504 3945 3632 4001 qua:
3652 3946 3709 3987 se
3739 3933 3787 3987 in

2192 4000 2392 4058 talibus
2418 4002 2688 4075 ﬁgmentis
2711 4009 2928 4064 adorari
2955 4014 3314 4085 venerarique
3362 4000 3648 4087 latantur,
3678 4024 3787 4080 ὼ-

2192 4104 2409 4148 errores
2434 4108 2562 4183 suos
2591 4095 2841 4154 humanis
2868 4101 3144 4159 erroribus
3162 4116 3419 4174 pascunt.
3457 4109 3650 4183 Neque
3676 4122 3787 4171 tunc

2193 4195 2325 4238 sane
2371 4182 2658 4243 defuerunt
2693 4186 2847 4257 justi,
2898 4192 2990 4262 qui
3028 4194 3315 4254 Dominum
3344 4202 3439 4271 pie
3467 4182 3785 4275 quirat-nt.

2190 4279 2246 4328 et
2268 4275 2576 4346 superbiam
2609 4276 2804 4335 diaboli
2824 4282 3117 4351 vincerent,
3142 4289 3290 4345 cives
3316 4290 3472 4350 illius
3496 4309 3705 4354 sancta
3722 4300 3788 4355 ci-

2190 4369 2378 4465 vitatis
2421 4386 2557 4443 quos
2604 4376 2744 4445 regis
2778 4378 2861 4433 sui
2891 4377 3093 4438 Christi
3123 4392 3348 4441 ventura
3392 4388 3682 4448 humilitas
3705 4410 3788 4465 per

2190 4461 2440 4557 spiritum
2469 4465 2704 4521 revelata
2732 4470 2964 4539 sanavit,
2993 4487 3062 4528 ex
3097 4476 3295 4545 quibus
3340 4479 3635 4540 Abraham

2188 4564 2244 4610 et
2270 4555 2443 4613 ﬁdelis
2470 4558 2565 4614 Dei
2595 4575 2785 4619 servus
2822 4563 3027 4622 electus
3055 4574 3158 4634 est,
3192 4570 3283 4626 cui
3314 4555 3784 4635 demonstraretur

2189 4658 2588 4705 sacramentum
2622 4650 2745 4707 Filii
2773 4652 2891 4722 Dei,
2923 4664 2983 4711 ut
3008 4668 3227 4730 propter
3250 4661 3624 4724 imitationem
3670 4670 3781 4727 ﬁdei

2188 4754 2377 4797 omnes
2411 4740 2596 4798 ﬁdeles
2617 4745 2859 4802 omnium
2887 4751 3130 4819 gentium
3160 4752 3255 4809 lilii
3304 4755 3427 4827 ejus
3453 4758 3633 4819 hilari
3655 4764 3781 4821 dice-

2187 4838 2395 4904 rentur.
2447 4832 2527 4887 Ex
2560 4834 2652 4891 illo
2688 4846 2848 4893 natus
2871 4847 2955 4896 est
2984 4842 3212 4913 populus
3245 4861 3277 4900 a
3316 4861 3430 4917 quo
3471 4866 3625 4909 unus
3652 4855 3777 4912 Deli

2186 4937 2351 4979 verus
2387 4924 2658 4982 coleretur
2683 4929 2776 5000 qui
2805 4929 2935 4987 fecit
2958 4934 3157 4990 coelum
3180 4944 3234 4992 et
3257 4944 3461 4997 terram
3487 4961 3504 4996 :
3539 4961 3667 5002 uim
3686 4963 3779 5003 ω-

2182 5019 2313 5069 terae
2341 5022 2528 5084 gentes
2555 5017 2861 5077 simulacris
2883 5030 2941 5077 et
2966 5022 3248 5083 daemoniis
3274 5031 3577 5090 servirent.
3631 5036 3687 5093 In
3716 5054 3776 5101 eo

506 5087 675 5201 altera
696 5100 1041 5201 sanctorum,
1068 5096 1137 5151 ab
1158 5096 1314 5154 initio
1341 5101 1555 5187 generis
1586 5102 1804 5159 humani
1830 5120 2000 5177 usque
2023 5107 2078 5162 in
2182 5104 2340 5175 plane
2382 5106 2579 5178 populo
2619 5109 2788 5167 multo
2821 5113 3127 5173 evidentius
3162 5119 3340 5176 futura

506 5179 668 5235 tinem
695 5180 876 5268 stceuli
913 5186 1278 5252 perducuntur
1306 5207 1319 5243 :
1353 5182 1493 5248 nunc
1523 5194 1805 5265 permixta:
1841 5197 2082 5268 corpori-

2183 5206 2303 5254 rata
2329 5209 2415 5293 est
2442 5210 2603 5293 serat
2631 5203 2778 5293 enim
2796 5204 2871 5261 ibi
2896 5208 3186 5265 multitudo
3209 5214 3468 5281 carnalis,
3501 5234 3631 5289 qua:
3655 5236 3773 5293 pm-

502 5270 626 5369 bus,
655 5264 1135 5369 sed'voluntatibus
1171 5291 1466 5350 separatae,
1511 5264 1565 5338 in
1604 5285 1692 5341 die
1730 5296 1859 5343 vero
1893 5264 2081 5359 iudicii
2181 5295 2304 5359 pter
2358 5290 2591 5347 visibilia
2636 5292 2897 5352 beneﬁcia
2978 5264 3188 5357 colebat
3218 5264 3769 5369 Eligis;

502 5364 665 5421 etiam
717 5364 1031 5436 separandae
1080 5384 1325 5441 corpore.
1388 5372 1588 5433 Omnes
1635 5380 1779 5433 enim
1832 5380 2081 5437 homines

502 5466 746 5519 amantes
790 5461 1095 5532 superbiam
1143 5472 1197 5551 et
1270 5469 1619 5538 temporalem
1662 5472 2078 5529 dominationem

502 5565 623 5605 cum
648 5566 785 5608 vano
814 5560 941 5623 typo
969 5561 1023 5609 et
1044 5564 1241 5625 pompa
1270 5561 1612 5629 arrogantiae,
1642 5578 1939 5635 omnesque
1971 5568 2080 5638 spi-

2183 5392 2363 5438 autem
2392 5383 2463 5439 ibi
2488 5386 2647 5455 pauci
2667 5385 2907 5445 futuram
2927 5394 3167 5463 requiem
3188 5399 3513 5470 cogitantes,
3537 5412 3597 5460 et
3616 5406 3769 5464 cele-

2183 5486 2321 5534 stem
2343 5482 2575 5551 patriam
2596 5484 2965 5553 requirentes;
2990 5488 3187 5558 quibus
3216 5493 3599 5562 prophetando
3630 5513 3767 5555 reve-

2182 5570 2396 5627 labatur
2428 5572 2612 5629 futura
2644 5574 2918 5633 humilitas
2948 5579 3041 5635 Dei
3076 5582 3222 5652 regis
3250 5592 3308 5639 et
3343 5584 3561 5642 Domini
3601 5589 3761 5645 nostri

947 5639 1198 5751 diligunt,
1226 5655 1279 5751 et
1304 5647 1530 5751 gloriam
1558 5668 1715 5751 suam
1745 5654 2079 5751 subjectione
2180 5661 2306 5751 issu
2333 5663 2539 5722 Christi
2571 5684 2585 5723 :
2611 5662 2672 5724 ut
2704 5685 2803 5741 per
2832 5687 2952 5728 eam
2979 5639 3240 5732 ﬁdemvab
3260 5679 3408 5735 omni
3438 5639 3759 5751 supcrbia;

498 5724 776 5827 hominum
796 5744 1064 5806 quarunt,
1085 5736 1246 5794 simul
1269 5754 1372 5795 una
1400 5739 1659 5800 societate
1678 5724 1910 5805 devincti
1930 5746 2076 5824 sunt;

2181 5744 2395 5815 tumore
2418 5770 2762 5820 sanarentur.
2772 5762 2982 5841 Horum
3007 5775 3318 5826 sanctorum
3342 5771 3436 5843 qui
3463 5744 3753 5845 places»

3758 5880 3791 5929 \
