3956 6326
174 333 323 395 H05

1056 337 1149 395 DE
1182 335 1724 399 EGCLESIASTICA
1760 340 2167 403 DISCIPLINA.
2210 374 2283 391 «-
2313 342 2445 403 LIB.
2483 342 2524 401 l.

3314 348 3335 403 l
3350 347 3456 406 206

172 456 305 506 runt
327 455 570 518 tempore
598 447 938 513 nativitatem
965 448 1200 517 Domini,
1224 467 1337 509 non
1366 451 1539 509 solum
1564 468 1765 523 sermo,
1791 457 1848 523 Α
1870 457 2326 529 quemadmodum
2352 459 2600 515 videmus
2627 458 2682 514 in
2709 458 2866 516 nobis
2892 478 2906 513 :
2932 461 3027 517 sed
3062 462 3188 533 quia
3214 477 3312 534 per
3336 464 3460 537 Spi-

172 541 270 598 sed
294 539 460 597 etiam
488 539 619 607 vita,
648 547 703 595 et
727 539 999 613 conjugia,
1029 552 1086 600 et
1108 543 1227 611 ﬁlii,
1258 553 1315 600 et
1342 544 1505 611 facta,
1535 547 1765 617 prophe-

172 632 250 689 tia
268 631 374 687 fuit
394 631 555 703 hujus
579 632 859 703 temporis,
889 650 998 705 quo
1018 651 1115 706 per
1135 636 1295 692 ﬁdem
1322 637 1589 709 passionis
1608 637 1767 695 Chri-

172 726 248 783 sti
276 740 341 783 ex
373 724 623 797 gentibus
649 738 1006 799 congregatur
1028 726 1291 797 Ecclesia,
1329 745 1430 801 per
1474 730 1595 785 illos
1641 746 1767 787 san-

171 825 295 885 ctos
322 816 662 893 patriarchas
694 826 751 875 ct
792 818 1083 891 prophetas
1107 820 1312 881 carnali
1349 821 1545 892 populo
1578 821 1763 893 lsrael,

171 910 268 985 qui
302 918 489 981 postea
513 906 684 967 Judzei
714 910 964 987 appellati
991 920 1137 978 sunt,
1164 921 1218 968 et
1246 911 1481 969 visibilia
1501 912 1765 969 beneﬁcia

171 1000 644 1068 ministrabantur,
674 1016 796 1072 qua:
824 1003 1115 1059 carnaliter
1145 1019 1177 1059 a
1209 1003 1439 1061 Domino
1484 1003 1761 1059 desidera-

168 1090 349 1159 bant,
424 1099 478 1149 et
557 1093 975 1153 coercitationes
1024 1111 1330 1167 .poenarum
1401 1096 1766 1168 corporalium

168 1183 368 1256 quibus
404 1201 503 1257 pro
542 1193 786 1261 tempore
822 1196 1182 1259 terrerentur,
1226 1190 1366 1251 sicut
1393 1206 1580 1248 eorum
1611 1190 1763 1249 duri-

170 1275 268 1331 tiei
311 1276 663 1349 congruebat.
690 1276 758 1332 Et
793 1278 847 1334 in
895 1279 980 1336 his
1021 1289 1201 1338 tamen
1226 1284 1478 1361 omnibus
1506 1284 1765 1356 mysteria

167 1366 433 1436 spiritalia
459 1366 924 1441 signiﬁcabantur,
960 1388 1080 1444 qua:
1111 1374 1180 1429 ad
1202 1374 1479 1433 Christum
1500 1385 1555 1432 et
1579 1376 1766 1434 Eccleo

165 1461 310 1518 siam
339 1463 648 1534 pertinent:
675 1464 831 1536 cujus
866 1465 1122 1524 Ecclesia:
1148 1468 1393 1529 membra
1420 1480 1580 1528 erant
1600 1472 1767 1529 etiam

165 1553 260 1611 isti
293 1554 490 1622 sancti,
511 1556 760 1625 quamvis
785 1557 839 1611 in
871 1558 972 1619 hac
998 1560 1106 1615 vita
1135 1559 1339 1617 fuerint
1366 1570 1657 1634 antequam
1681 1578 1767 1619 se-

166 1647 404 1707 cundum
441 1661 663 1725 carnem
703 1646 952 1705 Christus
986 1651 1243 1707 Dominus
1270 1656 1606 1709 nasceretur.
1647 1652 1767 1725 Ipse

166 1739 314 1803 enim
328 1740 636 1811 unigenitus
650 1739 744 1796 Dei
759 1741 946 1809 Filius,
975 1742 1207 1800 Verbum
1223 1745 1315 1800 Dei
1336 1742 1537 1814 Patris,
1556 1745 1763 1818 aequale

1870 549 2034 619 ritum
2076 559 2325 609 sanctum
2355 552 2496 609 dona
2536 551 2630 607 Dei
2661 552 2867 607 sanctis
2885 551 3217 618 dividuntur,
3251 563 3310 611 ut
3336 571 3459 612 cum

1868 642 2082 701 diversa
2104 644 2334 715 possint,
2362 659 2471 711 non
2496 652 2677 703 tamen
2698 643 2978 700 discedant
3001 647 3312 703 acharitate
3331 649 3460 703 cha-

1868 733 2090 803 ritatis;
2122 734 2178 793 in
2209 735 2392 807 digitis
2429 718 2610 792 autem
2665 735 2898 792 maxime
2938 746 3163 807 apparet
3212 739 3462 810 quaedam

1868 829 2100 895 divisio:
2128 843 2229 886 nec
2264 838 2444 889 tamen
2468 828 2537 885 ab
2561 829 2771 885 unitate
2801 829 3068 901 praecisio,
3098 830 3214 889 sive
3240 840 3466 904 propter

1867 935 1951 984 ea,
1982 922 2096 978 sive
2126 931 2348 993 propter
2376 921 2538 977 aliam
2564 936 2944 999 quamcunque
2973 937 3195 978 causam
3226 920 3463 992 Spiritus

1868 1020 2087 1091 sanctus
2108 1012 2407 1084 appellatus
2427 1012 2723 1087 estdigitus
2744 1012 2870 1079 Dei;
2893 1029 2999 1068 non
3020 1024 3199 1070 tamen
3220 1030 3343 1071 cum
3358 1015 3463 1072 hoc

1868 1103 2139 1171 audimus,
2153 1102 2373 1163 humani
2385 1103 2632 1173 corporis
2646 1103 2817 1159 forma
2830 1104 3113 1176 cogitanda
3126 1114 3227 1161 est.
3240 1105 3466 1178 Accepit

1866 1213 1995 1269 ergo
2023 1196 2111 1253 ille
2132 1195 2357 1273 populus
2382 1196 2552 1269 legem
2574 1196 2740 1269 digito
2759 1197 2855 1252 Dei
2892 1197 3146 1267 scriptam
3180 1198 3236 1253 in
3267 1197 3465 1254 tabulis

1869 1304 2000 1346 sane
2020 1288 2292 1371 .lapideis,
2318 1288 2384 1343 ad
2430 1286 2843 1371 signiﬁcandam
2881 1288 3138 1343 duritiam
3165 1288 3346 1344 cordis
3370 1302 3465 1344 eo-

1869 1396 1992 1436 rum
2020 1360 2185 1451 'quod
2242 1378 2415 1451 legem
2472 1395 2581 1434 non
2630 1360 2797 1434 erant
2858 1377 3166 1448 impleturi:
3208 1392 3463 1449 corpora-

1868 1473 1939 1529 lia
1966 1474 2165 1545 quippe
2191 1472 2333 1529 dona
2362 1471 2736 1528 desiderantes
2775 1488 2804 1526 a
2839 1470 3066 1526 Domino
3089 1512 3104 1537 ,
3138 1471 3310 1543 magis
3334 1486 3461 1527 car-

1869 1565 1979 1621 nali
2032 1565 2228 1621 timore
2284 1580 2449 1636 quam
2499 1562 2730 1635 spiritali
2795 1563 3066 1619 charitate
3118 1564 3460 1631 tenebantur,

1869 1658 2041 1731 legem
2070 1665 2252 1714 autem
2282 1673 2392 1713 non
2438 1656 2625 1731 implet
2671 1671 2778 1711 non
2829 1656 3087 1722 Charitas.
3124 1655 3248 1712 Ideo
3277 1656 3463 1714 multis

1872 1750 2232 1807 sacramentis
2294 1749 2599 1806 visibilihus
2648 1748 2859 1804 onerati
2918 1757 3066 1813 sunt,
3121 1763 3229 1819 quo
3275 1747 3465 1804 servili

165 1838 226 1887 et
269 1840 595 1889 coaeternum
644 1831 815 1911 Patri,
865 1848 964 1904 per
990 1834 1136 1904 quod
1182 1834 1325 1893 facta
1370 1845 1498 1893 sunt
1543 1837 1725 1893 omnia
1750 1877 1766 1905 ,
1870 1841 2001 1914 jugo
2029 1849 2406 1911 premerentur
2432 1840 2486 1894 in
2521 1837 2996 1895 observationibus
3022 1837 3291 1903 ciborum,
3321 1848 3378 1893 et
3405 1837 3465 1894 in

164 1923 331 1983 homo
354 1932 578 1994 propter
605 1938 704 1981 nos
727 1922 904 1981 factus
930 1934 1016 1985 est
1032 1968 1047 1995 ,
1077 1936 1136 1983 ut
1169 1927 1337 1985 totius
1363 1927 1621 1986 Ecclesia:
1649 1939 1768 1985 tan-

166 2006 331 2090 q'uam
367 2017 530 2074 totius
573 2019 820 2089 corporis
861 2028 1026 2093 caput
1076 2028 1239 2077 esset.
1273 2020 1383 2078 Sed
1427 2022 1574 2078 velut
1620 2030 1764 2080 totus

162 2112 332 2165 homo
359 2108 486 2165 dum
509 2110 774 2177 nascitur,
796 2111 1007 2167 etiamsi
1031 2126 1251 2168 manum
1277 2112 1331 2169 in
1345 2114 1766 2187 nascendo‘prm-

165 2204 378 2270 mittat,
412 2210 593 2261 tamen
623 2204 879 2261 universo
900 2206 1115 2276 corpori
1146 2206 1247 2263 sub
1271 2208 1449 2278 capite
1473 2206 1764 2278 conjuncta

165 2305 332 2368 atque
370 2304 651 2367 compacta
694 2306 777 2353 est
806 2316 820 2352 :
846 2299 1302 2368 quemadmodum
1328 2302 1491 2357 etiam
1516 2301 1764 2359 nonnulli

165 2389 225 2445 in
254 2388 388 2460 ipsis
414 2389 742 2460 patriarchis
766 2391 832 2447 ad
864 2390 1024 2461 hujus
1044 2392 1213 2462 ipsius
1244 2394 1321 2448 rei
1359 2394 1571 2467 signum
1599 2410 1765 2453 manu

164 2479 446 2552 praemissa
478 2479 589 2535 nati
624 2489 750 2537 sunt
779 2495 794 2535 :
822 2480 897 2537 ita
945 2497 1136 2539 omnes
1171 2485 1349 2541 sancti
1380 2486 1471 2557 qui
1507 2496 1635 2543 ante
1658 2486 1765 2543 Do-

163 2570 301 2629 mini
327 2571 500 2627 nostri
521 2566 649 2628 Jesu
675 2570 879 2629 Christi
904 2574 1241 2632 nativitatem
1263 2578 1318 2632 in
1340 2579 1501 2635 terris
1520 2576 1762 2649 fuerunt,

163 2662 415 2736 quamvis
446 2673 573 2721 ante
601 2665 713 2720 nati
751 2666 891 2733 sint,
923 2675 1103 2724 tamen
1137 2671 1391 2727 universo
1411 2673 1644 2744 corpori,
1669 2691 1765 2731 cu-

157 2756 357 2830 jusque
379 2757 469 2813 ille
496 2764 655 2829 caput
680 2765 785 2825 est,
809 2758 909 2814 sub
937 2759 1116 2832 capite
1135 2761 1497 2818 cohaeserunt.
1526 2762 1765 2837 Populus

163 2866 297 2924 ergo
338 2850 431 2909 ille
472 2851 528 2907 in
575 2850 872 2927 Egyptum
919 2852 1131 2913 delatus
1165 2855 1390 2917 servivit
1428 2857 1543 2933 regi
1588 2858 1765 2915 duris-

165 2943 428 2999 simozet
476 2945 817 3014 gravissimis
868 2946 1145 3005 laboribus
1192 2951 1456 3020 eruditus,
1515 2952 1767 3023 quaesivit

164 3036 515 3094 liberatorem
540 3038 852 3109 Dominum,
882 3050 938 3098 et
967 3041 1166 3103 missus
1185 3054 1272 3100 est
1293 3046 1374 3101 eis
1398 3062 1538 3103 unus
1560 3048 1625 3103 de
1646 3048 1762 3119 ipso

160 3130 364 3203 populo
386 3140 605 3191 sanctus
634 3133 730 3190 Dei
759 3149 950 3191 servus
978 3134 1210 3209 Moyses,
1242 3137 1336 3210 qui
1367 3138 1424 3195 in
1449 3139 1650 3197 virtute
1666 3142 1761 3198 Dei

1863 1935 2152 1994 sacriﬁciis
2172 1933 2513 2001 animalium,
2537 1942 2595 1990 et
2618 1932 2742 1988 aliis
2772 1931 3265 2013 innumerabilibus
3291 1949 3304 1986 :
3341 1944 3465 2002 qua

1864 2036 2050 2100 tamen
2076 2028 2232 2099 signa
2287 2034 2448 2084 erant
2486 2014 2671 2081 rerum
2720 2022 3044 2096 Spiritalium
3076 2022 3143 2078 ad
3174 2022 3465 2080 Dominum

1860 2118 2049 2178 Jesum
2075 2118 2355 2175 Christum
2377 2127 2434 2175 et
2470 2118 2539 2175 ad
2562 2117 2860 2174 Ecclesiam
2880 2116 3270 2191 pertinentium
3297 2129 3312 2169 :
3342 2121 3474 2187 qua!

1864 2220 1995 2267 tunc
2024 2225 2055 2265 a
2080 2209 2268 2283 paucis
2292 2209 2497 2267 sanctis
2537 2217 2593 2265 et
2622 2207 3067 2282 intelligehantur
3108 2209 3176 2264 ad
3223 2206 3463 2263 fructum

1862 2302 2077 2368 salutis,
2097 2301 2594 2358 etobservabantur
2605 2300 2673 2357 ad
2688 2300 3098 2375 congruentiam
3114 2308 3219 2356 tem
3224 2298 3393 2371 poris.
3418 2298 3465 2355 Α

1864 2393 2214 2451 multitudine
2260 2407 2391 2448 vero
2440 2391 2740 2448 carnalium
2784 2389 3161 2447 tantummodo
3204 2390 3465 2446 observa-

1863 2487 2086 2553 bantur,
2125 2501 2232 2541 non
2254 2483 2717 2557 intelligebantur.
2765 2482 2871 2539 Per
2894 2481 3063 2538 multa
3084 2483 3266 2553 itaque
3289 2488 3347 2536 et
3364 2495 3463 2535 va-

1866 2579 1948 2635 ria
1974 2580 2134 2652 signa
2168 2593 2354 2634 rerum
2382 2575 2690 2632 futurarum
2734 2590 2871 2647 quas
2911 2574 3130 2646 longum
3161 2581 3246 2629 est
3270 2584 3464 2629 omnes

1865 2686 2319 2739 commemorare,
2364 2678 2421 2727 et
2453 2684 2547 2726 eas
2570 2684 2716 2724 nunc
2747 2667 2804 2722 in
2828 2666 3073 2730 Ecclesia
3094 2665 3340 2721 videmus
3363 2665 3465 2719 im-

1864 2746 2024 2834 pleri,
2046 2758 2345 2834 perductus
2365 2768 2449 2816 est
2473 2758 2563 2815 ille
2582 2757 2815 2831 populus
2833 2758 2903 2812 ad
2924 2765 3126 2811 terram
3146 2754 3462 2828 promissio-

1865 2854 1972 2920 nis,
2023 2852 2112 2908 ubi
2146 2834 2525 2923 temporaliter
2573 2848 2976 2919 carnaliterque
3034 2854 3304 2917 regnaret,
3362 2859 3464 2916 pro

1866 2945 2027 3005 modo
2074 2943 2331 3004 desiderii
2382 2943 2489 3011 sui,
2518 2942 2663 3017 quod
2704 2947 2886 2995 tamen
2934 2953 3158 3011 regnum
3185 2946 3501 2992 terrenum.

1866 3040 2018 3112 regni
2047 3037 2308 3112 spiritalis
2336 3037 2624 3113 imaginem
2646 3034 2835 3109 gessit.
2862 3030 2940 3089 lbi
2970 3030 3306 3090 Hierusalem
3337 3045 3463 3088 con-

1866 3134 1978 3190 dita
2006 3142 2089 3189 est
2127 3130 2491 3189 famosissima
2541 3130 2735 3186 civitas
2779 3128 2899 3195 Dei,
2949 3127 3194 3185 serviens
3222 3128 3278 3183 in
3306 3128 3463 3200 signo

162 3225 377 3295 magnis
407 3226 683 3285 miraculis
712 3235 925 3287 terrens
953 3206 1081 3287 tunc
1103 3206 1327 3301 impiam
1348 3240 1564 3303 gentem
1586 3231 1760 3307 Aigy-
1786 3206 1837 3305 (ξ
1863 3225 2046 3282 libera:
2062 3224 2425 3297 civitatisquaa
2450 3221 2688 3279 caelestis
2713 3220 3051 3278 Hierusalem
3074 3220 3295 3287 dicitur,
3315 3219 3464 3292 quod

160 3320 425 3392 ptiorum,
454 3323 641 3380 eduxit
665 3322 790 3380 inde
816 3324 1072 3397 populum
1104 3325 1197 3382 Dei
1210 3341 1470 3397 permare
1493 3325 1761 3397 Rubrum;

120 3414 260 3489 .ubi
300 3414 638 3473 descendens
671 3431 816 3488 aqua
855 3417 1000 3473 viam
1039 3416 1274 3489 praebuit
1313 3419 1759 3477 transeuntibus:

160 3503 410 3581 IEgyptii
432 3513 614 3567 autem
635 3522 763 3569 cum
784 3523 880 3567 eos
899 3516 1387 3579 persequerentur,
1412 3510 1764 3569 redeuntibus

159 3596 222 3655 in
252 3612 312 3661 se
334 3596 595 3657 ﬂuctibus
635 3597 873 3657 demersi
906 3598 1159 3657 exstincti
1200 3607 1347 3657 sunt.
1388 3600 1469 3659 Ita
1504 3603 1766 3673 quemad-

157 3690 389 3745 modum
408 3702 508 3759 per
527 3685 788 3747 diluvium
810 3690 965 3761 aquis
987 3696 1132 3745 terra
1154 3698 1384 3762 purgata
1408 3700 1495 3749 est
1521 3707 1553 3746 a
1581 3692 1767 3762 nequi-

156 3780 245 3851 tia
274 3790 657 3853 peccatorum,
704 3778 799 3857 qui
838 3787 966 3835 tunc
997 3778 1053 3834 in
1086 3778 1178 3835 illa
1213 3780 1566 3839 inundatione
1605 3776 1767 3841 deleti

158 3877 295 3943 sunt
322 3878 379 3927 et
403 3868 539 3940 justi
573 3879 865 3931 evaserunt
888 3886 987 3942 per
1022 3871 1247 3945 lignum.
1295 3871 1388 3933 Sic
1421 3889 1488 3929 ex
1528 3873 1767 3948 (Egypto

156 3962 357 4025 exiens
393 3962 626 4037 populus
663 3958 761 4020 Dei
800 3978 901 4041 per
936 3979 1110 4037 aquas
1158 3965 1261 4023 iter
1307 3963 1533 4033 invenit,
1570 3966 1769 4037 quibus

159 4052 412 4123 ipsorum
471 4052 659 4115 hostes
724 4054 1031 4141 consumpti
1083 4062 1211 4141 sunt
1238 4096 1261 4141 ,Δ
1313 4070 1416 4113 nec
1468 4057 1545 4114 ibi
1597 4055 1769 4141 defuit

161 4145 303 4217 ligni
348 4155 772 4231 sacramentum.
820 4132 961 4205 Nam
1012 4132 1161 4225 virga
1212 4132 1488 4221 percussit
1529 4136 1765 4225 Moyses,

162 4245 231 4294 ut
274 4236 411 4297 illud
458 4238 787 4325 miraculum
824 4239 1000 4299 ﬁeret.
1026 4238 1331 4314 Utrumque
1386 4243 1601 4314 signum
1640 4259 1767 4300 san-

161 4331 243 4391 cti
290 4332 601 4411 baptismi,
648 4348 745 4407 per
795 4333 939 4405 quod
990 4333 1180 4392 ﬁdeles
1230 4334 1285 4390 in
1340 4349 1538 4392 novam
1597 4334 1765 4393 vitam

166 4431 493 4483 transeant:
536 4431 762 4501 peccata
805 4439 938 4481 vero
984 4439 1174 4481 eorum
1246 4434 1507 4497 tanquam
1559 4424 1767 4483 inimici

163 4514 458 4575 deleantur
486 4523 651 4587 atque
676 4515 1002 4572 moriantur.
1034 4516 1290 4589 Apertius
1331 4527 1515 4573 autem
1562 4517 1765 4575 Christi

1863 3322 2090 3377 verbum
2117 3329 2203 3377 est
2227 3320 2546 3385 Hebraeum,
2590 3324 2648 3374 et
2693 3316 3083 3387 interpretatur
3127 3313 3255 3369 visio
3291 3313 3460 3385 pacis,

1864 3411 2021 3485 cujus
2066 3410 2212 3467 cives
2258 3415 2387 3465 sunt
2429 3422 2620 3465 omnes
2671 3403 2998 3462 sanctiﬁcati
3050 3402 3317 3471 homines,
3367 3403 3463 3483 qpi

1863 3504 2106 3571 fuerunt,
2136 3512 2194 3561 et
2223 3503 2316 3576 qui
2344 3510 2491 3570 sunt,
2545 3510 2603 3558 et
2639 3499 2733 3573 qui
2783 3498 2952 3555 futuri
3000 3505 3240 3566 sunt;et
3269 3509 3464 3554 omnes

1864 3597 2190 3657 sanctiﬁcati
2217 3596 2461 3669 spiritus,
2491 3593 2655 3651 etiam
2685 3592 2996 3665 quicunque
3011 3591 3066 3646 in
3092 3588 3324 3647 excelsis
3352 3601 3464 3645 cm-

1865 3687 2041 3746 lorum
2070 3687 2317 3760 partibus
2364 3686 2453 3757 pia
2479 3682 2768 3741 devotione
2794 3684 3178 3753 obtemperant
3198 3679 3331 3746 Deo,
3361 3693 3465 3736 nec

1866 3778 2151 3855 imitantur
2180 3776 2403 3848 impiam
2448 3774 2649 3831 diaboli
2694 3773 3004 3843 superbiam
3036 3778 3093 3826 et
3142 3769 3460 3843 angelorum

1868 3873 2005 3947 ejus.
2021 3870 2195 3943 Hujus
2214 3868 2482 3938 civitatis;
2498 3878 2584 3926 est
2610 3859 2707 3924 rex
2728 3866 2991 3924 Dominus
3008 3865 3169 3924 Jesus
3192 3864 3462 3926 Christus.

1869 3966 2107 4023 Verbum
2150 3964 2244 4021 Dei
2280 3963 2464 4020 Patris
2518 3952 2629 4034 quo
2653 3969 2917 4036 reguntur
2945 3958 3145 4016 summi
3182 3958 3381 4031 angeli,
3409 3964 3468 4016 et

1867 4056 2107 4115 Verbum
2144 4054 2425 4114 hominem
2468 4068 2771 4123 assumens,
2822 4059 2884 4108 ut
2926 4067 2991 4107 eo
3042 4060 3358 4125 regerentur
3410 4054 3469 4107 et

1867 4150 2136 4218 homines,
2168 4148 2262 4221 qui
2290 4147 2454 4207 simul
2487 4163 2680 4205 omnes
2704 4162 2828 4203 cum
2850 4144 2944 4202 illo
2974 4145 3033 4202 in
3078 4152 3282 4201 aeterna
3331 4158 3467 4217 pace

1867 4241 2195 4315 gaudebunt.
2218 4241 2301 4297 Ad
2330 4238 2492 4314 hujus
2523 4240 2602 4296 rei
2625 4239 3118 4313 praeﬁgurationem
3150 4238 3204 4294 in
3235 4237 3327 4294 illo
3354 4247 3465 4294 ter-

1868 4333 1987 4391 reni
2014 4332 2167 4407 regni
2196 4332 2395 4405 populo
2417 4330 2605 4401 Israel,
2633 4332 2871 4389 maxime
2890 4329 3116 4387 emicuit
3143 4345 3239 4386 rex
3270 4329 3462 4398 David,

1867 4426 1935 4483 de
1956 4424 2113 4498 cujus
2149 4425 2357 4483 semine
2391 4425 2689 4483 secundum
2716 4440 2936 4482 carnem
2967 4423 3119 4480 venit
3146 4422 3467 4480 verissimus

1866 4508 1966 4573 rex
2007 4524 2195 4573 noster
2224 4514 2483 4572 Dominus
2509 4513 2670 4573 Iesus
2694 4515 2964 4581 Christus,
3001 4532 3021 4566 ι
3054 4513 3145 4584 qui
3170 4522 3255 4570 est
3303 4527 3466 4584 super

162 4607 357 4681 passio
405 4609 463 4664 in
494 4583 589 4663 illo
614 4606 813 4680 populo
856 4583 1101 4681 ﬁgurata
1160 4618 1265 4677 est,
1307 4603 1600 4680 cum'jussi
1637 4583 1844 4667 sunt
1869 4608 2052 4667 omnia
2069 4606 2549 4666 Deusbenedictus
2570 4606 2853 4664 insaecula.
2877 4625 2897 4659 ι
2929 4583 3095 4662 Multa
3117 4606 3173 4661 in
3204 4604 3292 4661 illa
3316 4583 3465 4661 terra

164 4715 329 4769 ovem
361 4699 630 4768 occidere.
660 4708 717 4756 et
762 4700 1114 4768 manducare,
1162 4710 1218 4757 et
1264 4701 1331 4758 de
1359 4701 1620 4775 sanguine
1648 4703 1766 4775 ejus
1872 4702 2252 4774 promissionis
2273 4710 2426 4775 gesta
2472 4710 2620 4770 sunt,
2648 4700 2703 4757 in
2749 4700 2977 4773 ﬁguram
3004 4699 3217 4755 venturi
3259 4698 3466 4757 Christi

162 4803 357 4866 postes
377 4807 505 4849 suos
531 4791 787 4865 signare:
820 4799 875 4848 et
919 4792 1024 4849 hoc
1052 4791 1328 4848 celebrare
1354 4791 1500 4848 omni
1530 4807 1675 4848 anno
1712 4799 1770 4849 et
1875 4803 1930 4852 et
1954 4794 2232 4861 Ecclesiae,
2264 4808 2385 4865 qua:
2412 4792 2469 4849 in
2498 4792 2704 4850 sanctis
2754 4792 2909 4850 libris
2952 4790 3213 4862 paulatim
3258 4791 3466 4864 poteris

163 4885 448 4961 appellare
468 4885 672 4959 pascha
691 4884 926 4941 Domini.
956 4883 1395 4941 Manifestissime
1420 4885 1618 4957 quippe
1636 4884 1769 4942 Pro—
1875 4889 2104 4947 discere.
2152 4888 2285 4944 Post
2329 4886 2538 4959 aliquot
2581 4896 2761 4944 tamen
2807 4886 3186 4959 generationes
3225 4885 3467 4944 ostendit

160 4978 337 5057 pheta
364 4977 433 5035 de
457 4976 688 5034 Domino
707 4972 835 5033 Jesu
861 4974 1080 5033 Christo
1121 4975 1272 5044 dicit,
1295 4975 1424 5049 quia
1449 4995 1468 5029 ι
1508 4985 1770 5047 tanquam
1876 4983 2040 5040 alium
2066 4992 2251 5056 typum
2283 4981 2354 5039 ad
2381 4996 2497 5039 rem
2522 4981 2759 5038 maxime
2797 4981 3181 5051 pertinentem,
3211 4978 3347 5035 Nam
3372 4993 3463 5036 ca.

161 5072 299 5149 ovis
318 5072 389 5131 ad
408 5069 798 5128 immolandum
815 5070 1009 5128 ductus
1033 5079 1116 5127 est
1138 5068 1275 5144 (Isa.
1300 5086 1417 5138 un,
1448 5070 1525 5144 7).
1556 5091 1576 5124 ι
1604 5070 1770 5142 Cuju's
1875 5079 2080 5151 ptivata
2117 5084 2201 5133 est
2235 5075 2325 5132 illa
2369 5075 2562 5133 civitas
2592 5083 2648 5131 et
2675 5074 2845 5129 multa
2890 5089 3018 5144 pars
3067 5074 3185 5145 ejus
3217 5073 3377 5130 ducta
3404 5073 3463 5131 in

160 5163 447 5239 passionis
494 5172 549 5222 et
583 5163 763 5223 crucis
792 5162 949 5236 signo
997 5163 1052 5219 in
1091 5162 1271 5219 fronte
1300 5164 1460 5220 hodie
1506 5172 1765 5245 tanquam
1870 5170 2246 5244 Babyloniam.
2279 5166 2433 5226 Sicut
2458 5176 2643 5224 autem
2665 5165 3003 5223 Hierusalem
3032 5166 3304 5238 signiﬁcat
3331 5164 3465 5222 civi-

159 5259 229 5315 in
252 5263 410 5329 poste
453 5254 752 5329 signandus
772 5262 876 5312 'est
898 5254 1260 5324 Christianus,
1292 5270 1589 5329 omnesque
1610 5255 1765 5312 Chri-

1866 5252 2040 5321 btatem
2070 5263 2493 5335 societatemque
2515 5270 2850 5328 sanctorum,
2873 5261 2952 5317 sic
2972 5258 3270 5333 Babylonia
3296 5255 3465 5329 signi-

159 5350 338 5411 stiani
362 5351 664 5422 signantur.
692 5348 821 5407 inde
861 5365 960 5421 per
992 5349 1265 5406 desertum
1293 5349 1523 5423 populus
1546 5349 1636 5406 ille
1661 5351 1762 5406 du-

157 5460 292 5509 ctus
312 5458 396 5506 est
416 5465 514 5520 per
533 5447 892 5521 quadraginta
919 5462 1115 5514 annos,
1150 5447 1361 5518 accepit
1392 5447 1558 5503 etiam
1590 5446 1765 5519 legem

158 5542 346 5615 digito
371 5541 468 5598 Dei
513 5542 794 5613 scriptam.
843 5540 961 5609 Quo
1006 5539 1229 5596 nomine
1265 5539 1608 5612 signiﬁcatur
1642 5536 1765 5617 Spit-

158 5635 316 5692 ritus
344 5642 589 5701 sanctus,
615 5634 758 5691 sicut
788 5633 843 5689 in
875 5633 1175 5705 Evangelio
1205 5632 1644 5689 manifestissime
1670 5632 1766 5689 de-

160 5729 436 5789 claratur.
468 5725 656 5799 Neque
681 5728 829 5785 enim
851 5727 994 5783 Deus
1020 5727 1194 5801 forma
1234 5728 1480 5801 corporis
1506 5726 1766 5797 dilﬁnitus

156 5830 286 5898 at.
309 5836 419 5889 nec
442 5821 525 5907 ῆὶς
554 5822 621 5903 ill
640 5820 736 5897 mil
759 5822 1008 5895 mera
1055 5800 1295 5897 et'digiti
1327 5822 1605 5899 cogitandi
1638 5829 1767 5889 sunt

1872 5354 2001 5411 ﬁcat
2024 5356 2297 5415 civitatem
2346 5353 2767 5424 societatemque
2816 5352 3150 5423 iniquorum,
3194 5347 3464 5421 quomodo

1869 5447 2068 5504 dicitur
2092 5446 2439 5519 interpretari
2459 5445 2734 5503 Confusio.
2768 5444 2846 5501 De
2873 5444 3070 5516 quibus
3097 5443 3307 5499 duabus
3331 5440 3467 5498 civi-

1873 5540 2074 5596 tatibus
2100 5540 2167 5596 ab
2192 5536 2418 5596 exordio
2446 5539 2664 5611 generis
2716 5538 2940 5595 humani
2992 5550 3167 5607 usque
3195 5534 3250 5590 in
3296 5533 3465 5592 ﬁnem

1870 5634 2078 5701 saeculi,
2103 5633 2374 5706 permixta
2414 5640 2719 5705 temporum
2742 5632 3009 5688 varietate
3032 5626 3377 5686 currentibus
3406 5632 3466 5684 et

1870 5726 2062 5784 ultimo
2084 5724 2289 5800 judicio
2330 5725 2667 5797 separandis,
2696 5724 2856 5798 paulo
2880 5731 3006 5779 ante
3045 5718 3160 5792 jam
3203 5719 3466 5778 diximus.

1869 5818 1969 5883 illa
1989 5834 2121 5895 ergo
2147 5818 2435 5895 captivitas
2461 5815 2800 5878 Hierusalem
2852 5812 3110 5884 civitatis,
3158 5819 3217 5870 et
3256 5808 3347 5869 ille

3494 5904 3529 5954 κ
