3956 6326
223 322 369 382 1909

1117 319 1208 375 DE
1244 318 1779 378 ECCLESIASTICA
1815 316 2217 378 DlSClPlJNA.
2261 355 2328 364 —
2369 323 2498 380 LIB.
2539 320 2605 380 ll.

3373 325 3514 388 mo

221 436 518 493 infelicitas
544 435 847 492 timeretur.
896 433 1067 490 Natus
1091 435 1237 489 enim
1267 435 1334 491 de
1362 443 1537 492 matre
1563 444 1666 503 est,
1697 450 1818 506 quae
1843 441 1896 499 Α
1921 435 2084 493 Petro
2121 436 2313 495 umbra
2338 438 2456 509 ejus
2479 439 2716 510 tetigerit
2741 446 2796 494 et
2823 441 3204 498 resurrexerit.
3254 441 3362 499 Sed
3389 459 3516 501 cum

223 528 474 602 quamvis
501 545 534 584 a
556 530 674 584 viro
697 529 901 584 intacta
921 527 1232 599 conceperit
1257 543 1578 600 semperque
1619 529 1822 584 intacta

221 621 609 696 permanserit,
647 621 799 692 virgo
833 621 1169 692 concipiens,
1201 619 1354 692 virgo
1389 621 1630 692 pariens,
1668 621 1821 693 virgo

221 715 488 781 moriens,
503 723 684 770 tamen
699 712 854 770 fabro
870 714 1197 784 desponsata
1208 723 1346 779 erat,
1361 729 1578 770 omnem
1595 715 1820 786 typltum

219 807 463 865 carnalis
484 807 784 863 nobilitatis
807 808 1070 863 exstinxit
1094 825 1109 874 ;
1139 815 1300 863 natus
1321 808 1485 863 etiam
1518 809 1570 863 in
1601 808 1819 863 civitate

219 899 524 964 Bethleem,
551 915 671 970 qua:
695 899 838 954 inter
865 915 1053 955 omnes
1097 899 1284 955 Judeze
1313 899 1562 954 civitates
1599 899 1674 954 ita
1699 907 1820 954 erat

219 992 420 1064 exigua
446 1001 507 1046 ut
525 991 792 1061 hodieque
811 991 938 1045 villa
963 991 1263 1064 appelletur
1285 1032 1300 1057 ,
1328 991 1500 1047 noluit
1519 992 1816 1064 quidquam

216 1085 292 1142 de
318 1084 636 1155 cujusquam
667 1093 898 1140 terrena:
930 1086 1166 1141 civitatis
1203 1085 1535 1141 sublimitate
1571 1085 1812 1157 gloriari.

217 1177 438 1250 Pauper
483 1179 648 1234 etiam
689 1177 867 1234 factus
896 1187 1000 1244 est,
1052 1175 1205 1247 cujus
1252 1186 1380 1234 sunt
1407 1179 1587 1233 omnia
1636 1187 1692 1234 et
1719 1193 1818 1250 per

217 1285 385 1342 quem
439 1279 622 1326 creata
653 1280 815 1325 sunt:
861 1287 932 1326 ne
983 1269 1270 1341 quisquam
1306 1286 1428 1326 cutn
1463 1271 1514 1326 in
1542 1285 1666 1326 eum
1696 1287 1817 1327 cre-

215 1364 397 1429 deret,
429 1363 495 1418 de
537 1363 770 1418 terrenis
791 1362 997 1418 divitiis
1025 1363 1250 1417 auderet
1273 1363 1479 1418 extolli.
1507 1361 1690 1418 Noluit
1719 1379 1816 1418 rex

216 1456 291 1511 ab
314 1455 625 1511 hominibus
649 1454 802 1511 ﬁeri:
833 1455 958 1526 quia
989 1454 1310 1510 humilitatis
1329 1455 1650 1511 ostendebat
1670 1456 1814 1510 viam

217 1549 458 1614 miseris,
497 1565 633 1620 quos
671 1551 740 1606 ab
765 1565 832 1606 eo
865 1550 1116 1621 superbia
1151 1559 1520 1622 separaverat,
1565 1552 1814 1621 quamvis

217 1642 610 1713 sempiternum
635 1641 751 1712 ejus
766 1659 990 1715 regnum
1007 1643 1258 1699 universa
1282 1654 1532 1698 creatura
1559 1652 1808 1699 testetur.

217 1735 479 1800 Esurivit,
503 1735 595 1804 qui
622 1750 813 1790 omnes
831 1736 1040 1807 pascit:
1077 1735 1268 1800 sitivit,
1285 1750 1383 1806 per
1409 1750 1570 1804 quem
1588 1743 1811 1790 creatur

213 1826 400 1882 omnis
428 1835 612 1896 potus,
639 1835 694 1881 et
715 1827 809 1897 qui
835 1827 1154 1897 spiritaliter
1174 1827 1330 1898 panis
1350 1835 1434 1882 est
1455 1827 1808 1882 esurientium
1840 1816 1887 1876 B

215 1920 450 1992 l‘onsque
499 1921 796 1976 sitientium
837 1939 850 1974 :
904 1921 972 1976 ab
1012 1920 1206 1976 itinere
1257 1921 1502 1976 terrestri
1555 1919 1810 1991 fatigatus

211 2021 319 2076 est,
350 2012 442 2082 qui
470 2012 708 2083 seipsum
737 2011 894 2067 nobis
938 2010 1066 2067 fecit
1112 2012 1254 2066 viam
1282 2011 1334 2066 in
1382 2012 1600 2068 omium.
1651 2011 1813 2067 Velut

211 2103 488 2160 obmutuit
501 2114 554 2159 et
566 2104 848 2160 obsurduit
868 2119 1052 2159 coram
1066 2103 1520 2170 conviciantibus,
1536 2119 1632 2173 per
1646 2120 1809 2174 quem

211 2209 400 2256 mutus
444 2200 654 2257 locutus
715 2212 800 2257 est
843 2211 900 2257 et
953 2202 1148 2256 surdus
1207 2201 1430 2256 audivit.
1474 2201 1700 2257 Vinctus
1726 2211 1812 2256 est

212 2291 310 2361 qui
335 2291 402 2345 de
456 2290 828 2346 inﬁrmitatum
883 2290 1118 2346 vinculis
1163 2291 1345 2358 solvit,
1401 2290 1698 2362 ﬂagellatus
1725 2299 1812 2347 est

213 2383 308 2453 qui
335 2382 577 2437 omnium
598 2382 845 2438 dolorum
865 2381 1074 2451 ﬂagella
1098 2385 1164 2439 de
1185 2383 1463 2439 hominum
1489 2385 1810 2455 corporibus

214 2475 443 2547 expulit.
469 2474 776 2532 Crucitixus
803 2485 908 2541 est,
938 2477 1029 2548 qui
1060 2477 1334 2533 cruciatus
1364 2489 1578 2532 nostros
1611 2478 1803 2533 linivit.

211 2566 458 2624 Mortuus
483 2575 591 2634 est,
623 2569 715 2638 qui
745 2577 988 2624 mortuos
1009 2568 1312 2623 suscitavit.
1348 2566 1533 2624 Sedet
1556 2584 1804 2624 resurre-

209 2661 295 2715 xit
333 2677 611 2732 nunquam
655 2661 982 2727 moriturus,
1036 2677 1105 2716 ne
1153 2662 1220 2716 ab
1275 2661 1365 2717 illo
1413 2662 1698 2732 quisquam
1729 2663 1810 2719 sic

211 2750 448 2807 disceret
477 2760 709 2808 mortem
737 2759 1108 2818 contemnere,
1138 2750 1294 2822 quasi
1333 2768 1608 2823 nunquam
1639 2753 1808 2809 mori-

209 2851 388 2900 turus.
440 2843 570 2900 lnde
603 2843 940 2901 conﬁrmatis
983 2843 1265 2914 discipulis
1295 2853 1654 2900 conversatus
1683 2859 1808 2900 cum

209 2936 293 2993 eis
320 2936 676 3008 quadraginta
703 2936 916 3003 diebus,
939 2933 1141 2992 eisdem
1165 2934 1537 3007 spectantibus
1566 2934 1810 2990 ascendit

210 3028 270 3086 in
291 3029 490 3086 caelum
514 3038 600 3086 :et
625 3029 910 3101 completis
938 3045 969 3084 a
992 3028 1390 3084 resurrectione
1417 3028 1808 3100 quinquaginta

211 3123 404 3180 diebus
431 3123 580 3180 misit
613 3121 967 3192 eisSpiritum
995 3131 1266 3178 sanctum.
1297 3119 1632 3177 Promiserat
1661 3121 1806 3176 enim

1923 528 2169 585 viderent
2188 528 2360 585 Judaei
2385 538 2534 586 tanta
2573 531 2725 602 signa
2752 531 2869 586 ﬁeri
2899 531 2954 587 in
2981 531 3097 601 ejus
3124 536 3362 600 nomine,
3383 528 3515 607 par-

1891 691 1896 700 .
1924 627 2018 681 tim
2045 640 2144 698 per
2159 627 2442 698 invidiam,
2475 627 2674 697 partim
2705 642 2805 698 per
2827 641 3070 682 errorem
3092 629 3513 686 crucifixerunt:

1921 717 2011 772 alii
2037 717 2235 772 irritati
2267 726 2392 774 sunt
2415 719 2484 774 ad
2534 720 2934 789 perscquemlos
2985 721 3372 789 praedicatores
3399 723 3518 795 ejus
3586 704 3590 708 ³

1920 807 2210 878 apostolos,
2243 809 2336 863 alii
2356 824 2486 864 vero
2509 809 2739 878 idipsutn
2771 809 2999 880 amplius
3025 809 3357 868 admirantes
3372 814 3516 884 quod

1919 899 1974 956 in
2002 898 2120 969 ejus
2145 901 2362 955 nomine
2375 915 2538 973 quem
2553 901 2717 956 veluti
2747 917 2777 956 a
2799 916 2856 956 se
2869 916 3187 972 oppressum
3203 912 3257 958 et
3270 905 3513 962 vinctum

1920 995 2176 1060 riserant,
2211 1004 2359 1051 tanta
2390 995 2650 1052 miracula
2671 995 2885 1062 tierent,
2923 997 3234 1067 ptenitendo
3262 999 3514 1054 conversi

1919 1090 2268 1145 crediderunt
2296 1090 2347 1144 in
2377 1089 2682 1144 eummillia
2706 1087 3034 1144 Judazorum.
3074 1087 3189 1144 Non
3219 1099 3376 1145 erant
3398 1089 3512 1160 jam

1919 1181 1992 1236 illi
2020 1181 2335 1252 temporalia
2360 1180 2623 1236 beneﬁcia
2650 1190 3032 1250 terrenumqnc
3047 1197 3270 1252 regnum
3296 1183 3510 1239 deside-

1919 1286 2104 1331 rantes
2128 1293 2158 1332 a
2191 1276 2320 1342 Deo,
2375 1292 2477 1332 nec
2506 1277 2832 1346 promissum
2881 1290 3063 1345 regem
3095 1277 3369 1335 Christum
3399 1295 3516 1336 car-

1916 1369 2114 1424 naliter
2141 1379 2545 1440 exspectantes,
2586 1369 2681 1424 sed
2741 1367 3122 1424 immortaliter
3153 1370 3515 1443 intelligentcs

1915 1469 1972 1516 et
1998 1460 2285 1530 diligentes
2315 1476 2439 1516 eum
2471 1460 2560 1530 qui
2593 1475 2690 1530 pro
2721 1459 2851 1530 ipsis
2895 1462 2964 1516 ab
3003 1461 3134 1530 ipsis
3181 1470 3331 1517 tanta
3362 1478 3511 1517 mor-

1918 1551 2099 1607 taliter
2123 1552 2384 1623 pertulit:
2421 1561 2477 1606 et
2523 1551 2606 1606 eis
2656 1567 2827 1621 usque
2865 1552 2932 1608 ad
2961 1553 3044 1608 sui
3076 1555 3356 1626 sanguinis
3381 1554 3515 1610 cllu-

1914 1648 2122 1702 sionem
2153 1656 2370 1716 peccata
2403 1647 2640 1708 donavit,
2671 1656 2726 1702 et
2751 1647 3213 1703 immortalitatem
3245 1665 3276 1702 a
3305 1666 3364 1706 se
3395 1665 3516 1720 spe-

1915 1742 2144 1796 rattdant
2165 1740 2658 1796 etdcsiderandatn
2687 1739 2936 1809 exemplo
2957 1755 3069 1794 sua:
3099 1741 3513 1798 resurrectionis

1915 1831 2170 1888 ostendit.
2213 1830 2401 1901 Itaque
2445 1829 2560 1899 jattt
2594 1831 2795 1888 veteris
2839 1831 3072 1886 Imutittis
3109 1842 3324 1889 terrena
3373 1832 3512 1888 desi-

1914 1921 2063 1976 deria
2103 1921 2519 1984 mortilicantcs,
2561 1931 2610 1975 et
2652 1919 2913 1991 spiritalis
2959 1921 3082 1976 vitze
3119 1923 3358 1977 novitate
3414 1923 3511 1976 lla-

1914 2024 2153 2087 grantcs,
2209 2015 2344 2070 sicut
2405 2024 2738 2085 perceperat
2793 2014 2848 2068 itt
2884 2013 3178 2086 Evangelio
3230 2014 3510 2081 Dominus,

1914 2107 2221 2162 vendebant
2266 2106 2446 2160 tttttuia
2501 2122 2622 2176 qme
2669 2105 2964 2171 habebant,
3003 2115 3059 2161 ct
3097 2107 3270 2176 pretia
3326 2121 3510 2160 rerum

1913 2208 2132 2254 suarum
2189 2209 2316 2253 ante
2347 2199 2509 2268 pedes
2556 2197 2923 2268 apostolorum
2969 2200 3262 2269 ponebant,
3303 2207 3362 2252 ttt
3410 2196 3511 2267 ipsi

1913 2291 2304 2348 distrilmercnt
2338 2289 2626 2360 unicuique
2675 2290 2815 2346 sicut
2841 2291 3037 2360 cuique
3079 2304 3216 2360 Opus
3251 2298 3389 2355 erat,
3421 2289 3506 2341 vi-

1913 2395 2209 2454 ventesque
2239 2384 2290 2438 in
2321 2383 2633 2438 Christiana
2673 2383 2964 2438 dilectione
2986 2383 3356 2447 concorditer,
3402 2396 3507 2436 non

1912 2477 2163 2533 dicebant
2189 2455 2390 2546 aliquid
2408 2491 2590 2542 suum,
2621 2475 2717 2530 sed
2745 2485 2903 2529 erant
2928 2474 3032 2529 illis
3054 2475 3238 2530 omnia
3272 2489 3514 2529 conmm-

1913 2571 2022 2636 nia,
2051 2579 2106 2625 et
2127 2584 2224 2624 cor
2262 2584 2427 2624 unum
2460 2569 2513 2622 in
2539 2567 2826 2624 Dominum
2868 2567 3008 2640 (Act.
3043 2583 3117 2635 tv,
3143 2566 3259 2638 54).
3308 2564 3514 2620 Deinde

1910 2664 2074 2718 etiam
2099 2662 2198 2732 ipsi
2227 2678 2256 2716 a
2277 2660 2476 2717 Judaris
2503 2662 2814 2718 carnalibus
2834 2661 3237 2718 civibuscarnis
3263 2675 3374 2716 sua!
3391 2675 3514 2730 per-

1911 2755 2247 2810 secutionem
2267 2755 2412 2825 passi
2439 2764 2600 2824 atque
2627 2755 2857 2826 dispersi
2885 2765 3011 2810 sunt
3034 2772 3047 2808 :
3086 2766 3146 2810 ut
3166 2754 3326 2809 latius
3348 2752 3509 2809 Chri-

1912 2858 2030 2904 stus
2053 2863 2152 2918 per
2185 2863 2376 2905 eorum
2405 2848 2798 2919 dispersionem
2837 2848 3248 2919 prtedicaretur,
3287 2855 3344 2903 et
3381 2844 3508 2899 inti-

1914 2951 2162 2998 tarentttr
2199 2940 2364 2996 etiam
2387 2940 2488 3012 ipsi
2511 2939 2828 3009 patientiam
2861 2939 3073 2994 Domini
3111 2939 3231 2995 sui:
3268 2939 3394 3009 quia
3416 2937 3510 3007 qui

1911 3047 2006 3088 eos
2044 3039 2360 3087 mansuetus
2413 3045 2602 3102 passus
2647 3028 3274 3094 luerat,mansucfaetos
3313 3045 3411 3101 pro
3451 3046 3512 3088 se

1905 3123 2133 3196 jubebat
2194 3123 2326 3194 pati.
2388 3123 2469 3178 Ex
2518 3122 2650 3193 ipsis
2702 3129 3014 3178 sanctorum
3070 3123 3512 3193 persecutoribus

208 3230 484 3290 perquem
501 3214 694 3272 ditl'usa
713 3215 984 3272 charitate
1004 3213 1060 3269 in
1083 3213 1339 3270 cordibus
1363 3228 1572 3280 eorum,
1590 3229 1695 3270 non
1721 3229 1810 3270 so-
1835 3207 1882 3272 C
1913 3217 2091 3274 fuerat
2109 3217 2274 3274 etiam
2309 3214 2586 3287 apostolus
2603 3214 2824 3280 Paulus,
2849 3223 2906 3271 et
2935 3215 2988 3269 in
3017 3213 3359 3272 Christianos
3397 3232 3513 3272 ma-

209 3306 325 3363 lum
341 3306 458 3363 sine
467 3321 655 3368 onere,
673 3303 772 3362 sed
791 3303 958 3361 etiam
969 3319 1092 3361 cum
1101 3301 1327 3373 jucuudi
1335 3312 1446 3360 tate
1460 3311 1684 3375 possent
1705 3303 1808 3360 im-

210 3397 362 3472 plere
385 3398 582 3472 legem,
603 3413 726 3470 qua:
749 3398 877 3453 data
892 3405 978 3454 est
995 3395 1198 3453 ludatis
1208 3396 1265 3452 in
1285 3399 1473 3454 decem
1496 3397 1805 3470 praeceptis,

209 3496 358 3566 quod
383 3494 657 3566 appellant
683 3492 1018 3565 decalogum.
1047 3491 1178 3560 Quae
1201 3508 1393 3548 rursus
1429 3495 1500 3548 ad
1529 3492 1634 3548 duo
1666 3492 1809 3548 redi-

207 3595 438 3660 guntur,
468 3594 527 3640 ut
574 3584 862 3656 diligamus
892 3584 1179 3640 Dominum
1212 3603 1232 3635 ‹
1279 3597 1346 3638 ex
1375 3591 1488 3638 toto
1513 3583 1697 3649 corde,
1738 3599 1807 3639 ex

207 3688 330 3735 tota
358 3678 562 3743 anima,
589 3686 646 3732 et
668 3691 735 3732 ex
761 3676 875 3732 tota
889 3683 1068 3731 mente
1087 3691 1103 3742 ;
1119 3683 1176 3730 et
1189 3674 1478 3746 diligamus
1500 3675 1807 3745 proximum

209 3771 357 3827 sicut
386 3769 773 3840 nosmetipsos.
810 3786 830 3819 ι
869 3765 1008 3822 Nam
1045 3766 1100 3820 in
1146 3764 1233 3820 his
1271 3765 1480 3822 duobus
1523 3765 1808 3836 praeceptis

209 3874 385 3920 totam
413 3863 586 3934 legem
632 3862 871 3934 pendere
895 3869 952 3916 et
994 3861 1290 3932 prophetas
1319 3860 1434 3930 ipse
1465 3860 1725 3915 Dominus
1753 3867 1810 3915 et

207 3957 351 4013 dixit
373 3956 426 4011 in
453 3953 763 4026 Evangelio,
791 3962 846 4010 et
868 3969 967 4009 suo
989 3952 1360 4008 manifestavit
1379 3951 1646 4022 exemplo.
1671 3951 1807 4008 Nam

207 4059 270 4107 et
291 4048 522 4120 populus
548 4047 710 4102 Israel
739 4061 805 4103 ex
837 4045 924 4101 die
953 4060 1064 4117 quo
1098 4044 1334 4116 primum
1360 4045 1559 4114 pascha
1583 4043 1636 4097 in
1667 4043 1808 4098 ima-

210 4143 340 4214 gine
390 4139 757 4204 celebrarunt,
785 4151 942 4194 ovem
971 4137 1283 4192 occidentes
1311 4144 1364 4192 et
1393 4136 1805 4202 manducantes,

211 4233 372 4303 cujus
412 4231 680 4304 sanguine
710 4240 892 4300 postes
915 4243 1102 4285 eorum
1135 4228 1201 4283 ad
1224 4228 1416 4284 salutis
1451 4229 1670 4284 tutelam
1691 4227 1807 4298 jam

210 4327 409 4398 signati
431 4334 556 4382 sunt
581 4342 596 4392 ;
615 4338 682 4380 ex
706 4324 822 4394 ipso
835 4337 966 4393 ergo
985 4323 1071 4378 die
1085 4323 1563 4394 quinquagesimus
1574 4322 1690 4378 dies
1708 4325 1808 4378 im-

210 4420 398 4492 pletus
422 4427 528 4484 est,
556 4425 614 4473 et
633 4415 806 4488 legem
845 4422 1176 4486 acceperunt
1199 4414 1454 4484 scriptam
1492 4413 1660 4486 digito
1686 4413 1804 4470 Dei.

215 4517 335 4586 Quo
349 4513 686 4583 nominejam
700 4513 933 4570 diximus
945 4511 1239 4583 significari
1253 4510 1512 4580 Spiritum
1525 4518 1771 4566 sanctum
1788 4528 1801 4564 :

1910 3312 2058 3368 xime
2084 3310 2367 3374 saeviebat,
2399 3308 2493 3364 sed
2535 3315 2725 3378 postea
2763 3307 2992 3362 credetis
3029 3316 3084 3362 et
3117 3307 3392 3380 apostolus
3422 3308 3507 3363 la-

1909 3413 2031 3461 ctus
2065 3402 2268 3458 missus
2293 3408 2378 3456 est.
2401 3409 2461 3456 ut
2483 3399 2738 3472 gentibus
2764 3397 3116 3468 Evangelium
3151 3399 3508 3469 pnedicaret:

1908 3497 2158 3571 graviora
2192 3509 2480 3567 perpessus
2511 3508 2612 3564 pro
2633 3492 2853 3547 nomine
2874 3490 3076 3548 Christi
3107 3507 3274 3563 quam
3303 3491 3504 3548 fecerat

1907 3599 2101 3648 contra
2137 3603 2334 3644 nomen
2371 3585 2599 3643 Christi.
2642 3584 2917 3641 Ecclesias
2960 3593 3140 3640 autem
3169 3585 3510 3642 constituens

1907 3696 2008 3752 per
2053 3695 2245 3736 omnes
2279 3689 2468 3751 gentes
2519 3691 2628 3747 quo
2653 3675 3008 3747 Evang’eliutn
3047 3677 3372 3737 seminabat.
3409 3679 3508 3732 int-

1908 3789 2076 3845 pense
2104 3771 2459 3844 prmcipiebat
2486 3769 2816 3838 utquoniaut
2845 3767 2946 3839 ipsi
2970 3781 3038 3822 ex
3068 3767 3332 3844 idolorugn
3361 3771 3508 3826 cultu

1909 3865 2261 3920 vehementes
2290 3863 2359 3917 ad
2382 3875 2548 3915 unum
2576 3859 2860 3912 Dominum
2889 3855 3173 3914 colendum
3203 3861 3363 3916 rudes
3401 3875 3506 3915 non

1910 3954 2071 4010 facile
2100 3961 2354 4024 poterant
2393 3951 2556 4006 rebus
2585 3949 2701 4004 suis
2726 3947 2962 4003 venditis
2987 3958 3041 4002 ct
3067 3948 3374 4006 distributis
3395 3965 3510 4005 ser-

1908 4051 2026 4107 vire
2073 4050 2220 4118 Deo,
2259 4047 2561 4104 oblationes
2606 4044 2849 4101 facerent
2879 4045 2932 4100 itt
2987 4060 3254 4116 pauperes
3289 4056 3504 4104 sancto-

1911 4159 2033 4199 rum
2069 4143 2162 4212 qui
2188 4146 2346 4197 erant
2393 4140 2448 4195 in
2479 4137 2724 4195 ecclesiis
2749 4135 2902 4194 Juda:
2927 4151 3050 4208 quae
3075 4136 3295 4195 Christo
3331 4139 3505 4196 credi-

1909 4237 2123 4294 derant.
2157 4233 2236 4289 lta
2266 4233 2388 4289 illos
2438 4241 2697 4304 tanquam
2756 4231 2976 4298 milites,
3027 4231 3149 4288 illos
3177 4243 3357 4288 autem
3384 4243 3506 4288 tan-

1909 4345 2073 4402 quam
2113 4327 2498 4401 stipendiarios
2521 4327 2883 4399 provinciales
2919 4325 3218 4398 apostolica
3259 4326 3506 4384 doctrina

1909 4423 2208 4485 constituit,
2226 4421 2475 4477 inserens
2493 4421 2574 4476 eis
2601 4419 2878 4476 Christum
2901 4419 3048 4474 velut
3071 4419 3304 4489 lapidem
3331 4435 3503 4491 angu-

1911 4514 2102 4580 larem,
2120 4514 2261 4570 sicut
2287 4529 2387 4584 per
2408 4514 2728 4584 prophetam
2753 4510 3146 4582 praenuntiatus
3165 4521 3304 4575 erat,
3323 4511 3375 4567 in
3397 4527 3506 4583 quo

214 4611 491 4680 sicutpost
502 4605 1031 4677 Dominipassionem
1063 4613 1119 4661 et
1148 4603 1596 4659 resurrectionem
1615 4642 1630 4668 ,
1661 4602 1807 4670 quod
1833 4574 1886 4634 D
1913 4609 2074 4664 ambo
2101 4607 2258 4677 quasi
2285 4607 2522 4677 parietes
2560 4607 2627 4662 de
2654 4607 2871 4662 diverso
2895 4605 3196 4671 venientes,
3219 4605 3285 4660 de
3306 4604 3505 4662 Iudaeis

214 4716 498 4762 estverum
513 4699 1184 4774 pascha,quinquagesimo
1199 4696 1286 4752 die
1300 4697 1415 4766 ipse
1431 4694 1664 4766 Spiritus
1678 4711 1805 4752 san-

214 4809 338 4856 ctus
368 4794 646 4866 discipulis
694 4794 892 4849 missus
920 4799 1002 4848 est
1030 4809 1044 4846 :
1073 4805 1178 4846 non
1202 4787 1318 4859 jam
1341 4787 1566 4858 lapideis
1617 4787 1812 4844 tabulis

214 4890 382 4950 corda
426 4887 563 4944 dura
593 4884 928 4958 significans,
958 4882 1053 4938 sed
1103 4896 1226 4937 cum
1255 4889 1439 4936 essent
1474 4895 1583 4934 uno
1612 4878 1665 4934 in
1693 4879 1812 4935 loco

213 4990 534 5064 congregati
562 4988 618 5042 in
649 4987 767 5057 ipsa
781 4981 1144 5047 Hierusalem,
1179 5000 1199 5034 ‹
1232 4979 1433 5038 Factus
1459 4978 1812 5036 estsubitode

211 5087 359 5146 emlo
383 5099 549 5142 sonus
593 5081 747 5153 quasi
793 5078 1026 5134 ferretur
1057 5075 1216 5131 ﬂatus
1257 5075 1567 5139 vehemens,
1599 5081 1654 5128 et
1680 5073 1811 5129 visae

213 5189 346 5239 sunt
370 5180 478 5235 illis
508 5178 703 5249 linguae
724 5173 908 5230 divisa:
933 5171 1088 5244 quasi
1129 5168 1286 5240 ignis,
1317 5175 1372 5224 et
1397 5174 1680 5238 coeperunt
1701 5165 1806 5220 lin-

215 5275 339 5346 guis
367 5270 539 5341 loqui,
569 5269 643 5323 ita
668 5275 729 5322 ut
753 5279 942 5322 omnes
987 5263 1079 5334 qui
1105 5263 1172 5318 ad
1201 5260 1320 5316 illos
1362 5266 1623 5315 venerant
1651 5274 1805 5314 suam

209 5364 458 5436 linguam
487 5362 716 5432 quisque
750 5364 1103 5428 cognosceret
1125 5353 1265 5426 (Act.
1289 5369 1352 5418 n,
1377 5351 1456 5424 2).
1490 5371 1508 5404 ι
1549 5351 1630 5406 Ad
1661 5349 1806 5405 illam

207 5456 362 5513 enim
398 5453 672 5510 civitatem
722 5465 786 5505 ex
817 5448 1066 5504 omnibus
1103 5444 1268 5501 terris
1292 5442 1684 5500 conveniebant
1708 5440 1805 5496 Ju-

215 5548 319 5604 dmi
353 5559 672 5616 quacunque
699 5540 926 5612 dispersi
949 5589 956 5598 ,
977 5547 1155 5605 erant,
1207 5546 1265 5593 et
1318 5537 1562 5593 diversas
1594 5533 1808 5606 linguas

214 5639 459 5712 gentium
489 5637 824 5692 diversarum
866 5632 1187 5688 didicerant.
1216 5628 1422 5684 Deinde
1451 5643 1574 5682 cum
1606 5635 1714 5681 tota
1746 5625 1808 5680 ﬁ-

214 5731 380 5788 ducia
410 5728 688 5786 Christum
736 5726 1089 5798 praedicantes
1119 5725 1174 5779 in
1227 5721 1346 5792 ejus
1395 5720 1612 5803 nomine
1638 5719 1805 5774 multa

216 5827 377 5898 signa
398 5823 688 5891 faciebant,
715 5821 792 5878 ita
815 5828 872 5877 ut
894 5821 1183 5892 quemdam
1195 5825 1469 5876 mortuum
1495 5823 1808 5872 transeunte

1915 4700 2166 4758 videlicet
2195 4707 2359 4770 atque
2404 4700 2656 4771 gentibus
2706 4713 2964 4770 germana
2987 4697 3254 4752 cltaritate
3285 4697 3504 4768 copula-

1915 4805 2125 4854 rentur.
2156 4795 2264 4851 Sed
2291 4805 2478 4868 postea
2509 4794 2788 4868 graviores
2830 4802 2887 4849 et
2914 4793 3222 4849 crebriores
3251 4809 3505 4865 persecu-

1914 4891 2090 4946 tiones
2109 4904 2177 4944 ex
2209 4885 2502 4942 incredulis
2528 4885 2780 4958 gentibus
2809 4883 3070 4940 adversus
3094 4884 3294 4940 Christi
3319 4884 3508 4942 Eccle-

1915 4983 2050 5038 siam
2100 4986 2478 5044 surrexerunt,
2527 4986 2582 5032 et
2637 4975 2964 5047 implebatur
3000 4975 3056 5030 in
3105 4976 3220 5032 dies
3265 4976 3504 5048 singulos

1914 5072 2139 5129 verbum
2170 5070 2385 5127 Domini
2417 5068 2761 5140 praedicentis
2787 5086 2800 5122 :
2843 5086 2862 5119 t
2895 5067 3036 5124 Ecce
3064 5083 3164 5140 ego
3207 5063 3376 5124 mitto
3405 5083 3504 5125 vos

1913 5163 2062 5221 velut
2089 5181 2222 5222 oves
2249 5165 2303 5219 in
2331 5163 2510 5218 medio
2542 5161 2792 5233 luporum
2813 5160 3028 5234 (Matth.
3051 5178 3109 5230 x,
3137 5162 3250 5232 16).
3279 5161 3386 5217 Sed
3409 5161 3501 5217 illa

1913 5258 2039 5313 vilis
2069 5273 2189 5330 quae
2217 5273 2315 5328 per
2358 5256 2546 5312 orbem
2577 5263 2846 5310 terrarum
2880 5254 3023 5310 sicut
3059 5254 3127 5311 de
3149 5254 3238 5310 illa
3262 5254 3500 5325 prophe-

1913 5361 2085 5408 tatam
2127 5361 2183 5407 et
2221 5350 2289 5405 ab
2329 5350 2444 5421 ipso
2483 5349 2712 5404 Domino
2759 5351 3179 5420 praenuntiatum
3208 5360 3350 5415 erat,
3381 5347 3500 5406 frus

1913 5453 2132 5500 ctuosos
2169 5442 2419 5513 palmites
2462 5441 2814 5508 ditl‘undebat,
2861 5450 3012 5498 tanto
3057 5439 3352 5512 pullulabat
3385 5454 3500 5495 am-

1913 5536 2077 5608 plius,
2106 5544 2310 5604 quanto
2334 5535 2584 5590 uberiore
2627 5544 2930 5606 martyrum
2983 5531 3248 5604 sanguine
3277 5531 3497 5602 rigaba-

1913 5640 2020 5686 tur.
2073 5629 2279 5698 Quibus
2325 5644 2420 5700 per
2451 5643 2640 5684 onmes
2671 5637 2847 5685 terras
2893 5624 3362 5683 innumerabiliter
3399 5639 3499 5694 pro

1913 5723 2040 5778 fidei
2093 5721 2323 5777 veritate
2358 5721 2714 5776 ntorientibns
2747 5722 2910 5776 etiam
2971 5718 3083 5790 ipsa
3119 5717 3498 5790 persequentia

1914 5829 2083 5888 regna
2105 5827 2413 5883 cesserunt,
2444 5823 2500 5872 et
2536 5813 2606 5870 ad
2635 5810 2916 5869 Christum
2944 5789 3378 5884 cognoscendum
3410 5817 3499 5866 at-
