3956 6326
458 253 592 309 1211

1094 250 1156 306 Β.
1195 250 1450 307 RABANI
1487 250 1708 309 MAURI
1742 249 2062 307 ARCHIEP.
2105 248 2417 307 MOGUNT.
2463 249 2753 308 OPERUM
2790 248 2973 308 PARS
3008 250 3099 308 lli.

3614 253 3769 312 12η

454 385 561 441 que
581 367 971 435 venerandum,
1002 367 1177 424 fracta
1225 367 1491 439 superbia:
1515 367 1751 432 cervice,
1781 380 2044 421 conversa
2073 369 2127 430 Α
2150 364 2234 420 his
2265 373 2578 420 mereantur
2634 373 2729 418 aut
2774 364 3257 420 commutationem
3306 365 3550 422 calestis
3574 366 3775 422 ineor-

453 470 601 531 suut.
630 460 928 532 Oportebat
956 468 1138 516 autem
1164 468 1224 515 ut
1243 460 1435 516 eadem
1455 459 1583 515 vitis
1616 459 1758 514 sicut
1799 473 1829 514 a
1862 457 2042 513 Domi-

453 572 528 614 no
551 554 844 612 identidem
875 553 1198 625 praedictum
1229 560 1348 610 erat
1402 561 1724 625 putaretur,
1781 559 1839 607 et
1883 566 1951 607 ex
1980 566 2046 607 ea

452 651 879 726 praeciderentur
906 648 1241 707 infructuosa
1261 659 1558 717 sarmenta,
1588 648 1785 718 quibus
1808 649 2046 706 haereses

453 752 510 801 et
539 742 832 800 schismata
869 756 967 814 per
994 741 1113 797 loca
1133 741 1283 799 facta
1298 750 1445 808 sunt,
1474 741 1574 798 sub
1601 740 1806 797 Christi
1826 741 2047 827 nomine

451 852 561 893 non
598 837 768 909 ipsius
796 835 1046 907 gloriam,
1069 835 1165 892 sed
1192 850 1349 891 suam
1372 834 1753 905 quaerentium,
1785 848 1881 904 per
1907 849 2044 904 quo»

452 946 573 985 rum
603 930 959 986 adversitates
978 929 1154 1000 magis
1180 929 1463 1000 magisque
1492 936 1840 985 exerceretur
1868 927 2049 984 Eccle-

450 1021 556 1087 sia,
595 1028 653 1076 et
696 1020 1020 1091 probaretur
1071 1027 1233 1090 atque
1290 1018 1652 1075 illustraretur
1700 1027 1755 1074 et
1802 1019 2047 1075 doctrina

451 1113 569 1184 ejus
606 1122 663 1170 et
699 1114 978 1185 patientia.
1014 1113 1208 1170 Omnia
1242 1129 1371 1187 ergo
1400 1115 1535 1180 haec,
1567 1115 1708 1170 sicut
1749 1122 1897 1170 tanto
1921 1122 2049 1169 ante

451 1206 710 1279 praedicta
733 1206 982 1277 legimus,
1008 1206 1089 1262 sic
1110 1214 1166 1262 et
1185 1205 1327 1262 facta
1348 1207 1749 1277 cognoscimus,
1780 1212 1836 1261 et
1861 1220 2050 1275 quem«

453 1299 743 1374 admodum
777 1299 938 1369 primi
968 1297 1266 1355 Christiani
1289 1340 1303 1364 ,
1349 1299 1474 1369 quia
1515 1297 1754 1354 nondum
1781 1298 1884 1353 ista
1923 1312 2049 1367 pro-

449 1392 668 1448 venisse
711 1390 1009 1458 videbant,
1052 1391 1333 1448 miraculis
1379 1392 1742 1447 mouebantur
1770 1398 1829 1445 ut
1856 1388 2048 1446 crede—

451 1483 614 1532 rent:
646 1476 727 1533 sic
746 1492 847 1532 nos
876 1476 1002 1547 quia
1026 1477 1209 1532 omnia
1246 1477 1352 1533 ista
1371 1476 1446 1533 ita
1479 1477 1746 1548 completa
1768 1484 1914 1542 sunt,
1938 1476 2049 1531 sic-

448 1578 511 1625 ut
543 1584 609 1625 ea
632 1570 688 1625 in
721 1570 876 1625 libris
923 1569 1153 1641 legimus
1191 1572 1285 1641 qui
1307 1571 1468 1645 longe
1490 1580 1780 1642 antequam
1806 1571 1922 1625 luce
1948 1570 2050 1625 im-

448 1663 728 1736 plerentur
763 1662 1053 1734 conscripti
1098 1672 1266 1731 sunt,
1310 1664 1404 1720 ubi
1439 1665 1624 1720 omnia
1676 1664 1858 1719 futura
1897 1663 2047 1720 dice-

2144 458 2414 529 ruptionis
2449 472 2550 529 pro
2604 456 2818 512 meritis
2881 457 3132 528 pietatis,
3187 466 3283 512 aut
3341 459 3775 529 corruptibilium

2144 551 2388 621 corporis
2440 548 2804 606 conditionem
2847 565 2949 619 pro
2998 548 3211 604 meritis
3258 549 3614 620 iniquitatis:
3652 565 3773 606 non

2145 654 2266 711 quae
2311 648 2487 697 morte
2530 639 2808 695 salvetur:
2840 639 2939 694 sed
2978 654 3099 710 quae
3144 640 3434 695 materiam
3476 638 3775 695 (hilaritas

2145 732 2494 804 sempiternis
2541 730 2803 805 praebeat.
2866 731 3017 805 Fuge
3067 747 3199 804 ergo
3259 748 3360 804 per
3412 732 3773 789 immobilem

2145 824 2329 886 fidem.
2359 834 2416 879 et
2459 838 2640 879 mores
2672 824 2843 880 bonos
2867 864 2883 888 ,
2913 822 3058 896 fuge,
3084 822 3277 891 frater,
3301 825 3393 880 illa
3454 833 3773 892 tormenta,

2144 914 2238 971 ubi
2258 930 2361 970 nec
2382 922 2619 971 tortores
2638 914 2915 981 deﬁciunt,
2938 931 3040 971 nec
3062 916 3186 972 torti
3214 917 3547 983 moriuntur,
3564 917 3779 987 quibus

2147 1007 2267 1064 sine
2293 1007 2402 1064 ﬁne
2430 1017 2694 1081 mors\est
2720 1024 2829 1064 non
2848 1023 3012 1079 posse
3041 1009 3097 1063 in
3130 1008 3469 1065 cruciatibus
3496 1009 3677 1065 mori.
3706 1008 3783 1064 Et

2148 1102 2444 1158 exardesce
2484 1115 2673 1156 amore
2723 1110 2887 1172 atque
2938 1101 3212 1157 desiderio
3248 1101 3615 1171 sempiternae
3645 1100 3779 1155 vita

2149 1202 2484 1260 sanctorum,
2524 1193 2617 1248 ubi
2642 1208 2743 1249 nec
2790 1209 3019 1264 operosa
3052 1193 3158 1251 erit
3182 1194 3326 1249 actio
3347 1234 3363 1260 ,
3393 1208 3504 1248 nec
3545 1193 3781 1263 requie:

2150 1284 2419 1341 desidiosa
2445 1301 2460 1348 ;
2505 1284 2626 1340 laus
2657 1286 2765 1340 erit
2795 1286 2891 1341 Dei
2939 1286 3058 1341 sine
3102 1284 3344 1352 fastidio,
3370 1286 3495 1341 sine
3516 1284 3778 1349 defectu,

2149 1376 2354 1433 nullum
2405 1377 2459 1431 in
2490 1377 2672 1432 animo
2702 1378 2941 1445 taedium,
2988 1377 3170 1433 nullus
3197 1376 3353 1434 labor
3380 1377 3439 1432 in
3481 1392 3778 1447 corpore;

2150 1467 2299 1524 nulla
2338 1466 2636 1539 indigentia
2664 1508 2681 1534 ,
2733 1482 2835 1523 nec
2879 1478 2971 1523 tua
3007 1468 3093 1523 cui
3129 1467 3427 1523 subvenire
3454 1467 3778 1531 desideres,

2150 1574 2254 1614 nec
2292 1559 2525 1630 proximi
2594 1559 2682 1615 cui
2738 1560 3033 1617 subvenire
3082 1558 3340 1626 festines;
3406 1572 3618 1614 omnes
3684 1558 3781 1615 de-

2152 1650 2291 1705 liciae
2340 1650 2484 1705 Deus
2541 1649 2647 1706 erit
2690 1669 2704 1705 :
2749 1657 2805 1707 et
2852 1651 3090 1711 societas
3138 1660 3344 1708 sancta
3397 1650 3689 1715 civitatis,
3722 1649 3779 1706 in

448 1755 668 1823 bantur,
710 1762 767 1811 et
808 1755 1101 1827 prtesentia
1143 1755 1255 1827 jam
1310 1756 1583 1823 videntur,
1611 1756 1944 1812 mdilicamur
1977 1754 2046 1812 ad
2072 1742 2122 1802 Β
2150 1742 2268 1809 i110,
2289 1750 2346 1799 ει
2371 1743 2439 1798 de
2478 1743 2572 1797 ίιιο
2614 1743 2893 1812 Sapienter
2936 1743 3207 1815 beateque
3240 1743 3505 1799 VivenliS-
3545 1740 3775 1798 Euide-

449 1846 634 1914 iidem,
665 1847 917 1904 utetiam
950 1847 1039 1902 illa
1082 1862 1203 1917 quae
1230 1857 1439 1904 restant
1475 1848 1807 1904 sustinentes
1836 1855 1892 1903 et
1920 1863 2043 1919 per-

446 1948 762 1995 severantes
787 1937 842 1993 in
869 1938 1118 2005 Domino,
1143 1939 1262 1994 sine
1303 1939 1640 1995 dubitatione
1666 1947 1894 1995 ventura
1919 1954 2045 1995 ere-

448 2029 657 2085 damus.
676 2028 953 2101 Siquidem
968 2030 1146 2085 adhue
1161 2029 1542 2087 tribulationes
1556 2029 1757 2086 futura:
1770 2030 1825 2085 in
1838 2030 2044 2086 eisdem

446 2121 663 2192 scriptis
685 2122 954 2195 leguntur,
979 2133 1035 2181 et
1070 2126 1172 2197 ipsi
1188 2125 1408 2184 ultimus
1428 2128 1621 2199 judicii
1643 2128 1779 2192 dies,
1807 2126 1897 2181 ubi
1926 2141 2044 2182 om-

449 2230 547 2270 nes
572 2213 720 2271 cives
762 2216 1051 2272 ambarum
1079 2217 1295 2275 illarum
1336 2220 1619 2276 civitatum
1662 2218 1896 2289 receptis
1923 2233 2044 2273 cor-

445 2307 670 2376 poribus
699 2309 1000 2364 surrecturi
1026 2320 1176 2377 sunt,
1214 2320 1269 2367 et
1300 2314 1567 2367 rationem
1616 2311 1742 2365 vitae
1780 2325 1893 2365 suae
1919 2316 2047 2365 ante

449 2394 689 2451 tribunal
717 2396 918 2454 Christi
948 2397 1150 2468 judicis
1180 2401 1465 2467 reddituri.
1494 2401 1686 2456 Veniet
1707 2399 1852 2455 enim
1879 2399 2045 2454 etiam

447 2485 504 2541 in
539 2486 788 2542 claritate
812 2489 1123 2557 potestatis,
1147 2490 1240 2560 qui
1266 2490 1417 2560 prius
1438 2490 1492 2544 in
1520 2488 1827 2544 humilitate
1846 2489 2046 2543 huma-

446 2578 638 2634 nitatis
681 2581 869 2636 venire
909 2582 1162 2653 dignatus
1189 2591 1292 2649 est,
1324 2590 1380 2638 et
1403 2597 1592 2639 omnes
1616 2582 1736 2653 pios
1765 2582 1834 2638 ab
1863 2581 2046 2652 impiis
2079 2620 2101 2655 ,

446 2670 788 2742 segregabit:
815 2687 923 2727 non
950 2680 1163 2729 tantum
1197 2674 1278 2730 eis
1305 2675 1399 2745 qui
1429 2674 1483 2729 in
1509 2690 1635 2729 eum
1676 2674 1900 2729 credere
1929 2688 2048 2730 om-

447 2762 579 2817 nino
605 2762 895 2820 uoluerunt
920 2806 936 2832 ,
990 2767 1088 2823 sed
1124 2767 1287 2838 etiam
1314 2767 1396 2823 eis
1442 2768 1536 2838 qui
1565 2766 1769 2823 frustm
1796 2774 1851 2823 et
1874 2765 2048 2822 infru-

445 2861 636 2912 ctuose
658 2857 1011 2914 crediderunt
1034 2858 1089 2914 in
1120 2875 1284 2927 eum;
1314 2861 1419 2917 illis
1444 2860 1675 2917 daturus
1704 2877 1932 2933 regnum
1958 2875 2048 2917 se-

444 2960 571 3001 cum
593 2957 857 3003 aeternum
883 2964 899 3004 :
926 2948 1035 3006 illis
1054 2957 1236 3005 autem
1260 2966 1478 3022 poenam
1498 2960 1759 3009 aeternam
1780 2966 1906 3007 cum
1932 2951 2046 3006 dia-

2143 1850 2267 1890 mur
2288 1834 2434 1890 enim
2459 1834 2600 1890 sicut
2619 1835 2688 1889 ab
2715 1834 2806 1889 illo
2825 1835 3155 1905 promissum
3181 1850 3475 1906 speramus
3493 1843 3553 1892 et
3584 1850 3779 1905 εχει»,

2144 1938 2378 1996 ctamus,
2424 1930 2663 2000 mquales
2687 1929 2895 2002 angelis
2936 1931 3031 1989 Dei
3076 1948 3090 1986 :
3127 1939 3185 1987 et
3227 1946 3353 1987 cum
3412 1930 3501 1986 eis
3558 1930 3775 2000 pariter

2146 2021 2236 2077 illa
2276 2018 2547 2079 Trinitate
2600 2020 2947 2094 perfruamur
2987 2024 3101 2095 jam
3144 2036 3244 2095 per
3270 2023 3545 2094 speciem,
3578 2023 3639 2077 in
3669 2037 3773 2092 qua

2145 2128 2411 2185 nuncper
2446 2114 2609 2170 ﬁdem
2651 2115 3016 2172 ambulamus.
3070 2113 3363 2172 Credimus
3411 2116 3573 2171 enim
3628 2113 3773 2185 quod

2145 2220 2252 2261 non
2278 2205 2548 2271 videmus,
2572 2213 2634 2261 ut
2654 2205 2787 2276 ipsis
2813 2206 3024 2265 meritis
3045 2205 3166 2271 ﬁdei
3194 2206 3362 2265 etiam
3394 2207 3595 2261 videre
3622 2205 3764 2275 quod

2145 2296 2420 2352 credimus
2464 2305 2520 2352 et
2572 2297 2838 2353 inhaerere
2891 2311 3223 2363 mereamur,
3275 2306 3337 2352 ut
3384 2295 3768 2367 aequalitatem

2145 2386 2323 2443 Patris
2356 2397 2411 2444 et
2435 2388 2591 2455 Filii,
2622 2398 2680 2446 et
2707 2389 2942 2461 Spiritus
2976 2390 3168 2455 sancti,
3190 2396 3247 2445 et
3292 2388 3475 2460 ipsius
3528 2388 3767 2444 Trinita-

2148 2478 2219 2535 tis
2248 2477 2529 2534 unitatem.
2555 2478 2837 2546 Quomodo
2870 2480 2980 2535 sint
3008 2480 3126 2535 hinc
3147 2479 3253 2535 tria
3279 2494 3427 2534 unus
3460 2479 3641 2544 Deus,
3661 2495 3765 2535 nos

2141 2568 2258 2640 jam
2312 2571 2494 2626 verbis
2549 2571 2669 2627 lidei
2716 2580 2769 2627 et
2818 2571 3183 2642 strepentibus
3218 2570 3451 2645 syllabis
3502 2587 3765 2642 persone-

2148 2678 2271 2718 mus
2298 2680 2311 2717 :
2345 2662 2439 2718 sed
2463 2663 2921 2734 contemplatione
2957 2662 3249 2734 purissima
3272 2670 3331 2719 et
3364 2662 3761 2718 ardentissima

2148 2755 2204 2811 in
2233 2756 2327 2813 illo
2367 2757 2586 2815 silentio
2637 2757 2977 2817 sorbeamus.
3026 2756 3153 2813 Haec
3178 2764 3306 2815 tene
3335 2755 3449 2812 fixa
3492 2756 3549 2811 in
3601 2756 3763 2811 corde

2148 2853 2267 2913 tuo,
2319 2854 2375 2903 et
2421 2848 2615 2903 invoca
2644 2847 2932 2905 Dominum
2974 2848 3063 2903 cui
3088 2848 3287 2915 credis,
3336 2855 3399 2903 ut
3440 2856 3671 2905 tueatur
3715 2857 3764 2907 ω

2148 2939 2409 2994 adversus
2456 2939 2785 2996 teutationes
2814 2938 3044 3007 diaboli;
3075 2948 3132 2995 et
3158 2948 3281 2995 esto
3306 2947 3538 3005 cautus,
3566 2956 3642 2995 ne
3670 2939 3761 2997 tiﬁ

442 3036 589 3104 bolo;
617 3038 711 3094 sed
746 3038 890 3095 sicut
929 3040 1137 3096 nullum
1162 3042 1417 3111 gaudium
1448 3057 1633 3098 rerum
1665 3041 2046 3114 temporalium
2086 3113 2090 3114 ί
2148 3033 2368 3090 aliunde
2388 3033 2559 3090 nostis
2580 3032 2669 3091 ille
2684 3036 2961 3104 subrepat,
2981 3032 3443 3104 quiadsolatium
3467 3033 3761 3089 maleolcn-

445 3147 512 3188 ex
554 3132 738 3205 aliqua
788 3141 945 3205 parte
991 3134 1166 3191 simile
1192 3144 1374 3207 potest
1420 3136 1652 3192 inveniri
1680 3113 1879 3208 gaudio
1908 3137 2037 3192 vitae
2064 3113 2112 3180 (ἶ
2145 3127 2416 3183 “mimum
2446 3127 2809 3185 damnalionis
2832 3143 2945 3187 διιε
2970 3143 3094 3189 Cum
3122 3128 3325 3200 ειυὼιιε
3343 3127 3652 3185 “amnem?
3678 3130 3759 3183 ίισ

439 3234 658 3282 internae
680 3241 843 3297 quam
870 3228 1043 3284 sancti
1071 3228 1348 3300 accepturi
1395 3237 1524 3286 sunt
1549 3271 1565 3296 ,
1599 3230 1674 3287 ita
1711 3229 1891 3285 nullus
1917 3244 2042 3286 cru-

440 3322 617 3379 ciatus
643 3323 1024 3393 temporalium
1043 3339 1327 3396 poenarum
1353 3333 1534 3397 potest
1568 3326 1918 3399 sempiternis
1943 3327 2043 3383 ini-

443 3429 675 3486 quorum
700 3415 1032 3473 cruciatibus
1064 3419 1395 3489 comparari.

512 3507 718 3579 Itaque,
746 3507 935 3574 frater,
967 3510 1229 3569 conﬁrma
1276 3514 1513 3586 teipsum
1546 3514 1603 3570 in
1650 3514 1770 3587 ejus
1818 3516 2043 3575 nomine

441 3606 607 3669 atque
652 3598 918 3670 adiutorio
942 3603 1030 3659 cui
1057 3605 1255 3672 credis,
1287 3606 1549 3663 adversus
1583 3606 1797 3679 linguas
1851 3621 2042 3665 eorum

440 3690 532 3763 Qui
581 3688 741 3747 ﬁdem
768 3701 1013 3749 nostram
1050 3696 1317 3764 irrident,
1348 3697 1416 3754 de
1441 3698 1641 3768 quibus
1674 3699 1923 3757 diabolus
1958 3716 2043 3759 se-

439 3784 685 3841 ductoria
734 3787 901 3843 verba
958 3787 1227 3859 loquitur,
1286 3792 1523 3849 maxime
1571 3792 1761 3850 volens
1810 3793 2041 3852 irridere

438 3875 599 3932 fidem
639 3878 1076 3935 resurrectionis.
1111 3878 1219 3936 Sed
1263 3895 1333 3936 ex
1369 3891 1425 3937 te
1457 3882 1574 3953 ipso
1602 3884 1766 3939 crede
1795 3882 2040 3940 futurum

439 3978 493 4027 te
531 3984 653 4027 esse
680 3986 804 4028 cum
849 3970 1069 4038 futuris,
1096 3974 1315 4042 quando
1345 3990 1468 4031 cum
1514 3984 1640 4031 ante
1686 3990 1796 4032 non
1842 3976 2039 4046 fueris,

437 4079 581 4120 nunc
607 4078 729 4121 esse
754 4070 809 4120 te
835 4064 1007 4122 vides.
1038 4063 1142 4121 Ubi
1171 4066 1319 4121 enim
1359 4075 1480 4123 erat
1509 4067 1617 4122 ista
1643 4067 1815 4124 moles
1842 4082 2040 4141 corpo-

437 4152 514 4209 ris
535 4152 636 4221 tui,
657 4162 715 4209 et
738 4153 844 4208 ista
869 4151 1044 4209 forma
1092 4155 1570 4226 membrorumque
1612 4170 1881 4229 compago
1910 4168 2038 4215 ante

434 4260 636 4317 paucos
657 4258 849 4311 annos,
868 4244 1182 4316 priusquam
1202 4254 1388 4311 natus,
1415 4246 1501 4302 vel
1528 4248 1693 4304 etiam
1715 4248 2036 4321 priusquam

437 4338 492 4397 in
515 4339 709 4396 matris
733 4347 890 4395 utero
917 4347 1211 4411 conceptus
1224 4341 1411 4397 esses?
1432 4339 1533 4398 Ubi
1553 4350 1672 4397 erat
1700 4343 1817 4399 hac
1843 4343 2032 4411 moles,

435 4439 490 4490 et
511 4432 630 4488 haec
647 4439 856 4487 statura
885 4431 1131 4501 corporis
1159 4432 1274 4487 tui?
1302 4430 1492 4490 Nonne
1519 4433 1586 4488 de
1613 4434 1843 4490 occultis
1870 4434 2035 4505 hujus

435 4514 701 4584 creaturae
722 4526 950 4584 secretis
978 4526 1209 4584 Domino
1232 4528 1343 4584 Deo
1382 4529 1726 4586 invisibiliter
1761 4528 2033 4588 formaute

434 4619 702 4691 processit
728 4618 786 4674 in
813 4617 1021 4684 lucem,
1047 4618 1321 4690 certisque
1342 4628 1563 4676 aetatum
1598 4621 1950 4679 incrementis
1974 4623 2032 4679 in

436 4709 596 4766 istam
633 4709 1059 4783 magnitudinem
1096 4707 1440 4781 formamque
1472 4712 1746 4769 surrexit?
1774 4712 2033 4785 Nunquid

434 4816 568 4873 ergo
593 4800 808 4859 difﬁcile
831 4809 917 4859 est
947 4802 1080 4869 Deo,
1107 4803 1202 4875 qui
1244 4804 1414 4860 etiam
1443 4818 1666 4877 aggeres
1704 4805 1933 4861 nubium
1959 4822 2030 4864 ex

434 4893 649 4952 occulto
701 4895 756 4950 in
811 4903 1088 4952 momento
1114 4897 1420 4963 contrahit,
1452 4904 1507 4954 et
1546 4899 1786 4970 contegit
1829 4900 2028 4958 coelum

434 4988 493 5045 in
537 4988 649 5045 ictu
698 4978 981 5063 temporis,
1010 4992 1235 5050 reddere
1263 4994 1423 5051 istam
1451 4995 1811 5067 quantitatem
1848 5012 2038 5069 corpo-

434 5080 514 5136 ris
543 5082 620 5136 tui
647 5081 786 5139 sicut
812 5093 965 5151 erat,
1011 5085 1103 5155 qui
1132 5099 1253 5140 eam
1304 5085 1486 5142 facere
1526 5088 1703 5159 potuit
1742 5088 1883 5146 sicut
1923 5105 2032 5147 non

435 5174 590 5228 erat?
634 5172 811 5231 Crede
828 5190 965 5245 ergo
1012 5177 1230 5235 fortiter
1257 5188 1311 5235 et
1338 5180 1657 5238 inconcusse
1682 5183 1810 5253 quia
1847 5185 2034 5241 omnia

436 5278 559 5335 qua
576 5265 831 5321 videntur
860 5268 1016 5338 quasi
1047 5271 1325 5339 pereundo
1347 5271 1603 5330 humanis
1625 5274 1794 5331 oculis
1822 5276 2035 5333 subtra-

436 5356 540 5424 hit,
567 5357 716 5414 salva
744 5364 800 5415 et
822 5359 1033 5432 integra
1070 5370 1196 5418 sunt
1237 5365 1645 5436 omnipotentiae
1694 5368 1819 5435 Dei;
1842 5371 1935 5440 qui
1965 5382 2031 5426 ea

435 5465 561 5539 opm
592 5452 824 5508 voluerit
846 5453 965 5510 sine
1004 5454 1116 5510 ulla
1161 5472 1311 5511 mora
1352 5468 1408 5513 et
1449 5458 1762 5517 difﬁcultate
1806 5476 2028 5532 repara-

436 5542 539 5611 bit,
570 5560 635 5601 ea
687 5545 951 5603 duntaxat
1000 5562 1120 5619 quae
1142 5549 1371 5621 iustitiae
1411 5550 1502 5620 jus
1560 5554 1861 5624 reparanda
1907 5570 2030 5615 esse

431 5632 656 5705 iudicat,
684 5646 746 5693 ut
783 5638 839 5695 in
864 5640 947 5697 his
977 5643 1297 5713 corporibus
1322 5644 1554 5700 reddant
1580 5646 1830 5705 homines
1858 5648 2029 5706 facto-

436 5739 559 5788 rum
580 5742 804 5788 suorum
838 5733 1106 5793 rationem
1132 5775 1149 5806 ,
1180 5736 1237 5792 in
1278 5735 1476 5810 quibus
1495 5750 1561 5794 ea
1584 5736 1851 5811 fecerunt,
1886 5747 2027 5804 etin

2143 3219 2330 3289 quirit.
2388 3217 2507 3276 Non
2548 3219 2695 3277 enim
2743 3234 2841 3291 per
2897 3235 2992 3278 eos
3040 3220 3189 3281 solos
3234 3220 3333 3293 qui
3381 3219 3760 3281 Christianum

2143 3327 2341 3368 nomen
2396 3312 2654 3378 oderunt,
2716 3321 2773 3370 et
2798 3312 2983 3371 (hient
3028 3327 3097 3373 eo
3144 3312 3370 3371 nomine
3420 3322 3757 3385 occupatum

2142 3419 2264 3462 esse
2298 3405 2490 3461 orbem
2519 3414 2791 3461 terrarum
2813 3446 2830 3471 ,
2860 3414 2918 3462 et
2950 3406 3132 3463 adhuc
3178 3405 3499 3463 simulacris
3546 3416 3605 3463 et
3653 3408 3755 3462 ἀει

2142 3496 2450 3553 maiorum
2497 3497 2906 3555 curiositatibus
2949 3498 3159 3557 servire
3210 3496 3565 3567 desiderant,
3596 3499 3753 3555 audet

2142 3587 2236 3644 ille
2293 3597 2505 3647 tentare
2544 3587 2926 3656 Christianos;
2970 3590 3070 3647 sed
3096 3590 3262 3647 etiam
3318 3604 3420 3661 per
3480 3606 3581 3647 eos
3623 3606 3755 3662 quos

2140 3680 2305 3750 paulo
2328 3689 2454 3737 ante
2505 3682 3079 3749 commemoravimus,
3110 3682 3181 3738 de
3208 3682 3424 3740 unitate
3473 3683 3750 3753 Ecclesia,

2140 3774 2288 3830 velut
2306 3783 2495 3845 putata
2521 3776 2651 3843 vite,
2674 3776 2954 3849 praecisos,
2975 3778 3070 3848 qui
3096 3778 3339 3835 haeretici
3373 3779 3465 3835 vel
3488 3780 3752 3837 schislua-

2141 3867 2239 3923 tici
2284 3867 2559 3934 dicuntur,
2600 3875 2831 3925 conatur
2877 3870 3042 3926 etiam
3089 3869 3144 3925 id
3183 3870 3409 3941 quidem
3452 3871 3745 3928 interdum.

2142 3959 2252 4018 Sed
2287 3968 2471 4018 tamen
2496 3960 2553 4017 id
2572 3960 2740 4021 etiam
2756 3962 3049 4033 aliquando
3076 3972 3307 4021 conatur
3331 3972 3391 4018 et
3412 3979 3521 4035 per
3540 3962 3747 4020 lum

2142 4059 2354 4109 tentare
2384 4064 2550 4124 atque
2573 4053 2855 4113 seducere.
2890 4052 2999 4111 Sed
3037 4055 3274 4113 maxime
3301 4056 3617 4113 cavendum
3651 4065 3746 4123 est,

2139 4160 2210 4202 ne
2235 4160 2335 4217 per
2360 4146 2611 4203 homines
2650 4147 2743 4217 qui
2786 4156 2913 4203 sunt
2942 4148 2998 4205 in
3028 4147 3146 4219 ipsa
3173 4146 3449 4205 catholica
3481 4148 3745 4213 Ecclesia,

2139 4253 2276 4308 quos
2316 4237 2460 4294 velut
2502 4238 2716 4309 paleam
2763 4254 2938 4309 usque
2989 4240 3059 4295 ad
3107 4248 3323 4311 tempus
3370 4241 3747 4298 ventilationis

2139 4343 2251 4387 suae
2299 4329 2554 4396 sustinet,
2587 4330 2962 4402 unusquisque
3012 4338 3255 4387 tentetur
3298 4340 3355 4386 et
3415 4332 3745 4404 decipiatur.

2138 4427 2434 4500 Propterea
2469 4430 2614 4486 enim
2661 4430 2804 4486 Deus
2832 4429 3045 4501 patiens
3071 4439 3155 4489 est
3194 4431 3250 4487 in
3278 4430 3422 4497 illos,
3450 4442 3521 4489 ut
3544 4442 3605 4490 et
3624 4450 3747 4490 suo-

2139 4540 2258 4580 rum
2280 4522 2577 4581 electorum
2614 4524 2776 4593 fidem
2823 4535 2989 4598 atque
3013 4527 3361 4597 prudentiam
3396 4544 3503 4599 per
3530 4530 3745 4588 illorum

2131 4617 2544 4689 perversitatem
2570 4619 2879 4677 exercendo
2925 4620 3229 4679 conﬁrmet.
3276 4621 3347 4677 Et
3381 4623 3521 4693 quia
3549 4625 3621 4680 de
3644 4642 3745 4681 uno

2132 4726 2285 4767 mero
2306 4725 2497 4768 eorum
2545 4712 2702 4768 multi
2743 4712 3054 4787 proficiunt,
3085 4722 3143 4771 et
3166 4714 3238 4771 ad
3264 4714 3601 4786 placendum
3638 4718 3747 4775 Deo

2131 4805 2375 4861 miserati
2419 4805 2631 4863 animas
2659 4820 2789 4862 suas
2815 4822 3014 4879 magno
3058 4806 3265 4877 impetu
3314 4820 3742 4867 convertuntur.

2130 4893 2249 4952 Non
2299 4896 2446 4952 enim
2487 4910 2680 4954 omnes
2700 4897 2805 4953 sibi
2846 4908 2945 4968 per.
2965 4898 3283 4968 patientiam
3322 4898 3423 4959 Dei
3466 4903 3743 4959 thesauri-

2136 4997 2264 5044 zant
2288 4988 2509 5047 iramin
2540 4988 2629 5045 die
2658 4989 2754 5045 ira)
2773 4989 2906 5062 justi
2941 4990 3133 5061 judicii
3178 4990 3322 5062 ejus.
3372 4990 3487 5050 Sed
3542 4995 3742 5051 multas

2130 5081 2327 5138 eadem
2372 5082 2758 5154 omnipotentis
2804 5083 3065 5154 patientia
3106 5084 3358 5157 perducit
3406 5087 3477 5143 ad
3503 5087 3747 5145 saluber—

2136 5172 2334 5229 rimum
2370 5173 2701 5243 paenitentiae
2728 5173 2973 5231 dolorem
3006 5192 3019 5229 :
3049 5174 3192 5246 quod
3238 5175 3415 5232 donec
3446 5175 3548 5232 ﬁat
3586 5194 3742 5234 exer—

2132 5271 2288 5321 cetur
2326 5278 2425 5335 per
2452 5279 2548 5320 eos
2590 5264 2803 5321 illorum
2846 5266 2941 5336 qui
2973 5263 3090 5334 jam
3132 5274 3337 5323 rectam
3368 5267 3519 5323 viam
3558 5277 3740 5323 tenent

2130 5370 2243 5412 non
2266 5355 2441 5412 solum
2468 5355 2774 5421 tolerantia,
2802 5356 2895 5414 sed
2922 5357 3086 5415 etiam
3115 5358 3521 5415 misericordia.
3545 5357 3739 5417 Multos

2132 5461 2263 5519 ergo
2290 5448 2507 5507 visurus
2537 5463 2596 5505 es
2621 5449 2885 5515 ebriosos,
2924 5465 3149 5515 avaros,
3177 5448 3555 5518 fraudatores,
3584 5450 3733 5507 alea—

2132 5545 2309 5602 tores,
2352 5537 2667 5604 adulteros,
2715 5537 3117 5606 fornicatores,
3168 5539 3408 5594 remedia
3463 5540 3731 5610 sacrilega

2132 5630 2239 5688 sibi
2263 5630 2568 5701 alligautes,
2596 5614 3081 5703 pratcantatoribus
3119 5639 3176 5688 et
3206 5632 3620 5689 mathematicis
3646 5631 3731 5688 vel

2130 5722 2497 5798 quarumlibet
2522 5724 2811 5796 impiarum
2836 5725 3037 5782 artium
3057 5723 3453 5783 divinatoribus
3472 5726 3727 5796 deditos;
