3956 6326
218 282 363 341 1215

1090 282 1179 338 DE
1217 280 1747 339 EGCLESIASTICA
1788 279 2187 369 DlSClPLdNA.
2224 310 2296 322 —
2370 281 2603 338 LlBull.

3345 286 3488 345 1214

218 399 697 459 mhnadversurus
741 398 907 454 etiam
970 398 1114 469 quod
1163 397 1268 453 illae
1316 399 1488 453 turbre
1539 396 1797 469 impleant
1822 401 1872 460 Α
1891 396 1982 467 jus
2030 398 2119 452 illa
2170 411 2259 452 res
2288 396 2695 455 similitudinem
2741 399 2904 471 gerit.
2948 399 3154 458 Deinde
3182 403 3487 462 monendus

217 490 485 549 ecclesias
504 502 602 560 per
644 488 758 546 dies
800 487 971 544 festos
1018 486 1446 545 Christianorum
1472 528 1487 554 ,
1534 503 1653 558 qua:
1696 487 1797 543 im-

215 582 368 655 plent
393 590 449 639 et
475 582 685 637 theatra
725 595 824 653 per
848 578 965 637 dies
994 580 1261 637 solemnes
1309 594 1641 651 paganorum
1690 598 1705 634 :
1747 586 1803 636 et

218 675 338 733 hac
372 668 617 731 'videndo
680 672 750 731 ad
795 672 1115 729 imitandum
1173 672 1489 729 tentaberis.
1546 671 1614 727 Et
1671 668 1802 742 quid

218 763 432 823 dicam?
460 761 680 849 Videbis
703 762 850 834 quod
873 762 1037 819 etiam
1064 779 1208 819 nunc
1243 760 1358 832 jam
1393 762 1577 833 utique
1611 761 1754 817 nosti
1784 780 1797 815 :

217 874 329 915 non
370 857 513 915 enim
542 856 722 913 nescis
764 855 962 913 multos
985 856 1076 927 qui
1119 855 1459 927 appellantur
1485 855 1799 922 Christiani,
1846 862 1851 875 ’

215 946 336 1007 haec
368 951 550 1007 omnia
596 949 737 1004 mala
768 950 980 1020 operari
1027 965 1147 1021 qua:
1192 950 1429 1004 breviter
1470 964 1802 1004 commemo-

216 1044 353 1099 ravi.
378 1043 445 1098 Et
471 1032 760 1115 aliquando
792 1043 1022 1099 fortasse
1046 1042 1295 1115 graviora
1344 1040 1524 1098 facere
1556 1042 1805 1099 homines

215 1150 325 1190 non
356 1135 595 1207 ignoras,
623 1149 758 1206 quos
792 1126 933 1189 nosti
959 1134 1213 1205 appellari
1239 1133 1593 1190 Christianos.
1630 1131 1736 1189 Sed
1757 1133 1804 1189 si

214 1225 323 1284 hoc
377 1224 557 1280 animo
600 1223 794 1280 venisti
830 1233 889 1279 ut
940 1225 1093 1295 quasi
1155 1240 1376 1280 securus
1440 1224 1564 1278 talia
1614 1222 1801 1290 facias,

213 1317 446 1375 multum
470 1332 622 1373 erras
656 1334 669 1371 :
698 1333 798 1374 nec
823 1316 918 1373 tibi
946 1317 1184 1388 proderit
1225 1333 1417 1374 nomen
1449 1317 1650 1373 Christi
1680 1332 1804 1383 eum

98 1450 105 1455 -
209 1411 445 1482 coeperit
472 1409 561 1465 ille
583 1409 924 1468 severissime
957 1408 1203 1480 judicare
1244 1409 1335 1478 qui
1363 1410 1512 1479 prius
1556 1408 1807 1478 dignatus

212 1509 302 1559 est
345 1498 850 1557 misericordissime
896 1501 1201 1557 subvenire.
1247 1500 1505 1556 Praedixit
1529 1500 1671 1555 enim
1705 1500 1806 1554 ista

1901 499 1984 547 est
2013 507 2080 546 ex
2102 491 2208 546 hac
2233 490 2540 556 occasione,
2561 497 2621 545 ut
2647 490 2693 546 si
2719 490 2849 561 quid
2888 491 3054 547 etiam
3104 492 3158 548 in
3188 491 3484 564 Scripturis

1901 584 2084 640 audiat
2109 584 2254 656 quod
2280 582 2570 639 carnaliter
2598 590 2783 649 sonat,
2811 582 2979 639 etiam
3003 583 3049 639 si
3080 600 3186 641 non
3214 585 3482 659 intelligit.

1900 676 2088 732 credat
2134 682 2317 730 tamen
2347 673 2576 746 spiritali
2627 673 2830 747 aliquid
2877 672 3172 743 signiﬁcari
3224 675 3370 745 quod
3418 673 3487 734 ad

1901 776 2119 820 sanctos
2173 778 2354 820 mores
2403 761 2749 833 futuramque
2800 762 2969 815 vitam
3018 762 3310 833 pertineat.
3371 759 3487 823 Hoe

1902 865 2080 911 autem
2110 856 2185 910 ita
2237 855 2475 911 breviter
2523 855 2682 910 discit
2725 872 2739 908 :
2778 862 2839 908 ut
2867 852 3125 923 quidquid
3154 852 3386 908 audierit
3418 866 3487 909 ex

1903 946 2056 1002 libris
2079 946 2368 1002 Canonicis
2395 946 2539 1017 quod
2569 945 2637 1000 ad
2680 944 3017 1000 dilectionem
3064 942 3403 1013 inanitatis,
3433 948 3489 997 et

1903 1039 2169 1104 veritatis,
2218 1044 2274 1091 et
2315 1036 2638 1102 sanctitatis,
2669 1042 2725 1092 et
2751 1033 3094 1090 dilectionem
3133 1032 3367 1103 proximi
3401 1046 3488 1088 re.

1904 1128 2048 1184 ferre
2096 1143 2202 1184 non
2236 1126 2429 1198 possit,
2482 1125 2711 1196 figurate
2757 1125 2960 1179 dictum
2999 1123 3083 1178 vel
3109 1131 3320 1194 gestum
3367 1135 3489 1177 esse

1904 1224 2134 1280 credat:
2177 1232 2340 1291 atque
2396 1222 2471 1276 ita
2510 1228 2734 1275 conetur
2776 1216 3073 1288 intelligere
3113 1222 3172 1270 ut
3220 1215 3287 1270 ad
3342 1213 3488 1269 illam

1905 1316 2189 1386 genuinam
2222 1311 2424 1368 referat
2451 1312 2818 1376 dilectionem,
2848 1310 2923 1364 ita
2947 1323 3076 1364 sane
3102 1315 3162 1362 ut
3183 1306 3489 1379 proximum

1906 1419 2014 1477 non
2064 1401 2349 1459 carnaliter
2398 1400 2678 1472 intelligat,
2710 1399 2803 1454 sed
2839 1411 3055 1452 omnem
3095 1395 3187 1467 qui
3238 1409 3363 1451 cum
3422 1406 3490 1451 eo
3554 1408 3567 1419 '

1908 1494 1962 1549 in
1996 1493 2085 1548 illa
2111 1500 2296 1547 saneta
2327 1491 2545 1547 civitate
2573 1497 2745 1561 potest
2769 1502 2912 1553 esse,
2933 1487 3047 1542 sive
3062 1484 3198 1554 jam,
3223 1485 3337 1543 sive
3361 1498 3493 1541 non-

213 1607 271 1657 et
295 1600 373 1655 ait
409 1598 465 1655 in
492 1597 786 1670 Evangelio
842 1615 855 1653 :
919 1617 937 1649 ‹
974 1588 1091 1654 Non
1117 1597 1294 1652 omnis
1345 1596 1436 1666 qui
1466 1596 1597 1650 dicit
1625 1594 1758 1650 mihi
1788 1610 1803 1648 :
1910 1584 2035 1640 dum
2070 1590 2344 1654 appareat,
2376 1589 2431 1635 et
2474 1589 2532 1635 ut
2567 1580 2634 1635 de
2658 1578 2854 1634 nullius
2898 1576 3132 1670 hominis
3152 1576 3491 1670 correctione

213 1690 462 1757 Domine,
488 1667 732 1757 Domine,
756 1689 979 1746 intrabit
997 1690 1051 1745 in
1080 1704 1302 1762 regnum
1333 1690 1616 1753 caelorum,
1641 1687 1735 1743 sed
1762 1686 1810 1743 is

1910 1677 2179 1748 desperet,
2209 1691 2368 1747 quem
2402 1673 2663 1746 patientia
2714 1671 2809 1727 Dei
2855 1671 3003 1725 videt
3026 1669 3211 1724 vivere
3238 1682 3252 1723 :
3286 1684 3392 1724 non
3419 1667 3490 1724 ob

212 1783 307 1854 qui
340 1782 470 1838 facit
513 1783 844 1839 voluntatem
879 1782 1056 1841 Patris
1099 1759 1226 1839 mei.
1277 1782 1423 1837 Multi
1451 1782 1631 1838 dicent
1669 1781 1803 1839 mihi
1832 1770 1879 1831 Β
1905 1772 2070 1838 alivd,
2102 1771 2243 1826 Sicut
2267 1767 2558 1841 Αροειοιιιε
2582 1767 2660 1822 ait
2686 1763 2859 1839 (Βοηιο
2892 1780 2957 1831 ιι,
2977 1761 3064 1835 4)»
3092 1760 3281 1819 υἱείιιῐ
3317 1759 3488 1816 addu-

212 1874 268 1931 in
295 1875 383 1931 illa
398 1875 511 1933 die:
541 1875 786 1942 Domine,
804 1876 1052 1944 Domine,
1082 1875 1139 1930 in
1159 1876 1377 1932 nomine
1400 1885 1491 1933 tuo
1516 1875 1805 1931 manduca—
1906 1876 2061 1925 catur
2088 1866 2159 1924 ad
2178 1865 2575 1939 paenitentiam.

211 1965 392 2021 vimus
417 1973 474 2021 et
498 1966 731 2023 bibimus
760 1966 993 2040 (Matth.
1041 1983 1136 2035 vn,
1178 1966 1274 2039 2).
1317 1987 1335 2019 ι
1373 1966 1637 2023 Omnibus
1673 1981 1805 2037 ergo

211 2057 308 2131 qui
356 2058 409 2113 in
443 2056 636 2114 talibus
666 2058 919 2128 operibus
966 2066 1321 2130 perseverant
1369 2057 1642 2112 damnatio
1683 2055 1807 2112 linis

209 2161 316 2210 est.
348 2152 482 2209 Cum
508 2169 636 2226 ergo
658 2153 858 2209 videris
880 2152 1077 2208 multos
1105 2166 1213 2208 non
1237 2151 1409 2208 solum
1439 2150 1556 2205 hmo
1576 2149 1757 2205 facere
1785 2190 1805 2218 ,
1977 2144 2158 2218 (Δίῳ.)
2190 2142 2248 2198 Si
2290 2150 2468 2226 autem
2510 2140 2700 2212 longus
2755 2138 2853 2194 tibi
2896 2136 3110 2192 videtur
3136 2135 3242 2226 iste
3287 2142 3489 2226 sermo,

212 2245 310 2301 sed
338 2245 503 2301 etiam
525 2223 815 2301 defendere
837 2254 997 2315 atque
1021 2244 1270 2310 suadere,
1315 2251 1438 2297 tene
1463 2250 1513 2296 te
1541 2241 1608 2296 ad
1631 2240 1803 2311 legem
1903 2254 2011 2310 quo
2043 2246 2300 2307 tanquam
2340 2224 2667 2306 praesentem
2700 2231 2891 2286 rudem
2912 2228 3190 2284 hominem
3232 2223 3489 2290 instruxi,

212 2338 333 2404 Dei,
366 2346 421 2393 et
447 2354 553 2394 non
582 2339 827 2408 sequaris
854 2338 1299 2408 praevaricatores
1324 2335 1460 2406 ejus.
1510 2335 1628 2391 Non
1657 2336 1801 2390 enim
1900 2330 2028 2385 licet
2070 2344 2133 2384 ea
2160 2327 2258 2383 tibi
2300 2327 2480 2383 dicere
2523 2323 2763 2389 brevius,
2808 2320 3105 2392 longiorem
3150 2326 3329 2373 tamen
3371 2328 3493 2408 esse

210 2429 508 2486 secundum
523 2428 737 2484 illorum
767 2405 1006 2495 sensum,
1037 2426 1133 2484 sed
1157 2405 1452 2483 secundum
1480 2425 1622 2481 illius
1656 2424 1801 2480 veri-
1901 2424 2098 2480 debere
2148 2437 2254 2477 non
2282 2429 2414 2493 puto
2446 2435 2461 2473 :
2494 2431 2804 2489 quanquam
2850 2413 3075 2469 multum
3107 2411 3331 2466 interest
3361 2405 3492 2478 quid

211 2530 382 2574 tatem
434 2519 784 2589 judicaberis.
844 2520 1180 2593 Conjungere
1243 2519 1399 2575 bonis
1453 2533 1589 2589 quos
1649 2516 1802 2571 vides
1900 2531 1990 2571 res
2016 2516 2293 2585 ipsa,cum
2316 2512 2513 2583 agitur,
2536 2518 2774 2573 moneat,
2797 2514 2852 2563 et
2875 2503 3002 2576 quid
3027 2501 3330 2593 auditorum
3355 2512 3493 2569 prae-

212 2627 403 2668 amare
428 2620 604 2668 tecum
632 2626 813 2683 regem
860 2588 1033 2667 tuum.
1059 2588 1280 2667 ‘Multos
1311 2610 1454 2666 enim
1483 2610 1802 2665 inventurus
1850 2598 1877 2636 ⁸
1901 2606 2076 2663 sentia
2129 2619 2239 2658 non
2289 2601 2479 2657 solum—
2506 2599 2652 2655 ferre
2675 2638 2691 2663 ,
2720 2596 2816 2652 sed
2861 2595 3025 2651 etiam
3081 2588 3493 2683 desiderareAse

210 2717 273 2760 es
299 2718 314 2758 :
342 2703 389 2759 si
409 2711 464 2759 et
490 2712 546 2758 tu
575 2676 853 2760 talisvesse
883 2703 1134 2774 coeperis.
1160 2702 1295 2758 Nam
1327 2702 1371 2759 si
1396 2702 1452 2759 in
1479 2700 1802 2772 spectaculis
1901 2696 2170 2753 ostendat.
2225 2692 2359 2749 Cum
2417 2700 2600 2745 autem
2646 2687 2924 2743 celeritate
2978 2698 3114 2774 Opus
3156 2688 3307 2774 _est,
3367 2676 3492 2731 vide

209 2811 338 2853 cum
368 2795 474 2851 illis
497 2810 618 2851 esse
658 2795 934 2865 cupiebas,
967 2769 1023 2850 et
1051 2793 1131 2850 eis
1155 2793 1423 2849 inhrerere
1478 2769 1571 2862 qui
1622 2798 1801 2845 tecum
1901 2800 2062 2859 quam
2118 2780 2278 2837 facile
2327 2778 2588 2851 explicari
2634 2784 2746 2831 tota
2800 2788 2909 2865 resh
2931 2772 3121 2865 possit.
3156 2769 3267 2824 Fac
3304 2778 3493 2865 rursus

210 2886 299 2942 vel
326 2886 592 2958 aurigam,
624 2885 707 2941 vel
731 2895 1076 2951 venatorem,
1109 2884 1195 2940 vel
1221 2884 1455 2954 aliquem
1481 2860 1800 2938 histrionem
1902 2876 2090 2933 adesse
2135 2872 2368 2943 aliquem
2400 2869 2492 2941 qui
2540 2867 2669 2949 velit
2712 2879 2830 2958 esse
2871 2861 3230 2958 Christianus,
3261 2868 3398 2958 ergo
3435 2860 3492 2911 et

208 2979 376 3036 simul
405 2947 657 3059 amabant
689 2994 705 3034 :
736 2987 937 3048 quanto
959 2947 1130 3050 magis
1153 2986 1205 3033 te
1234 2947 1502 3034 delectare
1523 2975 1686 3031 debet
1713 2990 1801 3029 eo-
1900 2967 2289 3036 interrogatum
2314 3002 2331 3028 ,
2412 2958 2543 3059 illud
2591 2947 2757 3059 quod
2830 2954 3077 3059 superius
3150 2947 3492 3059 respondisse

210 3087 338 3128 rum
365 3050 674 3142 coniunctio
704 3040 796 3142 qui
823 3078 1003 3128 tecum
1029 3040 1213 3126 a'mant
1257 3070 1568 3136 Dominum,
1595 3069 1662 3125 de
1691 3083 1799 3142 quo
1833 3132 1869 3142 _
1900 3069 2150 3118 ostensus
2194 3064 2317 3112 est:
2345 3053 2471 3125 quia
2525 3059 2582 3107 et
2633 3050 2679 3105 si
2710 3063 2819 3142 non
2865 3048 2969 3142 hoc
3015 3043 3349 3142 respondet,
3386 3040 3492 3142 hoc

208 3132 489 3237 nunquam
532 3132 815 3221 erubescet
850 3170 1060 3219 amator
1100 3160 1218 3233 ejus
1253 3177 1269 3217 :
1301 3162 1428 3233 quia
1474 3132 1581 3217 non
1622 3132 1799 3217 solum
1824 3132 1872 3196 (ἶ
1903 3168 2029 3210 eum
2054 3148 2382 3222 respondere
2419 3144 2671 3233 debuisse
2700 3136 2982 3237 dicendum
3009 3136 3363 3237 esti-Deinde
3389 3134 3493 3187 hoc

206 3228 469 3329 mserum,
524 3263 702 3328 potest
742 3256 905 3323 vinci,
954 3256 1049 3313 sed
1111 3228 1277 3312 etiam
1316 3228 1616 3310 dilectores
1671 3267 1799 3308 suos
1901 3245 2062 3300 modo
2083 3249 2280 3298 caetera
2309 3228 2661 3294 contexenda.
2693 3231 2866 3329 Vere,
2878 3229 3070 3298 frater,
3095 3228 3185 3283 illa
3207 3240 3399 3329 magna

206 3317 406 3407 reddet
427 3317 688 3415 invictos,
720 3364 819 3406 nec
844 3317 1023 3407 tamen
1055 3349 1221 3405 etiam
1250 3348 1306 3403 in
1336 3346 1468 3418 ipsis
1516 3345 1673 3402 bonis
1707 3344 1801 3414 qui
1903 3352 2030 3394 vera
2080 3333 2357 3389 beatitudo
2420 3338 2524 3397 cst,
2575 3323 3022 3418 qum‘in-‘l‘uturo
3066 3321 3261 3379 saeculo
3288 3317 3492 3418 sanctis

210 3448 270 3496 te
296 3439 384 3495 vel
411 3440 723 3510 praecedunt
767 3440 852 3497 vel
906 3441 1005 3496 tibi
1047 3414 1377 3497 comitantur
1401 3440 1468 3495 ad
1510 3437 1798 3495 Dominum
1900 3423 2251 3499 promittitur.
2285 3421 2478 3478 Omnia
2503 3434 2634 3474 vero
2674 3414 2908 3472 visibilia
2948 3421 3251 3478 transeunt,
3294 3416 3349 3499 et
3377 3422 3494 3463 om-

204 3502 484 3593 collocare
501 3548 651 3605 spem
675 3543 822 3589 tuam
851 3533 1015 3590 debes
1042 3551 1055 3587 :
1087 3533 1211 3603 quia
1236 3548 1335 3588 nec
1361 3532 1412 3586 in
1438 3531 1610 3602 teipse
1632 3531 1801 3589 debes
1901 3517 1987 3573 nis
2010 3514 2169 3586 hujus
2194 3513 2377 3570 saeculi
2397 3526 2593 3585 pompa
2614 3518 2668 3565 et
2691 3507 2895 3564 deliciae
2918 3513 2971 3562 et
2999 3504 3292 3562 curiositas
3320 3502 3493 3557 inter-

205 3602 696 3699 quantumcunque
740 3625 1060 3696 profeceris,
1085 3602 1179 3681 sed
1204 3625 1257 3679 in
1288 3623 1380 3679 illo
1423 3623 1515 3693 qui
1547 3638 1642 3678 eos
1667 3629 1721 3675 et
1749 3630 1803 3676 te
1904 3611 2076 3676 ibunt,
2104 3618 2159 3664 et
2188 3624 2371 3664 secum
2395 3607 2461 3661 ad
2489 3604 2764 3660 interitum
2792 3602 3010 3656 trahunt
3036 3606 3307 3654 amatores
3336 3610 3489 3699 suos,

196 3690 564 3793 jhstiﬁcando
606 3690 763 3774 tales
800 3717 949 3773 facit.
1005 3690 1241 3773 Securus
1288 3732 1347 3772 es
1380 3690 1523 3775 enim
1571 3715 1643 3769 de
1662 3713 1796 3780 Deo,
1905 3719 1936 3759 a
1966 3718 2074 3774 quo
2125 3701 2369 3793 ίῐιῑθΐίξυ»
2419 3700 2521 3793 [loc
2554 3707 2667 3793 εξδιι
2715 3695 2893 3793 ρφηῖε
2942 3690 3496 3793 δεηξρίιξιξηξευρθυε

208 3781 346 3884 quia
371 3824 480 3869 non
502 3817 783 3865 mutatur:
818 3809 885 3866 de
912 3808 1130 3865 homine
1163 3816 1346 3863 autem
1372 3821 1533 3862 nemo
1568 3805 1805 3875 pruden-
1904 3793 2213 3850 misericors
2231 3791 2417 3847 volens
2444 3788 2692 3845 homines
2718 3787 2970 3855 liberare,
3016 3784 3062 3839 si
3096 3782 3209 3884 sibi
3247 3781 3346 3854 ipsi
3385 3796 3495 3884 non

214 3871 306 3959 ter
332 3914 556 3958 secmus
592 3908 696 3956 est.
724 3899 835 3957 Sed
881 3900 929 3957 si
971 3899 1092 3956 illos
1122 3899 1212 3971 qui
1236 3897 1474 3953 nondum
1498 3871 1629 3966 justi
1656 3902 1800 3961 sunt,
1906 3887 2016 3942 sint
2048 3883 2256 3940 inimici
2290 3890 2346 3938 et
2373 3896 2479 3936 non
2508 3879 2767 3971 resistant
2793 3873 3179 3971 misericordia:
3229 3871 3498 3971 creat-oris

216 4010 410 4055 amare
436 3994 712 4061 debemus,
739 4004 800 4053 ut
830 3993 942 4053 sint
974 4012 987 4048 :
1021 3960 1225 4066 quanto
1262 3960 1541 4049 ardentius
1578 3989 1673 4062 qui
1690 3987 1806 4058 jam
1907 3974 2012 4042 sui,
2042 3972 2191 4028 misit
2215 3969 2548 4066 unigenitum
2562 3964 2758 4066 Filium
2788 3964 3094 4066 suumihoc
3129 3970 3230 4065 est,
3257 3960 3496 4066 Vfrhum

214 4095 352 4145 sunt
396 4085 611 4143 amandi
640 4048 784 4144 sunt.
817 4085 925 4145 Sed
951 4048 1096 4142 aliud
1124 4092 1207 4141 est
1239 4074 1463 4156 diligere
1506 4048 1804 4149 hominem,

1910 4081 2063 4123 suum
2090 4061 2297 4135 aequale
2326 4059 2428 4116 sibi
2456 4074 2554 4131 per
2583 4057 2727 4129 quod
2774 4054 3016 4111 condidit
3050 4053 3253 4109 omnia.
3287 4048 3353 4107 Et
3382 4066 3498 4156 ma-

120 4210 125 4213 ,
224 4183 371 4240 aliud
413 4197 563 4253 spem
605 4197 806 4252 ponere
836 4181 893 4237 in
924 4138 1536 4247 hominegmﬁmqne
1580 4138 1807 4229 ίοιειιεεὶ
1906 4175 2043 4215 nens
2067 4153 2363 4253 quidemin
2394 4151 2675 4209 divinitate
2714 4164 2808 4205 sua
2834 4156 2889 4204 et
2921 4162 3037 4253 non
3061 4145 3372 4253 recedens'a
3395 4138 3499 4248 Pa-

225 4285 285 4331 ut
311 4232 830 4345 iuuereusrjubcat,
868 4274 969 4327 hoc
987 4269 1299 4342 prohibeat;
1329 4267 1372 4324 si
1398 4232 1577 4322 mitem
1599 4265 1807 4337 aliquas
1908 4265 2010 4320 tre.
2043 4267 2144 4308 nec
2173 4250 2227 4305 ίη
2257 4246 2436 4318 aliquo
2463 4252 2721 4345 ωυῑειξξιξν
2750 4240 3074 4345 θεξυχῖιθηάο
3111 4246 3290 4345 “me?
3321 4232 3498 4345 δοίηξῖ

224 4367 314 4421 vel
343 4330 839 4431 insultationesnel
863 4330 1234 4419 tribtilationes
1252 4330 1583 4431 pronomine
1604 4330 1807 4413 Christi
1907 4362 2030 4405 nem
2061 4352 2118 4401 et
2146 4344 2202 4398 in
2239 4356 2405 4399 carne
2436 4336 2651 4431 mortali
2680 4333 2987 4431 hominibus
3015 4330 3499 4431 apparendoarenit

222 4473 419 4530 passus
446 4496 463 4521 ,
510 4471 617 4512 non
665 4453 930 4511 deieceris
978 4470 1011 4508 a
1060 4451 1164 4508 fide
1183 4492 1223 4519 ,,
1251 4466 1352 4506 nec
1412 4465 1444 4505 a
1499 4450 1641 4504 bona
1696 4448 1807 4503 vita
1910 4441 1977 4496 ad
2004 4437 2249 4494 homines
2278 4441 2386 4530 :-ut
2407 4428 2862 4530 quemadmodum
2883 4441 2982 4530 per
3000 4438 3167 4479 unum
3198 4420 3495 4530 hominem,

226 4509 550 4615 deviaveris,
591 4546 850 4617 majorem
881 4536 1187 4601 mercedem
1226 4550 1545 4613 accepturus
1584 4555 1662 4597 es.
1704 4540 1808 4609 Qui
1834 4509 2003 4602 "qui
2048 4530 2255 4602 primus
2306 4523 2479 4579 facms
2508 4528 2612 4588 est.
2646 4519 2811 4617 id_85‘
2834 4517 3047 4617 Adams.
3085 4509 3498 4617 mors-.mfmm

224 4638 600 4699 auteminhis
625 4605 885 4694 cesserint
908 4634 1142 4707 diabolo,
1189 4634 1353 4688 etiam
1382 4631 1647 4688 minorem
1682 4646 1809 4703 per-
1912 4624 1965 4680 in
2017 4636 2185 4695 genus
2234 4620 2565 4681 humanum,
2626 4613 2755 4684 quia
2803 4605 3345 4707 consensit-mulieri
3388 4618 3503 4707 sua:

225 4697 369 4791 dunt
392 4773 405 4787 .
434 4732 530 4788 sed
551 4729 772 4785 humilis
799 4737 915 4784 esto
958 4698 1070 4783 Deo
1100 4697 1138 4781 εν
1161 4732 1224 4781 ut
1268 4739 1376 4781 non
1428 4730 1483 4780 te
1532 4697 1812 4795 permittat
1911 4714 2146 4771 seducta:
2188 4728 2219 4767 a
2257 4707 2507 4773 diabolo,
2545 4713 2608 4760 ut
2644 4699 3116 4795 praeceptumDei
3157 4697 3503 4795 transgrede-

226 4824 432 4887 tentari
453 4823 595 4881 ultra
621 4822 768 4877 vires
794 4827 931 4876 tuas.
1533 4791 1551 4795 v
1911 4817 2098 4864 rentur
2128 4822 2141 4859 :
2176 4804 2255 4859 sic
2279 4816 2377 4873 per
2398 4814 2562 4855 unum
2591 4796 2885 4860 hominem,
2913 4793 3005 4865 qui
3045 4793 3208 4848 etiam
3248 4791 3391 4846 Deus
3414 4795 3501 4847 est

308 4881 414 4975 His,
431 4917 611 4982 dictis,
632 4910 1050 4985 interrogandus
1072 4916 1156 4965 est
1183 4922 1252 4964 an
1277 4907 1397 4963 haec
1421 4906 1627 4972 credat,
1647 4913 1812 4975 atque
1911 4898 2007 4954 Dei
2037 4895 2199 4961 ﬁlius,
2232 4891 2413 4949 Iesum
2441 4889 2731 4946 Christum
2747 4885 2940 4941 deletis
2982 4883 3235 4985 omnibus
3259 4881 3498 4954 peccatis

227 5016 529 5075 observare
564 4975 874 5067 desideret:
895 5003 1048 5073 Quod
1074 5016 1199 5058 cum
1227 4999 1583 5071 responderit,
1612 4996 1809 5054 solem-
1912 4987 2221 5063 praeteritis,
2245 4984 2528 5041 credentes
2547 4981 2601 5036 in
2621 4994 2744 5035 eum
2768 4991 2955 5033 omnes
2982 4975 3035 5030 in
3048 4975 3215 5075 vitam
3236 4980 3497 5075 aeternam

412 5063 954 5173 tutiqueﬁsignanduws
996 5101 1080 5151 est
1111 5111 1125 5149 ε
1158 5100 1214 5148 et
1238 5063 1494 5149 Ecclesiae
1520 5063 1670 5145 more
1700 5095 1813 5143 tra-
1914 5082 2347 5153 ingrederentur.
2397 5073 2601 5173 Cluilia
2627 5070 2772 5173 enim
2799 5083 2917 5173 qua:
2941 5080 3086 5122 nunc
3123 5066 3278 5122 vides
3299 5064 3353 5121 in
3373 5063 3501 5173 “Ec-
3585 5069 3593 5077 '

2086 2008 2359 2080 Quomodo
2392 2011 2511 2082 quis
2545 2009 2767 2064 breviter
2791 2004 3196 2062 catechizandu
3217 2002 3307 2059 sit.

232 5198 486 5259 ctandus.
517 5196 595 5252 De
632 5198 969 5251 sacramento
1008 5203 1138 5244 sane
1179 5186 1320 5258 quod
1349 5184 1574 5254 accepit,
1597 5198 1719 5239 cum
1763 5178 1818 5237 ei

236 5292 379 5347 bene
406 5284 839 5344 commodatum
863 5277 1048 5344 fuerit,
1085 5273 1360 5347 signacula
1392 5273 1604 5343 quidem
1633 5283 1819 5326 rerum

222 5382 544 5443 divinarum
593 5391 712 5434 esse
760 5370 1013 5436 visibilia,
1064 5368 1159 5424 sed
1208 5381 1295 5422 res
1336 5365 1480 5437 ipsas
1506 5359 1821 5443 invisibiles

238 5450 300 5529 in
325 5472 405 5527 eis
432 5466 686 5525 honorari
712 5482 725 5519 :
760 5477 860 5518 nec
903 5459 1006 5515 sibi
1033 5456 1334 5513 habendam
1360 5466 1480 5509 esse
1501 5442 1589 5507 illa
1642 5449 1822 5521 specie

242 5561 673 5621 benedictionem
719 5552 1130 5614 sanctificatum,
1161 5544 1609 5617 quemadmodum
1658 5542 1826 5597 liabe-

247 5665 338 5711 tur
376 5653 432 5709 in
452 5667 552 5708 usu
582 5647 819 5721 quolibet
849 5640 1170 5700 :dicendum
1202 5636 1365 5691 etiam
1396 5635 1521 5712 quid
1561 5633 1827 5704 signiticet

250 5757 311 5813 οι
333 5760 514 5811 sermo
540 5740 629 5804 ille
654 5753 816 5817 quem
860 5733 1084 5804 audivit,
1115 5728 1244 5805 quid
1271 5728 1327 5786 in
1352 5726 1444 5786 illo
1466 5726 1704 5793 condiat,
1727 5740 1826 5821 cu:-

1917 5174 2081 5231 clesia
2111 5171 2205 5227 Dei
2250 5178 2306 5225 et
2332 5167 2434 5224 sub
2472 5163 2673 5222 Christi
2718 5162 3077 5253 nomine‘per
3105 5167 3279 5216 totum
3307 5159 3499 5212 orbem

1918 5274 2187 5321 terrarum
2208 5260 2344 5333 geri,
2368 5268 2493 5313 ante
2506 5254 2699 5314 saecula
2721 5254 2835 5327 jam
2855 5246 3110 5326 praidicta
3126 5258 3271 5317 sunt,
3285 5255 3338 5303 et
3359 5246 3501 5303 sicut

1922 5354 2185 5426 legimus,
2237 5350 2313 5406 ita
2351 5357 2407 5404 et
2445 5347 2727 5410 videmus;
2785 5352 2842 5400 et
2892 5342 3016 5399 inde
3059 5338 3390 5397 aediﬁcamur
3440 5338 3495 5392 in

1923 5449 2102 5511 ﬁdem,
2132 5446 2334 5501 factum
2364 5451 2447 5498 est
2474 5439 2766 5511 aliquando
2789 5437 3049 5493 diluvium
3077 5448 3174 5506 per
3195 5441 3362 5488 totam
3394 5440 3501 5486 ter.

1922 5555 2039 5596 ram
2072 5547 2135 5593 ut
2160 5543 2474 5609 peccatores
2499 5533 2825 5597 delerentur,
2851 5540 2908 5585 et
2932 5538 3110 5584 tamen
3135 5524 3213 5581 illi
3248 5520 3338 5593 qui
3374 5538 3495 5585 eva-

1924 5637 2111 5687 serunt
2155 5628 2210 5681 in
2247 5641 2374 5681 arca
2419 5631 2815 5680 sacramentum
2865 5620 3058 5674 futurae
3108 5613 3365 5671 Ecclesia:
3406 5612 3503 5668 deo

1924 5719 2323 5788 monstrabant,
2355 5732 2475 5790 quae
2501 5730 2644 5773 nunc
2687 5714 2744 5771 in
2781 5712 3032 5770 ﬂuetibus
3076 5706 3259 5767 sreculi
3306 5712 3501 5765 natat:
