  <div class='ocr_page' id='page_1' title='image "/cluster/home/n/w/nwhite01/storage/ocr_20150623/112/hvd.32044015685407/613.png"; bbox 0 0 3956 6326; ppageno 0'>
   <div class='ocr_carea' id='block_1_1' title="bbox 440 419 581 474">
    <p class='ocr_par' dir='ltr' id='par_1_1' title="bbox 440 419 581 474">
     <span class='ocr_line' id='line_1_1' title="bbox 440 419 581 474; baseline 0 0"><span class='ocrx_word' id='word_1_1' title='bbox 440 419 581 474; x_wconf 70' lang='grc' dir='ltr'><strong>ηΙῦ</strong></span> 
     </span>
    </p>
   </div>
   <div class='ocr_carea' id='block_1_2' title="bbox 1088 405 2038 475">
    <p class='ocr_par' dir='ltr' id='par_1_2' title="bbox 1088 415 2038 475">
     <span class='ocr_line' id='line_1_2' title="bbox 1088 415 2038 475; baseline -0.003 -1"><span class='ocrx_word' id='word_1_2' title='bbox 1088 415 1146 474; x_wconf 83' lang='grc' dir='ltr'><strong>Β.</strong></span> <span class='ocrx_word' id='word_1_3' title='bbox 1188 418 1441 474; x_wconf 81' lang='lat' dir='ltr'><strong>RABANI</strong></span> <span class='ocrx_word' id='word_1_4' title='bbox 1483 415 1702 475; x_wconf 77' lang='lat' dir='ltr'><strong>MAUlll</strong></span> <span class='ocrx_word' id='word_1_5' title='bbox 1745 415 2038 473; x_wconf 77' lang='lat' dir='ltr'><strong>ARCHIEP</strong></span> 
     </span>
    </p>
   </div>
   <div class='ocr_carea' id='block_1_3' title="bbox 2142 405 3072 475">
    <p class='ocr_par' dir='ltr' id='par_1_3' title="bbox 2142 405 3072 472">
     <span class='ocr_line' id='line_1_3' title="bbox 2142 405 3072 472; baseline -0.004 -2"><span class='ocrx_word' id='word_1_6' title='bbox 2142 414 2412 472; x_wconf 82' lang='lat' dir='ltr'><strong>lOGUNT.</strong></span> <span class='ocrx_word' id='word_1_7' title='bbox 2447 412 2734 471; x_wconf 77' lang='lat' dir='ltr'><strong>OPERUM</strong></span> <span class='ocrx_word' id='word_1_8' title='bbox 2767 408 2948 468; x_wconf 78' lang='lat' dir='ltr'><strong>PARS</strong></span> <span class='ocrx_word' id='word_1_9' title='bbox 2984 405 3072 467; x_wconf 88' lang='lat' dir='ltr'><strong>lll.</strong></span> 
     </span>
    </p>
   </div>
   <div class='ocr_carea' id='block_1_4' title="bbox 3591 411 3738 468">
    <p class='ocr_par' dir='ltr' id='par_1_4' title="bbox 3591 411 3738 468">
     <span class='ocr_line' id='line_1_4' title="bbox 3591 411 3738 468; baseline -0.014 0"><span class='ocrx_word' id='word_1_10' title='bbox 3591 411 3738 468; x_wconf 63' lang='grc'><strong>1216</strong></span> 
     </span>
    </p>
   </div>
   <div class='ocr_carea' id='block_1_5' title="bbox 439 525 3741 602">
    <p class='ocr_par' dir='ltr' id='par_1_5' title="bbox 439 525 3741 602">
     <span class='ocr_line' id='line_1_5' title="bbox 439 525 3741 602; baseline -0.002 -14"><span class='ocrx_word' id='word_1_11' title='bbox 439 543 491 588; x_wconf 84' lang='lat' dir='ltr'><strong>et</strong></span> <span class='ocrx_word' id='word_1_12' title='bbox 521 547 618 602; x_wconf 91' lang='lat' dir='ltr'><strong>per</strong></span> <span class='ocrx_word' id='word_1_13' title='bbox 667 531 871 602; x_wconf 86' lang='lat' dir='ltr'><strong>lignum</strong></span> <span class='ocrx_word' id='word_1_14' title='bbox 913 533 1092 588; x_wconf 88' lang='lat' dir='ltr'><strong>crucis</strong></span> <span class='ocrx_word' id='word_1_15' title='bbox 1131 531 1334 588; x_wconf 90' lang='lat' dir='ltr'><strong>Christi</strong></span> <span class='ocrx_word' id='word_1_16' title='bbox 1369 550 1399 588; x_wconf 92' lang='lat' dir='ltr'><strong>a</strong></span> <span class='ocrx_word' id='word_1_17' title='bbox 1429 531 1800 588; x_wconf 88' lang='lat' dir='ltr'><strong>submersione</strong></span> <span class='ocrx_word' id='word_1_18' title='bbox 1827 532 2025 587; x_wconf 90' lang='lat' dir='ltr'><strong>libera—</strong></span> <span class='ocrx_word' id='word_1_19' title='bbox 2050 533 2103 594; x_wconf 82' lang='grc' dir='ltr'>Α</span> <span class='ocrx_word' id='word_1_20' title='bbox 2125 546 2220 586; x_wconf 91' lang='lat' dir='ltr'><strong>eos</strong></span> <span class='ocrx_word' id='word_1_21' title='bbox 2245 531 2336 601; x_wconf 85' lang='lat' dir='ltr'><strong>qui</strong></span> <span class='ocrx_word' id='word_1_22' title='bbox 2377 539 2531 586; x_wconf 84' lang='lat' dir='ltr'><strong>extra</strong></span> <span class='ocrx_word' id='word_1_23' title='bbox 2557 529 2856 586; x_wconf 88' lang='lat' dir='ltr'><strong>Ecelesiam</strong></span> <span class='ocrx_word' id='word_1_24' title='bbox 2897 538 3044 595; x_wconf 90' lang='lat' dir='ltr'><strong>sunt,</strong></span> <span class='ocrx_word' id='word_1_25' title='bbox 3077 529 3192 584; x_wconf 83' lang='lat' dir='ltr'><strong>sive</strong></span> <span class='ocrx_word' id='word_1_26' title='bbox 3217 528 3441 600; x_wconf 78' lang='lat' dir='ltr'><strong>pagani,</strong></span> <span class='ocrx_word' id='word_1_27' title='bbox 3493 527 3617 584; x_wconf 82' lang='lat' dir='ltr'><strong>sive</strong></span> <span class='ocrx_word' id='word_1_28' title='bbox 3645 525 3741 582; x_wconf 83' lang='lat' dir='ltr'><strong>Ju-</strong></span> 
     </span>
    </p>
   </div>
   <div class='ocr_carea' id='block_1_6' title="bbox 441 625 2024 690">
    <p class='ocr_par' dir='ltr' id='par_1_6' title="bbox 441 625 2024 690">
     <span class='ocr_line' id='line_1_6' title="bbox 441 625 2024 690; baseline 0.003 -10"><span class='ocrx_word' id='word_1_29' title='bbox 441 642 580 680; x_wconf 92' lang='lat' dir='ltr'><strong>mur.</strong></span> <span class='ocrx_word' id='word_1_30' title='bbox 602 625 919 683; x_wconf 65' lang='lat' dir='ltr'><strong>Praedictum</strong></span> <span class='ocrx_word' id='word_1_31' title='bbox 943 636 1027 682; x_wconf 89' lang='lat' dir='ltr'><strong>est</strong></span> <span class='ocrx_word' id='word_1_32' title='bbox 1051 628 1280 682; x_wconf 64' lang='lat' dir='ltr'><strong>Abrahae</strong></span> <span class='ocrx_word' id='word_1_33' title='bbox 1306 627 1450 684; x_wconf 86' lang='lat' dir='ltr'><strong>ﬁdeli</strong></span> <span class='ocrx_word' id='word_1_34' title='bbox 1476 643 1634 684; x_wconf 87' lang='lat' dir='ltr'><strong>servo</strong></span> <span class='ocrx_word' id='word_1_35' title='bbox 1661 629 1778 690; x_wconf 86' lang='lat' dir='ltr'><strong>Dei,</strong></span> <span class='ocrx_word' id='word_1_36' title='bbox 1804 629 1896 684; x_wconf 92' lang='lat' dir='ltr'><strong>uni</strong></span> <span class='ocrx_word' id='word_1_37' title='bbox 1924 629 2024 684; x_wconf 90' lang='lat' dir='ltr'><strong>ho-</strong></span> 
     </span>
    </p>
   </div>
   <div class='ocr_carea' id='block_1_7' title="bbox 441 721 2027 796">
    <p class='ocr_par' dir='ltr' id='par_1_7' title="bbox 441 721 2027 796">
     <span class='ocr_line' id='line_1_7' title="bbox 441 721 2027 796; baseline 0.002 -18"><span class='ocrx_word' id='word_1_38' title='bbox 441 721 598 786; x_wconf 88' lang='lat' dir='ltr'><strong>mini,</strong></span> <span class='ocrx_word' id='word_1_39' title='bbox 627 723 770 793; x_wconf 90' lang='lat' dir='ltr'><strong>quod</strong></span> <span class='ocrx_word' id='word_1_40' title='bbox 794 724 861 778; x_wconf 91' lang='lat' dir='ltr'><strong>de</strong></span> <span class='ocrx_word' id='word_1_41' title='bbox 908 723 998 778; x_wconf 94' lang='lat' dir='ltr'><strong>illo</strong></span> <span class='ocrx_word' id='word_1_42' title='bbox 1022 734 1166 779; x_wconf 90' lang='lat' dir='ltr'><strong>esset</strong></span> <span class='ocrx_word' id='word_1_43' title='bbox 1211 725 1438 796; x_wconf 89' lang='lat' dir='ltr'><strong>populus</strong></span> <span class='ocrx_word' id='word_1_44' title='bbox 1481 727 1785 782; x_wconf 77' lang='lat' dir='ltr'><strong>nasciturus</strong></span> <span class='ocrx_word' id='word_1_45' title='bbox 1813 725 1902 796; x_wconf 88' lang='lat' dir='ltr'><strong>qui</strong></span> <span class='ocrx_word' id='word_1_46' title='bbox 1933 741 2027 781; x_wconf 85' lang='lat' dir='ltr'><strong>eo-</strong></span> 
     </span>
    </p>
   </div>
   <div class='ocr_carea' id='block_1_8' title="bbox 437 809 2025 887">
    <p class='ocr_par' dir='ltr' id='par_1_8' title="bbox 437 809 2025 887">
     <span class='ocr_line' id='line_1_8' title="bbox 437 809 2025 887; baseline 0.003 -21"><span class='ocrx_word' id='word_1_47' title='bbox 437 809 576 868; x_wconf 87' lang='lat' dir='ltr'><strong>lcret</strong></span> <span class='ocrx_word' id='word_1_48' title='bbox 605 828 770 868; x_wconf 92' lang='lat' dir='ltr'><strong>unum</strong></span> <span class='ocrx_word' id='word_1_49' title='bbox 823 812 992 868; x_wconf 93' lang='lat' dir='ltr'><strong>Deum</strong></span> <span class='ocrx_word' id='word_1_50' title='bbox 1018 814 1160 870; x_wconf 87' lang='lat' dir='ltr'><strong>inter</strong></span> <span class='ocrx_word' id='word_1_51' title='bbox 1209 825 1436 870; x_wconf 70' lang='lat' dir='ltr'><strong>cmteras</strong></span> <span class='ocrx_word' id='word_1_52' title='bbox 1480 828 1666 887; x_wconf 83' lang='lat' dir='ltr'><strong>gentes</strong></span> <span class='ocrx_word' id='word_1_53' title='bbox 1726 831 1845 886; x_wconf 68' lang='lat' dir='ltr'><strong>qua:</strong></span> <span class='ocrx_word' id='word_1_54' title='bbox 1883 815 2025 871; x_wconf 88' lang='lat' dir='ltr'><strong>idola</strong></span> 
     </span>
    </p>
   </div>
   <div class='ocr_carea' id='block_1_9' title="bbox 444 903 2026 977">
    <p class='ocr_par' dir='ltr' id='par_1_9' title="bbox 444 903 2026 977">
     <span class='ocr_line' id='line_1_9' title="bbox 444 903 2026 977; baseline 0.001 -18"><span class='ocrx_word' id='word_1_55' title='bbox 444 903 726 960; x_wconf 83' lang='lat' dir='ltr'><strong>colebant:</strong></span> <span class='ocrx_word' id='word_1_56' title='bbox 759 913 814 960; x_wconf 94' lang='lat' dir='ltr'><strong>et</strong></span> <span class='ocrx_word' id='word_1_57' title='bbox 841 905 1024 960; x_wconf 86' lang='lat' dir='ltr'><strong>omnia</strong></span> <span class='ocrx_word' id='word_1_58' title='bbox 1050 921 1169 976; x_wconf 70' lang='lat' dir='ltr'><strong>qua:</strong></span> <span class='ocrx_word' id='word_1_59' title='bbox 1198 906 1271 960; x_wconf 88' lang='lat' dir='ltr'><strong>illi</strong></span> <span class='ocrx_word' id='word_1_60' title='bbox 1293 908 1488 977; x_wconf 92' lang='lat' dir='ltr'><strong>populo</strong></span> <span class='ocrx_word' id='word_1_61' title='bbox 1517 915 1744 961; x_wconf 87' lang='lat' dir='ltr'><strong>ventura</strong></span> <span class='ocrx_word' id='word_1_62' title='bbox 1771 907 2026 976; x_wconf 63' lang='lat' dir='ltr'><strong>pricdicta</strong></span> 
     </span>
    </p>
   </div>
   <div class='ocr_carea' id='block_1_10' title="bbox 443 997 2028 1070">
    <p class='ocr_par' dir='ltr' id='par_1_10' title="bbox 443 997 2028 1070">
     <span class='ocr_line' id='line_1_10' title="bbox 443 997 2028 1070; baseline 0.002 -18"><span class='ocrx_word' id='word_1_63' title='bbox 443 1006 584 1058; x_wconf 74' lang='lat' dir='ltr'><strong>sunt,</strong></span> <span class='ocrx_word' id='word_1_64' title='bbox 616 997 694 1052; x_wconf 89' lang='lat' dir='ltr'><strong>sic</strong></span> <span class='ocrx_word' id='word_1_65' title='bbox 737 1005 1036 1052; x_wconf 86' lang='lat' dir='ltr'><strong>evenerunt</strong></span> <span class='ocrx_word' id='word_1_66' title='bbox 1075 1007 1134 1052; x_wconf 92' lang='lat' dir='ltr'><strong>ut</strong></span> <span class='ocrx_word' id='word_1_67' title='bbox 1183 1000 1440 1070; x_wconf 80' lang='lat' dir='ltr'><strong>praedicta</strong></span> <span class='ocrx_word' id='word_1_68' title='bbox 1487 1010 1631 1054; x_wconf 90' lang='lat' dir='ltr'><strong>sunt.</strong></span> <span class='ocrx_word' id='word_1_69' title='bbox 1668 999 2028 1070; x_wconf 84' lang='lat' dir='ltr'><strong>Pmphetatus</strong></span> 
     </span>
    </p>
   </div>
   <div class='ocr_carea' id='block_1_11' title="bbox 443 1089 2024 1160">
    <p class='ocr_par' dir='ltr' id='par_1_11' title="bbox 443 1089 2024 1160">
     <span class='ocr_line' id='line_1_11' title="bbox 443 1089 2024 1160; baseline 0.001 -15"><span class='ocrx_word' id='word_1_70' title='bbox 443 1098 526 1145; x_wconf 90' lang='lat' dir='ltr'><strong>est</strong></span> <span class='ocrx_word' id='word_1_71' title='bbox 555 1089 608 1144; x_wconf 93' lang='lat' dir='ltr'><strong>in</strong></span> <span class='ocrx_word' id='word_1_72' title='bbox 648 1089 739 1145; x_wconf 90' lang='lat' dir='ltr'><strong>illo</strong></span> <span class='ocrx_word' id='word_1_73' title='bbox 783 1090 977 1160; x_wconf 93' lang='lat' dir='ltr'><strong>populo</strong></span> <span class='ocrx_word' id='word_1_74' title='bbox 1017 1091 1180 1146; x_wconf 89' lang='lat' dir='ltr'><strong>etiam</strong></span> <span class='ocrx_word' id='word_1_75' title='bbox 1210 1091 1457 1148; x_wconf 85' lang='lat' dir='ltr'><strong>Christus</strong></span> <span class='ocrx_word' id='word_1_76' title='bbox 1505 1107 1598 1146; x_wconf 79' lang='lat' dir='ltr'><strong>rex</strong></span> <span class='ocrx_word' id='word_1_77' title='bbox 1631 1094 1869 1148; x_wconf 84' lang='lat' dir='ltr'><strong>omnium</strong></span> <span class='ocrx_word' id='word_1_78' title='bbox 1898 1109 2024 1147; x_wconf 88' lang='lat' dir='ltr'><strong>san-</strong></span> 
     </span>
    </p>
   </div>
   <div class='ocr_carea' id='block_1_12' title="bbox 443 1183 2023 1254">
    <p class='ocr_par' dir='ltr' id='par_1_12' title="bbox 443 1183 2023 1254">
     <span class='ocr_line' id='line_1_12' title="bbox 443 1183 2023 1254; baseline 0.001 -17"><span class='ocrx_word' id='word_1_79' title='bbox 443 1191 654 1237; x_wconf 90' lang='lat' dir='ltr'><strong>ctorum</strong></span> <span class='ocrx_word' id='word_1_80' title='bbox 687 1191 742 1236; x_wconf 92' lang='lat' dir='ltr'><strong>et</strong></span> <span class='ocrx_word' id='word_1_81' title='bbox 766 1183 906 1237; x_wconf 83' lang='lat' dir='ltr'><strong>Deus</strong></span> <span class='ocrx_word' id='word_1_82' title='bbox 939 1192 1200 1240; x_wconf 88' lang='lat' dir='ltr'><strong>venturus</strong></span> <span class='ocrx_word' id='word_1_83' title='bbox 1245 1200 1309 1240; x_wconf 80' lang='lat' dir='ltr'><strong>ex</strong></span> <span class='ocrx_word' id='word_1_84' title='bbox 1338 1185 1543 1240; x_wconf 82' lang='lat' dir='ltr'><strong>semine</strong></span> <span class='ocrx_word' id='word_1_85' title='bbox 1572 1185 1737 1254; x_wconf 86' lang='lat' dir='ltr'><strong>ipsius</strong></span> <span class='ocrx_word' id='word_1_86' title='bbox 1774 1185 2023 1250; x_wconf 78' lang='lat' dir='ltr'><strong>Abrahae,</strong></span> 
     </span>
    </p>
   </div>
   <div class='ocr_carea' id='block_1_13' title="bbox 445 1273 2027 1346">
    <p class='ocr_par' dir='ltr' id='par_1_13' title="bbox 445 1273 2027 1346">
     <span class='ocr_line' id='line_1_13' title="bbox 445 1273 2027 1346; baseline 0.003 -20"><span class='ocrx_word' id='word_1_87' title='bbox 445 1273 740 1328; x_wconf 91' lang='lat' dir='ltr'><strong>secundum</strong></span> <span class='ocrx_word' id='word_1_88' title='bbox 793 1289 1012 1328; x_wconf 89' lang='lat' dir='ltr'><strong>carnem</strong></span> <span class='ocrx_word' id='word_1_89' title='bbox 1061 1290 1223 1344; x_wconf 86' lang='lat' dir='ltr'><strong>quam</strong></span> <span class='ocrx_word' id='word_1_90' title='bbox 1261 1277 1572 1346; x_wconf 85' lang='lat' dir='ltr'><strong>assumpsit,</strong></span> <span class='ocrx_word' id='word_1_91' title='bbox 1607 1285 1662 1329; x_wconf 94' lang='lat' dir='ltr'><strong>ut</strong></span> <span class='ocrx_word' id='word_1_92' title='bbox 1697 1292 1886 1332; x_wconf 90' lang='lat' dir='ltr'><strong>omnes</strong></span> <span class='ocrx_word' id='word_1_93' title='bbox 1934 1277 2027 1331; x_wconf 85' lang='lat' dir='ltr'><strong>ﬁlii</strong></span> 
     </span>
    </p>
   </div>
   <div class='ocr_carea' id='block_1_14' title="bbox 445 1365 2029 1436">
    <p class='ocr_par' dir='ltr' id='par_1_14' title="bbox 445 1365 2029 1436">
     <span class='ocr_line' id='line_1_14' title="bbox 445 1365 2029 1436; baseline 0.002 -17"><span class='ocrx_word' id='word_1_94' title='bbox 445 1373 628 1420; x_wconf 88' lang='lat' dir='ltr'><strong>essent</strong></span> <span class='ocrx_word' id='word_1_95' title='bbox 680 1365 932 1431; x_wconf 70' lang='lat' dir='ltr'><strong>Abrahae,</strong></span> <span class='ocrx_word' id='word_1_96' title='bbox 962 1366 1052 1436; x_wconf 86' lang='lat' dir='ltr'><strong>qui</strong></span> <span class='ocrx_word' id='word_1_97' title='bbox 1087 1367 1242 1421; x_wconf 85' lang='lat' dir='ltr'><strong>[idem</strong></span> <span class='ocrx_word' id='word_1_98' title='bbox 1289 1367 1404 1435; x_wconf 85' lang='lat' dir='ltr'><strong>ejus</strong></span> <span class='ocrx_word' id='word_1_99' title='bbox 1436 1368 1818 1431; x_wconf 86' lang='lat' dir='ltr'><strong>imitarentur;</strong></span> <span class='ocrx_word' id='word_1_100' title='bbox 1870 1377 1924 1422; x_wconf 90' lang='lat' dir='ltr'><strong>et</strong></span> <span class='ocrx_word' id='word_1_101' title='bbox 1950 1367 2029 1422; x_wconf 90' lang='lat' dir='ltr'><strong>sic</strong></span> 
     </span>
    </p>
   </div>
   <div class='ocr_carea' id='block_1_15' title="bbox 445 1456 2028 1528">
    <p class='ocr_par' dir='ltr' id='par_1_15' title="bbox 445 1456 2028 1528">
     <span class='ocr_line' id='line_1_15' title="bbox 445 1456 2028 1528; baseline 0.001 -15"><span class='ocrx_word' id='word_1_102' title='bbox 445 1468 531 1513; x_wconf 90' lang='lat' dir='ltr'><strong>est</strong></span> <span class='ocrx_word' id='word_1_103' title='bbox 582 1456 784 1513; x_wconf 79' lang='lat' dir='ltr'><strong>factum</strong></span> <span class='ocrx_word' id='word_1_104' title='bbox 827 1477 840 1511; x_wconf 87' lang='lat'><strong>:</strong></span> <span class='ocrx_word' id='word_1_105' title='bbox 873 1468 1030 1514; x_wconf 88' lang='lat' dir='ltr'><strong>natus</strong></span> <span class='ocrx_word' id='word_1_106' title='bbox 1070 1467 1154 1514; x_wconf 90' lang='lat' dir='ltr'><strong>est</strong></span> <span class='ocrx_word' id='word_1_107' title='bbox 1192 1459 1442 1514; x_wconf 86' lang='lat' dir='ltr'><strong>Christus</strong></span> <span class='ocrx_word' id='word_1_108' title='bbox 1496 1460 1560 1514; x_wconf 92' lang='lat' dir='ltr'><strong>de</strong></span> <span class='ocrx_word' id='word_1_109' title='bbox 1600 1459 1766 1514; x_wconf 86' lang='lat' dir='ltr'><strong>Maria</strong></span> <span class='ocrx_word' id='word_1_110' title='bbox 1822 1459 2028 1528; x_wconf 78' lang='lat' dir='ltr'><strong>virgine</strong></span> 
     </span>
    </p>
   </div>
   <div class='ocr_carea' id='block_1_16' title="bbox 446 1549 2029 1622">
    <p class='ocr_par' dir='ltr' id='par_1_16' title="bbox 446 1549 2029 1622">
     <span class='ocr_line' id='line_1_16' title="bbox 446 1549 2029 1622; baseline 0 -17"><span class='ocrx_word' id='word_1_111' title='bbox 446 1566 566 1620; x_wconf 62' lang='lat' dir='ltr'><strong>quae</strong></span> <span class='ocrx_word' id='word_1_112' title='bbox 594 1565 662 1605; x_wconf 83' lang='lat' dir='ltr'><strong>ex</strong></span> <span class='ocrx_word' id='word_1_113' title='bbox 694 1550 784 1606; x_wconf 93' lang='lat' dir='ltr'><strong>illo</strong></span> <span class='ocrx_word' id='word_1_114' title='bbox 809 1565 1005 1622; x_wconf 87' lang='lat' dir='ltr'><strong>genere</strong></span> <span class='ocrx_word' id='word_1_115' title='bbox 1027 1549 1156 1616; x_wconf 82' lang='lat' dir='ltr'><strong>fuit;</strong></span> <span class='ocrx_word' id='word_1_116' title='bbox 1181 1552 1494 1619; x_wconf 77' lang='lat' dir='ltr'><strong>praedictum</strong></span> <span class='ocrx_word' id='word_1_117' title='bbox 1518 1561 1600 1606; x_wconf 90' lang='lat' dir='ltr'><strong>est</strong></span> <span class='ocrx_word' id='word_1_118' title='bbox 1623 1566 1718 1620; x_wconf 88' lang='lat' dir='ltr'><strong>per</strong></span> <span class='ocrx_word' id='word_1_119' title='bbox 1740 1551 2029 1621; x_wconf 85' lang='lat' dir='ltr'><strong>prophetas</strong></span> 
     </span>
    </p>
   </div>
   <div class='ocr_carea' id='block_1_17' title="bbox 447 1629 2029 1711">
    <p class='ocr_par' dir='ltr' id='par_1_17' title="bbox 447 1629 2029 1711">
     <span class='ocr_line' id='line_1_17' title="bbox 447 1629 2029 1711; baseline 0.001 -17"><span class='ocrx_word' id='word_1_120' title='bbox 447 1639 590 1710; x_wconf 93' lang='lat' dir='ltr'><strong>quod</strong></span> <span class='ocrx_word' id='word_1_121' title='bbox 619 1643 673 1696; x_wconf 89' lang='lat' dir='ltr'><strong>in</strong></span> <span class='ocrx_word' id='word_1_122' title='bbox 721 1657 882 1696; x_wconf 92' lang='lat' dir='ltr'><strong>cruce</strong></span> <span class='ocrx_word' id='word_1_123' title='bbox 912 1657 1173 1710; x_wconf 85' lang='lat' dir='ltr'><strong>passurus</strong></span> <span class='ocrx_word' id='word_1_124' title='bbox 1205 1651 1348 1697; x_wconf 88' lang='lat' dir='ltr'><strong>esset</strong></span> <span class='ocrx_word' id='word_1_125' title='bbox 1377 1643 1443 1696; x_wconf 90' lang='lat' dir='ltr'><strong>ab</strong></span> <span class='ocrx_word' id='word_1_126' title='bbox 1485 1642 1674 1696; x_wconf 86' lang='lat' dir='ltr'><strong>eodem</strong></span> <span class='ocrx_word' id='word_1_127' title='bbox 1717 1629 2029 1711; x_wconf 41' lang='lat' dir='ltr'><strong>populo/Ju—</strong></span> 
     </span>
    </p>
   </div>
   <div class='ocr_carea' id='block_1_18' title="bbox 449 1732 2030 1803">
    <p class='ocr_par' dir='ltr' id='par_1_18' title="bbox 449 1732 2030 1803">
     <span class='ocr_line' id='line_1_18' title="bbox 449 1732 2030 1803; baseline 0.002 -18"><span class='ocrx_word' id='word_1_128' title='bbox 449 1732 705 1796; x_wconf 65' lang='lat' dir='ltr'><strong>daeorum,</strong></span> <span class='ocrx_word' id='word_1_129' title='bbox 738 1733 805 1787; x_wconf 93' lang='lat' dir='ltr'><strong>de</strong></span> <span class='ocrx_word' id='word_1_130' title='bbox 837 1733 988 1801; x_wconf 87' lang='lat' dir='ltr'><strong>cujus</strong></span> <span class='ocrx_word' id='word_1_131' title='bbox 1018 1748 1215 1803; x_wconf 83' lang='lat' dir='ltr'><strong>genere</strong></span> <span class='ocrx_word' id='word_1_132' title='bbox 1259 1732 1552 1788; x_wconf 90' lang='lat' dir='ltr'><strong>secundum</strong></span> <span class='ocrx_word' id='word_1_133' title='bbox 1603 1749 1822 1790; x_wconf 87' lang='lat' dir='ltr'><strong>carnem</strong></span> <span class='ocrx_word' id='word_1_134' title='bbox 1851 1734 2030 1789; x_wconf 83' lang='lat' dir='ltr'><strong>venie-</strong></span> 
     </span>
    </p>
   </div>
   <div class='ocr_carea' id='block_1_19' title="bbox 449 1824 2029 1896">
    <p class='ocr_par' dir='ltr' id='par_1_19' title="bbox 449 1824 2029 1896">
     <span class='ocr_line' id='line_1_19' title="bbox 449 1824 2029 1896; baseline 0.001 -18"><span class='ocrx_word' id='word_1_135' title='bbox 449 1824 558 1888; x_wconf 89' lang='lat' dir='ltr'><strong>bat,</strong></span> <span class='ocrx_word' id='word_1_136' title='bbox 589 1833 642 1879; x_wconf 90' lang='lat' dir='ltr'><strong>et</strong></span> <span class='ocrx_word' id='word_1_137' title='bbox 674 1825 753 1880; x_wconf 91' lang='lat' dir='ltr'><strong>sic</strong></span> <span class='ocrx_word' id='word_1_138' title='bbox 789 1835 872 1880; x_wconf 88' lang='lat' dir='ltr'><strong>est</strong></span> <span class='ocrx_word' id='word_1_139' title='bbox 928 1826 1162 1888; x_wconf 82' lang='lat' dir='ltr'><strong>factum;</strong></span> <span class='ocrx_word' id='word_1_140' title='bbox 1191 1826 1506 1895; x_wconf 71' lang='lat' dir='ltr'><strong>praedictum</strong></span> <span class='ocrx_word' id='word_1_141' title='bbox 1557 1835 1639 1882; x_wconf 90' lang='lat' dir='ltr'><strong>cst</strong></span> <span class='ocrx_word' id='word_1_142' title='bbox 1667 1828 1807 1896; x_wconf 89' lang='lat' dir='ltr'><strong>quod</strong></span> <span class='ocrx_word' id='word_1_143' title='bbox 1848 1842 2029 1882; x_wconf 88' lang='lat' dir='ltr'><strong>resur-</strong></span> 
     </span>
    </p>
   </div>
   <div class='ocr_carea' id='block_1_20' title="bbox 2130 622 3738 692">
    <p class='ocr_par' dir='ltr' id='par_1_20' title="bbox 2130 622 3738 692">
     <span class='ocr_line' id='line_1_20' title="bbox 2130 622 3738 692; baseline -0.004 -10"><span class='ocrx_word' id='word_1_144' title='bbox 2130 627 2250 692; x_wconf 80' lang='lat' dir='ltr'><strong>daei,</strong></span> <span class='ocrx_word' id='word_1_145' title='bbox 2301 626 2415 682; x_wconf 83' lang='lat' dir='ltr'><strong>sive</strong></span> <span class='ocrx_word' id='word_1_146' title='bbox 2439 625 2704 689; x_wconf 82' lang='lat' dir='ltr'><strong>haeretici,</strong></span> <span class='ocrx_word' id='word_1_147' title='bbox 2742 639 2850 679; x_wconf 92' lang='lat' dir='ltr'><strong>non</strong></span> <span class='ocrx_word' id='word_1_148' title='bbox 2893 633 2947 679; x_wconf 90' lang='lat' dir='ltr'><strong>te</strong></span> <span class='ocrx_word' id='word_1_149' title='bbox 2993 623 3168 679; x_wconf 90' lang='lat' dir='ltr'><strong>hostis</strong></span> <span class='ocrx_word' id='word_1_150' title='bbox 3203 623 3292 679; x_wconf 91' lang='lat' dir='ltr'><strong>ille</strong></span> <span class='ocrx_word' id='word_1_151' title='bbox 3334 622 3594 686; x_wconf 85' lang='lat' dir='ltr'><strong>seducat,</strong></span> <span class='ocrx_word' id='word_1_152' title='bbox 3637 623 3738 677; x_wconf 83' lang='lat' dir='ltr'><strong>sed</strong></span> 
     </span>
    </p>
   </div>
   <div class='ocr_carea' id='block_1_21' title="bbox 2129 714 3742 788">
    <p class='ocr_par' dir='ltr' id='par_1_21' title="bbox 2129 714 3742 788">
     <span class='ocr_line' id='line_1_21' title="bbox 2129 714 3742 788; baseline -0.002 -16"><span class='ocrx_word' id='word_1_153' title='bbox 2129 717 2294 772; x_wconf 86' lang='lat' dir='ltr'><strong>etiam</strong></span> <span class='ocrx_word' id='word_1_154' title='bbox 2331 733 2468 787; x_wconf 91' lang='lat' dir='ltr'><strong>quos</strong></span> <span class='ocrx_word' id='word_1_155' title='bbox 2494 718 2612 788; x_wconf 68' lang='lat' dir='ltr'><strong>ipse</strong></span> <span class='ocrx_word' id='word_1_156' title='bbox 2647 717 2700 771; x_wconf 90' lang='lat' dir='ltr'><strong>in</strong></span> <span class='ocrx_word' id='word_1_157' title='bbox 2728 717 2969 772; x_wconf 86' lang='lat' dir='ltr'><strong>Ecclesia</strong></span> <span class='ocrx_word' id='word_1_158' title='bbox 2996 715 3276 771; x_wconf 84' lang='lat' dir='ltr'><strong>Catholica</strong></span> <span class='ocrx_word' id='word_1_159' title='bbox 3327 715 3537 770; x_wconf 87' lang='lat' dir='ltr'><strong>videris</strong></span> <span class='ocrx_word' id='word_1_160' title='bbox 3595 714 3742 769; x_wconf 80' lang='lat' dir='ltr'><strong>male</strong></span> 
     </span>
    </p>
   </div>
   <div class='ocr_carea' id='block_1_22' title="bbox 2129 809 3746 879">
    <p class='ocr_par' dir='ltr' id='par_1_22' title="bbox 2129 809 3746 879">
     <span class='ocr_line' id='line_1_22' title="bbox 2129 809 3746 879; baseline -0.001 -15"><span class='ocrx_word' id='word_1_161' title='bbox 2129 810 2388 874; x_wconf 78' lang='lat' dir='ltr'><strong>viventes,</strong></span> <span class='ocrx_word' id='word_1_162' title='bbox 2434 819 2528 863; x_wconf 91' lang='lat' dir='ltr'><strong>aut</strong></span> <span class='ocrx_word' id='word_1_163' title='bbox 2583 810 2952 864; x_wconf 88' lang='lat' dir='ltr'><strong>immoderatis</strong></span> <span class='ocrx_word' id='word_1_164' title='bbox 2997 809 3364 879; x_wconf 81' lang='lat' dir='ltr'><strong>voluptatibus</strong></span> <span class='ocrx_word' id='word_1_165' title='bbox 3413 809 3659 873; x_wconf 80' lang='lat' dir='ltr'><strong>ventris,</strong></span> <span class='ocrx_word' id='word_1_166' title='bbox 3687 820 3746 865; x_wconf 86' lang='lat' dir='ltr'><strong>et</strong></span> 
     </span>
    </p>
   </div>
   <div class='ocr_carea' id='block_1_23' title="bbox 2128 902 3746 974">
    <p class='ocr_par' dir='ltr' id='par_1_23' title="bbox 2128 902 3746 974">
     <span class='ocr_line' id='line_1_23' title="bbox 2128 902 3746 974; baseline 0.001 -19"><span class='ocrx_word' id='word_1_167' title='bbox 2128 903 2384 974; x_wconf 84' lang='lat' dir='ltr'><strong>gutturis,</strong></span> <span class='ocrx_word' id='word_1_168' title='bbox 2415 910 2508 956; x_wconf 90' lang='lat' dir='ltr'><strong>aut</strong></span> <span class='ocrx_word' id='word_1_169' title='bbox 2540 903 2856 972; x_wconf 88' lang='lat' dir='ltr'><strong>impudicos,</strong></span> <span class='ocrx_word' id='word_1_170' title='bbox 2889 912 2983 957; x_wconf 90' lang='lat' dir='ltr'><strong>aut</strong></span> <span class='ocrx_word' id='word_1_171' title='bbox 3005 903 3163 957; x_wconf 85' lang='lat' dir='ltr'><strong>vanis</strong></span> <span class='ocrx_word' id='word_1_172' title='bbox 3186 902 3616 956; x_wconf 85' lang='lat' dir='ltr'><strong>curiositatibus</strong></span> <span class='ocrx_word' id='word_1_173' title='bbox 3659 903 3746 957; x_wconf 85' lang='lat' dir='ltr'><strong>vel</strong></span> 
     </span>
    </p>
   </div>
   <div class='ocr_carea' id='block_1_24' title="bbox 2129 994 3750 1066">
    <p class='ocr_par' dir='ltr' id='par_1_24' title="bbox 2129 994 3750 1066">
     <span class='ocr_line' id='line_1_24' title="bbox 2129 994 3750 1066; baseline 0.002 -18"><span class='ocrx_word' id='word_1_174' title='bbox 2129 994 2335 1049; x_wconf 88' lang='lat' dir='ltr'><strong>illicitis</strong></span> <span class='ocrx_word' id='word_1_175' title='bbox 2387 995 2615 1059; x_wconf 88' lang='lat' dir='ltr'><strong>deditos,</strong></span> <span class='ocrx_word' id='word_1_176' title='bbox 2653 996 2767 1050; x_wconf 85' lang='lat' dir='ltr'><strong>sive</strong></span> <span class='ocrx_word' id='word_1_177' title='bbox 2811 995 3274 1066; x_wconf 88' lang='lat' dir='ltr'><strong>spectaculorum,</strong></span> <span class='ocrx_word' id='word_1_178' title='bbox 3314 995 3434 1050; x_wconf 87' lang='lat' dir='ltr'><strong>sive</strong></span> <span class='ocrx_word' id='word_1_179' title='bbox 3465 996 3750 1051; x_wconf 80' lang='lat' dir='ltr'><strong>r-medio—</strong></span> 
     </span>
    </p>
   </div>
   <div class='ocr_carea' id='block_1_25' title="bbox 2131 1086 3748 1160">
    <p class='ocr_par' dir='ltr' id='par_1_25' title="bbox 2131 1086 3748 1160">
     <span class='ocr_line' id='line_1_25' title="bbox 2131 1086 3748 1160; baseline 0.001 -20"><span class='ocrx_word' id='word_1_180' title='bbox 2131 1102 2247 1140; x_wconf 90' lang='lat' dir='ltr'><strong>rum</strong></span> <span class='ocrx_word' id='word_1_181' title='bbox 2291 1096 2382 1141; x_wconf 89' lang='lat' dir='ltr'><strong>aut</strong></span> <span class='ocrx_word' id='word_1_182' title='bbox 2423 1086 2817 1143; x_wconf 81' lang='lat' dir='ltr'><strong>divinationum</strong></span> <span class='ocrx_word' id='word_1_183' title='bbox 2838 1088 3260 1153; x_wconf 89' lang='lat' dir='ltr'><strong>diabolicarum,</strong></span> <span class='ocrx_word' id='word_1_184' title='bbox 3293 1089 3409 1144; x_wconf 85' lang='lat' dir='ltr'><strong>sive</strong></span> <span class='ocrx_word' id='word_1_185' title='bbox 3447 1089 3506 1143; x_wconf 91' lang='lat' dir='ltr'><strong>in</strong></span> <span class='ocrx_word' id='word_1_186' title='bbox 3543 1106 3748 1160; x_wconf 74' lang='lat' dir='ltr'><strong>pompa</strong></span> 
     </span>
    </p>
   </div>
   <div class='ocr_carea' id='block_1_26' title="bbox 2130 1179 3748 1253">
    <p class='ocr_par' dir='ltr' id='par_1_26' title="bbox 2130 1179 3748 1253">
     <span class='ocr_line' id='line_1_26' title="bbox 2130 1179 3748 1253; baseline 0.002 -19"><span class='ocrx_word' id='word_1_187' title='bbox 2130 1187 2184 1234; x_wconf 92' lang='lat' dir='ltr'><strong>et</strong></span> <span class='ocrx_word' id='word_1_188' title='bbox 2224 1179 2386 1250; x_wconf 88' lang='lat' dir='ltr'><strong>typho</strong></span> <span class='ocrx_word' id='word_1_189' title='bbox 2415 1181 2658 1234; x_wconf 66' lang='lat' dir='ltr'><strong>avaritiae</strong></span> <span class='ocrx_word' id='word_1_190' title='bbox 2678 1190 2840 1251; x_wconf 86' lang='lat' dir='ltr'><strong>atque</strong></span> <span class='ocrx_word' id='word_1_191' title='bbox 2861 1183 3150 1251; x_wconf 76' lang='lat' dir='ltr'><strong>superbiae,</strong></span> <span class='ocrx_word' id='word_1_192' title='bbox 3185 1183 3300 1236; x_wconf 79' lang='lat' dir='ltr'><strong>sive</strong></span> <span class='ocrx_word' id='word_1_193' title='bbox 3331 1183 3382 1236; x_wconf 92' lang='lat' dir='ltr'><strong>in</strong></span> <span class='ocrx_word' id='word_1_194' title='bbox 3412 1182 3604 1253; x_wconf 85' lang='lat' dir='ltr'><strong>aliqua</strong></span> <span class='ocrx_word' id='word_1_195' title='bbox 3635 1185 3748 1238; x_wconf 82' lang='lat' dir='ltr'><strong>vita</strong></span> 
     </span>
    </p>
   </div>
   <div class='ocr_carea' id='block_1_27' title="bbox 2130 1269 3751 1340">
    <p class='ocr_par' dir='ltr' id='par_1_27' title="bbox 2130 1269 3751 1340">
     <span class='ocr_line' id='line_1_27' title="bbox 2130 1269 3751 1340; baseline 0.003 -19"><span class='ocrx_word' id='word_1_196' title='bbox 2130 1284 2290 1338; x_wconf 90' lang='lat' dir='ltr'><strong>quam</strong></span> <span class='ocrx_word' id='word_1_197' title='bbox 2347 1269 2430 1324; x_wconf 83' lang='lat' dir='ltr'><strong>lex</strong></span> <span class='ocrx_word' id='word_1_198' title='bbox 2495 1270 2716 1325; x_wconf 89' lang='lat' dir='ltr'><strong>damnat</strong></span> <span class='ocrx_word' id='word_1_199' title='bbox 2743 1279 2799 1325; x_wconf 92' lang='lat' dir='ltr'><strong>et</strong></span> <span class='ocrx_word' id='word_1_200' title='bbox 2841 1271 3014 1340; x_wconf 89' lang='lat' dir='ltr'><strong>punit,</strong></span> <span class='ocrx_word' id='word_1_201' title='bbox 3043 1287 3149 1326; x_wconf 90' lang='lat' dir='ltr'><strong>non</strong></span> <span class='ocrx_word' id='word_1_202' title='bbox 3179 1286 3273 1326; x_wconf 90' lang='lat' dir='ltr'><strong>eos</strong></span> <span class='ocrx_word' id='word_1_203' title='bbox 3319 1272 3565 1328; x_wconf 88' lang='lat' dir='ltr'><strong>imiteris</strong></span> <span class='ocrx_word' id='word_1_204' title='bbox 3602 1290 3620 1326; x_wconf 83' lang='lat'>:</span> <span class='ocrx_word' id='word_1_205' title='bbox 3655 1274 3751 1327; x_wconf 82' lang='lat' dir='ltr'><strong>sed</strong></span> 
     </span>
    </p>
   </div>
   <div class='ocr_carea' id='block_1_28' title="bbox 2130 1360 3751 1442">
    <p class='ocr_par' dir='ltr' id='par_1_28' title="bbox 2130 1360 3751 1442">
     <span class='ocr_line' id='line_1_28' title="bbox 2130 1360 3751 1442; baseline 0.002 -27"><span class='ocrx_word' id='word_1_206' title='bbox 2130 1363 2310 1431; x_wconf 90' lang='lat' dir='ltr'><strong>potius</strong></span> <span class='ocrx_word' id='word_1_207' title='bbox 2355 1360 2700 1442; x_wconf 88' lang='lat' dir='ltr'><strong>conjungaris</strong></span> <span class='ocrx_word' id='word_1_208' title='bbox 2741 1364 2897 1418; x_wconf 90' lang='lat' dir='ltr'><strong>bonis</strong></span> <span class='ocrx_word' id='word_1_209' title='bbox 2943 1379 3080 1432; x_wconf 91' lang='lat' dir='ltr'><strong>quos</strong></span> <span class='ocrx_word' id='word_1_210' title='bbox 3106 1364 3429 1418; x_wconf 89' lang='lat' dir='ltr'><strong>inventurus</strong></span> <span class='ocrx_word' id='word_1_211' title='bbox 3470 1379 3536 1419; x_wconf 90' lang='lat' dir='ltr'><strong>es</strong></span> <span class='ocrx_word' id='word_1_212' title='bbox 3563 1365 3751 1428; x_wconf 78' lang='lat' dir='ltr'><strong>facile,</strong></span> 
     </span>
    </p>
   </div>
   <div class='ocr_carea' id='block_1_29' title="bbox 2131 1454 3753 1526">
    <p class='ocr_par' dir='ltr' id='par_1_29' title="bbox 2131 1454 3753 1526">
     <span class='ocr_line' id='line_1_29' title="bbox 2131 1454 3753 1526; baseline 0.002 -18"><span class='ocrx_word' id='word_1_213' title='bbox 2131 1455 2177 1509; x_wconf 90' lang='lat' dir='ltr'><strong>si</strong></span> <span class='ocrx_word' id='word_1_214' title='bbox 2206 1464 2261 1508; x_wconf 90' lang='lat' dir='ltr'><strong>et</strong></span> <span class='ocrx_word' id='word_1_215' title='bbox 2284 1465 2338 1508; x_wconf 89' lang='lat' dir='ltr'><strong>tu</strong></span> <span class='ocrx_word' id='word_1_216' title='bbox 2366 1454 2486 1509; x_wconf 90' lang='lat' dir='ltr'><strong>talis</strong></span> <span class='ocrx_word' id='word_1_217' title='bbox 2515 1455 2712 1519; x_wconf 81' lang='lat' dir='ltr'><strong>fueris,</strong></span> <span class='ocrx_word' id='word_1_218' title='bbox 2746 1464 2805 1509; x_wconf 93' lang='lat' dir='ltr'><strong>ut</strong></span> <span class='ocrx_word' id='word_1_219' title='bbox 2834 1455 2995 1510; x_wconf 90' lang='lat' dir='ltr'><strong>simul</strong></span> <span class='ocrx_word' id='word_1_220' title='bbox 3025 1456 3218 1512; x_wconf 90' lang='lat' dir='ltr'><strong>colatis</strong></span> <span class='ocrx_word' id='word_1_221' title='bbox 3261 1466 3318 1511; x_wconf 92' lang='lat' dir='ltr'><strong>et</strong></span> <span class='ocrx_word' id='word_1_222' title='bbox 3361 1457 3619 1526; x_wconf 81' lang='lat' dir='ltr'><strong>diligatis</strong></span> <span class='ocrx_word' id='word_1_223' title='bbox 3651 1457 3753 1511; x_wconf 77' lang='lat' dir='ltr'><strong>Do-</strong></span> 
     </span>
    </p>
   </div>
   <div class='ocr_carea' id='block_1_30' title="bbox 2131 1547 3752 1620">
    <p class='ocr_par' dir='ltr' id='par_1_30' title="bbox 2131 1547 3752 1620">
     <span class='ocr_line' id='line_1_30' title="bbox 2131 1547 3752 1620; baseline 0.001 -20"><span class='ocrx_word' id='word_1_224' title='bbox 2131 1547 2336 1602; x_wconf 90' lang='lat' dir='ltr'><strong>minum</strong></span> <span class='ocrx_word' id='word_1_225' title='bbox 2384 1547 2590 1618; x_wconf 87' lang='lat' dir='ltr'><strong>gratis:</strong></span> <span class='ocrx_word' id='word_1_226' title='bbox 2625 1548 2749 1616; x_wconf 85' lang='lat' dir='ltr'><strong>quia</strong></span> <span class='ocrx_word' id='word_1_227' title='bbox 2779 1556 2951 1602; x_wconf 90' lang='lat' dir='ltr'><strong>totum</strong></span> <span class='ocrx_word' id='word_1_228' title='bbox 2983 1549 3266 1618; x_wconf 59' lang='lat' dir='ltr'><strong>praemium</strong></span> <span class='ocrx_word' id='word_1_229' title='bbox 3318 1559 3579 1604; x_wconf 86' lang='lat' dir='ltr'><strong>nostrum</strong></span> <span class='ocrx_word' id='word_1_230' title='bbox 3641 1552 3752 1620; x_wconf 80' lang='lat' dir='ltr'><strong>ipse</strong></span> 
     </span>
    </p>
   </div>
   <div class='ocr_carea' id='block_1_31' title="bbox 2131 1639 3746 1713">
    <p class='ocr_par' dir='ltr' id='par_1_31' title="bbox 2131 1639 3746 1713">
     <span class='ocr_line' id='line_1_31' title="bbox 2131 1639 3746 1713; baseline 0.002 -19"><span class='ocrx_word' id='word_1_231' title='bbox 2131 1639 2257 1703; x_wconf 84' lang='lat' dir='ltr'><strong>erit,</strong></span> <span class='ocrx_word' id='word_1_232' title='bbox 2288 1648 2344 1693; x_wconf 91' lang='lat' dir='ltr'><strong>ut</strong></span> <span class='ocrx_word' id='word_1_233' title='bbox 2374 1640 2425 1694; x_wconf 94' lang='lat' dir='ltr'><strong>in</strong></span> <span class='ocrx_word' id='word_1_234' title='bbox 2460 1640 2547 1694; x_wconf 91' lang='lat' dir='ltr'><strong>illa</strong></span> <span class='ocrx_word' id='word_1_235' title='bbox 2594 1649 2793 1694; x_wconf 70' lang='lat' dir='ltr'><strong>aeterna</strong></span> <span class='ocrx_word' id='word_1_236' title='bbox 2824 1641 2934 1694; x_wconf 89' lang='lat' dir='ltr'><strong>vita</strong></span> <span class='ocrx_word' id='word_1_237' title='bbox 2975 1640 3218 1697; x_wconf 85' lang='lat' dir='ltr'><strong>bonitate</strong></span> <span class='ocrx_word' id='word_1_238' title='bbox 3242 1642 3360 1712; x_wconf 88' lang='lat' dir='ltr'><strong>ejus</strong></span> <span class='ocrx_word' id='word_1_239' title='bbox 3387 1650 3448 1697; x_wconf 92' lang='lat' dir='ltr'><strong>et</strong></span> <span class='ocrx_word' id='word_1_240' title='bbox 3499 1642 3746 1713; x_wconf 82' lang='lat' dir='ltr'><strong>pulchri-</strong></span> 
     </span>
    </p>
   </div>
   <div class='ocr_carea' id='block_1_32' title="bbox 2132 1728 3751 1799">
    <p class='ocr_par' dir='ltr' id='par_1_32' title="bbox 2132 1728 3751 1799">
     <span class='ocr_line' id='line_1_32' title="bbox 2132 1728 3751 1799; baseline 0.003 -16"><span class='ocrx_word' id='word_1_241' title='bbox 2132 1728 2318 1785; x_wconf 84' lang='lat' dir='ltr'><strong>tudine</strong></span> <span class='ocrx_word' id='word_1_242' title='bbox 2347 1729 2708 1799; x_wconf 78' lang='lat' dir='ltr'><strong>perl&#39;ruamur.</strong></span> <span class='ocrx_word' id='word_1_243' title='bbox 2743 1730 2852 1784; x_wconf 87' lang='lat' dir='ltr'><strong>Sed</strong></span> <span class='ocrx_word' id='word_1_244' title='bbox 2895 1732 3158 1786; x_wconf 89' lang='lat' dir='ltr'><strong>amandus</strong></span> <span class='ocrx_word' id='word_1_245' title='bbox 3189 1743 3294 1797; x_wconf 89' lang='lat' dir='ltr'><strong>est,</strong></span> <span class='ocrx_word' id='word_1_246' title='bbox 3325 1749 3437 1788; x_wconf 91' lang='lat' dir='ltr'><strong>non</strong></span> <span class='ocrx_word' id='word_1_247' title='bbox 3467 1735 3622 1788; x_wconf 86' lang='lat' dir='ltr'><strong>sicut</strong></span> <span class='ocrx_word' id='word_1_248' title='bbox 3655 1735 3751 1788; x_wconf 86' lang='lat' dir='ltr'><strong>ali-</strong></span> 
     </span>
    </p>
   </div>
   <div class='ocr_carea' id='block_1_33' title="bbox 2133 1822 3746 1896">
    <p class='ocr_par' dir='ltr' id='par_1_33' title="bbox 2133 1822 3746 1896">
     <span class='ocr_line' id='line_1_33' title="bbox 2133 1822 3746 1896; baseline 0.002 -20"><span class='ocrx_word' id='word_1_249' title='bbox 2133 1822 2262 1892; x_wconf 89' lang='lat' dir='ltr'><strong>quid</strong></span> <span class='ocrx_word' id='word_1_250' title='bbox 2283 1823 2424 1892; x_wconf 89' lang='lat' dir='ltr'><strong>quod</strong></span> <span class='ocrx_word' id='word_1_251' title='bbox 2453 1823 2662 1877; x_wconf 88' lang='lat' dir='ltr'><strong>videtur</strong></span> <span class='ocrx_word' id='word_1_252' title='bbox 2686 1823 2878 1888; x_wconf 91' lang='lat' dir='ltr'><strong>oculis,</strong></span> <span class='ocrx_word' id='word_1_253' title='bbox 2909 1825 3000 1879; x_wconf 90' lang='lat' dir='ltr'><strong>sed</strong></span> <span class='ocrx_word' id='word_1_254' title='bbox 3025 1825 3164 1879; x_wconf 87' lang='lat' dir='ltr'><strong>sicut</strong></span> <span class='ocrx_word' id='word_1_255' title='bbox 3193 1833 3413 1879; x_wconf 85' lang='lat' dir='ltr'><strong>amatur</strong></span> <span class='ocrx_word' id='word_1_256' title='bbox 3441 1827 3746 1896; x_wconf 79' lang='lat' dir='ltr'><strong>sapientia,</strong></span> 
     </span>
    </p>
   </div>
   <div class='ocr_carea' id='block_1_34' title="bbox 449 1912 3750 1988">
    <p class='ocr_par' dir='ltr' id='par_1_34' title="bbox 449 1912 3750 1988">
     <span class='ocr_line' id='line_1_34' title="bbox 449 1912 3750 1988; baseline 0.001 -20"><span class='ocrx_word' id='word_1_257' title='bbox 449 1926 696 1971; x_wconf 85' lang='lat' dir='ltr'><strong>recturus</strong></span> <span class='ocrx_word' id='word_1_258' title='bbox 727 1925 870 1972; x_wconf 89' lang='lat' dir='ltr'><strong>esset</strong></span> <span class='ocrx_word' id='word_1_259' title='bbox 897 1934 909 1969; x_wconf 91' lang='lat'><strong>:</strong></span> <span class='ocrx_word' id='word_1_260' title='bbox 941 1917 1258 1982; x_wconf 76' lang='lat' dir='ltr'><strong>resurrexit,</strong></span> <span class='ocrx_word' id='word_1_261' title='bbox 1289 1925 1344 1973; x_wconf 92' lang='lat' dir='ltr'><strong>et</strong></span> <span class='ocrx_word' id='word_1_262' title='bbox 1385 1917 1676 1972; x_wconf 89' lang='lat' dir='ltr'><strong>secundum</strong></span> <span class='ocrx_word' id='word_1_263' title='bbox 1729 1919 1843 1988; x_wconf 85' lang='lat' dir='ltr'><strong>ipsa</strong></span> <span class='ocrx_word' id='word_1_264' title='bbox 1899 1934 2034 1988; x_wconf 68' lang='lat' dir='ltr'><strong>praz-</strong></span> <span class='ocrx_word' id='word_1_265' title='bbox 2066 1920 2108 1979; x_wconf 82' lang='grc' dir='ltr'>Β</span> <span class='ocrx_word' id='word_1_266' title='bbox 2137 1921 2192 1966; x_wconf 89' lang='lat' dir='ltr'><strong>et</strong></span> <span class='ocrx_word' id='word_1_267' title='bbox 2220 1912 2437 1976; x_wconf 88' lang='lat' dir='ltr'><strong>veritas,</strong></span> <span class='ocrx_word' id='word_1_268' title='bbox 2467 1920 2520 1966; x_wconf 90' lang='lat' dir='ltr'><strong>et</strong></span> <span class='ocrx_word' id='word_1_269' title='bbox 2549 1913 2828 1978; x_wconf 83' lang='lat' dir='ltr'><strong>sanctitas,</strong></span> <span class='ocrx_word' id='word_1_270' title='bbox 2874 1913 3192 1983; x_wconf 85' lang='lat' dir='ltr'><strong>et&#39;justitia,</strong></span> <span class='ocrx_word' id='word_1_271' title='bbox 3220 1923 3274 1970; x_wconf 90' lang='lat' dir='ltr'><strong>et</strong></span> <span class='ocrx_word' id='word_1_272' title='bbox 3312 1916 3587 1976; x_wconf 81' lang='lat' dir='ltr'><strong>Charitas,</strong></span> <span class='ocrx_word' id='word_1_273' title='bbox 3623 1927 3680 1971; x_wconf 87' lang='lat' dir='ltr'><strong>et</strong></span> <span class='ocrx_word' id='word_1_274' title='bbox 3709 1918 3750 1972; x_wconf 83' lang='lat' dir='ltr'><strong>si</strong></span> 
     </span>
    </p>
   </div>
   <div class='ocr_carea' id='block_1_35' title="bbox 449 2009 2030 2083">
    <p class='ocr_par' dir='ltr' id='par_1_35' title="bbox 449 2009 2030 2083">
     <span class='ocr_line' id='line_1_35' title="bbox 449 2009 2030 2083; baseline 0.004 -21"><span class='ocrx_word' id='word_1_275' title='bbox 449 2009 592 2063; x_wconf 83' lang='lat' dir='ltr'><strong>dicta</strong></span> <span class='ocrx_word' id='word_1_276' title='bbox 631 2009 1010 2079; x_wconf 89' lang='lat' dir='ltr'><strong>prophetarum</strong></span> <span class='ocrx_word' id='word_1_277' title='bbox 1037 2011 1277 2066; x_wconf 87' lang='lat' dir='ltr'><strong>ascendit</strong></span> <span class='ocrx_word' id='word_1_278' title='bbox 1323 2011 1376 2064; x_wconf 93' lang='lat' dir='ltr'><strong>in</strong></span> <span class='ocrx_word' id='word_1_279' title='bbox 1417 2011 1646 2077; x_wconf 79' lang='lat' dir='ltr'><strong>ccelum,</strong></span> <span class='ocrx_word' id='word_1_280' title='bbox 1677 2021 1731 2067; x_wconf 90' lang='lat' dir='ltr'><strong>et</strong></span> <span class='ocrx_word' id='word_1_281' title='bbox 1755 2013 2030 2083; x_wconf 84' lang='lat' dir='ltr'><strong>discipulis</strong></span> 
     </span>
    </p>
   </div>
   <div class='ocr_carea' id='block_1_36' title="bbox 450 2099 2033 2173">
    <p class='ocr_par' dir='ltr' id='par_1_36' title="bbox 450 2099 2033 2173">
     <span class='ocr_line' id='line_1_36' title="bbox 450 2099 2033 2173; baseline 0.001 -17"><span class='ocrx_word' id='word_1_282' title='bbox 450 2102 562 2156; x_wconf 79' lang='lat' dir='ltr'><strong>suis</strong></span> <span class='ocrx_word' id='word_1_283' title='bbox 593 2099 851 2173; x_wconf 87' lang='lat' dir='ltr'><strong>Spiritum</strong></span> <span class='ocrx_word' id='word_1_284' title='bbox 876 2112 1122 2157; x_wconf 89' lang='lat' dir='ltr'><strong>sanctum</strong></span> <span class='ocrx_word' id='word_1_285' title='bbox 1155 2102 1320 2156; x_wconf 91' lang='lat' dir='ltr'><strong>misit.</strong></span> <span class='ocrx_word' id='word_1_286' title='bbox 1350 2101 1672 2157; x_wconf 66' lang='lat' dir='ltr'><strong>Praedictum</strong></span> <span class='ocrx_word' id='word_1_287' title='bbox 1695 2111 1778 2158; x_wconf 92' lang='lat' dir='ltr'><strong>est</strong></span> <span class='ocrx_word' id='word_1_288' title='bbox 1808 2119 1912 2157; x_wconf 90' lang='lat' dir='ltr'><strong>non</strong></span> <span class='ocrx_word' id='word_1_289' title='bbox 1944 2119 2033 2158; x_wconf 82' lang='lat' dir='ltr'><strong>so-</strong></span> 
     </span>
    </p>
   </div>
   <div class='ocr_carea' id='block_1_37' title="bbox 451 2189 2033 2262">
    <p class='ocr_par' dir='ltr' id='par_1_37' title="bbox 451 2189 2033 2262">
     <span class='ocr_line' id='line_1_37' title="bbox 451 2189 2033 2262; baseline 0.003 -19"><span class='ocrx_word' id='word_1_290' title='bbox 451 2189 558 2244; x_wconf 88' lang='lat' dir='ltr'><strong>lum</strong></span> <span class='ocrx_word' id='word_1_291' title='bbox 607 2206 636 2244; x_wconf 88' lang='lat' dir='ltr'><strong>a</strong></span> <span class='ocrx_word' id='word_1_292' title='bbox 691 2193 988 2262; x_wconf 90' lang='lat' dir='ltr'><strong>prophetis,</strong></span> <span class='ocrx_word' id='word_1_293' title='bbox 1021 2191 1114 2246; x_wconf 89' lang='lat' dir='ltr'><strong>sed</strong></span> <span class='ocrx_word' id='word_1_294' title='bbox 1163 2193 1326 2246; x_wconf 89' lang='lat' dir='ltr'><strong>etiam</strong></span> <span class='ocrx_word' id='word_1_295' title='bbox 1372 2192 1440 2246; x_wconf 90' lang='lat' dir='ltr'><strong>ab</strong></span> <span class='ocrx_word' id='word_1_296' title='bbox 1483 2193 1600 2262; x_wconf 92' lang='lat' dir='ltr'><strong>ipso</strong></span> <span class='ocrx_word' id='word_1_297' title='bbox 1628 2193 1856 2247; x_wconf 86' lang='lat' dir='ltr'><strong>Domino</strong></span> <span class='ocrx_word' id='word_1_298' title='bbox 1906 2191 2033 2247; x_wconf 89' lang='lat' dir='ltr'><strong>Jesu</strong></span> 
     </span>
    </p>
   </div>
   <div class='ocr_carea' id='block_1_38' title="bbox 451 2279 2033 2353">
    <p class='ocr_par' dir='ltr' id='par_1_38' title="bbox 451 2279 2033 2353">
     <span class='ocr_line' id='line_1_38' title="bbox 451 2279 2033 2353; baseline 0.002 -18"><span class='ocrx_word' id='word_1_299' title='bbox 451 2279 686 2346; x_wconf 89' lang='lat' dir='ltr'><strong>Christo,</strong></span> <span class='ocrx_word' id='word_1_300' title='bbox 727 2283 868 2351; x_wconf 92' lang='lat' dir='ltr'><strong>quod</strong></span> <span class='ocrx_word' id='word_1_301' title='bbox 902 2281 1140 2336; x_wconf 86' lang='lat' dir='ltr'><strong>Ecclesia</strong></span> <span class='ocrx_word' id='word_1_302' title='bbox 1172 2280 1287 2350; x_wconf 91' lang='lat' dir='ltr'><strong>ejus</strong></span> <span class='ocrx_word' id='word_1_303' title='bbox 1335 2297 1432 2353; x_wconf 93' lang='lat' dir='ltr'><strong>per</strong></span> <span class='ocrx_word' id='word_1_304' title='bbox 1492 2283 1799 2338; x_wconf 87' lang='lat' dir='ltr'><strong>universum</strong></span> <span class='ocrx_word' id='word_1_305' title='bbox 1847 2287 2033 2338; x_wconf 89' lang='lat' dir='ltr'><strong>orbem</strong></span> 
     </span>
    </p>
   </div>
   <div class='ocr_carea' id='block_1_39' title="bbox 454 2372 2033 2446">
    <p class='ocr_par' dir='ltr' id='par_1_39' title="bbox 454 2372 2033 2446">
     <span class='ocr_line' id='line_1_39' title="bbox 454 2372 2033 2446; baseline 0.003 -22"><span class='ocrx_word' id='word_1_306' title='bbox 454 2378 723 2426; x_wconf 88' lang='lat' dir='ltr'><strong>terrarum</strong></span> <span class='ocrx_word' id='word_1_307' title='bbox 786 2380 929 2428; x_wconf 88' lang='lat' dir='ltr'><strong>esset</strong></span> <span class='ocrx_word' id='word_1_308' title='bbox 981 2372 1183 2436; x_wconf 84' lang='lat' dir='ltr'><strong>futura,</strong></span> <span class='ocrx_word' id='word_1_309' title='bbox 1243 2389 1342 2443; x_wconf 88' lang='lat' dir='ltr'><strong>per</strong></span> <span class='ocrx_word' id='word_1_310' title='bbox 1405 2382 1714 2430; x_wconf 90' lang='lat' dir='ltr'><strong>sanctorum</strong></span> <span class='ocrx_word' id='word_1_311' title='bbox 1776 2376 2033 2446; x_wconf 76' lang='lat' dir='ltr'><strong>martyrio</strong></span> 
     </span>
    </p>
   </div>
   <div class='ocr_carea' id='block_1_40' title="bbox 452 2465 2037 2536">
    <p class='ocr_par' dir='ltr' id='par_1_40' title="bbox 452 2465 2037 2536">
     <span class='ocr_line' id='line_1_40' title="bbox 452 2465 2037 2536; baseline 0.003 -18"><span class='ocrx_word' id='word_1_312' title='bbox 452 2465 845 2534; x_wconf 82' lang='lat' dir='ltr'><strong>passionesque</strong></span> <span class='ocrx_word' id='word_1_313' title='bbox 865 2465 1211 2518; x_wconf 82' lang='lat' dir='ltr'><strong>disseminata</strong></span> <span class='ocrx_word' id='word_1_314' title='bbox 1235 2481 1248 2518; x_wconf 88' lang='lat'><strong>:</strong></span> <span class='ocrx_word' id='word_1_315' title='bbox 1272 2472 1325 2518; x_wconf 91' lang='lat' dir='ltr'><strong>et</strong></span> <span class='ocrx_word' id='word_1_316' title='bbox 1347 2472 1472 2519; x_wconf 92' lang='lat' dir='ltr'><strong>tunc</strong></span> <span class='ocrx_word' id='word_1_317' title='bbox 1491 2465 1805 2534; x_wconf 67' lang='lat' dir='ltr'><strong>praedictum</strong></span> <span class='ocrx_word' id='word_1_318' title='bbox 1822 2467 2037 2536; x_wconf 87' lang='lat' dir='ltr'><strong>quando</strong></span> 
     </span>
    </p>
   </div>
   <div class='ocr_carea' id='block_1_41' title="bbox 453 2557 2035 2629">
    <p class='ocr_par' dir='ltr' id='par_1_41' title="bbox 453 2557 2035 2629">
     <span class='ocr_line' id='line_1_41' title="bbox 453 2557 2035 2629; baseline 0.001 -17"><span class='ocrx_word' id='word_1_319' title='bbox 453 2557 631 2612; x_wconf 87' lang='lat' dir='ltr'><strong>adhuc</strong></span> <span class='ocrx_word' id='word_1_320' title='bbox 660 2571 852 2612; x_wconf 92' lang='lat' dir='ltr'><strong>nomen</strong></span> <span class='ocrx_word' id='word_1_321' title='bbox 881 2557 997 2627; x_wconf 92' lang='lat' dir='ltr'><strong>ejus</strong></span> <span class='ocrx_word' id='word_1_322' title='bbox 1034 2566 1088 2611; x_wconf 93' lang='lat' dir='ltr'><strong>et</strong></span> <span class='ocrx_word' id='word_1_323' title='bbox 1121 2557 1322 2613; x_wconf 88' lang='lat' dir='ltr'><strong>latebat</strong></span> <span class='ocrx_word' id='word_1_324' title='bbox 1372 2568 1580 2629; x_wconf 91' lang='lat' dir='ltr'><strong>genles,</strong></span> <span class='ocrx_word' id='word_1_325' title='bbox 1624 2568 1676 2614; x_wconf 92' lang='lat' dir='ltr'><strong>et</strong></span> <span class='ocrx_word' id='word_1_326' title='bbox 1717 2560 1805 2614; x_wconf 91' lang='lat' dir='ltr'><strong>ubi</strong></span> <span class='ocrx_word' id='word_1_327' title='bbox 1852 2569 2035 2615; x_wconf 91' lang='lat' dir='ltr'><strong>notum</strong></span> 
     </span>
    </p>
   </div>
   <div class='ocr_carea' id='block_1_42' title="bbox 453 2649 2036 2707">
    <p class='ocr_par' dir='ltr' id='par_1_42' title="bbox 453 2649 2036 2707">
     <span class='ocr_line' id='line_1_42' title="bbox 453 2649 2036 2707; baseline 0.001 -2"><span class='ocrx_word' id='word_1_328' title='bbox 453 2657 570 2705; x_wconf 89' lang='lat' dir='ltr'><strong>erat</strong></span> <span class='ocrx_word' id='word_1_329' title='bbox 599 2649 960 2704; x_wconf 83' lang='lat' dir='ltr'><strong>irridebatur:</strong></span> <span class='ocrx_word' id='word_1_330' title='bbox 987 2656 1042 2703; x_wconf 95' lang='lat' dir='ltr'><strong>et</strong></span> <span class='ocrx_word' id='word_1_331' title='bbox 1067 2657 1244 2704; x_wconf 90' lang='lat' dir='ltr'><strong>tamen</strong></span> <span class='ocrx_word' id='word_1_332' title='bbox 1264 2650 1322 2705; x_wconf 92' lang='lat' dir='ltr'><strong>in</strong></span> <span class='ocrx_word' id='word_1_333' title='bbox 1337 2649 1626 2706; x_wconf 87' lang='lat' dir='ltr'><strong>virtutibus</strong></span> <span class='ocrx_word' id='word_1_334' title='bbox 1655 2650 2036 2707; x_wconf 89' lang='lat' dir='ltr'><strong>miraculorum</strong></span> 
     </span>
    </p>
   </div>
   <div class='ocr_carea' id='block_1_43' title="bbox 453 2741 2034 2813">
    <p class='ocr_par' dir='ltr' id='par_1_43' title="bbox 453 2741 2034 2813">
     <span class='ocr_line' id='line_1_43' title="bbox 453 2741 2034 2813; baseline 0 -15"><span class='ocrx_word' id='word_1_335' title='bbox 453 2741 590 2813; x_wconf 90' lang='lat' dir='ltr'><strong>ejus,</strong></span> <span class='ocrx_word' id='word_1_336' title='bbox 626 2741 740 2797; x_wconf 89' lang='lat' dir='ltr'><strong>sive</strong></span> <span class='ocrx_word' id='word_1_337' title='bbox 760 2757 855 2812; x_wconf 87' lang='lat' dir='ltr'><strong>per</strong></span> <span class='ocrx_word' id='word_1_338' title='bbox 877 2756 936 2798; x_wconf 89' lang='lat' dir='ltr'><strong>se</strong></span> <span class='ocrx_word' id='word_1_339' title='bbox 963 2741 1099 2812; x_wconf 88' lang='lat' dir='ltr'><strong>ipse,</strong></span> <span class='ocrx_word' id='word_1_340' title='bbox 1122 2742 1236 2796; x_wconf 89' lang='lat' dir='ltr'><strong>sive</strong></span> <span class='ocrx_word' id='word_1_341' title='bbox 1261 2756 1380 2812; x_wconf 66' lang='lat' dir='ltr'><strong>quae</strong></span> <span class='ocrx_word' id='word_1_342' title='bbox 1405 2757 1500 2812; x_wconf 90' lang='lat' dir='ltr'><strong>per</strong></span> <span class='ocrx_word' id='word_1_343' title='bbox 1525 2757 1711 2798; x_wconf 88' lang='lat' dir='ltr'><strong>servos</strong></span> <span class='ocrx_word' id='word_1_344' title='bbox 1737 2757 1864 2798; x_wconf 86' lang='lat' dir='ltr'><strong>suos</strong></span> <span class='ocrx_word' id='word_1_345' title='bbox 1888 2743 2034 2812; x_wconf 82' lang='lat' dir='ltr'><strong>fecit,</strong></span> 
     </span>
    </p>
   </div>
   <div class='ocr_carea' id='block_1_44' title="bbox 455 2834 2040 2905">
    <p class='ocr_par' dir='ltr' id='par_1_44' title="bbox 455 2834 2040 2905">
     <span class='ocr_line' id='line_1_44' title="bbox 455 2834 2040 2905; baseline 0 -13"><span class='ocrx_word' id='word_1_346' title='bbox 455 2835 582 2892; x_wconf 90' lang='lat' dir='ltr'><strong>dum</strong></span> <span class='ocrx_word' id='word_1_347' title='bbox 627 2835 1022 2891; x_wconf 80' lang='lat' dir='ltr'><strong>annuntiantur</strong></span> <span class='ocrx_word' id='word_1_348' title='bbox 1061 2835 1177 2891; x_wconf 72' lang='lat' dir='ltr'><strong>haec</strong></span> <span class='ocrx_word' id='word_1_349' title='bbox 1206 2844 1260 2890; x_wconf 91' lang='lat' dir='ltr'><strong>et</strong></span> <span class='ocrx_word' id='word_1_350' title='bbox 1287 2836 1614 2902; x_wconf 91' lang='lat' dir='ltr'><strong>creduntur,</strong></span> <span class='ocrx_word' id='word_1_351' title='bbox 1647 2834 1763 2905; x_wconf 88' lang='lat' dir='ltr'><strong>jam</strong></span> <span class='ocrx_word' id='word_1_352' title='bbox 1801 2836 2040 2892; x_wconf 91' lang='lat' dir='ltr'><strong>videmus</strong></span> 
     </span>
    </p>
   </div>
   <div class='ocr_carea' id='block_1_45' title="bbox 455 2927 2040 3000">
    <p class='ocr_par' dir='ltr' id='par_1_45' title="bbox 455 2927 2040 3000">
     <span class='ocr_line' id='line_1_45' title="bbox 455 2927 2040 3000; baseline -0.001 -16"><span class='ocrx_word' id='word_1_353' title='bbox 455 2928 597 3000; x_wconf 91' lang='lat' dir='ltr'><strong>quod</strong></span> <span class='ocrx_word' id='word_1_354' title='bbox 661 2927 977 3000; x_wconf 63' lang='lat' dir='ltr'><strong>praedictum</strong></span> <span class='ocrx_word' id='word_1_355' title='bbox 1027 2937 1112 2984; x_wconf 89' lang='lat' dir='ltr'><strong>est</strong></span> <span class='ocrx_word' id='word_1_356' title='bbox 1165 2943 1287 2984; x_wconf 90' lang='lat' dir='ltr'><strong>esse</strong></span> <span class='ocrx_word' id='word_1_357' title='bbox 1348 2928 1672 2998; x_wconf 91' lang='lat' dir='ltr'><strong>completum</strong></span> <span class='ocrx_word' id='word_1_358' title='bbox 1703 2969 1718 2994; x_wconf 97' lang='lat'><strong>,</strong></span> <span class='ocrx_word' id='word_1_359' title='bbox 1781 2943 2040 2998; x_wconf 88' lang='lat' dir='ltr'><strong>regesque</strong></span> 
     </span>
    </p>
   </div>
   <div class='ocr_carea' id='block_1_46' title="bbox 454 3018 2041 3090">
    <p class='ocr_par' dir='ltr' id='par_1_46' title="bbox 454 3018 2041 3090">
     <span class='ocr_line' id='line_1_46' title="bbox 454 3018 2041 3090; baseline 0.001 -15"><span class='ocrx_word' id='word_1_360' title='bbox 454 3019 603 3090; x_wconf 87' lang='lat' dir='ltr'><strong>ipsos</strong></span> <span class='ocrx_word' id='word_1_361' title='bbox 652 3029 812 3075; x_wconf 77' lang='lat' dir='ltr'><strong>terra:</strong></span> <span class='ocrx_word' id='word_1_362' title='bbox 853 3019 945 3089; x_wconf 91' lang='lat' dir='ltr'><strong>qui</strong></span> <span class='ocrx_word' id='word_1_363' title='bbox 994 3027 1150 3074; x_wconf 86' lang='lat' dir='ltr'><strong>antea</strong></span> <span class='ocrx_word' id='word_1_364' title='bbox 1199 3021 1662 3090; x_wconf 88' lang='lat' dir='ltr'><strong>persequebantur</strong></span> <span class='ocrx_word' id='word_1_365' title='bbox 1705 3018 2041 3076; x_wconf 88' lang='lat' dir='ltr'><strong>Christianos</strong></span> 
     </span>
    </p>
   </div>
   <div class='ocr_carea' id='block_1_47' title="bbox 451 3108 2041 3180">
    <p class='ocr_par' dir='ltr' id='par_1_47' title="bbox 451 3108 2041 3180">
     <span class='ocr_line' id='line_1_47' title="bbox 451 3108 2041 3180; baseline 0.001 -16"><span class='ocrx_word' id='word_1_366' title='bbox 451 3110 566 3180; x_wconf 88' lang='lat' dir='ltr'><strong>jam</strong></span> <span class='ocrx_word' id='word_1_367' title='bbox 588 3109 790 3166; x_wconf 90' lang='lat' dir='ltr'><strong>Christi</strong></span> <span class='ocrx_word' id='word_1_368' title='bbox 821 3109 1026 3164; x_wconf 88' lang='lat' dir='ltr'><strong>nomini</strong></span> <span class='ocrx_word' id='word_1_369' title='bbox 1050 3108 1398 3179; x_wconf 88' lang='lat' dir='ltr'><strong>subjugatos;</strong></span> <span class='ocrx_word' id='word_1_370' title='bbox 1428 3110 1744 3179; x_wconf 66' lang='lat' dir='ltr'><strong>praedictum</strong></span> <span class='ocrx_word' id='word_1_371' title='bbox 1768 3118 1850 3166; x_wconf 88' lang='lat' dir='ltr'><strong>est</strong></span> <span class='ocrx_word' id='word_1_372' title='bbox 1879 3111 2041 3166; x_wconf 88' lang='lat' dir='ltr'><strong>etiam</strong></span> 
     </span>
    </p>
   </div>
   <div class='ocr_carea' id='block_1_48' title="bbox 2131 2003 3749 2078">
    <p class='ocr_par' dir='ltr' id='par_1_48' title="bbox 2131 2003 3749 2078">
     <span class='ocr_line' id='line_1_48' title="bbox 2131 2003 3749 2078; baseline 0.006 -22"><span class='ocrx_word' id='word_1_373' title='bbox 2131 2003 2262 2074; x_wconf 88' lang='lat' dir='ltr'><strong>quid</strong></span> <span class='ocrx_word' id='word_1_374' title='bbox 2319 2003 2464 2058; x_wconf 88' lang='lat' dir='ltr'><strong>aliud</strong></span> <span class='ocrx_word' id='word_1_375' title='bbox 2519 2004 2623 2058; x_wconf 87' lang='lat' dir='ltr'><strong>tale</strong></span> <span class='ocrx_word' id='word_1_376' title='bbox 2680 2006 2898 2071; x_wconf 92' lang='lat' dir='ltr'><strong>dicitur,</strong></span> <span class='ocrx_word' id='word_1_377' title='bbox 2940 2021 3046 2062; x_wconf 92' lang='lat' dir='ltr'><strong>non</strong></span> <span class='ocrx_word' id='word_1_378' title='bbox 3103 2007 3576 2078; x_wconf 88' lang='lat' dir='ltr'><strong>quemadmodum</strong></span> <span class='ocrx_word' id='word_1_379' title='bbox 3627 2020 3749 2065; x_wconf 88' lang='lat' dir='ltr'><strong>sunt</strong></span> 
     </span>
    </p>
   </div>
   <div class='ocr_carea' id='block_1_49' title="bbox 2133 2085 3749 2174">
    <p class='ocr_par' dir='ltr' id='par_1_49' title="bbox 2133 2085 3749 2174">
     <span class='ocr_line' id='line_1_49' title="bbox 2133 2085 3749 2174; baseline 0.003 -22"><span class='ocrx_word' id='word_1_380' title='bbox 2133 2085 2235 2153; x_wconf 87' lang='lat' dir='ltr'><strong>ista</strong></span> <span class='ocrx_word' id='word_1_381' title='bbox 2270 2099 2322 2152; x_wconf 94' lang='lat' dir='ltr'><strong>in</strong></span> <span class='ocrx_word' id='word_1_382' title='bbox 2353 2097 2682 2163; x_wconf 87' lang='lat' dir='ltr'><strong>hominibus,</strong></span> <span class='ocrx_word' id='word_1_383' title='bbox 2712 2100 2804 2155; x_wconf 88' lang='lat' dir='ltr'><strong>sed</strong></span> <span class='ocrx_word' id='word_1_384' title='bbox 2855 2103 3310 2170; x_wconf 89' lang='lat' dir='ltr'><strong>quemadmodum</strong></span> <span class='ocrx_word' id='word_1_385' title='bbox 3350 2113 3488 2158; x_wconf 90' lang='lat' dir='ltr'><strong>sunt</strong></span> <span class='ocrx_word' id='word_1_386' title='bbox 3517 2105 3580 2158; x_wconf 89' lang='lat' dir='ltr'><strong>in</strong></span> <span class='ocrx_word' id='word_1_387' title='bbox 3637 2106 3749 2174; x_wconf 81' lang='lat' dir='ltr'><strong>ipso</strong></span> 
     </span>
    </p>
   </div>
   <div class='ocr_carea' id='block_1_50' title="bbox 2134 2188 3743 2265">
    <p class='ocr_par' dir='ltr' id='par_1_50' title="bbox 2134 2188 3743 2265">
     <span class='ocr_line' id='line_1_50' title="bbox 2134 2188 3743 2265; baseline 0.004 -22"><span class='ocrx_word' id='word_1_388' title='bbox 2134 2188 2280 2244; x_wconf 81' lang='lat' dir='ltr'><strong>fonte</strong></span> <span class='ocrx_word' id='word_1_389' title='bbox 2335 2189 2757 2258; x_wconf 88' lang='lat' dir='ltr'><strong>ineorruptibilis</strong></span> <span class='ocrx_word' id='word_1_390' title='bbox 2807 2200 2864 2246; x_wconf 88' lang='lat' dir='ltr'><strong>et</strong></span> <span class='ocrx_word' id='word_1_391' title='bbox 2931 2192 3388 2248; x_wconf 88' lang='lat' dir='ltr'><strong>incommutabilis</strong></span> <span class='ocrx_word' id='word_1_392' title='bbox 3436 2197 3743 2265; x_wconf 67' lang='lat' dir='ltr'><strong>sapientiae.</strong></span> 
     </span>
    </p>
   </div>
   <div class='ocr_carea' id='block_1_51' title="bbox 2136 2282 3749 2356">
    <p class='ocr_par' dir='ltr' id='par_1_51' title="bbox 2136 2282 3749 2356">
     <span class='ocr_line' id='line_1_51' title="bbox 2136 2282 3749 2356; baseline 0.004 -21"><span class='ocrx_word' id='word_1_393' title='bbox 2136 2282 2497 2352; x_wconf 84' lang='lat' dir='ltr'><strong>Quoseunque</strong></span> <span class='ocrx_word' id='word_1_394' title='bbox 2546 2298 2676 2353; x_wconf 90' lang='lat' dir='ltr'><strong>ergo</strong></span> <span class='ocrx_word' id='word_1_395' title='bbox 2719 2284 2920 2340; x_wconf 88' lang='lat' dir='ltr'><strong>videris</strong></span> <span class='ocrx_word' id='word_1_396' title='bbox 2969 2286 3086 2341; x_wconf 62' lang='lat' dir='ltr'><strong>haec</strong></span> <span class='ocrx_word' id='word_1_397' title='bbox 3132 2302 3320 2342; x_wconf 90' lang='lat' dir='ltr'><strong>amare</strong></span> <span class='ocrx_word' id='word_1_398' title='bbox 3369 2287 3483 2341; x_wconf 89' lang='lat' dir='ltr'><strong>illis</strong></span> <span class='ocrx_word' id='word_1_399' title='bbox 3515 2289 3749 2356; x_wconf 73' lang='lat' dir='ltr'><strong>conjun-</strong></span> 
     </span>
    </p>
   </div>
   <div class='ocr_carea' id='block_1_52' title="bbox 2136 2374 3748 2448">
    <p class='ocr_par' dir='ltr' id='par_1_52' title="bbox 2136 2374 3748 2448">
     <span class='ocr_line' id='line_1_52' title="bbox 2136 2374 3748 2448; baseline 0.006 -20"><span class='ocrx_word' id='word_1_400' title='bbox 2136 2390 2262 2444; x_wconf 87' lang='lat' dir='ltr'><strong>gere</strong></span> <span class='ocrx_word' id='word_1_401' title='bbox 2282 2416 2296 2439; x_wconf 95' lang='lat'><strong>,</strong></span> <span class='ocrx_word' id='word_1_402' title='bbox 2327 2383 2380 2430; x_wconf 91' lang='lat' dir='ltr'><strong>ut</strong></span> <span class='ocrx_word' id='word_1_403' title='bbox 2415 2390 2511 2445; x_wconf 91' lang='lat' dir='ltr'><strong>per</strong></span> <span class='ocrx_word' id='word_1_404' title='bbox 2535 2374 2833 2442; x_wconf 90' lang='lat' dir='ltr'><strong>Christum,</strong></span> <span class='ocrx_word' id='word_1_405' title='bbox 2860 2378 2952 2448; x_wconf 90' lang='lat' dir='ltr'><strong>qui</strong></span> <span class='ocrx_word' id='word_1_406' title='bbox 2991 2378 3152 2434; x_wconf 91' lang='lat' dir='ltr'><strong>homo</strong></span> <span class='ocrx_word' id='word_1_407' title='bbox 3197 2379 3374 2435; x_wconf 80' lang='lat' dir='ltr'><strong>factus</strong></span> <span class='ocrx_word' id='word_1_408' title='bbox 3401 2389 3494 2435; x_wconf 86' lang='lat' dir='ltr'><strong>est</strong></span> <span class='ocrx_word' id='word_1_409' title='bbox 3519 2391 3586 2435; x_wconf 85' lang='lat' dir='ltr'><strong>ut</strong></span> <span class='ocrx_word' id='word_1_410' title='bbox 3607 2392 3748 2437; x_wconf 66' lang='lat' dir='ltr'><strong>esset</strong></span> 
     </span>
    </p>
   </div>
   <div class='ocr_carea' id='block_1_53' title="bbox 2136 2467 3748 2533">
    <p class='ocr_par' dir='ltr' id='par_1_53' title="bbox 2136 2467 3748 2533">
     <span class='ocr_line' id='line_1_53' title="bbox 2136 2467 3748 2533; baseline 0.004 -13"><span class='ocrx_word' id='word_1_411' title='bbox 2136 2467 2401 2521; x_wconf 88' lang='lat' dir='ltr'><strong>mediator</strong></span> <span class='ocrx_word' id='word_1_412' title='bbox 2425 2468 2516 2522; x_wconf 90' lang='lat' dir='ltr'><strong>Dei</strong></span> <span class='ocrx_word' id='word_1_413' title='bbox 2550 2476 2606 2522; x_wconf 89' lang='lat' dir='ltr'><strong>et</strong></span> <span class='ocrx_word' id='word_1_414' title='bbox 2645 2468 2947 2533; x_wconf 91' lang='lat' dir='ltr'><strong>hominum,</strong></span> <span class='ocrx_word' id='word_1_415' title='bbox 2975 2469 3349 2526; x_wconf 89' lang='lat' dir='ltr'><strong>reconcilieris</strong></span> <span class='ocrx_word' id='word_1_416' title='bbox 3383 2469 3522 2526; x_wconf 91' lang='lat' dir='ltr'><strong>Deo.</strong></span> <span class='ocrx_word' id='word_1_417' title='bbox 3563 2471 3748 2527; x_wconf 81' lang='lat' dir='ltr'><strong>Bomi-</strong></span> 
     </span>
    </p>
   </div>
   <div class='ocr_carea' id='block_1_54' title="bbox 2137 2556 3744 2627">
    <p class='ocr_par' dir='ltr' id='par_1_54' title="bbox 2137 2556 3744 2627">
     <span class='ocr_line' id='line_1_54' title="bbox 2137 2556 3744 2627; baseline 0.006 -19"><span class='ocrx_word' id='word_1_418' title='bbox 2137 2570 2234 2610; x_wconf 87' lang='lat' dir='ltr'><strong>nes</strong></span> <span class='ocrx_word' id='word_1_419' title='bbox 2257 2570 2541 2624; x_wconf 89' lang='lat' dir='ltr'><strong>perversos</strong></span> <span class='ocrx_word' id='word_1_420' title='bbox 2564 2556 2727 2612; x_wconf 90' lang='lat' dir='ltr'><strong>etiam</strong></span> <span class='ocrx_word' id='word_1_421' title='bbox 2757 2557 2992 2627; x_wconf 87' lang='lat' dir='ltr'><strong>parietes</strong></span> <span class='ocrx_word' id='word_1_422' title='bbox 3016 2559 3060 2613; x_wconf 87' lang='lat' dir='ltr'><strong>si</strong></span> <span class='ocrx_word' id='word_1_423' title='bbox 3088 2558 3298 2614; x_wconf 91' lang='lat' dir='ltr'><strong>intrent</strong></span> <span class='ocrx_word' id='word_1_424' title='bbox 3318 2560 3614 2626; x_wconf 59' lang='lat' dir='ltr'><strong>ecclesia,</strong></span> <span class='ocrx_word' id='word_1_425' title='bbox 3642 2578 3744 2617; x_wconf 82' lang='lat' dir='ltr'><strong>non</strong></span> 
     </span>
    </p>
   </div>
   <div class='ocr_carea' id='block_1_55' title="bbox 2138 2646 3746 2722">
    <p class='ocr_par' dir='ltr' id='par_1_55' title="bbox 2138 2646 3746 2722">
     <span class='ocr_line' id='line_1_55' title="bbox 2138 2646 3746 2722; baseline 0.004 -23"><span class='ocrx_word' id='word_1_426' title='bbox 2138 2658 2233 2700; x_wconf 89' lang='lat' dir='ltr'><strong>eos</strong></span> <span class='ocrx_word' id='word_1_427' title='bbox 2280 2646 2562 2702; x_wconf 89' lang='lat' dir='ltr'><strong>arbitreris</strong></span> <span class='ocrx_word' id='word_1_428' title='bbox 2605 2648 2898 2703; x_wconf 88' lang='lat' dir='ltr'><strong>intraturos</strong></span> <span class='ocrx_word' id='word_1_429' title='bbox 2925 2648 2981 2702; x_wconf 93' lang='lat' dir='ltr'><strong>in</strong></span> <span class='ocrx_word' id='word_1_430' title='bbox 3024 2663 3250 2718; x_wconf 80' lang='lat' dir='ltr'><strong>regnum</strong></span> <span class='ocrx_word' id='word_1_431' title='bbox 3277 2649 3585 2714; x_wconf 63' lang='lat' dir='ltr'><strong>caelorum,</strong></span> <span class='ocrx_word' id='word_1_432' title='bbox 3620 2653 3746 2722; x_wconf 81' lang='lat' dir='ltr'><strong>quia</strong></span> 
     </span>
    </p>
   </div>
   <div class='ocr_carea' id='block_1_56' title="bbox 2139 2741 3746 2810">
    <p class='ocr_par' dir='ltr' id='par_1_56' title="bbox 2139 2741 3746 2810">
     <span class='ocr_line' id='line_1_56' title="bbox 2139 2741 3746 2810; baseline 0.004 -16"><span class='ocrx_word' id='word_1_433' title='bbox 2139 2753 2238 2794; x_wconf 88' lang='lat' dir='ltr'><strong>suo</strong></span> <span class='ocrx_word' id='word_1_434' title='bbox 2287 2749 2530 2810; x_wconf 90' lang='lat' dir='ltr'><strong>tempore</strong></span> <span class='ocrx_word' id='word_1_435' title='bbox 2589 2743 3013 2810; x_wconf 87' lang='lat' dir='ltr'><strong>separabuntur,</strong></span> <span class='ocrx_word' id='word_1_436' title='bbox 3068 2741 3114 2796; x_wconf 89' lang='lat' dir='ltr'><strong>si</strong></span> <span class='ocrx_word' id='word_1_437' title='bbox 3163 2756 3222 2796; x_wconf 89' lang='lat' dir='ltr'><strong>se</strong></span> <span class='ocrx_word' id='word_1_438' title='bbox 3277 2743 3334 2796; x_wconf 92' lang='lat' dir='ltr'><strong>in</strong></span> <span class='ocrx_word' id='word_1_439' title='bbox 3377 2743 3585 2798; x_wconf 87' lang='lat' dir='ltr'><strong>melius</strong></span> <span class='ocrx_word' id='word_1_440' title='bbox 3642 2761 3746 2800; x_wconf 79' lang='lat' dir='ltr'><strong>mn</strong></span> 
     </span>
    </p>
   </div>
   <div class='ocr_carea' id='block_1_57' title="bbox 2140 2834 3747 2906">
    <p class='ocr_par' dir='ltr' id='par_1_57' title="bbox 2140 2834 3747 2906">
     <span class='ocr_line' id='line_1_57' title="bbox 2140 2834 3747 2906; baseline 0.001 -16"><span class='ocrx_word' id='word_1_441' title='bbox 2140 2836 2590 2890; x_wconf 89' lang='lat' dir='ltr'><strong>commutaverint</strong></span> <span class='ocrx_word' id='word_1_442' title='bbox 2617 2835 2883 2892; x_wconf 91' lang='lat' dir='ltr'><strong>homines.</strong></span> <span class='ocrx_word' id='word_1_443' title='bbox 2915 2836 3056 2906; x_wconf 90' lang='lat' dir='ltr'><strong>Ergo</strong></span> <span class='ocrx_word' id='word_1_444' title='bbox 3090 2834 3261 2890; x_wconf 90' lang='lat' dir='ltr'><strong>bonos</strong></span> <span class='ocrx_word' id='word_1_445' title='bbox 3291 2835 3542 2903; x_wconf 87' lang='lat' dir='ltr'><strong>imitare,</strong></span> <span class='ocrx_word' id='word_1_446' title='bbox 3575 2838 3747 2893; x_wconf 82' lang='lat' dir='ltr'><strong>malos</strong></span> 
     </span>
    </p>
   </div>
   <div class='ocr_carea' id='block_1_58' title="bbox 2143 2927 3745 2998">
    <p class='ocr_par' dir='ltr' id='par_1_58' title="bbox 2143 2927 3745 2998">
     <span class='ocr_line' id='line_1_58' title="bbox 2143 2927 3745 2998; baseline 0 -16"><span class='ocrx_word' id='word_1_447' title='bbox 2143 2927 2347 2983; x_wconf 89' lang='lat' dir='ltr'><strong>tolera:</strong></span> <span class='ocrx_word' id='word_1_448' title='bbox 2381 2943 2570 2983; x_wconf 91' lang='lat' dir='ltr'><strong>omnes</strong></span> <span class='ocrx_word' id='word_1_449' title='bbox 2599 2943 2741 2993; x_wconf 89' lang='lat' dir='ltr'><strong>ama,</strong></span> <span class='ocrx_word' id='word_1_450' title='bbox 2782 2927 3035 2998; x_wconf 90' lang='lat' dir='ltr'><strong>quoniam</strong></span> <span class='ocrx_word' id='word_1_451' title='bbox 3089 2927 3266 2982; x_wconf 89' lang='lat' dir='ltr'><strong>nescis</strong></span> <span class='ocrx_word' id='word_1_452' title='bbox 3304 2927 3442 2998; x_wconf 89' lang='lat' dir='ltr'><strong>quid</strong></span> <span class='ocrx_word' id='word_1_453' title='bbox 3475 2944 3606 2984; x_wconf 80' lang='lat' dir='ltr'><strong>cras</strong></span> <span class='ocrx_word' id='word_1_454' title='bbox 3663 2928 3745 2982; x_wconf 76' lang='lat' dir='ltr'><strong>fu-</strong></span> 
     </span>
    </p>
   </div>
   <div class='ocr_carea' id='block_1_59' title="bbox 2143 3021 3749 3092">
    <p class='ocr_par' dir='ltr' id='par_1_59' title="bbox 2143 3021 3749 3092">
     <span class='ocr_line' id='line_1_59' title="bbox 2143 3021 3749 3092; baseline 0.001 -16"><span class='ocrx_word' id='word_1_455' title='bbox 2143 3030 2295 3076; x_wconf 90' lang='lat' dir='ltr'><strong>turus</strong></span> <span class='ocrx_word' id='word_1_456' title='bbox 2343 3021 2529 3092; x_wconf 91' lang='lat' dir='ltr'><strong>sitqui</strong></span> <span class='ocrx_word' id='word_1_457' title='bbox 2586 3021 2745 3077; x_wconf 91' lang='lat' dir='ltr'><strong>hodie</strong></span> <span class='ocrx_word' id='word_1_458' title='bbox 2799 3021 2976 3077; x_wconf 88' lang='lat' dir='ltr'><strong>malus</strong></span> <span class='ocrx_word' id='word_1_459' title='bbox 3024 3029 3150 3076; x_wconf 89' lang='lat' dir='ltr'><strong>est:</strong></span> <span class='ocrx_word' id='word_1_460' title='bbox 3200 3036 3305 3077; x_wconf 90' lang='lat' dir='ltr'><strong>nec</strong></span> <span class='ocrx_word' id='word_1_461' title='bbox 3357 3036 3555 3076; x_wconf 87' lang='lat' dir='ltr'><strong>eorum</strong></span> <span class='ocrx_word' id='word_1_462' title='bbox 3599 3037 3749 3077; x_wconf 78' lang='lat' dir='ltr'><strong>ames</strong></span> 
     </span>
    </p>
   </div>
   <div class='ocr_carea' id='block_1_60' title="bbox 2143 3114 3744 3186">
    <p class='ocr_par' dir='ltr' id='par_1_60' title="bbox 2143 3114 3744 3186">
     <span class='ocr_line' id='line_1_60' title="bbox 2143 3114 3744 3186; baseline 0 -18"><span class='ocrx_word' id='word_1_463' title='bbox 2143 3114 2482 3186; x_wconf 89' lang='lat' dir='ltr'><strong>injustitiam,</strong></span> <span class='ocrx_word' id='word_1_464' title='bbox 2536 3114 2629 3170; x_wconf 89' lang='lat' dir='ltr'><strong>sed</strong></span> <span class='ocrx_word' id='word_1_465' title='bbox 2681 3115 2825 3185; x_wconf 89' lang='lat' dir='ltr'><strong>ipsos</strong></span> <span class='ocrx_word' id='word_1_466' title='bbox 2861 3114 2980 3170; x_wconf 88' lang='lat' dir='ltr'><strong>ideo</strong></span> <span class='ocrx_word' id='word_1_467' title='bbox 3035 3130 3157 3169; x_wconf 88' lang='lat' dir='ltr'><strong>ama</strong></span> <span class='ocrx_word' id='word_1_468' title='bbox 3203 3123 3265 3168; x_wconf 92' lang='lat' dir='ltr'><strong>ut</strong></span> <span class='ocrx_word' id='word_1_469' title='bbox 3321 3115 3744 3185; x_wconf 84' lang='lat' dir='ltr'><strong>apprehendant</strong></span> 
     </span>
    </p>
   </div>
   <div class='ocr_carea' id='block_1_61' title="bbox 457 3199 3744 3278">
    <p class='ocr_par' dir='ltr' id='par_1_61' title="bbox 457 3199 3744 3278">
     <span class='ocr_line' id='line_1_61' title="bbox 457 3199 3744 3278; baseline 0.001 -23"><span class='ocrx_word' id='word_1_470' title='bbox 457 3199 599 3270; x_wconf 91' lang='lat' dir='ltr'><strong>quod</strong></span> <span class='ocrx_word' id='word_1_471' title='bbox 638 3199 929 3255; x_wconf 88' lang='lat' dir='ltr'><strong>schismata</strong></span> <span class='ocrx_word' id='word_1_472' title='bbox 986 3207 1041 3254; x_wconf 91' lang='lat' dir='ltr'><strong>et</strong></span> <span class='ocrx_word' id='word_1_473' title='bbox 1082 3200 1317 3254; x_wconf 51' lang='lat' dir='ltr'><strong>hereses</strong></span> <span class='ocrx_word' id='word_1_474' title='bbox 1343 3213 1410 3254; x_wconf 81' lang='lat' dir='ltr'><strong>ex</strong></span> <span class='ocrx_word' id='word_1_475' title='bbox 1439 3199 1556 3271; x_wconf 90' lang='lat' dir='ltr'><strong>ejus</strong></span> <span class='ocrx_word' id='word_1_476' title='bbox 1580 3199 1818 3254; x_wconf 89' lang='lat' dir='ltr'><strong>Ecclesia</strong></span> <span class='ocrx_word' id='word_1_477' title='bbox 1862 3207 2044 3254; x_wconf 89' lang='lat' dir='ltr'><strong>essent</strong></span> <span class='ocrx_word' id='word_1_478' title='bbox 2079 3272 2114 3278; x_wconf 86' lang='lat'>_</span> <span class='ocrx_word' id='word_1_479' title='bbox 2138 3205 2404 3276; x_wconf 66' lang='lat' dir='ltr'><strong>justitiam</strong></span> <span class='ocrx_word' id='word_1_480' title='bbox 2433 3225 2446 3262; x_wconf 82' lang='lat'><strong>;</strong></span> <span class='ocrx_word' id='word_1_481' title='bbox 2476 3208 2602 3278; x_wconf 81' lang='lat' dir='ltr'><strong>quia</strong></span> <span class='ocrx_word' id='word_1_482' title='bbox 2633 3221 2742 3263; x_wconf 83' lang='lat' dir='ltr'><strong>non</strong></span> <span class='ocrx_word' id='word_1_483' title='bbox 2795 3207 2968 3262; x_wconf 88' lang='lat' dir='ltr'><strong>solum</strong></span> <span class='ocrx_word' id='word_1_484' title='bbox 3019 3206 3236 3262; x_wconf 82' lang='lat' dir='ltr'><strong>dilectio</strong></span> <span class='ocrx_word' id='word_1_485' title='bbox 3263 3205 3361 3261; x_wconf 88' lang='lat' dir='ltr'><strong>Dei</strong></span> <span class='ocrx_word' id='word_1_486' title='bbox 3389 3206 3558 3262; x_wconf 86' lang='lat' dir='ltr'><strong>nobis</strong></span> <span class='ocrx_word' id='word_1_487' title='bbox 3609 3221 3744 3278; x_wconf 70' lang='lat' dir='ltr'><strong>pra-</strong></span> 
     </span>
    </p>
   </div>
   <div class='ocr_carea' id='block_1_62' title="bbox 455 3272 3746 3369">
    <p class='ocr_par' dir='ltr' id='par_1_62' title="bbox 455 3272 3746 3369">
     <span class='ocr_line' id='line_1_62' title="bbox 455 3272 3746 3369; baseline 0 -21"><span class='ocrx_word' id='word_1_488' title='bbox 455 3293 702 3358; x_wconf 74' lang='lat' dir='ltr'><strong>exiturae,</strong></span> <span class='ocrx_word' id='word_1_489' title='bbox 750 3299 806 3347; x_wconf 91' lang='lat' dir='ltr'><strong>et</strong></span> <span class='ocrx_word' id='word_1_490' title='bbox 833 3291 933 3346; x_wconf 89' lang='lat' dir='ltr'><strong>sub</strong></span> <span class='ocrx_word' id='word_1_491' title='bbox 970 3289 1086 3359; x_wconf 88' lang='lat' dir='ltr'><strong>ejus</strong></span> <span class='ocrx_word' id='word_1_492' title='bbox 1112 3291 1330 3346; x_wconf 90' lang='lat' dir='ltr'><strong>nomine</strong></span> <span class='ocrx_word' id='word_1_493' title='bbox 1375 3305 1473 3360; x_wconf 90' lang='lat' dir='ltr'><strong>per</strong></span> <span class='ocrx_word' id='word_1_494' title='bbox 1507 3290 1624 3346; x_wconf 91' lang='lat' dir='ltr'><strong>loca</strong></span> <span class='ocrx_word' id='word_1_495' title='bbox 1657 3291 1746 3347; x_wconf 92' lang='lat' dir='ltr'><strong>ubi</strong></span> <span class='ocrx_word' id='word_1_496' title='bbox 1792 3301 2037 3361; x_wconf 90' lang='lat' dir='ltr'><strong>possent,</strong></span> <span class='ocrx_word' id='word_1_497' title='bbox 2067 3272 2114 3335; x_wconf 66' lang='grc' dir='ltr'>ο</span> <span class='ocrx_word' id='word_1_498' title='bbox 2139 3272 2299 3368; x_wconf 70' lang='lat' dir='ltr'><strong>cepta</strong></span> <span class='ocrx_word' id='word_1_499' title='bbox 2352 3308 2454 3364; x_wconf 76' lang='lat' dir='ltr'><strong>est,</strong></span> <span class='ocrx_word' id='word_1_500' title='bbox 2494 3272 2604 3354; x_wconf 43' lang='lat' dir='ltr'><strong>&#39;sed</strong></span> <span class='ocrx_word' id='word_1_501' title='bbox 2641 3299 2804 3354; x_wconf 76' lang='lat' dir='ltr'><strong>etiam</strong></span> <span class='ocrx_word' id='word_1_502' title='bbox 2854 3299 3072 3354; x_wconf 77' lang='lat' dir='ltr'><strong>dilectio</strong></span> <span class='ocrx_word' id='word_1_503' title='bbox 3124 3298 3379 3369; x_wconf 79' lang='lat' dir='ltr'><strong>proximi,</strong></span> <span class='ocrx_word' id='word_1_504' title='bbox 3436 3298 3498 3353; x_wconf 86' lang='lat' dir='ltr'><strong>in</strong></span> <span class='ocrx_word' id='word_1_505' title='bbox 3547 3272 3746 3368; x_wconf 65' lang='lat' dir='ltr'><strong>quibus</strong></span> 
     </span>
    </p>
   </div>
   <div class='ocr_carea' id='block_1_63' title="bbox 457 3379 2041 3452">
    <p class='ocr_par' dir='ltr' id='par_1_63' title="bbox 457 3379 2041 3452">
     <span class='ocr_line' id='line_1_63' title="bbox 457 3379 2041 3452; baseline 0.001 -15"><span class='ocrx_word' id='word_1_506' title='bbox 457 3397 632 3449; x_wconf 84' lang='lat' dir='ltr'><strong>suam,</strong></span> <span class='ocrx_word' id='word_1_507' title='bbox 663 3396 768 3437; x_wconf 92' lang='lat' dir='ltr'><strong>non</strong></span> <span class='ocrx_word' id='word_1_508' title='bbox 795 3379 1020 3447; x_wconf 88' lang='lat' dir='ltr'><strong>Christi,</strong></span> <span class='ocrx_word' id='word_1_509' title='bbox 1047 3380 1271 3452; x_wconf 86' lang='lat' dir='ltr'><strong>gloriam</strong></span> <span class='ocrx_word' id='word_1_510' title='bbox 1320 3382 1642 3452; x_wconf 67' lang='lat' dir='ltr'><strong>qumsiturae,</strong></span> <span class='ocrx_word' id='word_1_511' title='bbox 1669 3392 1724 3439; x_wconf 92' lang='lat' dir='ltr'><strong>et</strong></span> <span class='ocrx_word' id='word_1_512' title='bbox 1747 3383 1845 3438; x_wconf 91' lang='lat' dir='ltr'><strong>ista</strong></span> <span class='ocrx_word' id='word_1_513' title='bbox 1890 3399 2041 3440; x_wconf 90' lang='lat' dir='ltr'><strong>eom-</strong></span> 
     </span>
    </p>
   </div>
   <div class='ocr_carea' id='block_1_64' title="bbox 456 3469 2046 3544">
    <p class='ocr_par' dir='ltr' id='par_1_64' title="bbox 456 3469 2046 3544">
     <span class='ocr_line' id='line_1_64' title="bbox 456 3469 2046 3544; baseline 0.004 -19"><span class='ocrx_word' id='word_1_514' title='bbox 456 3471 601 3544; x_wconf 86' lang='lat' dir='ltr'><strong>pleta</strong></span> <span class='ocrx_word' id='word_1_515' title='bbox 631 3479 774 3526; x_wconf 89' lang='lat' dir='ltr'><strong>sunt.</strong></span> <span class='ocrx_word' id='word_1_516' title='bbox 812 3469 1063 3540; x_wconf 86' lang='lat' dir='ltr'><strong>Nunquid</strong></span> <span class='ocrx_word' id='word_1_517' title='bbox 1086 3486 1216 3541; x_wconf 87' lang='lat' dir='ltr'><strong>ergo</strong></span> <span class='ocrx_word' id='word_1_518' title='bbox 1243 3471 1332 3526; x_wconf 90' lang='lat' dir='ltr'><strong>illa</strong></span> <span class='ocrx_word' id='word_1_519' title='bbox 1357 3483 1492 3542; x_wconf 84' lang='lat' dir='ltr'><strong>&#39;quae</strong></span> <span class='ocrx_word' id='word_1_520' title='bbox 1517 3482 1725 3528; x_wconf 88' lang='lat' dir='ltr'><strong>restant</strong></span> <span class='ocrx_word' id='word_1_521' title='bbox 1764 3490 1871 3530; x_wconf 94' lang='lat' dir='ltr'><strong>non</strong></span> <span class='ocrx_word' id='word_1_522' title='bbox 1919 3485 2046 3531; x_wconf 88' lang='lat' dir='ltr'><strong>sunt</strong></span> 
     </span>
    </p>
   </div>
   <div class='ocr_carea' id='block_1_65' title="bbox 460 3562 2044 3638">
    <p class='ocr_par' dir='ltr' id='par_1_65' title="bbox 460 3562 2044 3638">
     <span class='ocr_line' id='line_1_65' title="bbox 460 3562 2044 3638; baseline 0.004 -20"><span class='ocrx_word' id='word_1_523' title='bbox 460 3564 727 3620; x_wconf 81' lang='lat' dir='ltr'><strong>ventura?</strong></span> <span class='ocrx_word' id='word_1_524' title='bbox 777 3562 1118 3620; x_wconf 75' lang='lat' dir='ltr'><strong>Manifestum</strong></span> <span class='ocrx_word' id='word_1_525' title='bbox 1163 3573 1242 3620; x_wconf 93' lang='lat' dir='ltr'><strong>est</strong></span> <span class='ocrx_word' id='word_1_526' title='bbox 1272 3565 1400 3636; x_wconf 87' lang='lat' dir='ltr'><strong>quia</strong></span> <span class='ocrx_word' id='word_1_527' title='bbox 1447 3567 1589 3622; x_wconf 90' lang='lat' dir='ltr'><strong>sicut</strong></span> <span class='ocrx_word' id='word_1_528' title='bbox 1639 3567 1741 3623; x_wconf 91' lang='lat' dir='ltr'><strong>ista</strong></span> <span class='ocrx_word' id='word_1_529' title='bbox 1786 3567 2044 3638; x_wconf 63' lang='lat' dir='ltr'><strong>praedicta</strong></span> 
     </span>
    </p>
   </div>
   <div class='ocr_carea' id='block_1_66' title="bbox 458 3655 2046 3733">
    <p class='ocr_par' dir='ltr' id='par_1_66' title="bbox 458 3655 2046 3733">
     <span class='ocr_line' id='line_1_66' title="bbox 458 3655 2046 3733; baseline 0.006 -23"><span class='ocrx_word' id='word_1_530' title='bbox 458 3664 740 3723; x_wconf 87' lang='lat' dir='ltr'><strong>venerunt,</strong></span> <span class='ocrx_word' id='word_1_531' title='bbox 769 3655 848 3712; x_wconf 87' lang='lat' dir='ltr'><strong>sic</strong></span> <span class='ocrx_word' id='word_1_532' title='bbox 870 3656 1033 3713; x_wconf 89' lang='lat' dir='ltr'><strong>etiam</strong></span> <span class='ocrx_word' id='word_1_533' title='bbox 1055 3656 1143 3712; x_wconf 89' lang='lat' dir='ltr'><strong>illa</strong></span> <span class='ocrx_word' id='word_1_534' title='bbox 1162 3667 1390 3714; x_wconf 87' lang='lat' dir='ltr'><strong>ventura</strong></span> <span class='ocrx_word' id='word_1_535' title='bbox 1407 3668 1534 3714; x_wconf 91' lang='lat' dir='ltr'><strong>sunt</strong></span> <span class='ocrx_word' id='word_1_536' title='bbox 1564 3678 1578 3717; x_wconf 94' lang='lat'><strong>:</strong></span> <span class='ocrx_word' id='word_1_537' title='bbox 1604 3676 1940 3733; x_wconf 67' lang='lat' dir='ltr'><strong>qutecunque</strong></span> <span class='ocrx_word' id='word_1_538' title='bbox 1955 3661 2046 3732; x_wconf 88' lang='lat' dir='ltr'><strong>ju-</strong></span> 
     </span>
    </p>
   </div>
   <div class='ocr_carea' id='block_1_67' title="bbox 460 3746 2045 3819">
    <p class='ocr_par' dir='ltr' id='par_1_67' title="bbox 460 3746 2045 3819">
     <span class='ocr_line' id='line_1_67' title="bbox 460 3746 2045 3819; baseline 0.004 -15"><span class='ocrx_word' id='word_1_539' title='bbox 460 3755 665 3804; x_wconf 87' lang='lat' dir='ltr'><strong>storum</strong></span> <span class='ocrx_word' id='word_1_540' title='bbox 715 3746 1087 3804; x_wconf 86' lang='lat' dir='ltr'><strong>tribulationes</strong></span> <span class='ocrx_word' id='word_1_541' title='bbox 1113 3748 1292 3804; x_wconf 89' lang='lat' dir='ltr'><strong>adhuc</strong></span> <span class='ocrx_word' id='word_1_542' title='bbox 1317 3759 1553 3816; x_wconf 86' lang='lat' dir='ltr'><strong>restant,</strong></span> <span class='ocrx_word' id='word_1_543' title='bbox 1585 3759 1642 3807; x_wconf 92' lang='lat' dir='ltr'><strong>et</strong></span> <span class='ocrx_word' id='word_1_544' title='bbox 1683 3749 1874 3819; x_wconf 91' lang='lat' dir='ltr'><strong>judieii</strong></span> <span class='ocrx_word' id='word_1_545' title='bbox 1928 3755 2045 3810; x_wconf 91' lang='lat' dir='ltr'><strong>dies</strong></span> 
     </span>
    </p>
   </div>
   <div class='ocr_carea' id='block_1_68' title="bbox 462 3839 2044 3912">
    <p class='ocr_par' dir='ltr' id='par_1_68' title="bbox 462 3839 2044 3912">
     <span class='ocr_line' id='line_1_68' title="bbox 462 3839 2044 3912; baseline 0.004 -18"><span class='ocrx_word' id='word_1_546' title='bbox 462 3839 555 3910; x_wconf 87' lang='lat' dir='ltr'><strong>qui</strong></span> <span class='ocrx_word' id='word_1_547' title='bbox 583 3839 858 3911; x_wconf 85' lang='lat' dir='ltr'><strong>separabit</strong></span> <span class='ocrx_word' id='word_1_548' title='bbox 880 3855 1070 3896; x_wconf 87' lang='lat' dir='ltr'><strong>omnes</strong></span> <span class='ocrx_word' id='word_1_549' title='bbox 1090 3840 1284 3912; x_wconf 91' lang='lat' dir='ltr'><strong>impios</strong></span> <span class='ocrx_word' id='word_1_550' title='bbox 1317 3855 1350 3896; x_wconf 91' lang='lat' dir='ltr'><strong>a</strong></span> <span class='ocrx_word' id='word_1_551' title='bbox 1373 3840 1536 3912; x_wconf 89' lang='lat' dir='ltr'><strong>justis</strong></span> <span class='ocrx_word' id='word_1_552' title='bbox 1563 3841 1617 3897; x_wconf 93' lang='lat' dir='ltr'><strong>in</strong></span> <span class='ocrx_word' id='word_1_553' title='bbox 1644 3846 2044 3902; x_wconf 89' lang='lat' dir='ltr'><strong>resurrectione</strong></span> 
     </span>
    </p>
   </div>
   <div class='ocr_carea' id='block_1_69' title="bbox 460 3930 2043 4003">
    <p class='ocr_par' dir='ltr' id='par_1_69' title="bbox 460 3930 2043 4003">
     <span class='ocr_line' id='line_1_69' title="bbox 460 3930 2043 4003; baseline 0.005 -17"><span class='ocrx_word' id='word_1_554' title='bbox 460 3939 837 3997; x_wconf 88' lang='lat' dir='ltr'><strong>mortuorum;</strong></span> <span class='ocrx_word' id='word_1_555' title='bbox 885 3937 942 3986; x_wconf 91' lang='lat' dir='ltr'><strong>et</strong></span> <span class='ocrx_word' id='word_1_556' title='bbox 968 3945 1076 3986; x_wconf 92' lang='lat' dir='ltr'><strong>non</strong></span> <span class='ocrx_word' id='word_1_557' title='bbox 1101 3930 1272 3986; x_wconf 88' lang='lat' dir='ltr'><strong>solum</strong></span> <span class='ocrx_word' id='word_1_558' title='bbox 1320 3947 1412 3988; x_wconf 88' lang='lat' dir='ltr'><strong>eos</strong></span> <span class='ocrx_word' id='word_1_559' title='bbox 1465 3933 1557 4003; x_wconf 90' lang='lat' dir='ltr'><strong>qui</strong></span> <span class='ocrx_word' id='word_1_560' title='bbox 1604 3943 1731 3990; x_wconf 92' lang='lat' dir='ltr'><strong>sunt</strong></span> <span class='ocrx_word' id='word_1_561' title='bbox 1754 3943 1908 3990; x_wconf 81' lang='lat' dir='ltr'><strong>extra</strong></span> <span class='ocrx_word' id='word_1_562' title='bbox 1939 3936 2043 3993; x_wconf 89' lang='lat' dir='ltr'><strong>Ec-</strong></span> 
     </span>
    </p>
   </div>
   <div class='ocr_carea' id='block_1_70' title="bbox 462 4019 2047 4098">
    <p class='ocr_par' dir='ltr' id='par_1_70' title="bbox 462 4019 2047 4098">
     <span class='ocr_line' id='line_1_70' title="bbox 462 4019 2047 4098; baseline 0.006 -22"><span class='ocrx_word' id='word_1_563' title='bbox 462 4019 699 4086; x_wconf 77' lang='lat' dir='ltr'><strong>clesium,</strong></span> <span class='ocrx_word' id='word_1_564' title='bbox 729 4020 824 4077; x_wconf 89' lang='lat' dir='ltr'><strong>sed</strong></span> <span class='ocrx_word' id='word_1_565' title='bbox 843 4020 1008 4078; x_wconf 89' lang='lat' dir='ltr'><strong>etiam</strong></span> <span class='ocrx_word' id='word_1_566' title='bbox 1030 4022 1198 4092; x_wconf 90' lang='lat' dir='ltr'><strong>ipsius</strong></span> <span class='ocrx_word' id='word_1_567' title='bbox 1223 4022 1478 4079; x_wconf 69' lang='lat' dir='ltr'><strong>Ecclesiae</strong></span> <span class='ocrx_word' id='word_1_568' title='bbox 1497 4023 1702 4096; x_wconf 88' lang='lat' dir='ltr'><strong>paleas,</strong></span> <span class='ocrx_word' id='word_1_569' title='bbox 1728 4042 1864 4098; x_wconf 90' lang='lat' dir='ltr'><strong>quas</strong></span> <span class='ocrx_word' id='word_1_570' title='bbox 1887 4043 2047 4098; x_wconf 86' lang='lat' dir='ltr'><strong>opor-</strong></span> 
     </span>
    </p>
   </div>
   <div class='ocr_carea' id='block_1_71' title="bbox 465 4111 2046 4186">
    <p class='ocr_par' dir='ltr' id='par_1_71' title="bbox 465 4111 2046 4186">
     <span class='ocr_line' id='line_1_71' title="bbox 465 4111 2046 4186; baseline 0.004 -18"><span class='ocrx_word' id='word_1_571' title='bbox 465 4118 543 4168; x_wconf 87' lang='lat' dir='ltr'><strong>tet</strong></span> <span class='ocrx_word' id='word_1_572' title='bbox 590 4127 763 4183; x_wconf 88' lang='lat' dir='ltr'><strong>usque</strong></span> <span class='ocrx_word' id='word_1_573' title='bbox 800 4111 869 4166; x_wconf 90' lang='lat' dir='ltr'><strong>ad</strong></span> <span class='ocrx_word' id='word_1_574' title='bbox 907 4111 1255 4168; x_wconf 86' lang='lat' dir='ltr'><strong>novissimam</strong></span> <span class='ocrx_word' id='word_1_575' title='bbox 1303 4114 1706 4172; x_wconf 88' lang='lat' dir='ltr'><strong>ventilationem</strong></span> <span class='ocrx_word' id='word_1_576' title='bbox 1764 4119 2046 4186; x_wconf 83' lang='lat' dir='ltr'><strong>patientis-</strong></span> 
     </span>
    </p>
   </div>
   <div class='ocr_carea' id='block_1_72' title="bbox 463 4201 2045 4280">
    <p class='ocr_par' dir='ltr' id='par_1_72' title="bbox 463 4201 2045 4280">
     <span class='ocr_line' id='line_1_72' title="bbox 463 4201 2045 4280; baseline 0.004 -21"><span class='ocrx_word' id='word_1_577' title='bbox 463 4202 600 4259; x_wconf 87' lang='lat' dir='ltr'><strong>sime</strong></span> <span class='ocrx_word' id='word_1_578' title='bbox 649 4201 892 4271; x_wconf 83' lang='lat' dir='ltr'><strong>sull&#39;erat,</strong></span> <span class='ocrx_word' id='word_1_579' title='bbox 928 4204 995 4259; x_wconf 88' lang='lat' dir='ltr'><strong>ad</strong></span> <span class='ocrx_word' id='word_1_580' title='bbox 1035 4204 1215 4274; x_wconf 88' lang='lat' dir='ltr'><strong>ignem</strong></span> <span class='ocrx_word' id='word_1_581' title='bbox 1269 4204 1511 4262; x_wconf 90' lang='lat' dir='ltr'><strong>debitum</strong></span> <span class='ocrx_word' id='word_1_582' title='bbox 1573 4210 1894 4280; x_wconf 85' lang='lat' dir='ltr'><strong>segregabit.</strong></span> <span class='ocrx_word' id='word_1_583' title='bbox 1942 4210 2045 4279; x_wconf 84' lang='lat' dir='ltr'><strong>Qui</strong></span> 
     </span>
    </p>
   </div>
   <div class='ocr_carea' id='block_1_73' title="bbox 465 4294 2046 4371">
    <p class='ocr_par' dir='ltr' id='par_1_73' title="bbox 465 4294 2046 4371">
     <span class='ocr_line' id='line_1_73' title="bbox 465 4294 2046 4371; baseline 0.006 -23"><span class='ocrx_word' id='word_1_584' title='bbox 465 4303 647 4350; x_wconf 88' lang='lat' dir='ltr'><strong>autem</strong></span> <span class='ocrx_word' id='word_1_585' title='bbox 675 4294 903 4351; x_wconf 85' lang='lat' dir='ltr'><strong>irrident</strong></span> <span class='ocrx_word' id='word_1_586' title='bbox 943 4297 1416 4365; x_wconf 89' lang='lat' dir='ltr'><strong>resurrectionem,</strong></span> <span class='ocrx_word' id='word_1_587' title='bbox 1448 4308 1700 4369; x_wconf 87' lang='lat' dir='ltr'><strong>putantes</strong></span> <span class='ocrx_word' id='word_1_588' title='bbox 1725 4302 1867 4371; x_wconf 92' lang='lat' dir='ltr'><strong>quod</strong></span> <span class='ocrx_word' id='word_1_589' title='bbox 1918 4317 2046 4358; x_wconf 89' lang='lat' dir='ltr'><strong>caro</strong></span> 
     </span>
    </p>
   </div>
   <div class='ocr_carea' id='block_1_74' title="bbox 465 4386 2046 4466">
    <p class='ocr_par' dir='ltr' id='par_1_74' title="bbox 465 4386 2046 4466">
     <span class='ocr_line' id='line_1_74' title="bbox 465 4386 2046 4466; baseline 0.006 -25"><span class='ocrx_word' id='word_1_590' title='bbox 465 4386 572 4443; x_wconf 87' lang='lat' dir='ltr'><strong>ista</strong></span> <span class='ocrx_word' id='word_1_591' title='bbox 599 4387 724 4457; x_wconf 89' lang='lat' dir='ltr'><strong>quia</strong></span> <span class='ocrx_word' id='word_1_592' title='bbox 752 4387 1014 4456; x_wconf 89' lang='lat' dir='ltr'><strong>putrescit</strong></span> <span class='ocrx_word' id='word_1_593' title='bbox 1052 4404 1333 4461; x_wconf 84' lang='lat' dir='ltr'><strong>resurgere</strong></span> <span class='ocrx_word' id='word_1_594' title='bbox 1383 4407 1488 4466; x_wconf 89' lang='lat' dir='ltr'><strong>non</strong></span> <span class='ocrx_word' id='word_1_595' title='bbox 1532 4401 1731 4461; x_wconf 90' lang='lat' dir='ltr'><strong>potest,</strong></span> <span class='ocrx_word' id='word_1_596' title='bbox 1759 4393 1828 4448; x_wconf 89' lang='lat' dir='ltr'><strong>ad</strong></span> <span class='ocrx_word' id='word_1_597' title='bbox 1857 4407 2046 4463; x_wconf 76' lang='lat' dir='ltr'><strong>pmnas</strong></span> 
     </span>
    </p>
   </div>
   <div class='ocr_carea' id='block_1_75' title="bbox 467 4483 2045 4556">
    <p class='ocr_par' dir='ltr' id='par_1_75' title="bbox 467 4483 2045 4556">
     <span class='ocr_line' id='line_1_75' title="bbox 467 4483 2045 4556; baseline 0.001 -18"><span class='ocrx_word' id='word_1_598' title='bbox 467 4484 523 4538; x_wconf 90' lang='lat' dir='ltr'><strong>in</strong></span> <span class='ocrx_word' id='word_1_599' title='bbox 572 4498 636 4539; x_wconf 85' lang='lat' dir='ltr'><strong>ea</strong></span> <span class='ocrx_word' id='word_1_600' title='bbox 671 4483 1028 4539; x_wconf 89' lang='lat' dir='ltr'><strong>resurrecturi</strong></span> <span class='ocrx_word' id='word_1_601' title='bbox 1058 4493 1212 4548; x_wconf 90' lang='lat' dir='ltr'><strong>sunt,</strong></span> <span class='ocrx_word' id='word_1_602' title='bbox 1252 4493 1307 4540; x_wconf 91' lang='lat' dir='ltr'><strong>et</strong></span> <span class='ocrx_word' id='word_1_603' title='bbox 1348 4485 1600 4540; x_wconf 90' lang='lat' dir='ltr'><strong>ostendet</strong></span> <span class='ocrx_word' id='word_1_604' title='bbox 1637 4487 1716 4541; x_wconf 91' lang='lat' dir='ltr'><strong>eis</strong></span> <span class='ocrx_word' id='word_1_605' title='bbox 1744 4486 1888 4541; x_wconf 89' lang='lat' dir='ltr'><strong>Deus</strong></span> <span class='ocrx_word' id='word_1_606' title='bbox 1917 4487 2045 4556; x_wconf 86' lang='lat' dir='ltr'><strong>quia</strong></span> 
     </span>
    </p>
   </div>
   <div class='ocr_carea' id='block_1_76' title="bbox 467 4574 2040 4648">
    <p class='ocr_par' dir='ltr' id='par_1_76' title="bbox 467 4574 2040 4648">
     <span class='ocr_line' id='line_1_76' title="bbox 467 4574 2040 4648; baseline 0.004 -20"><span class='ocrx_word' id='word_1_607' title='bbox 467 4574 558 4643; x_wconf 92' lang='lat' dir='ltr'><strong>qui</strong></span> <span class='ocrx_word' id='word_1_608' title='bbox 607 4575 782 4645; x_wconf 89' lang='lat' dir='ltr'><strong>potuit</strong></span> <span class='ocrx_word' id='word_1_609' title='bbox 827 4575 942 4630; x_wconf 80' lang='lat' dir='ltr'><strong>haec</strong></span> <span class='ocrx_word' id='word_1_610' title='bbox 990 4589 1215 4645; x_wconf 91' lang='lat' dir='ltr'><strong>corpora</strong></span> <span class='ocrx_word' id='word_1_611' title='bbox 1258 4574 1438 4632; x_wconf 79' lang='lat' dir='ltr'><strong>facere</strong></span> <span class='ocrx_word' id='word_1_612' title='bbox 1492 4585 1782 4648; x_wconf 89' lang='lat' dir='ltr'><strong>antequam</strong></span> <span class='ocrx_word' id='word_1_613' title='bbox 1825 4589 2040 4646; x_wconf 90' lang='lat' dir='ltr'><strong>essent,</strong></span> 
     </span>
    </p>
   </div>
   <div class='ocr_carea' id='block_1_77' title="bbox 470 4667 2047 4736">
    <p class='ocr_par' dir='ltr' id='par_1_77' title="bbox 470 4667 2047 4736">
     <span class='ocr_line' id='line_1_77' title="bbox 470 4667 2047 4736; baseline 0.004 -16"><span class='ocrx_word' id='word_1_614' title='bbox 470 4674 644 4736; x_wconf 90' lang='lat' dir='ltr'><strong>potest</strong></span> <span class='ocrx_word' id='word_1_615' title='bbox 665 4681 729 4722; x_wconf 91' lang='lat' dir='ltr'><strong>ea</strong></span> <span class='ocrx_word' id='word_1_616' title='bbox 765 4667 820 4720; x_wconf 93' lang='lat' dir='ltr'><strong>in</strong></span> <span class='ocrx_word' id='word_1_617' title='bbox 850 4674 1124 4722; x_wconf 88' lang='lat' dir='ltr'><strong>momento</strong></span> <span class='ocrx_word' id='word_1_618' title='bbox 1159 4668 1446 4724; x_wconf 90' lang='lat' dir='ltr'><strong>restituere</strong></span> <span class='ocrx_word' id='word_1_619' title='bbox 1476 4669 1614 4725; x_wconf 90' lang='lat' dir='ltr'><strong>sicut</strong></span> <span class='ocrx_word' id='word_1_620' title='bbox 1633 4679 1790 4725; x_wconf 88' lang='lat' dir='ltr'><strong>erant</strong></span> <span class='ocrx_word' id='word_1_621' title='bbox 1819 4687 2047 4727; x_wconf 67' lang='lat' dir='ltr'><strong>aomnes</strong></span> 
     </span>
    </p>
   </div>
   <div class='ocr_carea' id='block_1_78' title="bbox 469 4758 2050 4836">
    <p class='ocr_par' dir='ltr' id='par_1_78' title="bbox 469 4758 2050 4836">
     <span class='ocr_line' id='line_1_78' title="bbox 469 4758 2050 4836; baseline 0.006 -25"><span class='ocrx_word' id='word_1_622' title='bbox 469 4765 648 4812; x_wconf 84' lang='lat' dir='ltr'><strong>autem</strong></span> <span class='ocrx_word' id='word_1_623' title='bbox 696 4758 882 4815; x_wconf 83' lang='lat' dir='ltr'><strong>ﬁdeles</strong></span> <span class='ocrx_word' id='word_1_624' title='bbox 921 4761 1196 4832; x_wconf 86' lang='lat' dir='ltr'><strong>regnaturi</strong></span> <span class='ocrx_word' id='word_1_625' title='bbox 1237 4777 1358 4817; x_wconf 91' lang='lat' dir='ltr'><strong>cum</strong></span> <span class='ocrx_word' id='word_1_626' title='bbox 1388 4761 1603 4818; x_wconf 89' lang='lat' dir='ltr'><strong>Christo</strong></span> <span class='ocrx_word' id='word_1_627' title='bbox 1641 4764 1716 4818; x_wconf 90' lang='lat' dir='ltr'><strong>ita</strong></span> <span class='ocrx_word' id='word_1_628' title='bbox 1765 4775 2050 4836; x_wconf 88' lang='lat' dir='ltr'><strong>resurgent</strong></span> 
     </span>
    </p>
   </div>
   <div class='ocr_carea' id='block_1_79' title="bbox 472 4849 2052 4922">
    <p class='ocr_par' dir='ltr' id='par_1_79' title="bbox 472 4849 2052 4922">
     <span class='ocr_line' id='line_1_79' title="bbox 472 4849 2052 4922; baseline 0.005 -18"><span class='ocrx_word' id='word_1_629' title='bbox 472 4849 524 4904; x_wconf 92' lang='lat' dir='ltr'><strong>in</strong></span> <span class='ocrx_word' id='word_1_630' title='bbox 567 4850 754 4905; x_wconf 86' lang='lat' dir='ltr'><strong>eodem</strong></span> <span class='ocrx_word' id='word_1_631' title='bbox 791 4865 1038 4922; x_wconf 89' lang='lat' dir='ltr'><strong>corpore,</strong></span> <span class='ocrx_word' id='word_1_632' title='bbox 1073 4861 1132 4906; x_wconf 92' lang='lat' dir='ltr'><strong>ut</strong></span> <span class='ocrx_word' id='word_1_633' title='bbox 1175 4853 1338 4908; x_wconf 90' lang='lat' dir='ltr'><strong>etiam</strong></span> <span class='ocrx_word' id='word_1_634' title='bbox 1368 4856 1689 4909; x_wconf 88' lang='lat' dir='ltr'><strong>commutari</strong></span> <span class='ocrx_word' id='word_1_635' title='bbox 1738 4865 2052 4912; x_wconf 89' lang='lat' dir='ltr'><strong>mereantur</strong></span> 
     </span>
    </p>
   </div>
   <div class='ocr_carea' id='block_1_80' title="bbox 471 4941 2053 5018">
    <p class='ocr_par' dir='ltr' id='par_1_80' title="bbox 471 4941 2053 5018">
     <span class='ocr_line' id='line_1_80' title="bbox 471 4941 2053 5018; baseline 0.006 -24"><span class='ocrx_word' id='word_1_636' title='bbox 471 4941 538 4995; x_wconf 88' lang='lat' dir='ltr'><strong>ad</strong></span> <span class='ocrx_word' id='word_1_637' title='bbox 600 4941 1055 5012; x_wconf 91' lang='lat' dir='ltr'><strong>incorruptionem</strong></span> <span class='ocrx_word' id='word_1_638' title='bbox 1131 4944 1466 5014; x_wconf 84' lang='lat' dir='ltr'><strong>angelicam,</strong></span> <span class='ocrx_word' id='word_1_639' title='bbox 1520 4954 1579 5001; x_wconf 92' lang='lat' dir='ltr'><strong>ut</strong></span> <span class='ocrx_word' id='word_1_640' title='bbox 1638 4946 1772 5001; x_wconf 84' lang='lat' dir='ltr'><strong>liaut</strong></span> <span class='ocrx_word' id='word_1_641' title='bbox 1818 4948 2053 5018; x_wconf 84' lang='lat' dir='ltr'><strong>aequales</strong></span> 
     </span>
    </p>
   </div>
   <div class='ocr_carea' id='block_1_81' title="bbox 473 5032 2059 5106">
    <p class='ocr_par' dir='ltr' id='par_1_81' title="bbox 473 5032 2059 5106">
     <span class='ocr_line' id='line_1_81' title="bbox 473 5032 2059 5106; baseline 0.004 -20"><span class='ocrx_word' id='word_1_642' title='bbox 473 5032 676 5100; x_wconf 87' lang='lat' dir='ltr'><strong>angelis</strong></span> <span class='ocrx_word' id='word_1_643' title='bbox 704 5032 821 5100; x_wconf 89' lang='lat' dir='ltr'><strong>Dei,</strong></span> <span class='ocrx_word' id='word_1_644' title='bbox 848 5035 986 5089; x_wconf 91' lang='lat' dir='ltr'><strong>sicut</strong></span> <span class='ocrx_word' id='word_1_645' title='bbox 1006 5035 1260 5090; x_wconf 90' lang='lat' dir='ltr'><strong>Dominus</strong></span> <span class='ocrx_word' id='word_1_646' title='bbox 1281 5035 1396 5105; x_wconf 90' lang='lat' dir='ltr'><strong>ipse</strong></span> <span class='ocrx_word' id='word_1_647' title='bbox 1424 5036 1672 5106; x_wconf 90' lang='lat' dir='ltr'><strong>promisit</strong></span> <span class='ocrx_word' id='word_1_648' title='bbox 1703 5055 1714 5090; x_wconf 90' lang='lat'>:</span> <span class='ocrx_word' id='word_1_649' title='bbox 1741 5046 1796 5092; x_wconf 91' lang='lat' dir='ltr'><strong>et</strong></span> <span class='ocrx_word' id='word_1_650' title='bbox 1839 5036 2059 5094; x_wconf 90' lang='lat' dir='ltr'><strong>laudent</strong></span> 
     </span>
    </p>
   </div>
   <div class='ocr_carea' id='block_1_82' title="bbox 472 5122 2050 5198">
    <p class='ocr_par' dir='ltr' id='par_1_82' title="bbox 472 5122 2050 5198">
     <span class='ocr_line' id='line_1_82' title="bbox 472 5122 2050 5198; baseline 0.003 -21"><span class='ocrx_word' id='word_1_651' title='bbox 472 5138 594 5178; x_wconf 94' lang='lat' dir='ltr'><strong>eum</strong></span> <span class='ocrx_word' id='word_1_652' title='bbox 624 5124 740 5178; x_wconf 91' lang='lat' dir='ltr'><strong>sine</strong></span> <span class='ocrx_word' id='word_1_653' title='bbox 761 5122 939 5194; x_wconf 89' lang='lat' dir='ltr'><strong>aliquo</strong></span> <span class='ocrx_word' id='word_1_654' title='bbox 967 5125 1200 5194; x_wconf 79' lang='lat' dir='ltr'><strong>delectu,</strong></span> <span class='ocrx_word' id='word_1_655' title='bbox 1227 5136 1282 5180; x_wconf 91' lang='lat' dir='ltr'><strong>et</strong></span> <span class='ocrx_word' id='word_1_656' title='bbox 1313 5128 1428 5182; x_wconf 89' lang='lat' dir='ltr'><strong>sine</strong></span> <span class='ocrx_word' id='word_1_657' title='bbox 1462 5127 1640 5198; x_wconf 86' lang='lat' dir='ltr'><strong>aliquo</strong></span> <span class='ocrx_word' id='word_1_658' title='bbox 1669 5127 1882 5184; x_wconf 81' lang='lat' dir='ltr'><strong>fastidio</strong></span> <span class='ocrx_word' id='word_1_659' title='bbox 1908 5145 2050 5184; x_wconf 89' lang='lat' dir='ltr'><strong>sem-</strong></span> 
     </span>
    </p>
   </div>
   <div class='ocr_carea' id='block_1_83' title="bbox 473 5215 2049 5290">
    <p class='ocr_par' dir='ltr' id='par_1_83' title="bbox 473 5215 2049 5290">
     <span class='ocr_line' id='line_1_83' title="bbox 473 5215 2049 5290; baseline 0.004 -20"><span class='ocrx_word' id='word_1_660' title='bbox 473 5231 571 5285; x_wconf 89' lang='lat' dir='ltr'><strong>per</strong></span> <span class='ocrx_word' id='word_1_661' title='bbox 616 5215 858 5272; x_wconf 89' lang='lat' dir='ltr'><strong>viventes</strong></span> <span class='ocrx_word' id='word_1_662' title='bbox 887 5233 1008 5272; x_wconf 89' lang='lat' dir='ltr'><strong>cum</strong></span> <span class='ocrx_word' id='word_1_663' title='bbox 1037 5218 1126 5273; x_wconf 93' lang='lat' dir='ltr'><strong>illo</strong></span> <span class='ocrx_word' id='word_1_664' title='bbox 1153 5227 1208 5273; x_wconf 92' lang='lat' dir='ltr'><strong>et</strong></span> <span class='ocrx_word' id='word_1_665' title='bbox 1235 5219 1301 5273; x_wconf 92' lang='lat' dir='ltr'><strong>de</strong></span> <span class='ocrx_word' id='word_1_666' title='bbox 1347 5217 1456 5282; x_wconf 89' lang='lat' dir='ltr'><strong>illo,</strong></span> <span class='ocrx_word' id='word_1_667' title='bbox 1487 5234 1607 5273; x_wconf 93' lang='lat' dir='ltr'><strong>cum</strong></span> <span class='ocrx_word' id='word_1_668' title='bbox 1647 5220 1737 5274; x_wconf 87' lang='lat' dir='ltr'><strong>tali</strong></span> <span class='ocrx_word' id='word_1_669' title='bbox 1769 5220 1964 5290; x_wconf 83' lang='lat' dir='ltr'><strong>gaudio</strong></span> <span class='ocrx_word' id='word_1_670' title='bbox 1994 5228 2049 5276; x_wconf 90' lang='lat' dir='ltr'><strong>et</strong></span> 
     </span>
    </p>
   </div>
   <div class='ocr_carea' id='block_1_84' title="bbox 475 5305 2051 5399">
    <p class='ocr_par' dir='ltr' id='par_1_84' title="bbox 475 5305 2051 5399">
     <span class='ocr_line' id='line_1_84' title="bbox 475 5305 2051 5399; baseline 0.004 -38"><span class='ocrx_word' id='word_1_671' title='bbox 475 5305 804 5363; x_wconf 86' lang='lat' dir='ltr'><strong>beatitudine</strong></span> <span class='ocrx_word' id='word_1_672' title='bbox 860 5308 1004 5379; x_wconf 88' lang='lat' dir='ltr'><strong>quali</strong></span> <span class='ocrx_word' id='word_1_673' title='bbox 1048 5324 1148 5364; x_wconf 90' lang='lat' dir='ltr'><strong>nec</strong></span> <span class='ocrx_word' id='word_1_674' title='bbox 1183 5309 1310 5399; x_wconf 75' lang='lat' dir='ltr'><strong>diei,</strong></span> <span class='ocrx_word' id='word_1_675' title='bbox 1335 5325 1432 5365; x_wconf 91' lang='lat' dir='ltr'><strong>nec</strong></span> <span class='ocrx_word' id='word_1_676' title='bbox 1462 5312 1684 5382; x_wconf 89' lang='lat' dir='ltr'><strong>cogitari</strong></span> <span class='ocrx_word' id='word_1_677' title='bbox 1723 5311 1790 5367; x_wconf 89' lang='lat' dir='ltr'><strong>ab</strong></span> <span class='ocrx_word' id='word_1_678' title='bbox 1830 5313 2051 5368; x_wconf 91' lang='lat' dir='ltr'><strong>homine</strong></span> 
     </span>
    </p>
   </div>
   <div class='ocr_carea' id='block_1_85' title="bbox 473 5405 668 5464">
    <p class='ocr_par' dir='ltr' id='par_1_85' title="bbox 473 5405 668 5464">
     <span class='ocr_line' id='line_1_85' title="bbox 473 5405 668 5464; baseline 0 -13"><span class='ocrx_word' id='word_1_679' title='bbox 473 5405 668 5464; x_wconf 79' lang='lat' dir='ltr'><strong>potest.</strong></span> 
     </span>
    </p>
   </div>
   <div class='ocr_carea' id='block_1_86' title="bbox 547 5486 2051 5560">
    <p class='ocr_par' dir='ltr' id='par_1_86' title="bbox 547 5486 2051 5560">
     <span class='ocr_line' id='line_1_86' title="bbox 547 5486 2051 5560; baseline 0.003 -19"><span class='ocrx_word' id='word_1_680' title='bbox 547 5486 624 5542; x_wconf 84' lang='lat' dir='ltr'><strong>Tu</strong></span> <span class='ocrx_word' id='word_1_681' title='bbox 663 5488 844 5560; x_wconf 84' lang='lat' dir='ltr'><strong>itaque</strong></span> <span class='ocrx_word' id='word_1_682' title='bbox 879 5488 1104 5544; x_wconf 90' lang='lat' dir='ltr'><strong>credens</strong></span> <span class='ocrx_word' id='word_1_683' title='bbox 1131 5503 1262 5544; x_wconf 90' lang='lat' dir='ltr'><strong>cave</strong></span> <span class='ocrx_word' id='word_1_684' title='bbox 1308 5489 1652 5557; x_wconf 71' lang='lat' dir='ltr'><strong>tentationes,</strong></span> <span class='ocrx_word' id='word_1_685' title='bbox 1699 5490 1823 5560; x_wconf 90' lang='lat' dir='ltr'><strong>quia</strong></span> <span class='ocrx_word' id='word_1_686' title='bbox 1865 5491 2051 5546; x_wconf 89' lang='lat' dir='ltr'><strong>diabo-</strong></span> 
     </span>
    </p>
   </div>
   <div class='ocr_carea' id='block_1_87' title="bbox 475 5576 2052 5654">
    <p class='ocr_par' dir='ltr' id='par_1_87' title="bbox 475 5576 2052 5654">
     <span class='ocr_line' id='line_1_87' title="bbox 475 5576 2052 5654; baseline 0.004 -20"><span class='ocrx_word' id='word_1_687' title='bbox 475 5576 560 5634; x_wconf 87' lang='lat' dir='ltr'><strong>lus</strong></span> <span class='ocrx_word' id='word_1_688' title='bbox 597 5581 790 5651; x_wconf 70' lang='lat' dir='ltr'><strong>quaarit</strong></span> <span class='ocrx_word' id='word_1_689' title='bbox 833 5583 924 5651; x_wconf 91' lang='lat' dir='ltr'><strong>qui</strong></span> <span class='ocrx_word' id='word_1_690' title='bbox 951 5596 1134 5638; x_wconf 90' lang='lat' dir='ltr'><strong>secum</strong></span> <span class='ocrx_word' id='word_1_691' title='bbox 1175 5591 1437 5652; x_wconf 89' lang='lat' dir='ltr'><strong>pereant:</strong></span> <span class='ocrx_word' id='word_1_692' title='bbox 1466 5595 1522 5636; x_wconf 91' lang='lat' dir='ltr'><strong>ut</strong></span> <span class='ocrx_word' id='word_1_693' title='bbox 1576 5597 1682 5638; x_wconf 93' lang='lat' dir='ltr'><strong>non</strong></span> <span class='ocrx_word' id='word_1_694' title='bbox 1731 5584 1904 5639; x_wconf 88' lang='lat' dir='ltr'><strong>solum</strong></span> <span class='ocrx_word' id='word_1_695' title='bbox 1954 5600 2052 5654; x_wconf 90' lang='lat' dir='ltr'><strong>per</strong></span> 
     </span>
    </p>
   </div>
   <div class='ocr_carea' id='block_1_88' title="bbox 2076 4629 2125 4690">
    <p class='ocr_par' dir='ltr' id='par_1_88' title="bbox 2076 4629 2125 4690">
     <span class='ocr_line' id='line_1_88' title="bbox 2076 4629 2125 4690; baseline 0 -2"><span class='ocrx_word' id='word_1_696' title='bbox 2076 4629 2125 4690; x_wconf 91' lang='lat' dir='ltr'><strong>D</strong></span> 
     </span>
    </p>
   </div>
   <div class='ocr_carea' id='block_1_89' title="bbox 2143 3387 3741 3466">
    <p class='ocr_par' dir='ltr' id='par_1_89' title="bbox 2143 3387 3741 3466">
     <span class='ocr_line' id='line_1_89' title="bbox 2143 3387 3741 3466; baseline -0.001 -21"><span class='ocrx_word' id='word_1_697' title='bbox 2143 3389 2350 3445; x_wconf 92' lang='lat' dir='ltr'><strong>duobus</strong></span> <span class='ocrx_word' id='word_1_698' title='bbox 2401 3389 2683 3466; x_wconf 65' lang='lat' dir='ltr'><strong>praeceptis</strong></span> <span class='ocrx_word' id='word_1_699' title='bbox 2736 3397 2845 3444; x_wconf 91' lang='lat' dir='ltr'><strong>tota</strong></span> <span class='ocrx_word' id='word_1_700' title='bbox 2917 3387 3001 3444; x_wconf 75' lang='lat' dir='ltr'><strong>lex</strong></span> <span class='ocrx_word' id='word_1_701' title='bbox 3059 3388 3260 3458; x_wconf 91' lang='lat' dir='ltr'><strong>pendet</strong></span> <span class='ocrx_word' id='word_1_702' title='bbox 3304 3395 3360 3442; x_wconf 88' lang='lat' dir='ltr'><strong>et</strong></span> <span class='ocrx_word' id='word_1_703' title='bbox 3407 3389 3741 3458; x_wconf 65' lang='lat' dir='ltr'><strong>propheta:</strong></span> 
     </span>
    </p>
   </div>
   <div class='ocr_carea' id='block_1_90' title="bbox 2143 3479 3746 3552">
    <p class='ocr_par' dir='ltr' id='par_1_90' title="bbox 2143 3479 3746 3552">
     <span class='ocr_line' id='line_1_90' title="bbox 2143 3479 3746 3552; baseline -0.002 -14"><span class='ocrx_word' id='word_1_704' title='bbox 2143 3497 2306 3552; x_wconf 90' lang='lat' dir='ltr'><strong>quam</strong></span> <span class='ocrx_word' id='word_1_705' title='bbox 2347 3496 2454 3537; x_wconf 90' lang='lat' dir='ltr'><strong>non</strong></span> <span class='ocrx_word' id='word_1_706' title='bbox 2491 3482 2676 3550; x_wconf 91' lang='lat' dir='ltr'><strong>implet</strong></span> <span class='ocrx_word' id='word_1_707' title='bbox 2714 3481 2817 3536; x_wconf 90' lang='lat' dir='ltr'><strong>nisi</strong></span> <span class='ocrx_word' id='word_1_708' title='bbox 2859 3482 2950 3552; x_wconf 91' lang='lat' dir='ltr'><strong>qui</strong></span> <span class='ocrx_word' id='word_1_709' title='bbox 2991 3479 3190 3536; x_wconf 88' lang='lat' dir='ltr'><strong>donum</strong></span> <span class='ocrx_word' id='word_1_710' title='bbox 3247 3483 3532 3551; x_wconf 82' lang='lat' dir='ltr'><strong>acceperit</strong></span> <span class='ocrx_word' id='word_1_711' title='bbox 3575 3479 3746 3552; x_wconf 78' lang='lat' dir='ltr'><strong>Spiri—</strong></span> 
     </span>
    </p>
   </div>
   <div class='ocr_carea' id='block_1_91' title="bbox 2146 3572 3744 3642">
    <p class='ocr_par' dir='ltr' id='par_1_91' title="bbox 2146 3572 3744 3642">
     <span class='ocr_line' id='line_1_91' title="bbox 2146 3572 3744 3642; baseline -0.004 -11"><span class='ocrx_word' id='word_1_712' title='bbox 2146 3585 2258 3631; x_wconf 91' lang='lat' dir='ltr'><strong>tum</strong></span> <span class='ocrx_word' id='word_1_713' title='bbox 2288 3583 2555 3640; x_wconf 88' lang='lat' dir='ltr'><strong>sanctum,</strong></span> <span class='ocrx_word' id='word_1_714' title='bbox 2581 3573 2728 3627; x_wconf 89' lang='lat' dir='ltr'><strong>Patri</strong></span> <span class='ocrx_word' id='word_1_715' title='bbox 2771 3581 2826 3628; x_wconf 90' lang='lat' dir='ltr'><strong>et</strong></span> <span class='ocrx_word' id='word_1_716' title='bbox 2861 3572 2998 3628; x_wconf 79' lang='lat' dir='ltr'><strong>Filio</strong></span> <span class='ocrx_word' id='word_1_717' title='bbox 3029 3573 3215 3642; x_wconf 91' lang='lat' dir='ltr'><strong>utique</strong></span> <span class='ocrx_word' id='word_1_718' title='bbox 3258 3572 3537 3642; x_wconf 61' lang='lat' dir='ltr'><strong>aqualem</strong></span> <span class='ocrx_word' id='word_1_719' title='bbox 3569 3591 3586 3627; x_wconf 91' lang='lat'><strong><em>:</em></strong></span> <span class='ocrx_word' id='word_1_720' title='bbox 3621 3573 3744 3642; x_wconf 76' lang='lat' dir='ltr'><strong>quia</strong></span> 
     </span>
    </p>
   </div>
   <div class='ocr_carea' id='block_1_92' title="bbox 2145 3662 3744 3737">
    <p class='ocr_par' dir='ltr' id='par_1_92' title="bbox 2145 3662 3744 3737">
     <span class='ocr_line' id='line_1_92' title="bbox 2145 3662 3744 3737; baseline -0.003 -15"><span class='ocrx_word' id='word_1_721' title='bbox 2145 3666 2261 3737; x_wconf 89' lang='lat' dir='ltr'><strong>ipsa</strong></span> <span class='ocrx_word' id='word_1_722' title='bbox 2290 3665 2526 3721; x_wconf 85' lang='lat' dir='ltr'><strong>Trinitas</strong></span> <span class='ocrx_word' id='word_1_723' title='bbox 2565 3665 2705 3720; x_wconf 91' lang='lat' dir='ltr'><strong>Deus</strong></span> <span class='ocrx_word' id='word_1_724' title='bbox 2732 3672 2836 3728; x_wconf 90' lang='lat' dir='ltr'><strong>est,</strong></span> <span class='ocrx_word' id='word_1_725' title='bbox 2870 3663 2922 3718; x_wconf 92' lang='lat' dir='ltr'><strong>in</strong></span> <span class='ocrx_word' id='word_1_726' title='bbox 2965 3678 3074 3734; x_wconf 92' lang='lat' dir='ltr'><strong>quo</strong></span> <span class='ocrx_word' id='word_1_727' title='bbox 3103 3662 3213 3717; x_wconf 90' lang='lat' dir='ltr'><strong>Deo</strong></span> <span class='ocrx_word' id='word_1_728' title='bbox 3251 3677 3379 3732; x_wconf 89' lang='lat' dir='ltr'><strong>spes</strong></span> <span class='ocrx_word' id='word_1_729' title='bbox 3439 3664 3627 3718; x_wconf 84' lang='lat' dir='ltr'><strong>omnis</strong></span> <span class='ocrx_word' id='word_1_730' title='bbox 3651 3676 3744 3732; x_wconf 79' lang='lat' dir='ltr'><strong>po-</strong></span> 
     </span>
    </p>
   </div>
   <div class='ocr_carea' id='block_1_93' title="bbox 2145 3751 3744 3822">
    <p class='ocr_par' dir='ltr' id='par_1_93' title="bbox 2145 3751 3744 3822">
     <span class='ocr_line' id='line_1_93' title="bbox 2145 3751 3744 3822; baseline -0.004 -11"><span class='ocrx_word' id='word_1_731' title='bbox 2145 3755 2320 3812; x_wconf 89' lang='lat' dir='ltr'><strong>nenda</strong></span> <span class='ocrx_word' id='word_1_732' title='bbox 2346 3766 2448 3812; x_wconf 90' lang='lat' dir='ltr'><strong>est.</strong></span> <span class='ocrx_word' id='word_1_733' title='bbox 2483 3753 2542 3810; x_wconf 90' lang='lat' dir='ltr'><strong>ln</strong></span> <span class='ocrx_word' id='word_1_734' title='bbox 2589 3753 2807 3808; x_wconf 90' lang='lat' dir='ltr'><strong>homine</strong></span> <span class='ocrx_word' id='word_1_735' title='bbox 2834 3767 2944 3808; x_wconf 92' lang='lat' dir='ltr'><strong>non</strong></span> <span class='ocrx_word' id='word_1_736' title='bbox 2986 3759 3072 3806; x_wconf 91' lang='lat' dir='ltr'><strong>est</strong></span> <span class='ocrx_word' id='word_1_737' title='bbox 3123 3752 3376 3822; x_wconf 88' lang='lat' dir='ltr'><strong>ponenda</strong></span> <span class='ocrx_word' id='word_1_738' title='bbox 3428 3751 3744 3822; x_wconf 85' lang='lat' dir='ltr'><strong>qualiscu-</strong></span> 
     </span>
    </p>
   </div>
   <div class='ocr_carea' id='block_1_94' title="bbox 2145 3841 3744 3918">
    <p class='ocr_par' dir='ltr' id='par_1_94' title="bbox 2145 3841 3744 3918">
     <span class='ocr_line' id='line_1_94' title="bbox 2145 3841 3744 3918; baseline -0.003 -16"><span class='ocrx_word' id='word_1_739' title='bbox 2145 3861 2249 3918; x_wconf 89' lang='lat' dir='ltr'><strong>que</strong></span> <span class='ocrx_word' id='word_1_740' title='bbox 2285 3845 2373 3902; x_wconf 89' lang='lat' dir='ltr'><strong>ille</strong></span> <span class='ocrx_word' id='word_1_741' title='bbox 2402 3844 2566 3902; x_wconf 84' lang='lat' dir='ltr'><strong>fuerit</strong></span> <span class='ocrx_word' id='word_1_742' title='bbox 2599 3863 2612 3899; x_wconf 89' lang='lat'><strong>:</strong></span> <span class='ocrx_word' id='word_1_743' title='bbox 2645 3843 2789 3899; x_wconf 90' lang='lat' dir='ltr'><strong>aliud</strong></span> <span class='ocrx_word' id='word_1_744' title='bbox 2829 3852 2914 3899; x_wconf 89' lang='lat' dir='ltr'><strong>est</strong></span> <span class='ocrx_word' id='word_1_745' title='bbox 2942 3843 3086 3899; x_wconf 90' lang='lat' dir='ltr'><strong>enim</strong></span> <span class='ocrx_word' id='word_1_746' title='bbox 3123 3841 3215 3897; x_wconf 91' lang='lat' dir='ltr'><strong>ille</strong></span> <span class='ocrx_word' id='word_1_747' title='bbox 3263 3857 3294 3896; x_wconf 86' lang='lat' dir='ltr'><strong>a</strong></span> <span class='ocrx_word' id='word_1_748' title='bbox 3325 3857 3439 3914; x_wconf 88' lang='lat' dir='ltr'><strong>quo</strong></span> <span class='ocrx_word' id='word_1_749' title='bbox 3475 3842 3744 3914; x_wconf 65' lang='lat' dir='ltr'><strong>justiﬁes-</strong></span> 
     </span>
    </p>
   </div>
   <div class='ocr_carea' id='block_1_95' title="bbox 2145 3933 3742 4008">
    <p class='ocr_par' dir='ltr' id='par_1_95' title="bbox 2145 3933 3742 4008">
     <span class='ocr_line' id='line_1_95' title="bbox 2145 3933 3742 4008; baseline -0.004 -11"><span class='ocrx_word' id='word_1_750' title='bbox 2145 3958 2288 4008; x_wconf 90' lang='lat' dir='ltr'><strong>mur,</strong></span> <span class='ocrx_word' id='word_1_751' title='bbox 2326 3940 2470 3996; x_wconf 90' lang='lat' dir='ltr'><strong>aliud</strong></span> <span class='ocrx_word' id='word_1_752' title='bbox 2497 3939 2574 3993; x_wconf 93' lang='lat' dir='ltr'><strong>illi</strong></span> <span class='ocrx_word' id='word_1_753' title='bbox 2595 3953 2718 3994; x_wconf 91' lang='lat' dir='ltr'><strong>cum</strong></span> <span class='ocrx_word' id='word_1_754' title='bbox 2757 3937 2952 4008; x_wconf 90' lang='lat' dir='ltr'><strong>quibus</strong></span> <span class='ocrx_word' id='word_1_755' title='bbox 2971 3935 3357 4008; x_wconf 86' lang='lat' dir='ltr'><strong>justillcamur.</strong></span> <span class='ocrx_word' id='word_1_756' title='bbox 3389 3933 3518 3992; x_wconf 86' lang='lat' dir='ltr'><strong>Non</strong></span> <span class='ocrx_word' id='word_1_757' title='bbox 3565 3947 3742 3992; x_wconf 70' lang='lat' dir='ltr'><strong>autem</strong></span> 
     </span>
    </p>
   </div>
   <div class='ocr_carea' id='block_1_96' title="bbox 2147 4025 3744 4102">
    <p class='ocr_par' dir='ltr' id='par_1_96' title="bbox 2147 4025 3744 4102">
     <span class='ocr_line' id='line_1_96' title="bbox 2147 4025 3744 4102; baseline -0.006 -13"><span class='ocrx_word' id='word_1_758' title='bbox 2147 4033 2319 4089; x_wconf 89' lang='lat' dir='ltr'><strong>solum</strong></span> <span class='ocrx_word' id='word_1_759' title='bbox 2362 4046 2460 4102; x_wconf 88' lang='lat' dir='ltr'><strong>per</strong></span> <span class='ocrx_word' id='word_1_760' title='bbox 2512 4029 2838 4099; x_wconf 89' lang='lat' dir='ltr'><strong>cupiditates</strong></span> <span class='ocrx_word' id='word_1_761' title='bbox 2883 4025 3128 4084; x_wconf 90' lang='lat' dir='ltr'><strong>diabolus</strong></span> <span class='ocrx_word' id='word_1_762' title='bbox 3177 4034 3385 4091; x_wconf 91' lang='lat' dir='ltr'><strong>teutat,</strong></span> <span class='ocrx_word' id='word_1_763' title='bbox 3431 4026 3535 4082; x_wconf 86' lang='lat' dir='ltr'><strong>sed</strong></span> <span class='ocrx_word' id='word_1_764' title='bbox 3579 4027 3744 4082; x_wconf 65' lang='lat' dir='ltr'><strong>etiam</strong></span> 
     </span>
    </p>
   </div>
   <div class='ocr_carea' id='block_1_97' title="bbox 2145 4115 3745 4192">
    <p class='ocr_par' dir='ltr' id='par_1_97' title="bbox 2145 4115 3745 4192">
     <span class='ocr_line' id='line_1_97' title="bbox 2145 4115 3745 4192; baseline -0.004 -16"><span class='ocrx_word' id='word_1_765' title='bbox 2145 4136 2244 4192; x_wconf 88' lang='lat' dir='ltr'><strong>per</strong></span> <span class='ocrx_word' id='word_1_766' title='bbox 2301 4128 2536 4176; x_wconf 89' lang='lat' dir='ltr'><strong>terrores</strong></span> <span class='ocrx_word' id='word_1_767' title='bbox 2585 4117 3019 4182; x_wconf 89' lang='lat' dir='ltr'><strong>insultationum,</strong></span> <span class='ocrx_word' id='word_1_768' title='bbox 3065 4125 3122 4172; x_wconf 92' lang='lat' dir='ltr'><strong>et</strong></span> <span class='ocrx_word' id='word_1_769' title='bbox 3174 4115 3448 4182; x_wconf 89' lang='lat' dir='ltr'><strong>dolorum,</strong></span> <span class='ocrx_word' id='word_1_770' title='bbox 3488 4125 3550 4171; x_wconf 88' lang='lat' dir='ltr'><strong>et</strong></span> <span class='ocrx_word' id='word_1_771' title='bbox 3580 4117 3745 4188; x_wconf 82' lang='lat' dir='ltr'><strong>ipsius</strong></span> 
     </span>
    </p>
   </div>
   <div class='ocr_carea' id='block_1_98' title="bbox 2147 4205 3745 4280">
    <p class='ocr_par' dir='ltr' id='par_1_98' title="bbox 2147 4205 3745 4280">
     <span class='ocr_line' id='line_1_98' title="bbox 2147 4205 3745 4280; baseline -0.004 -12"><span class='ocrx_word' id='word_1_772' title='bbox 2147 4212 2356 4268; x_wconf 91' lang='lat' dir='ltr'><strong>mortis.</strong></span> <span class='ocrx_word' id='word_1_773' title='bbox 2415 4209 2682 4280; x_wconf 85' lang='lat' dir='ltr'><strong>Quidquid</strong></span> <span class='ocrx_word' id='word_1_774' title='bbox 2741 4216 2922 4263; x_wconf 89' lang='lat' dir='ltr'><strong>autem</strong></span> <span class='ocrx_word' id='word_1_775' title='bbox 2970 4209 3133 4263; x_wconf 88' lang='lat' dir='ltr'><strong>homo</strong></span> <span class='ocrx_word' id='word_1_776' title='bbox 3182 4222 3378 4278; x_wconf 88' lang='lat' dir='ltr'><strong>passus</strong></span> <span class='ocrx_word' id='word_1_777' title='bbox 3424 4205 3602 4262; x_wconf 82' lang='lat' dir='ltr'><strong>fuerit</strong></span> <span class='ocrx_word' id='word_1_778' title='bbox 3651 4222 3745 4278; x_wconf 64' lang='lat' dir='ltr'><strong>pro</strong></span> 
     </span>
    </p>
   </div>
   <div class='ocr_carea' id='block_1_99' title="bbox 2148 4300 3750 4370">
    <p class='ocr_par' dir='ltr' id='par_1_99' title="bbox 2148 4300 3750 4370">
     <span class='ocr_line' id='line_1_99' title="bbox 2148 4300 3750 4370; baseline -0.004 -10"><span class='ocrx_word' id='word_1_779' title='bbox 2148 4303 2366 4360; x_wconf 90' lang='lat' dir='ltr'><strong>nomine</strong></span> <span class='ocrx_word' id='word_1_780' title='bbox 2414 4300 2636 4368; x_wconf 89' lang='lat' dir='ltr'><strong>Christi,</strong></span> <span class='ocrx_word' id='word_1_781' title='bbox 2666 4309 2720 4356; x_wconf 94' lang='lat' dir='ltr'><strong>et</strong></span> <span class='ocrx_word' id='word_1_782' title='bbox 2749 4315 2848 4370; x_wconf 92' lang='lat' dir='ltr'><strong>pro</strong></span> <span class='ocrx_word' id='word_1_783' title='bbox 2877 4315 2970 4370; x_wconf 91' lang='lat' dir='ltr'><strong>spe</strong></span> <span class='ocrx_word' id='word_1_784' title='bbox 3022 4300 3147 4354; x_wconf 70' lang='lat' dir='ltr'><strong>vita:</strong></span> <span class='ocrx_word' id='word_1_785' title='bbox 3187 4307 3409 4354; x_wconf 57' lang='lat' dir='ltr'><strong>aeterna:</strong></span> <span class='ocrx_word' id='word_1_786' title='bbox 3439 4307 3502 4354; x_wconf 86' lang='lat' dir='ltr'><strong>et</strong></span> <span class='ocrx_word' id='word_1_787' title='bbox 3534 4314 3750 4369; x_wconf 83' lang='lat' dir='ltr'><strong>perma-</strong></span> 
     </span>
    </p>
   </div>
   <div class='ocr_carea' id='block_1_100' title="bbox 2147 4389 3744 4460">
    <p class='ocr_par' dir='ltr' id='par_1_100' title="bbox 2147 4389 3744 4460">
     <span class='ocr_line' id='line_1_100' title="bbox 2147 4389 3744 4460; baseline -0.004 -10"><span class='ocrx_word' id='word_1_788' title='bbox 2147 4411 2282 4451; x_wconf 91' lang='lat' dir='ltr'><strong>nens</strong></span> <span class='ocrx_word' id='word_1_789' title='bbox 2314 4393 2640 4459; x_wconf 89' lang='lat' dir='ltr'><strong>toleraverit,</strong></span> <span class='ocrx_word' id='word_1_790' title='bbox 2683 4390 2856 4460; x_wconf 89' lang='lat' dir='ltr'><strong>major</strong></span> <span class='ocrx_word' id='word_1_791' title='bbox 2888 4392 2936 4446; x_wconf 90' lang='lat' dir='ltr'><strong>ei</strong></span> <span class='ocrx_word' id='word_1_792' title='bbox 2970 4404 3181 4446; x_wconf 88' lang='lat' dir='ltr'><strong>merces</strong></span> <span class='ocrx_word' id='word_1_793' title='bbox 3234 4389 3481 4444; x_wconf 87' lang='lat' dir='ltr'><strong>dabitur.</strong></span> <span class='ocrx_word' id='word_1_794' title='bbox 3519 4389 3678 4458; x_wconf 86' lang='lat' dir='ltr'><strong>Quod</strong></span> <span class='ocrx_word' id='word_1_795' title='bbox 3701 4389 3744 4444; x_wconf 85' lang='lat' dir='ltr'><strong>si</strong></span> 
     </span>
    </p>
   </div>
   <div class='ocr_carea' id='block_1_101' title="bbox 2149 4478 3746 4552">
    <p class='ocr_par' dir='ltr' id='par_1_101' title="bbox 2149 4478 3746 4552">
     <span class='ocr_line' id='line_1_101' title="bbox 2149 4478 3746 4552; baseline -0.004 -11"><span class='ocrx_word' id='word_1_796' title='bbox 2149 4483 2372 4541; x_wconf 84' lang='lat' dir='ltr'><strong>cesserit</strong></span> <span class='ocrx_word' id='word_1_797' title='bbox 2430 4480 2663 4547; x_wconf 88' lang='lat' dir='ltr'><strong>diabolo,</strong></span> <span class='ocrx_word' id='word_1_798' title='bbox 2712 4496 2834 4536; x_wconf 94' lang='lat' dir='ltr'><strong>cum</strong></span> <span class='ocrx_word' id='word_1_799' title='bbox 2887 4479 2978 4535; x_wconf 94' lang='lat' dir='ltr'><strong>illo</strong></span> <span class='ocrx_word' id='word_1_800' title='bbox 3017 4479 3385 4534; x_wconf 90' lang='lat' dir='ltr'><strong>damnabitur.</strong></span> <span class='ocrx_word' id='word_1_801' title='bbox 3426 4478 3543 4535; x_wconf 86' lang='lat' dir='ltr'><strong>Sed</strong></span> <span class='ocrx_word' id='word_1_802' title='bbox 3583 4496 3746 4552; x_wconf 77' lang='lat' dir='ltr'><strong>Opera</strong></span> 
     </span>
    </p>
   </div>
   <div class='ocr_carea' id='block_1_102' title="bbox 2150 4573 3744 4646">
    <p class='ocr_par' dir='ltr' id='par_1_102' title="bbox 2150 4573 3744 4646">
     <span class='ocr_line' id='line_1_102' title="bbox 2150 4573 3744 4646; baseline -0.002 -13"><span class='ocrx_word' id='word_1_803' title='bbox 2150 4575 2532 4633; x_wconf 78' lang='lat' dir='ltr'><strong>misericordia:</strong></span> <span class='ocrx_word' id='word_1_804' title='bbox 2581 4589 2702 4630; x_wconf 91' lang='lat' dir='ltr'><strong>eum</strong></span> <span class='ocrx_word' id='word_1_805' title='bbox 2753 4573 2841 4646; x_wconf 89' lang='lat' dir='ltr'><strong>pia</strong></span> <span class='ocrx_word' id='word_1_806' title='bbox 2884 4573 3189 4630; x_wconf 89' lang='lat' dir='ltr'><strong>humilitate</strong></span> <span class='ocrx_word' id='word_1_807' title='bbox 3237 4573 3600 4644; x_wconf 72' lang='lat' dir='ltr'><strong>impetrant:</strong></span> <span class='ocrx_word' id='word_1_808' title='bbox 3641 4575 3744 4630; x_wconf 78' lang='lat' dir='ltr'><strong>Do-</strong></span> 
     </span>
    </p>
   </div>
   <div class='ocr_carea' id='block_1_103' title="bbox 2151 4663 3748 4736">
    <p class='ocr_par' dir='ltr' id='par_1_103' title="bbox 2151 4663 3748 4736">
     <span class='ocr_line' id='line_1_103' title="bbox 2151 4663 3748 4736; baseline -0.002 -15"><span class='ocrx_word' id='word_1_809' title='bbox 2151 4666 2296 4721; x_wconf 91' lang='lat' dir='ltr'><strong>mino</strong></span> <span class='ocrx_word' id='word_1_810' title='bbox 2319 4705 2334 4731; x_wconf 92' lang='lat'><strong>,</strong></span> <span class='ocrx_word' id='word_1_811' title='bbox 2357 4674 2415 4718; x_wconf 91' lang='lat' dir='ltr'><strong>ut</strong></span> <span class='ocrx_word' id='word_1_812' title='bbox 2442 4679 2545 4719; x_wconf 94' lang='lat' dir='ltr'><strong>non</strong></span> <span class='ocrx_word' id='word_1_813' title='bbox 2568 4663 2844 4734; x_wconf 89' lang='lat' dir='ltr'><strong>permittat</strong></span> <span class='ocrx_word' id='word_1_814' title='bbox 2867 4678 3053 4719; x_wconf 89' lang='lat' dir='ltr'><strong>servos</strong></span> <span class='ocrx_word' id='word_1_815' title='bbox 3079 4678 3206 4719; x_wconf 89' lang='lat' dir='ltr'><strong>suos</strong></span> <span class='ocrx_word' id='word_1_816' title='bbox 3229 4663 3432 4718; x_wconf 87' lang='lat' dir='ltr'><strong>tentari</strong></span> <span class='ocrx_word' id='word_1_817' title='bbox 3455 4663 3748 4736; x_wconf 68' lang='lat' dir='ltr'><strong>plusquam</strong></span> 
     </span>
    </p>
   </div>
   <div class='ocr_carea' id='block_1_104' title="bbox 2147 4757 2688 4830">
    <p class='ocr_par' dir='ltr' id='par_1_104' title="bbox 2147 4757 2688 4830">
     <span class='ocr_line' id='line_1_104' title="bbox 2147 4757 2688 4830; baseline -0.002 -17"><span class='ocrx_word' id='word_1_818' title='bbox 2147 4765 2376 4830; x_wconf 88' lang='lat' dir='ltr'><strong>possunt</strong></span> <span class='ocrx_word' id='word_1_819' title='bbox 2400 4757 2688 4812; x_wconf 88' lang='lat' dir='ltr'><strong>sustinere.</strong></span> 
     </span>
    </p>
   </div>
   <div class='ocr_carea' id='block_1_105' title="bbox 2225 4843 3748 4917">
    <p class='ocr_par' dir='ltr' id='par_1_105' title="bbox 2225 4843 3748 4917">
     <span class='ocr_line' id='line_1_105' title="bbox 2225 4843 3748 4917; baseline -0.001 -14"><span class='ocrx_word' id='word_1_820' title='bbox 2225 4847 2358 4904; x_wconf 80' lang='lat' dir='ltr'><strong>Nam</strong></span> <span class='ocrx_word' id='word_1_821' title='bbox 2381 4847 2636 4917; x_wconf 90' lang='lat' dir='ltr'><strong>quoniam</strong></span> <span class='ocrx_word' id='word_1_822' title='bbox 2665 4845 2732 4901; x_wconf 90' lang='lat' dir='ltr'><strong>de</strong></span> <span class='ocrx_word' id='word_1_823' title='bbox 2761 4845 2864 4901; x_wconf 89' lang='lat' dir='ltr'><strong>hoc</strong></span> <span class='ocrx_word' id='word_1_824' title='bbox 2883 4845 2976 4916; x_wconf 90' lang='lat' dir='ltr'><strong>qui</strong></span> <span class='ocrx_word' id='word_1_825' title='bbox 3001 4845 3068 4901; x_wconf 91' lang='lat' dir='ltr'><strong>ad</strong></span> <span class='ocrx_word' id='word_1_826' title='bbox 3101 4845 3260 4901; x_wconf 84' lang='lat' dir='ltr'><strong>ﬁdem</strong></span> <span class='ocrx_word' id='word_1_827' title='bbox 3289 4843 3504 4901; x_wconf 86' lang='lat' dir='ltr'><strong>Christi</strong></span> <span class='ocrx_word' id='word_1_828' title='bbox 3531 4862 3594 4903; x_wconf 83' lang='lat' dir='ltr'><strong>se</strong></span> <span class='ocrx_word' id='word_1_829' title='bbox 3616 4845 3748 4902; x_wconf 75' lang='lat' dir='ltr'><strong>velle</strong></span> 
     </span>
    </p>
   </div>
   <div class='ocr_carea' id='block_1_106' title="bbox 2155 4936 3748 5007">
    <p class='ocr_par' dir='ltr' id='par_1_106' title="bbox 2155 4936 3748 5007">
     <span class='ocr_line' id='line_1_106' title="bbox 2155 4936 3748 5007; baseline -0.003 -10"><span class='ocrx_word' id='word_1_830' title='bbox 2155 4942 2339 4997; x_wconf 90' lang='lat' dir='ltr'><strong>venire</strong></span> <span class='ocrx_word' id='word_1_831' title='bbox 2400 4946 2628 4994; x_wconf 85' lang='lat' dir='ltr'><strong>testatus</strong></span> <span class='ocrx_word' id='word_1_832' title='bbox 2686 4943 2806 5003; x_wconf 91' lang='lat' dir='ltr'><strong>est,</strong></span> <span class='ocrx_word' id='word_1_833' title='bbox 2863 4936 3133 5007; x_wconf 90' lang='lat' dir='ltr'><strong>quomodo</strong></span> <span class='ocrx_word' id='word_1_834' title='bbox 3195 4937 3525 4993; x_wconf 89' lang='lat' dir='ltr'><strong>imbuendus</strong></span> <span class='ocrx_word' id='word_1_835' title='bbox 3574 4940 3648 4994; x_wconf 82' lang='lat' dir='ltr'><strong>sit</strong></span> <span class='ocrx_word' id='word_1_836' title='bbox 3695 4939 3748 4992; x_wconf 77' lang='lat' dir='ltr'><strong>iu</strong></span> 
     </span>
    </p>
   </div>
   <div class='ocr_carea' id='block_1_107' title="bbox 2157 5027 3746 5106">
    <p class='ocr_par' dir='ltr' id='par_1_107' title="bbox 2157 5027 3746 5106">
     <span class='ocr_line' id='line_1_107' title="bbox 2157 5027 3746 5106; baseline -0.003 -18"><span class='ocrx_word' id='word_1_837' title='bbox 2157 5030 2480 5106; x_wconf 81' lang='lat' dir='ltr'><strong>praecedenti</strong></span> <span class='ocrx_word' id='word_1_838' title='bbox 2517 5043 2802 5093; x_wconf 87' lang='lat' dir='ltr'><strong>sermone,</strong></span> <span class='ocrx_word' id='word_1_839' title='bbox 2827 5028 2920 5092; x_wconf 89' lang='lat' dir='ltr'><strong>ita,</strong></span> <span class='ocrx_word' id='word_1_840' title='bbox 2947 5035 3005 5081; x_wconf 92' lang='lat' dir='ltr'><strong>ut</strong></span> <span class='ocrx_word' id='word_1_841' title='bbox 3035 5041 3178 5092; x_wconf 89' lang='lat' dir='ltr'><strong>reor,</strong></span> <span class='ocrx_word' id='word_1_842' title='bbox 3210 5027 3343 5082; x_wconf 89' lang='lat' dir='ltr'><strong>satis</strong></span> <span class='ocrx_word' id='word_1_843' title='bbox 3386 5027 3600 5083; x_wconf 86' lang='lat' dir='ltr'><strong>dictum</strong></span> <span class='ocrx_word' id='word_1_844' title='bbox 3644 5036 3746 5084; x_wconf 78' lang='lat' dir='ltr'><strong>est.</strong></span> 
     </span>
    </p>
   </div>
   <div class='ocr_carea' id='block_1_108' title="bbox 2157 5119 3748 5195">
    <p class='ocr_par' dir='ltr' id='par_1_108' title="bbox 2157 5119 3748 5195">
     <span class='ocr_line' id='line_1_108' title="bbox 2157 5119 3748 5195; baseline -0.005 -12"><span class='ocrx_word' id='word_1_845' title='bbox 2157 5127 2310 5183; x_wconf 82' lang='lat' dir='ltr'><strong>Nunc</strong></span> <span class='ocrx_word' id='word_1_846' title='bbox 2348 5122 2616 5195; x_wconf 90' lang='lat' dir='ltr'><strong>quomodo</strong></span> <span class='ocrx_word' id='word_1_847' title='bbox 2643 5121 2756 5190; x_wconf 91' lang='lat' dir='ltr'><strong>ipse</strong></span> <span class='ocrx_word' id='word_1_848' title='bbox 2803 5119 2871 5175; x_wconf 88' lang='lat' dir='ltr'><strong>ad</strong></span> <span class='ocrx_word' id='word_1_849' title='bbox 2913 5120 3230 5176; x_wconf 87' lang='lat' dir='ltr'><strong>catechismi</strong></span> <span class='ocrx_word' id='word_1_850' title='bbox 3277 5120 3536 5176; x_wconf 85' lang='lat' dir='ltr'><strong>ordinem</strong></span> <span class='ocrx_word' id='word_1_851' title='bbox 3583 5123 3748 5176; x_wconf 81' lang='lat' dir='ltr'><strong>intro-</strong></span> 
     </span>
    </p>
   </div>
   <div class='ocr_carea' id='block_1_109' title="bbox 2160 5216 3744 5287">
    <p class='ocr_par' dir='ltr' id='par_1_109' title="bbox 2160 5216 3744 5287">
     <span class='ocr_line' id='line_1_109' title="bbox 2160 5216 3744 5287; baseline -0.004 -10"><span class='ocrx_word' id='word_1_852' title='bbox 2160 5224 2386 5278; x_wconf 85' lang='lat' dir='ltr'><strong>dueatnr</strong></span> <span class='ocrx_word' id='word_1_853' title='bbox 2423 5229 2481 5274; x_wconf 93' lang='lat' dir='ltr'><strong>ut</strong></span> <span class='ocrx_word' id='word_1_854' title='bbox 2507 5219 2924 5272; x_wconf 89' lang='lat' dir='ltr'><strong>catechumenus</strong></span> <span class='ocrx_word' id='word_1_855' title='bbox 2949 5216 3071 5282; x_wconf 81' lang='lat' dir='ltr'><strong>ﬁat,</strong></span> <span class='ocrx_word' id='word_1_856' title='bbox 3100 5225 3155 5270; x_wconf 92' lang='lat' dir='ltr'><strong>et</strong></span> <span class='ocrx_word' id='word_1_857' title='bbox 3178 5217 3257 5271; x_wconf 90' lang='lat' dir='ltr'><strong>sic</strong></span> <span class='ocrx_word' id='word_1_858' title='bbox 3296 5217 3363 5271; x_wconf 85' lang='lat' dir='ltr'><strong>ad</strong></span> <span class='ocrx_word' id='word_1_859' title='bbox 3411 5217 3744 5287; x_wconf 74' lang='lat' dir='ltr'><strong>baptismum</strong></span> 
     </span>
    </p>
   </div>
   <div class='ocr_carea' id='block_1_110' title="bbox 2159 5308 3742 5380">
    <p class='ocr_par' dir='ltr' id='par_1_110' title="bbox 2159 5308 3742 5380">
     <span class='ocr_line' id='line_1_110' title="bbox 2159 5308 3742 5380; baseline -0.006 -10"><span class='ocrx_word' id='word_1_860' title='bbox 2159 5314 2358 5371; x_wconf 90' lang='lat' dir='ltr'><strong>Christi</strong></span> <span class='ocrx_word' id='word_1_861' title='bbox 2389 5321 2443 5368; x_wconf 93' lang='lat' dir='ltr'><strong>et</strong></span> <span class='ocrx_word' id='word_1_862' title='bbox 2483 5318 2817 5367; x_wconf 85' lang='lat' dir='ltr'><strong>sacramenta</strong></span> <span class='ocrx_word' id='word_1_863' title='bbox 2843 5309 3023 5364; x_wconf 89' lang='lat' dir='ltr'><strong>divina</strong></span> <span class='ocrx_word' id='word_1_864' title='bbox 3054 5308 3404 5380; x_wconf 89' lang='lat' dir='ltr'><strong>percipienda</strong></span> <span class='ocrx_word' id='word_1_865' title='bbox 3432 5308 3742 5379; x_wconf 77' lang='lat' dir='ltr'><strong>perveniat,</strong></span> 
     </span>
    </p>
   </div>
   <div class='ocr_carea' id='block_1_111' title="bbox 2159 5401 3744 5477">
    <p class='ocr_par' dir='ltr' id='par_1_111' title="bbox 2159 5401 3744 5477">
     <span class='ocr_line' id='line_1_111' title="bbox 2159 5401 3744 5477; baseline -0.004 -15"><span class='ocrx_word' id='word_1_866' title='bbox 2159 5406 2406 5477; x_wconf 88' lang='lat' dir='ltr'><strong>sequenti</strong></span> <span class='ocrx_word' id='word_1_867' title='bbox 2427 5418 2674 5460; x_wconf 91' lang='lat' dir='ltr'><strong>sermone</strong></span> <span class='ocrx_word' id='word_1_868' title='bbox 2699 5444 2714 5470; x_wconf 93' lang='lat'><strong>,</strong></span> <span class='ocrx_word' id='word_1_869' title='bbox 2751 5411 2908 5476; x_wconf 93' lang='lat' dir='ltr'><strong>prout</strong></span> <span class='ocrx_word' id='word_1_870' title='bbox 2932 5401 3192 5458; x_wconf 89' lang='lat' dir='ltr'><strong>Dominus</strong></span> <span class='ocrx_word' id='word_1_871' title='bbox 3241 5401 3470 5466; x_wconf 89' lang='lat' dir='ltr'><strong>dederit,</strong></span> <span class='ocrx_word' id='word_1_872' title='bbox 3526 5401 3744 5455; x_wconf 75' lang='lat' dir='ltr'><strong>demou-</strong></span> 
     </span>
    </p>
   </div>
   <div class='ocr_carea' id='block_1_112' title="bbox 2159 5497 2467 5553">
    <p class='ocr_par' dir='ltr' id='par_1_112' title="bbox 2159 5497 2467 5553">
     <span class='ocr_line' id='line_1_112' title="bbox 2159 5497 2467 5553; baseline -0.006 0"><span class='ocrx_word' id='word_1_873' title='bbox 2159 5497 2467 5553; x_wconf 89' lang='lat' dir='ltr'><strong>strabimus.</strong></span> 
     </span>
    </p>
   </div>
   <div class='ocr_carea' id='block_1_113' title="bbox 1797 5814 2424 5854">
    <p class='ocr_par' dir='ltr' id='par_1_113' title="bbox 1797 5814 2424 5854">
     <span class='ocr_line' id='line_1_113' title="bbox 1797 5814 2424 5854; baseline -0.006 0"><span class='ocrx_word' id='word_1_874' title='bbox 1797 5814 2424 5854; x_wconf 52' lang='grc' dir='ltr'>ψ</span> 
     </span>
    </p>
   </div>
  </div>
