3956 6326
244 346 381 406 1217

1157 339 1246 396 DE
1283 336 1826 398 ECCLESIASTICA
1864 335 2265 396 DISCIPLlNA.
2305 365 2377 379 —-
2408 336 2538 396 LIB.
2575 338 2641 395 ll.

3381 349 3521 409 1218

252 471 3503 500 ww

1422 599 1718 679 LIBER
1773 598 2340 680 SECUNDUS.

995 774 1104 836 DE
1142 771 1664 836 CATECHISMO
1705 774 1810 836 ET
1853 773 2412 838 SACRAMENTIS
2453 775 2775 841 DIVINIS.

315 961 418 1034 (De
466 957 602 1015 Inst.
644 957 796 1026 σίων..
828 957 867 1013 l.
891 975 934 1026 ι,
966 975 1014 1014 c.
1037 959 1154 1034 26.)
1184 959 1622 1020 Catechumenus
1649 974 1832 1022 autem
1857 970 1912 1034 Α
1935 968 2106 1028 Judaei
2128 973 2474 1040 erubescunt,
2493 971 2612 1044 ejus
2633 974 2849 1030 nomine
2874 989 2976 1032 nos
3002 977 3273 1036 credimus
3297 983 3523 1052 muniri,

239 1055 442 1112 dicitur
485 1067 588 1125 pro
621 1067 688 1110 eo
717 1052 861 1123 quod
903 1052 1082 1108 adhuc
1134 1053 1439 1110 doctrinam
1479 1055 1604 1113 ﬁdei
1659 1058 1828 1127 audit,

247 1147 479 1203 necdum
506 1154 709 1210 tamen,
735 1153 842 1200 etc.
864 1143 1039 1217 Usque
1065 1146 1135 1199 ad
1155 1145 1314 1216 finem
1341 1147 1549 1217 capitis.

315 1240 455 1310 Quia
481 1256 588 1297 non
622 1241 839 1297 obsistit
873 1240 1262 1313 omnipotentis
1289 1241 1385 1297 Dei
1410 1243 1597 1313 gratiae
1624 1252 1834 1300 natura:

242 1333 536 1390 inﬁrmitas
562 1334 838 1390 humanae.

315 1425 573 1494 Quamvis
619 1427 766 1483 enim
812 1427 1023 1498 parvuli
1079 1443 1182 1498 pro
1228 1436 1391 1486 aztate
1442 1445 1554 1486 non
1604 1438 1835 1502 possunt

241 1518 546 1590 intelligere
593 1519 766 1589 ipsam
836 1519 1246 1576 conversionem
1312 1521 1381 1576 ad
1445 1522 1614 1578 Deum
1671 1530 1835 1593 atque

240 1610 644 1677 credulitatem,
709 1610 982 1667 credimus
1034 1619 1215 1668 tamen
1246 1627 1340 1668 eos
1383 1613 1450 1668 ad
1489 1614 1660 1670 Deum
1706 1629 1833 1670 con-

238 1702 384 1759 verti
431 1711 652 1774 propter
697 1701 1068 1758 conversionis
1109 1711 1505 1760 sacramentum
1529 1744 1547 1770 ,
1573 1713 1630 1760 et
1671 1704 1833 1762 ﬁdem

237 1794 444 1851 habere
472 1802 694 1865 propter
723 1793 850 1850 ﬁdei
879 1803 1306 1863 sacramentum,
1328 1795 1473 1852 sicut
1507 1795 1740 1868 legimus
1777 1796 1834 1851 in

237 1885 527 1956 Augustini
587 1885 831 1958 Epistola
886 1887 952 1942 ad
1009 1887 1349 1943 Bonifacium
1417 1888 1732 1960 episcopum
1767 1889 1836 1946 de

236 1977 484 2049 parvulis
515 1978 906 2048 requirentem,
954 1977 1048 2033 ubi
1088 1979 1220 2035 dicit
1245 1978 1383 2052 (ipsa
1434 1980 1717 2052 responsio
1764 1981 1834 2037 ad

237 2069 666 2126 celebrationem
687 2069 1015 2127 sacramenti
1042 2071 1320 2143 pertinet),
1345 2072 1486 2128 sicut
1503 2073 1568 2128 de
1597 2073 1714 2144 ipso
1737 2073 1834 2129 ba-

236 2161 442 2232 ptismo
487 2160 820 2232 Apostolus:
855 2179 875 2212 ι
905 2159 1238 2232 Consepulti,
1262 2162 1456 2233 inquit,
1496 2179 1683 2218 sumus
1707 2178 1832 2219 cum

236 2250 459 2308 Christo
496 2267 594 2321 per
641 2251 966 2322 baptismum
996 2251 1051 2306 in
1107 2260 1281 2308 morte
1319 2251 1500 2326 (Rom.
1561 2269 1639 2321 vt,
1685 2253 1762 2326 4).
1803 2273 1824 2308 ι

238 2343 362 2401 Non
391 2344 471 2400 ait
516 2341 846 2415 sepulturam
880 2343 1326 2413 signiﬁcabimus,
1357 2346 1452 2400 sed
1477 2361 1699 2417 prorsus
1729 2347 1824 2414 ait,
1855 2347 1903 2408 B

245 2457 265 2490 ι
316 2436 613 2507 consepulti
641 2451 850 2502 sumus,
889 2455 908 2489 ι
941 2445 1341 2492 sacramentum
1383 2452 1513 2508 ergo
1542 2446 1706 2494 tantae
1748 2439 1829 2494 rei

239 2542 354 2583 non
384 2527 490 2582 nisi
531 2520 768 2596 ejusdem
819 2526 898 2581 rei
943 2525 1208 2582 vocabulo
1253 2528 1602 2598 nuncupavit.
1642 2528 1830 2599 Itaque

239 2619 556 2693 parvulum,
593 2619 698 2675 etsi
722 2618 962 2675 nondum
1012 2619 1146 2675 ﬁdes
1199 2619 1288 2674 illa
1330 2635 1449 2691 quae
1493 2621 1548 2676 in
1599 2621 1827 2678 creden-

242 2712 383 2766 tium
438 2710 714 2767 voluntate
764 2711 1034 2778 consistit,
1082 2711 1197 2781 jam
1255 2719 1437 2768 tamen
1487 2713 1658 2784 ipsius
1703 2713 1829 2770 ﬁdei

241 2810 644 2860 sacramentum
709 2801 922 2857 ﬁdelem
989 2799 1138 2857 facit.
1205 2800 1340 2857 Nam
1412 2803 1554 2859 sicut
1609 2805 1832 2862 credere

244 2894 676 2966 respondeatur,
716 2893 793 2948 ita
823 2892 986 2948 etiam
1031 2893 1217 2950 ﬁdeles
1239 2902 1500 2950 vocantur
1530 2913 1543 2948 :
1576 2911 1682 2953 non
1715 2911 1832 2952 rem

243 2988 422 3058 ipsam
472 2995 655 3042 mente
698 2986 1006 3052 annuendo,
1053 2985 1147 3042 sed
1176 2987 1344 3058 ipsius
1390 2988 1468 3043 rei
1517 3004 1831 3046 sacramen-

245 3089 363 3134 tum
389 3079 750 3150 percipiendo.
793 3079 928 3135 Cum
953 3087 1137 3134 autem
1165 3095 1356 3151 sapere
1392 3081 1556 3137 homo
1585 3084 1832 3154 coeperit,

244 3185 356 3225 non
382 3169 511 3225 illud
539 3178 940 3226 sacramentum
984 3172 1202 3242 repetit,
1244 3173 1340 3228 sed
1365 3173 1642 3247 intelligit,
1691 3177 1835 3247 ejus-

245 3275 354 3330 que
405 3260 669 3316 voluntati
725 3276 965 3318 consona
1020 3263 1183 3318 etiam
1233 3264 1512 3320 voluntate
1556 3268 1832 3339 coaptabi-

243 3362 356 3408 tur.
411 3352 527 3410 Hoc
566 3353 804 3424 quandiu
845 3369 953 3410 non
974 3362 1174 3427 potest,
1202 3355 1404 3412 valebit
1432 3367 1833 3416 sacramentum

243 3447 316 3502 ad
367 3445 480 3514 ejus
534 3451 758 3503 tutelam
817 3448 1075 3504 adversus
1130 3449 1438 3506 contrarias
1494 3459 1788 3521 potestates
1814 3491 1832 3520 ,

243 3547 303 3595 et
346 3548 555 3595 tantum
595 3539 818 3605 valebit,
849 3548 908 3594 ut
951 3541 999 3596 si
1041 3550 1166 3597 ante
1203 3542 1426 3612 majoris
1465 3547 1640 3601 aetatis
1676 3562 1832 3602 usum

242 3646 317 3684 ex
363 3630 468 3684 hac
509 3630 622 3684 vita
659 3631 1029 3702 emigraverit,
1068 3646 1166 3701 per
1208 3635 1384 3702 ipsum
1431 3647 1834 3692 sacramentum

243 3724 636 3779 commendans
659 3723 1295 3790 Ecelesiae-cbaritatem,
1343 3726 1412 3781 ab
1449 3727 1538 3782 illa
1574 3731 1834 3786 condem-

245 3814 472 3869 natione
525 3830 647 3885 quae
668 3829 766 3885 per
795 3830 961 3869 unum
991 3816 1217 3871 intravit
1265 3817 1319 3872 in
1367 3821 1647 3887 mundum,
1679 3821 1836 3878 Chri-

244 3906 428 3964 stiano
453 3908 720 3979 adjutorio
747 3908 1023 3963 liberetur.
1051 3910 1108 3963 ιιι
1131 3912 1396 3966 scrutinio
1417 3914 1613 3984 quippe
1637 3913 1838 3970 facien-

245 4001 377 4055 dum
414 4009 497 4057 est
536 4002 752 4073 signum
802 4003 979 4058 crucis
1021 4017 1184 4074 super
1222 4021 1418 4074 pueros
1457 4007 1571 4064 sive
1607 4008 1833 4078 puellas,

246 4093 394 4147 sicut
441 4093 744 4151 invenimus
799 4097 1058 4166 scriptum
1107 4099 1164 4154 in
1215 4099 1460 4155 Romano
1514 4103 1734 4168 ordine,
1783 4110 1840 4158 et

247 4197 483 4252 genuum
510 4183 670 4239 llexio
693 4185 759 4240 ad
800 4187 1128 4253 orationem,
1168 4197 1225 4244 et
1256 4189 1576 4246 insinuanda
1603 4201 1686 4248 est
1714 4208 1838 4248 ora-

248 4276 328 4328 tio
350 4275 625 4333 Dominica
653 4278 884 4347 patrinis
904 4288 959 4334 et
983 4281 1254 4348 matrinis,
1288 4293 1346 4338 ut
1375 4292 1430 4339 et
1460 4284 1561 4354 ipsi
1588 4285 1838 4343 similiter

245 4363 456 4418 faciant
474 4365 559 4420 his
585 4381 722 4436 quos
748 4369 1052 4439 suscepturi
1079 4379 1205 4425 sunt
1233 4387 1264 4426 a
1295 4387 1454 4429 sacro
1488 4374 1833 4443 baptismate.

247 4460 510 4518 Similiter
546 4462 927 4520 insinuandum
948 4473 1032 4522 est
1049 4467 1373 4538 symbolum,
1402 4470 1546 4540 quod
1572 4470 1625 4525 in
1655 4470 1840 4542 lingua

244 4561 442 4611 nostra
468 4557 700 4611 vertitur
729 4559 943 4628 signum
973 4558 1059 4615 vel
1082 4561 1342 4632 cognitio.
1371 4560 1596 4629 Quando
1632 4563 1843 4620 divide‘

246 4647 453 4702 bantur
525 4647 753 4718 apostoli
803 4665 902 4719 per
953 4657 1128 4706 totum
1188 4652 1376 4708 orbem
1436 4655 1840 4722 praedicationis

248 4754 443 4804 causa,
484 4741 749 4797 dederunt
796 4743 925 4799 illud
973 4744 1184 4816 signum
1225 4745 1646 4815 praedicationis,
1696 4756 1755 4803 ut
1793 4749 1841 4804 si

249 4831 376 4902 quis
427 4830 554 4886 talia
598 4832 950 4890 conﬁteretur
989 4835 1174 4906 qualia
1216 4837 1289 4892 ibi
1335 4837 1607 4906 dicuntur,
1651 4841 1839 4912 cogni-

250 4923 459 4979 tionem
489 4924 645 4980 daret
672 4939 732 4980 se
766 4941 794 4979 a
829 4925 1032 4982 Christi
1067 4929 1324 5000 apostolis
1353 4930 1467 4985 sive
1497 4946 1527 4986 a
1558 4946 1843 4988 successo—

239 5015 405 5084 _t'tbus
441 5031 630 5072 eorum
675 5018 946 5074 didicisse.
977 5017 1112 5074 Nam
1148 5020 1202 5074 in
1240 5019 1421 5077 fronte
1462 5021 1584 5078 ideo
1612 5022 1840 5080 facimus

254 5107 495 5177 signum,
525 5109 650 5178 quia
681 5111 838 5166 sedes
861 5112 1200 5168 verecundiae
1235 5113 1290 5168 in
1312 5112 1492 5170 fronte
1532 5115 1672 5172 solet
1697 5132 1836 5184 esse,

251 5199 523 5269 siquidem
562 5198 734 5256 Judtei
771 5203 1103 5258 erubescunt
1141 5206 1366 5262 credere
1402 5207 1457 5262 in
1500 5207 1652 5264 illum
1682 5224 1842 5280 quem

251 5303 460 5352 norunt
491 5295 833 5361 cruciﬁxum,
867 5305 928 5352 ut
954 5296 1152 5354 Paulus
1180 5300 1456 5370 apostolus
1497 5302 1643 5358 dicit.
1680 5321 1699 5356 ι
1733 5302 1843 5361 Nos

256 5396 438 5442 autem
487 5387 846 5457 prmdicamus
889 5387 1163 5445 Christum
1224 5392 1584 5458 cruciﬁxum,
1641 5392 1842 5451 Iudaeis

257 5479 480 5551 quidem
517 5479 854 5544 scandalum,
905 5489 1012 5537 etc.
1051 5480 1102 5554 (Ι
1129 5481 1245 5538 Col.
1287 5501 1328 5550 ι,
1371 5485 1499 5557 25);
1547 5505 1564 5539 ι
1607 5490 1699 5542 sed
1743 5503 1841 5545 nos

259 5572 533 5627 credimus
558 5588 654 5644 per
690 5573 1011 5629 cruciﬁxum
1047 5575 1266 5632 salvari.
1310 5577 1387 5632 De
1427 5579 1582 5649 cujus
1621 5580 1838 5636 nomine

1933 1073 2094 1136 atque
2132 1065 2254 1123 ideo
2281 1067 2337 1122 in
2378 1065 2556 1123 fronte
2591 1067 2805 1138 signum
2843 1065 3077 1125 facimus
3099 1070 3192 1126 ubi
3235 1073 3394 1130 sedes
3431 1089 3525 1132 ve—

1933 1157 2205 1215 recundia:
2231 1165 2336 1226 est,
2361 1158 2522 1214 sicuti
2556 1156 2670 1228 jam
2709 1159 2965 1226 diximus,
3007 1169 3062 1217 et
3100 1177 3204 1218 non
3231 1163 3340 1220 alio
3369 1165 3524 1238 signo

1932 1253 2211 1324 signemus
2246 1253 2351 1311 nisi
2377 1253 2532 1325 signo
2559 1253 2760 1319 crucis,
2801 1254 2929 1324 quia
2972 1255 3233 1313 Dominus
3268 1257 3324 1313 in
3355 1273 3524 1316 carne

1932 1352 2092 1398 natus
2122 1343 2377 1400 vexillum
2409 1343 2591 1400 crucis
2633 1360 2741 1415 quo
2775 1361 2996 1402 suorum
3027 1347 3234 1405 frontes
3278 1349 3522 1422 signaret

1934 1434 2137 1501 attulit,
2165 1443 2226 1491 ut
2269 1437 2576 1492 destrueret
2611 1435 2803 1493 mortis
2833 1437 3143 1508 imperium,
3178 1447 3234 1496 et
3271 1455 3370 1511 per
3413 1440 3524 1498 tale

1933 1527 2146 1601 signum
2187 1538 2540 1599 recognoscat
2583 1529 2858 1584 contraria
2888 1537 3131 1600 potestas
3159 1531 3522 1603 principatum

1935 1619 2255 1690 se-perdere
2293 1620 2351 1675 in
2400 1619 2520 1676 istis
2563 1635 2702 1690 quos
2730 1619 2874 1676 Deus
2916 1621 3134 1677 vocavit
3177 1621 3245 1677 ad
3289 1623 3522 1694 gratiam

1933 1711 2213 1783 baptismi.

2005 1799 2137 1858 illud
2179 1803 2345 1859 etiam
2389 1804 2604 1876 signum
2653 1804 2859 1860 faciunt
2906 1804 2959 1860 in
3010 1804 3284 1862 frontibus
3333 1820 3522 1862 eorum

1933 1897 2259 1969 presbyteri,
2290 1897 2524 1965 accoliti,
2573 1899 2795 1969 patrini,
2839 1897 2922 1954 vel
2964 1900 3232 1955 matrinaz.
3265 1899 3525 1956 lntiman—

1935 1991 2062 2048 dum
2090 2001 2174 2048 est
2206 2007 2337 2064 ergo
2359 2000 2523 2063 atque
2543 1992 2937 2050 instantissime
2958 1993 3362 2064 praedicandum
3391 1994 3521 2065 ipsis

1932 2086 2165 2157 patrinis
2215 2086 2298 2142 vel
2348 2086 2598 2142 matrinis
2650 2088 2793 2156 quod
2838 2085 3184 2155 ﬁdejussores
3223 2095 3352 2143 sunt
3399 2087 3520 2143 illo-

1934 2192 2053 2230 rum
2083 2192 2220 2248 quos
2251 2177 2553 2247 suscipiunt
2593 2177 2660 2232 de
2701 2177 3046 2248 baptismate,
3090 2185 3147 2232 et
3190 2192 3289 2248 pro
3326 2177 3524 2248 quibus
3596 2221 3602 2228 .

1930 2268 2162 2340 professi
2191 2277 2338 2335 sunt,
2372 2269 2500 2339 quia
2532 2271 2598 2324 de
2625 2267 2758 2339 ipsis
2783 2269 3047 2326 reddituri
3072 2276 3198 2326 sunt
3229 2269 3339 2325 Deo
3363 2269 3523 2325 ratio-

1931 2377 2075 2428 nem,
2109 2371 2292 2417 utrum
2339 2361 2502 2417 ﬁdem
2544 2361 2749 2418 Christi
2779 2363 2860 2418 eis
2883 2370 2940 2419 et
2979 2378 3166 2418 veram
3204 2362 3522 2436 religionem

1929 2467 2054 2508 cum
2083 2451 2150 2507 ad
2175 2459 2392 2508 aetatem
2413 2451 2810 2524 intelligibilem
2835 2454 3183 2524 pervenerint
3208 2453 3521 2511 insinuave-

1930 2542 2063 2610 rint,
2092 2557 2162 2598 an
2194 2558 2322 2599 non.

2359 2657 2438 2712 De
2478 2657 2844 2714 catechizandi
2891 2657 3096 2712 ordine.

2003 2770 2104 2843 (De
2138 2770 2279 2826 Inst.
2313 2769 2467 2836 clem,
2516 2769 2555 2823 Ι.
2606 2785 2644 2835 r,
2682 2785 2729 2822 c.
2771 2750 2890 2839 Τί.)
2945 2767 3334 2824 Catechizandi
3377 2766 3523 2825 enim

1929 2865 2064 2921 ordo
2083 2865 2172 2921 hic
2192 2871 2298 2920 est.
2326 2863 2570 2917 Primum
2601 2862 2972 2933 interrogatur
2996 2877 3263 2934 paganus,
3295 2861 3343 2918 si
3366 2860 3526 2919 abre-

1932 2955 2148 3010 nuntiat
2175 2954 2411 3018 diabolo,
2452 2961 2594 3015 etc.;
2635 2969 2796 3024 usque
2822 2953 2891 3007 ad
2916 2952 3075 3023 ﬁnem
3103 2953 3308 3024 capitis.

2004 3044 2233 3117 Ungitur
2254 3054 2310 3101 et
2337 3046 2480 3101 inter
2507 3044 2757 3116 scapulas
2785 3045 2854 3101 de
2871 3045 3062 3101 eodem
3096 3044 3238 3111 oleo,
3276 3053 3338 3100 ut
3363 3046 3524 3103 undi-

1933 3154 2038 3210 que
2084 3139 2383 3206 muniatur,
2427 3147 2486 3194 et
2528 3139 2596 3194 ad
2635 3139 2773 3194 bona
2815 3153 2980 3210 opera
3029 3137 3275 3196 facienda
3305 3155 3405 3212 per
3429 3141 3524 3198 Dei

1933 3230 2165 3300 gratiam
2193 3231 2508 3286 roboretur.

2005 3321 2167 3395 (Ibid.
2208 3323 2304 3376 sub
2333 3322 2511 3392 ﬁnem,
2551 3339 2599 3376 c.
2641 3320 2758 3392 25).
2793 3321 2921 3379 Ideo
2955 3323 3102 3380 enim
3147 3334 3276 3382 ante
3319 3327 3526 3397 baptis-

1933 3429 2083 3470 mum
2115 3413 2436 3470 catechismi
2465 3413 2627 3470 debet
2659 3417 2964 3486 praevenire
2988 3415 3226 3472 cilicium
3263 3435 3278 3472 :
3304 3425 3366 3474 ut
3401 3417 3529 3476 ﬁdei

1933 3509 2169 3581 primum
2201 3509 2628 3566 catechumenus
2654 3509 2889 3580 accipiat
2931 3510 3322 3576 rudimentum,
3349 3521 3405 3566 et
3448 3511 3531 3568 sic

1927 3598 2041 3668 jam
2070 3610 2294 3671 paratus
2319 3601 2386 3656 ad
2410 3600 2669 3672 baptismi
2705 3601 2933 3657 accedat
2969 3601 3268 3660 lavacrum.
3301 3601 3437 3658 Nam
3469 3603 3525 3658 in

1863 3707 1910 3770 ο
1940 3693 2236 3764 Evangelio
2285 3694 2582 3748 secundum
2631 3694 2943 3752 Mattbaaum
2981 3696 3182 3768 legitur
3227 3698 3374 3767 quod
3407 3707 3531 3770 post

1942 3785 2398 3841 resurrectionem
2447 3785 2711 3842 Dominus
2747 3787 3006 3857 apostolis
3047 3791 3368 3860 praeceperit
3409 3809 3429 3842 ‹
3471 3797 3533 3846 ut

1940 3874 1995 3929 in
2023 3875 2242 3930 nomine
2259 3875 2460 3940 Patris,
2493 3883 2549 3932 et
2570 3875 2713 3940 Filii,
2738 3885 2793 3931 et
2820 3876 3055 3947 Spiritus
3077 3880 3248 3934 sancti
3271 3880 3531 3936 docerent

1939 3978 1996 4026 et
2024 3970 2366 4042 baptizarent
2405 3985 2595 4026 omnes
2636 3979 2824 4041 gentes
2859 3970 3076 4043 (Matth.
3122 3989 3316 4039 xxvm,
3349 3973 3458 4046 l9).
3502 3993 3521 4025 ι

1940 4063 1995 4120 id
2017 4071 2102 4119 est
2127 4062 2280 4134 prius
2306 4061 2464 4117 ﬁdem
2495 4062 2604 4117 illis
2644 4061 3007 4129 insinuarent,
3043 4071 3098 4118 et
3132 4065 3212 4120 sic
3243 4065 3530 4123 credentes

1940 4154 1995 4208 in
2031 4153 2407 4210 remissionem
2450 4161 2803 4223 peccatorum
2849 4155 3212 4224 baptizarent.
3262 4155 3399 4213 Hinc
3441 4166 3528 4212 est

1939 4248 2084 4320 quod
2111 4247 2408 4302 secundum
2444 4245 2681 4300 Marcum
2711 4245 2850 4302 idem
2888 4247 3148 4304 Dominus
3173 4249 3368 4320 legitur
3395 4264 3526 4320 pro-

1939 4338 2184 4411 posuisse
2215 4337 2375 4394 ﬁdem
2403 4337 2737 4408 baptismati,
2769 4353 2891 4394 cum
2917 4338 2991 4392 ita
3019 4339 3187 4394 dixit:
3211 4361 3230 4391 ι
3267 4339 3370 4408 Qui
3411 4355 3530 4396 cre—

1941 4429 2140 4485 diderit
2185 4435 2239 4484 et
2267 4415 2573 4498 baptizatus
2623 4426 2807 4493 fuerit,
2847 4429 3034 4484 ‘salvus
3082 4430 3188 4485 erit
3215 4449 3227 4484 :
3259 4431 3352 4502 qui
3399 4445 3528 4488 vero

1941 4537 2049 4578 non
2086 4521 2401 4588 crediderit,
2450 4521 2902 4577 condemnabitur
2945 4521 3140 4592 (Marc.
3172 4539 3286 4588 xvr,
3338 4523 3448 4595 16).
3503 4544 3523 4578 ι

1941 4614 2010 4670 Et
2034 4614 2242 4671 Joanne
2271 4622 2408 4670 teste
2445 4613 2598 4684 prius
2643 4631 2662 4664 ι
2701 4613 2816 4682 ipse
2845 4611 3003 4668 Iesus
3042 4613 3168 4668 caeci
3202 4613 3314 4668 nati
3344 4615 3530 4671 oculos

1941 4706 2056 4761 luto
2073 4722 2138 4763 ex
2166 4713 2324 4776 sputo
2347 4704 2492 4760 facto
2515 4703 2878 4774 superlinivit,
2901 4711 2955 4758 et
2975 4703 3057 4758 sic
3086 4704 3154 4758 ad
3185 4719 3353 4774 aquas
3385 4704 3530 4762 Siloe

1943 4799 2092 4854 misit
2134 4797 2316 4869 (Joan.
2353 4796 2478 4866 1x):
2527 4816 2547 4850 ι
2596 4795 2732 4862 Quia
2777 4796 2927 4866 prius
2972 4797 3130 4851 debet
3175 4797 3532 4868 baptizandus

1944 4889 2050 4943 ﬁde
2079 4887 2473 4943 incarnationis
2506 4884 2707 4941 Christi
2747 4885 2964 4950 instrui,
2997 4896 3053 4941 et
3098 4887 3176 4943 sic
3221 4889 3296 4944 ad.
3327 4890 3531 4961 baptis-

1944 4995 2092 5035 mum
2113 4979 2225 5050 jam
2253 4977 2504 5034 credulus
2531 4977 2742 5032 admitti
2779 4995 2791 5030 :
2832 4986 2892 5032 ut
2920 4979 3058 5033 sciat
3078 4977 3233 5047 cujus
3252 4981 3441 5052 gratiae
3470 4981 3525 5036 in

1864 5065 1920 5126 D
1944 5086 2010 5126 eo
2037 5078 2122 5126 est
2141 5070 2416 5140 particeps
2443 5077 2499 5124 et
2523 5068 2610 5124 cui
2631 5066 2744 5137 jam
2766 5067 2978 5122 debitor
3008 5067 3104 5124 ﬁat
3121 5070 3392 5142 deinceps.
3422 5069 3529 5129 Sed

1947 5161 2073 5232 quia
2093 5161 2231 5226 haec,
2259 5169 2320 5215 ut
2349 5159 2602 5225 diximus,
2631 5159 2932 5230 praavenire
2961 5160 3160 5216 debent
3186 5161 3532 5232 baptismatis

1945 5253 2181 5310 oﬁicium
2207 5293 2223 5320 ,
2277 5260 2452 5308 restat
2505 5258 2566 5307 ut
2604 5250 2837 5323 primum
2879 5251 2946 5306 de
2989 5251 3120 5322 ipsis
3174 5253 3530 5310 sacramentis

1943 5345 2201 5402 Ecclesiae
2231 5359 2535 5402 sermonem
2574 5343 2856 5400 faciamus.

2352 5467 2434 5522 De
2467 5467 2808 5522 sacramentis
2850 5467 3040 5522 divinis
3067 5479 3114 5520 α.

2014 5581 2202 5654 (Ibid.,
2235 5598 2282 5636 c.
2308 5581 2412 5648 24;
2440 5581 2575 5636 Isid.
2595 5581 2799 5653 Etym.)
2823 5580 2962 5637 Sunt
2982 5587 3160 5634 autem
3186 5589 3528 5636 sacramenta

335 5715 368 5784 '_
401 5702 539 5784 Αϐίῐ,
571 5703 640 5784 (ἓςῖ
683 5705 1032 5784 Sagramentis
1079 5705 1184 5762 illis
1235 5707 1495 5764 duntaxat
1541 5711 1592 5767 in
1641 5714 1836 5784 quibus
1873 5717 2036 5775 homo
2075 5715 2413 5773 Christianus
2477 5713 2724 5782 cllicitur,
2763 5714 2920 5772 sicuti
2967 5713 3080 5784 ipse
3128 5718 3320 5768 auctor
3387 5713 3527 5772 infra

268 5781 501 5829 testatur
526 5773 680 5829 initio
702 5773 823 5830 libri
852 5791 934 5832 Ill.
