3956 6326
491 380 638 456 1219

1107 377 1172 440 Β.
1209 378 1464 441 RABANI
1498 384 1720 443 MAURI
1754 387 2074 444 ARCHIEP.
2116 389 2429 450 MOGUNT.
2470 395 2757 456 OPERUM
2815 402 2996 462 PARS
3033 407 3119 464 IlI.

3641 418 3779 474 1220

487 497 808 568 baptismus,
837 502 894 552 et
929 479 1192 563 chrisma,
1237 513 1436 567 corpus
1476 507 1531 553 et
1567 499 1808 570 sanguis,
1851 503 2070 570 qum-ob
2098 507 2149 566 Α
2177 512 2280 569 tur,
2315 514 2369 559 et
2392 517 2536 563 certe
2571 510 2755 576 homo,
2801 515 2890 584 qui
2923 517 2988 570 ad
3033 519 3324 591 imaginem
3354 531 3568 580 sancta:
3595 526 3779 583 Trini-

487 588 543 643 id
571 593 909 642 sacramenta
943 588 1215 653 dicuntur,
1241 589 1367 657 quia
1399 590 1498 643 sub
1533 597 1841 658 legumento
1883 606 2072 660 corpo—

488 677 685 733 ralium
711 692 890 732 rerum
921 678 1092 733 virtus
1111 678 1292 732 divina
1315 680 1575 734 secretius
1606 680 1830 736 salutem
1859 698 2071 738 eorum-

488 766 610 821 dem
651 777 1117 823 sacramentorum
1159 777 1438 838 operatur.
1480 759 1635 825 Unde
1673 780 1729 826 et
1775 787 1802 825 a
1849 775 2070 829 secretis

486 855 780 912 virtutibus
807 857 886 912 vel
917 859 1088 913 sacris
1121 871 1463 916 sacramenta
1497 862 1770 928 dicuntur,
1807 880 1926 933 quae
1951 865 2071 920 ideo

487 947 762 1004 fructuose
795 966 960 1021 penes
987 951 1280 1008 Ecclesiam
1321 955 1478 1018 ﬁunt,
1517 956 1644 1024 quia
1671 966 1890 1012 sanctus
1925 959 1976 1011 in
2008 973 2071 1014 ea

487 1055 717 1096 manens
771 1040 1006 1112 Spiritus
1031 1046 1277 1100 eumdem
1329 1060 1794 1107 sacramentorum
1842 1055 2073 1110 latenter

487 1140 749 1202 operatur
775 1132 1052 1201 eﬂ'ectum,
1075 1137 1216 1193 unde
1263 1153 1355 1194 seu
1385 1156 1482 1212 per
1508 1141 1680 1198 bonos
1715 1161 1808 1200 seu
1839 1162 1936 1218 per
1963 1161 2073 1203 ma-

485 1224 569 1279 los
596 1224 871 1280 ministros
903 1226 1046 1280 intra
1082 1228 1379 1285 Ecclesiam
1411 1233 1505 1286 Dei
1535 1234 1940 1304 dispensentur;
1970 1253 2070 1294 nec

485 1315 750 1370 bonorum
783 1318 992 1374 meritis
1037 1319 1470 1390 dispensatorem
1515 1327 1912 1398 ampliﬁcantur
1956 1331 2070 1386 haec

485 1405 648 1474 dona,
703 1422 801 1464 nec
833 1409 1099 1465 malorum
1138 1422 1510 1480 attenuantur,
1562 1437 1580 1471 1
1623 1421 1749 1490 quia
1781 1437 1956 1492 neque
1978 1424 2069 1492 qui

483 1499 692 1570 plantat
716 1510 817 1568 est;
849 1503 1072 1573 aliquid,
1107 1522 1281 1576 neque
1318 1511 1408 1578 qui
1451 1511 1626 1581 rigat;
1651 1513 1745 1566 sed
1776 1514 1866 1584 qui
1892 1514 2068 1569 incre-

485 1600 726 1645 mentum
759 1594 869 1659 dat,
903 1593 1046 1651 Deus
1083 1596 1132 1667 (Ι
1168 1598 1288 1652 Cor.
1327 1616 1411 1665 111,
1436 1601 1520 1671 7);
1571 1622 1589 1651 1
1625 1604 1766 1657 unde
1803 1612 1859 1658 et
1882 1605 2068 1659 Graece

483 1682 799 1752 mysterium
825 1685 1044 1754 dicitur,
1077 1689 1218 1758 quod
1246 1705 1511 1746 secretam
1537 1702 1592 1748 et
1611 1695 1943 1751 reconditam
1972 1697 2067 1750 ha-

484 1767 614 1825 beat
635 1774 1045 1844 repositionem.

940 1909 1017 1965 De
1063 1911 1389 1983 baptismatis
1430 1916 1613 1986 oﬂicio.

550 2036 741 2108 (Ibid.,
787 2059 835 2097 ο.
875 2042 988 2114 25).
1020 2044 1261 2101 Primum
1313 2058 1495 2106 autem
1539 2065 1938 2112 sacramentum
1977 2067 2062 2114 est

476 2127 801 2198 baptismus,
825 2133 952 2202 quia
984 2143 1274 2207 antequam
1299 2149 1488 2198 sancto
1507 2143 1803 2202 chrismate
1829 2157 2059 2217 ungatur

473 2217 673 2290 aliquis
717 2231 812 2278 aut
838 2228 1084 2296 corporis
1129 2239 1183 2284 et
1219 2234 1499 2302 sanguinis
1545 2235 1747 2293 Christi
1788 2242 2057 2312 particeps

473 2312 691 2380 existat,
716 2330 871 2371 sacra
897 2322 1304 2388 regeneratione
1329 2327 1549 2396 purgari
1574 2328 1751 2392 debet,
1777 2345 1840 2385 ac
1867 2332 2058 2386 deinde

474 2401 541 2456 ad
570 2412 767 2460 caetera
814 2407 916 2462 rite
965 2412 1247 2466 accedere.
1291 2414 1597 2485 Baptismus
1635 2418 1844 2485 Graece,
1889 2416 2054 2476 latine

471 2492 665 2548 tinctio
700 2495 1118 2567 interpretatur;
1161 2517 1280 2572 quae
1310 2521 1418 2558 non
1457 2516 1666 2562 tantum
1697 2511 1766 2564 ob
1792 2511 1892 2566 hoc
1915 2515 2056 2583 quod

471 2585 635 2641 homo
672 2586 728 2641 in
761 2603 958 2658 aquam
991 2594 1257 2665 mergitur
1301 2597 1492 2654 tinctio
1545 2601 1762 2668 dicitur,
1795 2605 1886 2657 sed
1926 2607 2052 2674 quia

467 2677 662 2748 spiritu
711 2673 898 2749 gratia:
940 2681 1012 2738 ibi
1060 2684 1113 2738 in
1164 2686 1358 2742 melius
1409 2689 1747 2758 immutatur,
1793 2703 1848 2749 et
1893 2673 2052 2767 longe

466 2769 612 2824 aliud
635 2775 795 2840 quam
823 2781 940 2828 erat
961 2773 1212 2832 efﬁcitur.
1234 2780 1475 2837 Primum
1503 2786 1750 2842 homines
1775 2788 1906 2844 foedi
1933 2807 2052 2847 era-

466 2871 589 2913 mus
640 2857 984 2919 deformitate
1011 2876 1384 2936 peccatorum,
1417 2873 1470 2927 in
1503 2875 1618 2944 ipsa
1643 2873 1901 2935 tinctione
1927 2883 2047 2951 pul-

463 2947 583 3026 chri
613 2947 875 3007 efﬁcimur
903 2953 1244 3014 dealbatione
1265 2963 1548 3019 virtutum.
1582 2965 1734 3024 Unde
1755 2981 1809 3025 et
1832 2973 1883 3026 in
1911 2947 2049 3028 Can-

462 3039 588 3096 ticis
647 3045 906 3102 scribitur
954 3053 1290 3108 canticorum
1349 3074 1360 3108 :
1420 3077 1438 3109 1
1488 3058 1616 3125 Qum
1661 3071 1746 3118 est
1781 3065 1882 3119 ista
1929 3083 2047 3136 quae

459 3137 708 3192 ascendit
745 3142 899 3209 quasi
932 3143 1176 3199 dealbata
1227 3145 1404 3218 (Cant.
1453 3167 1552 3218 vn,
1583 3154 1742 3222 juxta
1777 3156 1983 3230 LXX)?
2020 3181 2037 3213 1

458 3222 623 3294 Cujus
649 3231 965 3298 mysterium
997 3250 1103 3287 non
1126 3236 1286 3291 aliter
1315 3240 1421 3293 nisi
1448 3243 1545 3294 sub
1589 3243 1869 3302 Trinitatis
1900 3250 2040 3304 desi-

456 3317 727 3386 gnatione,
755 3319 809 3374 id
840 3329 946 3387 est,
987 3322 1191 3390 Patris,
1227 3335 1282 3380 et
1319 3328 1463 3394 Filii,
1503 3341 1557 3386 et
1591 3332 1826 3404 Spiritus
1870 3344 2042 3398 sancti

455 3405 764 3474 cognitione
789 3410 1110 3479 completur,
1133 3415 1346 3471 dicente
1370 3417 1600 3477 Domino
1624 3426 1690 3479 ad
1730 3431 2002 3497 apostolos
2027 3452 2039 3486 :

459 3511 479 3546 1
506 3497 600 3562 Ite,
633 3499 818 3554 docete
840 3517 1028 3559 omnes
1043 3514 1250 3575 gentes,
1273 3509 1609 3580 baptizantes
1633 3532 1726 3571 eos
1753 3520 1803 3573 in
1829 3525 2044 3578 nomine

451 3585 653 3655 Patris,
673 3590 881 3659 etFilii,
905 3601 958 3649 et
979 3594 1213 3666 Spiritus
1234 3604 1406 3657 structi
1425 3603 1638 3674 (Matth.
1665 3625 1856 3678 xxvni,
1877 3615 1985 3686 19).
2014 3637 2034 3669 ›

455 3679 611 3737 Sicut
634 3683 777 3739 enim
803 3685 854 3740 in
887 3688 1058 3744 tribus
1085 3694 1314 3749 testibus
1357 3705 1464 3752 stat
1487 3716 1647 3757 omne
1679 3706 1922 3773 verbum,
1945 3679 2035 3764 Iita

447 3783 846 3830 sacramentum
867 3780 1153 3837 conﬁrmat
1180 3789 1453 3844 ternarias
1473 3801 2034 3857 numerus-nominum

447 3863 775 3920 divinorum.
805 3868 958 3936 Quod
983 3884 1159 3930 autem
1189 3893 1286 3948 per
1306 3897 1502 3952 aquam
1531 3886 1828 3957 baptismus
1852 3895 2031 3965 datur,

445 3955 561 4010 haec
595 3959 734 4013 ratio
769 3970 853 4016 est
890 3979 906 4016 :
947 3964 1113 4021 voluit
1143 3970 1287 4024 enim
1325 3973 1586 4032 Dominus
1614 3989 1673 4034 ut
1697 3997 1786 4036 res
1815 3983 1905 4038 illa
1943 3987 2030 4040 in-

441 4049 670 4107 visibilis
696 4068 796 4123 per
823 4063 1232 4130 congruentiam
1263 4074 1318 4120 et
1341 4067 1643 4137 profectum
1671 4074 2031 4135 incontrecta-

443 4138 550 4196 bile
571 4152 627 4198 et
652 4144 917 4202 invisibile
945 4152 1350 4221 impenderetur
1378 4160 1704 4219 elementum
1740 4185 1752 4220 :
1795 4185 1813 4218 1
1854 4169 2029 4240 Super

440 4235 583 4304 quod
611 4237 774 4291 etiam
805 4239 858 4294 in
914 4243 1178 4315 principio
1221 4247 1497 4307 ferebatur
1534 4253 1765 4326 Spiritus
1809 4235 2028 4320 sane-tus

438 4321 591 4391 (Gen.
623 4325 683 4398 1).
730 4347 748 4378 1
780 4327 913 4384 Nam
940 4333 1081 4388 sicut
1101 4335 1275 4392 oleum
1311 4344 1542 4398 naturali
1571 4350 1808 4416 pondere
1833 4367 2023 4423 super-

438 4413 613 4470 fertnr
639 4419 783 4473 omni
817 4420 1033 4491 liquori,
1089 4426 1163 4480 ita
1205 4429 1257 4482 in
1286 4432 1551 4504 principio
1571 4413 2025 4507 superferebatur

437 4505 672 4576 Spiritus
702 4519 921 4568 sanctus
957 4517 1130 4586 aquis.
1171 4517 1322 4573 Sicut
1365 4537 1504 4593 aqua
1548 4505 1746 4599 purgat
1784 4536 2021 4591 exterius

433 4609 652 4666 corpus,
681 4599 752 4654 ita
775 4600 1009 4658 latenter
1032 4604 1149 4674 ejus
1183 4611 1437 4679 mysterio
1462 4629 1560 4684 per
1601 4595 1860 4687 spiritum
1891 4638 2017 4678 san-
2044 4595 2098 4654 D

431 4692 580 4740 ctum
607 4690 928 4758 puriﬁcatur
966 4705 1021 4749 et
1057 4697 1288 4754 animus.
1331 4701 1496 4774 Cujus
1538 4711 1899 4769 sanctiﬁcatio
1944 4716 2016 4771 ita

429 4786 550 4832 est:
590 4779 839 4839 invocato
860 4787 1002 4841 enim
1033 4788 1160 4854 Deo,
1213 4793 1490 4851 descendit
1531 4798 1766 4868 Spiritus
1796 4817 2014 4862 sanctus

427 4867 496 4924 de
520 4870 690 4935 ccelis,
726 4883 780 4929 et
801 4879 1082 4935 medicatis
1107 4884 1263 4952 aquis
1286 4867 1589 4946 sanctiﬁcat
1613 4909 1704 4949 eas
1726 4898 1791 4952 de
1819 4909 2014 4954 semet-

424 4957 564 5029 ipso,
591 4970 647 5016 et
687 4967 958 5036 accipiunt
984 4972 1090 5025 vim
1129 4978 1487 5047 purgationis,
1519 4991 1576 5037 ut
1605 4984 1656 5037 in
1699 4987 1779 5042 eis
1810 5005 1937 5046 caro
1958 5003 2013 5048 et

417 5049 603 5105 anima
627 5052 838 5112 delictis
871 5060 1149 5130 inquinata
1182 5069 1488 5124 mundetur.
1521 5073 1820 5147 Utrumque
1865 5084 2007 5138 enim

418 5146 744 5218 baptizando
773 5169 996 5213 necesse
1044 5170 1128 5216 est
1157 5163 1420 5230 adhiberi,
1467 5176 1521 5223 et
1563 5173 1814 5243 baptismi
1863 5179 2006 5235 lava-

417 5253 591 5308 crum,
621 5251 676 5298 et
701 5243 938 5316 Spiritus
968 5255 1138 5309 sancti
1159 5262 1406 5329 purgatio
1434 5280 1446 5316 :
1480 5267 1604 5334 quia
1627 5271 2000 5331 aitSalvator:

419 5347 439 5380 1
477 5329 589 5385 Nisi
619 5335 740 5402 quis
772 5347 992 5393 renatus
1023 5341 1186 5398 fuerit
1222 5363 1288 5402 ex
1327 5365 1464 5420 aqua
1499 5329 1554 5409 et
1581 5355 1786 5427 Spiritu
1816 5375 2002 5422 sancto

410 5431 517 5475 non
543 5431 722 5492 potest
764 5428 988 5486 introire
1028 5434 1081 5488 in
1113 5452 1338 5508 regnum
1381 5443 1474 5500 Dei
1515 5447 1696 5519 (Joan.
1745 5456 1928 5527 111,5).
1974 5479 1992 5510 1

480 5511 580 5614 (De
607 5515 746 5572 Inst.
779 5519 932 5588 den,
964 5539 1002 5588 1,
1031 5541 1077 5578 c.
1109 5527 1223 5600 28).
1264 5532 1506 5606 Denique
1523 5511 1830 5614 postquam,
1852 5511 1997 5606 cate-

406 5601 596 5660 cbismi
623 5606 853 5666 ofﬁcium
875 5613 1107 5683 pleniter
1147 5601 1454 5694 peragitur:
1479 5601 1831 5693 conseci'atur
1854 5641 1988 5707 fons,

404 5699 461 5744 et
489 5695 556 5745 ad
585 5695 761 5763 ipsum
795 5703 1118 5772 baptismum
1150 5716 1578 5776 eatechumenus
1601 5729 1826 5796 accedit,
1852 5742 1907 5787 et
1936 5734 1988 5789 in

405 5782 624 5837 nomine
649 5798 850 5844 sanctae
879 5794 1157 5854 Trinitatis
1186 5803 1324 5858 trina
1354 5809 1726 5871 submersione
1753 5819 1990 5890 baptiza-

2173 595 2300 649 tatis
2331 597 2580 656 conditus
2619 612 2723 668 est,
2765 619 2861 674 per
2894 608 3288 667 invocationem
3333 625 3548 672 sanctae
3597 619 3780 676 Trini-

2173 687 2300 742 tatis
2347 691 2412 743 ad
2453 694 2700 748 eamdem
2731 708 3027 753 renovatur
3054 701 3364 774 imaginem,
3397 715 3453 761 et
3483 710 3583 777 qui
3619 713 3780 766 tertio

2171 779 2337 846 gradu
2382 784 2614 850 peccati,
2657 785 2843 852 idest,
2894 804 3160 846 consensu
3199 796 3401 851 cecidit
3427 797 3483 852 in
3518 812 3776 868 mortem,

2171 872 2334 925 tertio
2358 873 2598 930 elevatus
2622 877 2688 931 de
2718 877 2866 933 fonte
2901 896 3000 949 per
3032 883 3262 952 gratiam
3293 901 3553 959 resurget
3586 892 3660 945 ad
3703 895 3782 947 τίς

2171 968 2304 1017 111111.
2341 965 2526 1021 Potest
2549 977 2602 1022 et
2633 969 2747 1023 1111111
2779 971 2923 1026 trina
2956 978 3154 1030 mersio
3202 979 3516 1036 triduanam
3561 984 3780 1041 Domini

2171 1062 2499 1130 sepulturam
2539 1066 2886 1135 signiﬁcare:
2923 1072 3160 1128 maxime
3199 1089 3320 1129 cum
3353 1075 3506 1130 dicat
3536 1077 3781 1149 Aposto-

2171 1153 2253 1207 lus
2279 1169 2292 1208 :
2325 1155 2642 1228 Quicunque
2671 1159 2930 1231 haptizati
2975 1180 3164 1221 sumus
3191 1167 3242 1222 in
3275 1167 3505 1224 Christo
3536 1171 3699 1240 Iesu,
3729 1175 3780 1230 in

2171 1259 2344 1306 morte
2371 1251 2538 1321 ipsius
2565 1255 2820 1324 baptizati
2847 1273 3054 1325 sumus,
3081 1264 3383 1334 consepulti
3408 1268 3568 1322 enim
3591 1283 3777 1325 sumus

2170 1356 2292 1394 cum
2346 1343 2435 1397 illo
2477 1361 2574 1413 per
2621 1347 2945 1417 baptismum
2987 1353 3040 1407 in
3091 1364 3342 1420 mortem,
3403 1367 3462 1412 ut
3497 1363 3778 1430 quomodo

2170 1435 2410 1487 surrexit
2449 1434 2699 1492 Christus
2740 1455 2769 1492 a
2801 1443 3030 1496 mortuis
3061 1459 3158 1514 per
3184 1445 3416 1516 gloriam
3455 1449 3671 1516 Patris,
3710 1453 3778 1507 ita

2169 1529 2223 1575 et
2251 1538 2347 1577 nos
2383 1524 2438 1578 in
2487 1527 2725 1584 novitate
2769 1531 2891 1585 vita:
2933 1533 3314 1590 ambulemus:
3343 1538 3392 1592 si
3428 1541 3588 1593 enim
3635 1558 3780 1597 coni-

2169 1613 2394 1682 plantati
2421 1616 2548 1672 facti
2589 1613 3162 1680 sumussimilitudini
3205 1629 3398 1683 mortis
3431 1629 3582 1700 ejus,
3622 1635 3776 1688 simul

2168 1713 2224 1759 et
2254 1711 2670 1766 resurrectionis
2701 1714 2926 1780 erimus,
2950 1724 3056 1772 etc.
3094 1717 3320 1788 Oportet
3347 1737 3490 1793 ergo
3543 1738 3674 1778 cum
3704 1728 3778 1781 in-

2167 1798 2452 1852 vocatione
2489 1809 2692 1855 sanctae
2734 1802 3020 1860 Trinitatis
3049 1809 3147 1863 sub
3181 1810 3324 1864 trina
3357 1816 3654 1870 mersione
3683 1818 3772 1871 ba-

2087 1875 2136 1934 B
2163 1888 2420 1956 ptismum
2446 1891 2660 1956 conﬁci,
2689 1901 2748 1946 ut
2774 1897 3071 1951 secundum
3112 1915 3482 1969 personarum
3518 1905 3774 1964 (1111⁸01011-

2163 1979 2294 2033 1111111
2341 1983 2659 2052 mysterium
2699 1987 2951 2056 baptismi
2996 1991 3324 2059 celebretur,
3372 2006 3436 2052 et
3465 2005 3770 2058 secundu

2161 2069 2426 2124 unitatem
2452 2072 2767 2132 substantiae
2790 2095 2957 2134 unum
2981 2082 3256 2156 baptisma
3289 2087 3410 2142 ﬁat.
3446 2090 3618 2147 Unde
3656 2095 3770 2150 dicit

2159 2159 2493 2229 Apostolus:
2541 2185 2558 2217 1
2605 2167 2754 2224 Unus
2795 2170 3073 2240 Dominus,
3107 2193 3213 2231 una
3252 2178 3418 2248 ﬁdes,
3458 2199 3636 2240 unum
3669 2188 3762 2241 ha-

2157 2249 2374 2318 ptisma,
2420 2272 2438 2302 1
2473 2261 2578 2308 etc.
2607 2254 2795 2327 (Ephe.
2829 2276 2900 2325 Iv,
2943 2262 3022 2332 5.)
3050 2263 3345 2337 Postquam
3391 2273 3553 2327 enim
3591 2291 3768 2331 ascen-

2157 2341 2301 2396 derit
2327 2345 2632 2415 baptizatus
2658 2351 2726 2406 de
2749 2351 2913 2419 fonte,
2950 2359 3132 2412 statim
3161 2363 3422 2433 signatur
3455 2369 3513 2423 in
3551 2372 3770 2428 cerebro

2159 2447 2189 2486 a
2217 2437 2536 2508 presbytero
2563 2455 2685 2495 cum
2735 2459 2891 2502 sacro
2921 2449 3235 2521 chrismate,
3277 2469 3564 2528 sequente
3610 2464 3766 2519 simul

2153 2533 2209 2579 et
2255 2528 2524 2596 oratione,
2574 2539 2632 2584 ut
2682 2536 2830 2605 regni
2879 2536 3080 2596 Christi
3127 2549 3411 2619 particeps
3463 2552 3588 2616 ﬁat,
3650 2568 3705 2611 et
3742 2573 3768 2611 a

2153 2613 2370 2671 Christo
2396 2619 2738 2680 Christianus
2761 2629 2932 2696 possit
2961 2613 3162 2689 vocari.
3191 2613 3478 2710 Scriptum
3520 2613 3616 2700 est
3644 2657 3698 2702 et
3721 2651 3765 2703 in

2152 2707 2445 2782 Evangelio
2475 2715 2589 2770 ita:
2625 2735 2646 2768 1
2681 2717 2996 2791 Baptizatus
3034 2735 3216 2783 autem
3265 2707 3434 2790 Iesus
3466 2739 3762 2794 confesti

2151 2804 2396 2857 ascendit
2426 2805 2490 2859 de
2512 2823 2675 2877 aqua,
2697 2817 2752 2864 et
2780 2825 2906 2867 ecce
2940 2819 3109 2885 aperti
3139 2829 3268 2875 sunt
3293 2822 3344 2878 ei
3369 2825 3524 2891 caeli,
3551 2839 3614 2882 et
3639 2830 3764 2884 vidit

2152 2893 2412 2962 Spiritum
2448 2899 2543 2953 Dei
2575 2902 2994 2963 descendentem
3031 2912 3170 2967 sicut
3195 2916 3544 2987 columbam,
3585 2933 3644 2978 et
3677 2941 3762 2980 ve-

2151 2984 2389 3040 nientem
2443 3004 2605 3060 super
2649 3009 2706 3048 se
2743 2995 2962 3064 (Matth.
2994 3017 3072 3068 111,
3119 3005 3231 3078 16.)
3275 3028 3295 3060 ι
3338 3008 3497 3067 Bene
3533 2984 3758 3085 quidem

2150 3078 2426 3148 baptismo
2454 3086 2802 3144 continuatur
2822 3093 3134 3153 chrismatis
3160 3102 3371 3167 unctio,
3417 3110 3554 3176 quia
3591 3110 3758 3180 Epiri-

2152 3178 2238 3226 tus
2261 3183 2480 3230 sanctus
2501 3179 2592 3246 qui
2619 3195 2717 3249 per
2761 3183 2891 3238 illud
2941 3188 3176 3245 chrisma
3226 3210 3338 3252 suae
3388 3178 3756 3260 virtutis—ad-

2067 3240 2114 3303 Ο
2146 3262 2404 3319 mixtione
2454 3271 2757 3326 sanctiﬁcat
2800 3277 3102 3347 credentes,
3137 3283 3418 3354 baptizata
3457 3291 3617 3360 Iesu,
3651 3307 3756 3352 sta-

2145 3354 2240 3408 tim
2269 3372 2430 3426 super
2451 3361 2598 3416 illum
2630 3365 2684 3418 in
2717 3368 2980 3426 columbae
3018 3377 3198 3443 specie
3237 3378 3555 3440 descendit.
3591 3389 3750 3459 Cujus

2145 3444 2393 3502 videlicet
2425 3459 2604 3521 typum
2630 3457 2938 3526 proferebat
2967 3464 3213 3522 columba
3241 3469 3334 3525 illa
3363 3489 3497 3543 quae
3526 3477 3582 3532 in
3617 3444 3746 3534 1111οέ

2141 3537 2231 3591 vio
2259 3540 2325 3592 ad
2350 3555 2533 3596 aream
2566 3550 2862 3616 reportavit
2898 3569 3106 3610 ramum
3147 3558 3305 3614 oliva:
3334 3564 3650 3623 virentibus
3673 3571 3748 3624 fe-

2140 3626 2248 3693 liis,
2301 3631 2616 3701 signiﬁcans
2660 3640 2848 3711 utique
2895 3647 3036 3714 quod
3089 3647 3327 3720 Spiritus
3367 3668 3604 3715 sanctus
3649 3680 3740 3734 per

2139 3721 2450 3780 dirismatis
2479 3731 2812 3798 unctionem,
2839 3735 2890 3789 in
2912 3737 3234 3808 baptismate
3262 3746 3514 3804 virorem
3536 3755 3738 3810 confert

2140 3813 2386 3871 ﬁdelibus
2409 3819 2645 3876 cmlestis
2687 3827 2876 3895 gratiae
2904 3847 2916 3881 :
2946 3831 3040 3885 sed
3059 3832 3127 3887 de
3169 3835 3273 3891 hoc
3303 3837 3528 3906 plenius
3575 3846 3630 3900 in
3659 3861 3737 3901 se-

2134 3908 2422 3978 quentibus
2445 3912 2704 3969 dicemus.
2731 3915 2984 3989 Legimus
2997 3930 3053 3976 et
3073 3923 3124 3977 in
3150 3928 3319 3995 gestis
3348 3929 3581 3988 Patrum
3603 3939 3736 4007 quod

2135 3997 2411 4069 Sylvester
2441 4001 2583 4074 Papa
2613 4006 2665 4060 in
2696 4007 2936 4066 Ecclesia
2974 4013 3214 4070 Romana
3253 3997 3638 4092 constituerit:
3681 4039 3734 4082 ut

2131 4091 2269 4147 sicut
2298 4103 2539 4164 potestas
2570 4107 2623 4153 et
2651 4099 2992 4174 privilegium
3043 4109 3182 4176 apud
3213 4111 3390 4167 solum
3417 4117 3730 4189 episcopum

2131 4195 2364 4252 constat,
2395 4190 2536 4258 quod
2562 4207 2777 4248 sacrum
2808 4197 3042 4253 chrisma
3067 4200 3182 4271 ipse
3221 4207 3508 4273 conficiat,
3540 4222 3598 4265 et
3643 4213 3730 4268 ba-

2128 4277 2387 4345 ptizatum
2420 4296 2519 4351 per
2566 4299 2757 4340 manus
2803 4287 3196 4358 impositionem
3244 4311 3371 4351 cum
3425 4301 3551 4371 ipso
3589 4304 3729 4358 chri-

2125 4376 2300 4421 smate
2348 4373 2632 4444 consignet
2661 4387 2882 4446 propter
2913 4381 3219 4440 haereticam
3253 4391 3572 4447 suasionem
3608 4413 3622 4447 :
3657 4396 3728 4450 ita

2129 4461 2413 4533 presbyter
2438 4467 2628 4522 eodem
2659 4467 2954 4527 chrismate
2979 4475 3134 4531 liniat
3155 4479 3520 4550 baptizatum,
3553 4486 3722 4542 lotum

2125 4567 2191 4606 ex
2229 4570 2390 4623 aqua,
2420 4569 2644 4629 propter
2663 4567 3004 4623 occasionem
3035 4574 3295 4630 transitus
3337 4582 3565 4648 mortis,
3596 4585 3720 4652 quia

2123 4645 2381 4715 scriptum
2395 4660 2480 4704 est
2498 4652 2552 4706 in
2577 4654 2832 4724 Apostolo
2855 4677 2869 4715 :
2888 4661 2996 4717 Vos
3008 4675 3208 4734 autem,
3228 4669 3454 4740 fratres,
3478 4676 3534 4731 in
3555 4645 3720 4735 lca-rue

2119 4753 2225 4792 11011
2262 4741 2391 4795 estis
2411 4783 2424 4807 ,
2454 4747 2547 4800 sed
2579 4747 2630 4800 in
2660 4748 2889 4821 Spiritu,
2921 4757 2964 4811 si
2995 4767 3172 4816 tamen
3207 4763 3452 4835 Spiritus
3494 4771 3719 4829 Dei-ha—

2116 4828 2254 4884 bitat
2301 4833 2354 4886 in
2384 4836 2537 4890 vobis
2561 4853 2575 4902 ;
2603 4840 2646 4892 si
2677 4843 2798 4911 quis
2837 4855 3018 4902 autem
3058 4828 3322 4922 Spiritum
3357 4859 3567 4918 Christi
3611 4881 3714 4920 mu

2116 4918 2299 4986 habet,
2323 4924 2408 4979 hic
2433 4942 2538 4982 non
2566 4939 2650 4984 est
2679 4932 2814 5000 ejus,
2839 4945 2944 4992 etc.
2973 4940 3050 4996 Ac
3085 4918 3278 5001 deinde
3321 4951 3580 5019 profecto

2115 5019 2193 5065 tet
2237 5015 2360 5082 quia
2394 5019 2700 5092 quicunque
2744 5040 2849 5081 non
2875 5038 2958 5084 est
2986 5032 3210 5103 Christi,
3241 5015 3394 5111 regni
3425 5049 3514 5102 sui
3539 5015 3710 5119 paiti-

2111 5113 2238 5169 ceps
2267 5103 2380 5158 ﬁeri
2401 5110 2605 5177 nequit.
2634 5111 2760 5168 ldeo
2785 5124 3150 5180 necessarium
3174 5137 3258 5183 est
3287 5103 3345 5186 ut
3374 5103 3568 5193 statim
3587 5157 3706 5196 suc-

2108 5202 2359 5248 curratur
2402 5199 2674 5268 baptizata
2719 5219 2842 5262 cum
2890 5212 3205 5274 chrismatis
3256 5228 3527 5284 unctione
3572 5249 3588 5285 :
3646 5245 3704 5287 ut

2107 5280 2342 5350 Spiritus
2371 5300 2588 5348 sanctus
2609 5299 3082 5370 participationem
3117 5312 3397 5383 accipiens
3419 5319 3635 5378 alieuus
3667 5341 3700 5379 a

2103 5371 2320 5430 Christo
2342 5395 2448 5434 non
2472 5384 2692 5440 existat.
3103 5434 3115 5448 .

2172 5464 2358 5535 (Ibid.,
2395 5488 2443 5564 c.
2471 5474 2586 5546 29.)
2611 5477 2740 5535 Post
2758 5482 3084 5554 baptismum
3103 5504 3236 5564 ergo
3262 5497 3508 5556 traditur
3531 5502 3694 5559 Chri.

2098 5555 2275 5613 stiano
2303 5563 2468 5620 vestis
2489 5568 2737 5636 candida,
2765 5577 2906 5645 quod
2929 5555 3199 5651 signiﬁca;
3218 5555 3691 5658 innocentiam—,‘et

2096 5648 2385 5716 puritatem
2426 5654 2827 5729 Christianam,
2875 5648 3037 5737 quam
3082 5682 3207 5743 post
3253 5676 3468 5736 ablutas

2095 5740 2294 5796 veteris
2329 5745 2452 5800 vitae
2499 5753 2738 5808 maculas
2779 5760 2953 5814 studio
2997 5740 3201 5822 sanctae
3250 5778 3683 5832 conversationis

2094 5831 2493 5895 immaculatam
2542 5859 2759 5901 servare
2797 5852 2953 5909 debet
2978 5859 3045 5913 ad
3072 5867 3510 5929 pnesentaudam
3551 5879 3677 5925 ante
