3956 6326
171 402 315 460 1225

1057 398 1149 457 DE
1183 397 1719 457 ECCLESIASTICA
1757 397 2158 456 DlSClPLlNA.
2199 426 2270 442 --
2304 397 2433 456 LIB.
2473 398 2538 454 ll.

3293 395 3432 454 12%

168 519 253 574 los
285 514 510 580 Christi,
536 513 879 570 nominantes
931 513 1148 586 quidem
1185 514 1486 583 Christum,
1516 515 1612 573 sed
1640 529 1749 570 non
1781 521 1834 579 Α
1860 514 1968 570 lam
1998 516 2056 571 in
2083 531 2190 586 qua
2215 515 2304 572 ille
2347 514 2638 571 cruciﬁxus
2666 521 2752 570 est
2785 514 2839 568 in
2871 529 3098 584 corpore
3131 530 3230 571 nos
3259 525 3441 585 gesta-

167 607 395 681 integris
423 605 774 662 traditionum
805 605 967 662 lineis
992 607 1326 662 nuntiantes.
1356 606 1566 663 Idcirco
1589 605 1756 678 igitur

167 700 313 756 istud
354 697 614 754 indicium
655 713 916 768 posuere,
947 714 1044 770 per
1083 699 1228 770 quod
1277 707 1661 770 agnosceretur
1709 697 1757 754 is

167 793 262 864 qui
318 790 593 848 Christum
635 805 766 846 vere
814 791 1111 846 secundum
1170 789 1493 861 apostolicae
1543 787 1755 861 regulas

165 883 508 956 praedicaret.
536 881 634 938 Est
661 891 843 938 autem
886 881 1189 955 symbolum
1233 883 1447 952 signum
1489 897 1588 952 per
1611 879 1755 950 quod

166 978 479 1050 agnoscitur
512 977 675 1043 Deus,
715 978 968 1048 quodque
1007 978 1232 1050 proinde
1273 977 1558 1034 credentes
1605 975 1752 1032 acci-

165 1069 346 1142 piunt,
392 1075 452 1124 ut
481 1067 731 1122 noverint
785 1069 1018 1139 qualiter
1070 1078 1260 1126 contra
1308 1067 1578 1125 diabolum
1629 1067 1752 1124 ﬁdei

167 1163 464 1220 certamina
497 1172 899 1234 praepararent,
919 1163 976 1217 ln
1027 1179 1134 1234 quo
1162 1163 1381 1234 quidem
1427 1177 1600 1234 pauca
1625 1169 1753 1217 sunt

165 1255 357 1322 verba,
389 1255 483 1310 sed
513 1256 695 1310 omnia
724 1255 1074 1312 continentur
1119 1263 1484 1311 sacramenta.
1519 1255 1595 1310 De
1625 1253 1752 1310 totis

164 1349 310 1404 enim
355 1348 689 1420 Scripturis,
741 1349 856 1405 haec
901 1349 1191 1404 breviatim
1241 1349 1471 1405 collecta
1511 1356 1638 1405 sunt
1683 1348 1751 1403 ab

163 1441 457 1512 apostolis;
514 1450 571 1496 ut
629 1441 885 1512 quoniam
924 1441 1104 1513 plures
1155 1442 1491 1498 credentium
1544 1441 1750 1497 litteras

162 1535 457 1602 nesciunt,
507 1536 592 1591 vel
644 1537 738 1606 qui
792 1537 975 1593 sciunt
1044 1537 1516 1608 praeoccupatione
1568 1536 1750 1594 saeculi

164 1626 475 1699 Scripturas
514 1628 694 1700 legere
741 1646 847 1685 non
901 1638 1146 1701 possunt,
1167 1631 1285 1687 haac
1315 1631 1479 1686 corde
1509 1631 1747 1686 retinen-

163 1727 287 1786 tes,
344 1719 583 1777 habeant
630 1721 982 1779 suﬁicientem
1040 1723 1146 1780 sibi
1211 1724 1493 1780 scientiam
1541 1722 1744 1779 saluta-

163 1829 302 1867 rem.
341 1814 437 1870 Est
464 1816 612 1872 enim
638 1817 804 1873 breve
850 1817 974 1873 ﬁdei
1010 1818 1259 1884 verbum,
1287 1826 1342 1874 et
1367 1818 1496 1874 olim
1541 1834 1572 1872 a
1611 1818 1746 1874 Pro-

160 1905 330 1974 pheta
373 1907 689 1975 przedictum
729 1928 742 1963 :
778 1928 796 1961 ‹
857 1909 1127 1976 Quoniam
1168 1912 1393 1967 verbum
1439 1911 1746 1967 breviatum

160 1997 327 2054 faciet
349 2001 608 2058 Dominus
638 2017 802 2074 super
823 2011 1042 2060 terram.
1081 2024 1100 2058 ›
1134 2003 1288 2073 Quod
1313 2005 1417 2062 hoc
1449 2013 1637 2063 tenore
1658 2022 1745 2064 re-

162 2088 385 2145 citatur.

241 2202 260 2234 ι
302 2182 476 2239 Credo
503 2184 556 2240 in
600 2184 770 2241 Deum
806 2185 1024 2244 Patrem
1065 2189 1494 2259 omnipotentem
1539 2197 1750 2247 creato-

167 2295 187 2327 ε
228 2291 344 2330 rem
368 2276 493 2332 caeli
519 2285 574 2332 et
611 2287 789 2334 terra.
822 2298 840 2330 ›
881 2279 1026 2350 Ergo
1055 2280 1110 2336 in
1143 2281 1320 2350 primo
1360 2281 1525 2337 habet
1551 2279 1744 2338 Credo.

161 2367 330 2425 Vides
353 2370 497 2441 quod
535 2369 792 2426 Dominus
814 2379 998 2426 noster
1029 2387 1136 2426 non
1169 2371 1443 2440 nosjubet
1476 2371 1749 2428 discutere

164 2461 352 2516 divina
375 2460 600 2531 judicia,
635 2463 728 2518 sed
783 2465 1028 2530 credere,
1065 2480 1168 2520 nec
1211 2465 1476 2521 rationem
1513 2466 1752 2537 require-

159 2570 255 2621 re,
293 2555 388 2611 sed
427 2555 586 2611 ﬁdem
627 2556 965 2628 simpliciter,
987 2567 1042 2612 et
1092 2557 1440 2614 immobiliter
1467 2559 1746 2614 exhibere.

166 2669 188 2700 ι
225 2648 283 2702 1η
307 2648 474 2704 Deutn
503 2648 739 2705 Patrem.
776 2671 795 2702 ι
837 2650 1117 2706 Advertite
1145 2651 1288 2720 quod
1313 2667 1434 2706 cum
1463 2651 1560 2705 Dei
1581 2651 1753 2722 patris

159 2757 362 2800 nomen
396 2743 449 2798 in
479 2743 820 2800 confessione
859 2746 1158 2818 conjungit,
1183 2747 1424 2802 ostendit
1461 2747 1605 2816 quod
1644 2762 1750 2802 non

159 2844 295 2892 ante
340 2837 480 2892 Deus
532 2853 652 2894 esse
697 2839 925 2909 coeperit
961 2846 1016 2894 et
1062 2849 1250 2909 postea
1295 2849 1473 2911 pater,
1502 2841 1597 2897 sed
1635 2842 1754 2898 sine

160 2926 278 2984 ullo
319 2929 474 2985 initio
507 2937 561 2985 et
609 2931 752 2986 Deus
791 2946 1003 3001 semper
1031 2939 1085 2987 et
1111 2942 1268 3004 pater
1308 2941 1409 2990 est.
1451 2933 1590 3002 Quia
1623 2950 1753 3007 ergo

157 3037 381 3092 semper
409 3022 512 3078 fuit
553 3032 726 3094 pater,
757 3039 971 3095 semper
1008 3025 1198 3081 habuit
1246 3026 1415 3082 ﬁlium
1463 3027 1549 3082 cui
1601 3036 1758 3100 pater

157 3120 271 3167 est.
321 3131 339 3163 ‹
399 3112 830 3184 Omnipotentem
879 3134 898 3168 ι
933 3131 1064 3171 vero
1096 3115 1216 3172 ideo
1257 3117 1389 3171 dicit
1419 3117 1544 3188 quia
1586 3121 1757 3175 omni-

156 3213 364 3275 potens
390 3215 491 3271 est,
517 3205 714 3277 cuique
754 3205 887 3261 nihil
917 3206 1252 3278 impossibile
1279 3217 1392 3275 est;
1421 3209 1512 3279 qui
1534 3210 1752 3278 coelum,

1857 623 1979 665 mus
1999 609 2056 664 in
2086 608 2285 666 fronte.
2314 609 2568 680 Sepultus
2603 616 2688 664 est
2707 607 2847 663 sicut
2876 607 2931 662 in
2959 609 3193 664 veritate
3231 619 3392 666 natus
3421 625 3436 664 :

1853 697 1929 756 ita
1958 709 2014 756 et
2035 701 2088 756 in
2119 702 2348 757 veritate
2387 710 2635 758 mortuus
2667 710 2722 756 et
2749 698 3010 772 sepultus.

1897 833 1910 850 ,ο
1930 811 1949 844 ι
1985 792 2274 849 Descendit
2292 794 2361 848 ad
2379 791 2610 858 inferna,
2630 792 2790 848 tertia
2819 793 2906 849 die
2931 794 3231 850 resurrexit
3249 809 3279 849 a
3295 809 3442 860 mor:

1860 905 1878 938 ι
1915 884 2040 941 tuis.
2079 905 2098 938 ι
2131 885 2423 942 Triduanae
2452 885 2746 957 sepulturae
2774 900 2924 941 mora
2948 885 3228 940 evidenter
3252 893 3440 942 osten-

1853 975 1952 1042 dit,
1982 977 2124 1047 quod
2153 979 2278 1032 dum
2308 993 2504 1049 corpus
2531 979 2584 1034 in
2625 978 2875 1052 sepulcro
2905 976 3108 1048 jacuit,
3140 979 3321 1034 anima
3350 977 3440 1033 illa

1853 1071 1920 1126 de
1946 1069 2134 1126 inferis
2159 1071 2534 1141 triumphavit.

1928 1181 1948 1214 ς
1976 1161 2236 1218 Ascendit
2268 1164 2338 1218 ad
2381 1163 2588 1220 ccelos:
2621 1164 2772 1220 sedet
2801 1165 2868 1220 ad
2908 1166 3186 1223 dexteram
3222 1171 3316 1228 Dei
3346 1189 3442 1244 pa-

1858 1273 1880 1305 ι
1912 1254 2014 1310 tris
2047 1256 2454 1326 omnipotentis.
2491 1276 2510 1310 ι
2543 1256 2669 1312 Ideo
2701 1259 3067 1317 conditionem
3099 1271 3305 1321 natura:
3338 1284 3439 1323 no-

1853 1353 1980 1400 strae
2010 1363 2175 1416 quam
2217 1347 2286 1403 de
2317 1347 2536 1403 homine
2566 1357 2742 1406 matre
2771 1359 2930 1406 natus
2951 1357 3244 1426 assumpsit
3278 1373 3444 1429 super

1850 1435 2017 1493 caelos
2065 1438 2120 1493 in
2159 1437 2441 1494 dexteram
2485 1439 2580 1496 Dei
2625 1441 2799 1512 patris
2852 1443 3154 1499 collocavit.
3208 1447 3443 1504 Dextera

1849 1540 2030 1587 autem
2056 1533 2228 1603 patris
2257 1533 2312 1588 in
2341 1548 2448 1604 qua
2477 1534 2668 1590 sedere
2699 1533 2902 1590 dicitur
2921 1550 3028 1590 non
3051 1547 3133 1593 est
3157 1553 3442 1610 corporea,

1849 1624 1992 1694 quod
2026 1623 2180 1680 nefas
2205 1634 2289 1680 est
2319 1625 2387 1680 de
2413 1625 2524 1681 Deo
2550 1626 2770 1692 sentire,
2807 1627 2934 1697 quia
2971 1628 3154 1684 divina
3185 1630 3444 1702 majestas

1849 1718 2148 1773 secundum
2185 1718 2426 1789 speciem
2466 1718 2760 1774 humanam
2801 1718 2943 1774 latus
2970 1737 3078 1775 non
3127 1722 3292 1790 habet
3348 1727 3444 1781 sed

1849 1811 2021 1884 gloria
2043 1819 2209 1883 atque
2235 1811 2513 1868 beatitudo
2531 1813 2722 1884 patris.
2749 1812 2982 1869 Dextera
3012 1815 3130 1886 ejus
3165 1817 3362 1874 dicitur
3387 1820 3442 1874 in

1774 1885 1824 1946 Β
1850 1921 1958 1976 qua
1987 1904 2128 1960 ﬁlius
2171 1905 2470 1961 secundum
2521 1905 2922 1962 humanitatem
2959 1908 3132 1975 sedet,
3165 1909 3218 1966 id
3247 1920 3353 1979 est,
3387 1913 3444 1968 in

1849 2005 2173 2069 perpetuum
2211 2005 2420 2068 regnat.

1929 2109 1948 2143 ι
1988 2089 2116 2144 Inde
2158 2099 2424 2145 venturus
2457 2087 2704 2158 judicare
2749 2089 2903 2145 vivos
2937 2101 2994 2146 et
3027 2101 3288 2150 mortuos.
3329 2115 3347 2147 ›
3383 2096 3441 2153 In

1849 2182 1968 2252 ipso
2009 2195 2237 2252 corpore
2289 2189 2551 2237 venturus
2604 2190 2689 2237 est
2744 2183 2812 2237 ad
2856 2181 3169 2253 judicium,
3228 2189 3282 2243 in
3335 2201 3443 2260 quo

1851 2271 2100 2327 ascendit
2125 2269 2194 2324 ad
2241 2269 2462 2338 caelum,
2494 2279 2556 2325 ut
2593 2269 2932 2330 Christianos
2956 2275 3165 2346 judicet
3193 2285 3249 2332 et
3273 2294 3444 2350 paga-

1851 2380 1966 2428 nos,
1986 2361 2164 2432 justos
2186 2371 2241 2418 et
2263 2372 2601 2434 peccatores,
2634 2364 2822 2421 ﬁdeles
2850 2374 2906 2422 et
2933 2369 3150 2437 impios.

1929 2475 1947 2508 ι
2000 2455 2176 2512 Credo
2205 2457 2261 2511 in
2305 2455 2568 2527 Spiritum
2605 2467 2875 2514 sanctum.
2923 2479 2942 2511 ›
2977 2461 3256 2518 Advertite
3299 2465 3447 2534 quod

1852 2548 1993 2604 sicut
2023 2547 2078 2602 in
2099 2547 2340 2614 Patrem,
2368 2547 2442 2603 ita
2478 2557 2534 2603 et
2564 2549 2617 2603 in
2649 2547 2847 2605 Filium
2876 2551 3005 2606 etin
3037 2551 3297 2623 Spiritum
3323 2571 3447 2610 san-

1852 2647 2000 2695 ctum
2032 2640 2103 2694 sit
2129 2639 2480 2695 credendum.
2506 2638 2642 2694 Nam
2668 2640 2760 2711 qui
2799 2641 2885 2696 vel
2907 2643 2962 2697 in
2993 2659 3154 2699 unam
3178 2646 3244 2700 de
3265 2646 3444 2701 Trini-

1853 2738 1965 2785 tate
2010 2745 2301 2800 personam
2331 2747 2439 2786 non
2475 2732 2789 2798 crediderit,
2820 2733 2876 2788 in
2920 2733 3129 2792 duabus
3161 2737 3238 2792 illi
3269 2740 3447 2796 credi-

1855 2823 2002 2881 disse
2032 2839 2140 2879 non
2165 2825 2432 2895 proderit.

1931 2941 1950 2971 ‹
1988 2919 2247 2975 Sanctam
2276 2919 2579 2976 Ecclesiam
2599 2921 2946 2979 catholicam.
2992 2942 3012 2975 ι
3037 2923 3278 2981 Ecclesia
3301 2927 3449 2984 Cra:-

1855 3028 1954 3077 ce,
2020 3013 2214 3068 Latine
2262 3013 2482 3070 collatio
2516 3014 2600 3071 vel
2647 3016 2858 3072 vocatio
2917 3016 3136 3084 dicitur,
3192 3036 3257 3076 eo
3306 3022 3452 3091 quod

1857 3119 2046 3160 omnes
2076 3105 2144 3159 ad
2184 3120 2244 3160 se
2271 3112 2449 3169 vocet,
2479 3113 2535 3161 et
2587 3105 2642 3161 in
2699 3121 2866 3162 unum
2919 3118 3228 3181 congreget.
3264 3111 3452 3168 Scien-

1859 3197 1986 3251 dum
2017 3204 2101 3251 est
2146 3196 2288 3266 quod
2312 3195 2610 3251 Ecclesiam
2635 3197 2879 3262 credere,
2910 3213 3018 3252 non
3043 3209 3223 3255 tamen
3252 3201 3306 3257 in
3349 3203 3452 3257 Ec-

159 3274 393 3362 ien-am,
437 3274 642 3364 mare,“
665 3297 934 3361 homines,
967 3274 1126 3368 alque
1171 3299 1353 3354 omnia
1381 3274 1653 3356 animalia
1702 3311 1757 3358 ει
1784 3274 1830 3338 C
1861 3290 2080 3345 clcsiam
2111 3290 2337 3345 credere
2366 3290 2679 3355 debeamus,
2710 3291 2836 3361 quia
2878 3291 3120 3347 Ecclesia
3150 3308 3258 3348 non
3286 3294 3448 3361 Deus,

158 3386 404 3457 reptilia,
438 3403 544 3442 non
573 3387 756 3458 aliquo
780 3389 962 3460 operis
989 3399 1136 3457 actu,
1164 3389 1256 3446 sed
1281 3390 1395 3446 solo
1421 3391 1572 3447 verbi
1599 3408 1754 3448 crea-

156 3477 252 3530 vit
293 3476 541 3546 imperio,
568 3485 625 3532 et
656 3477 778 3533 ideo
800 3495 905 3534 non
931 3481 1086 3536 nobis
1133 3481 1313 3536 veniat
1341 3481 1396 3536 in
1431 3482 1759 3552 cogitatione

153 3567 444 3637 quomodo
483 3568 586 3620 hoc
629 3578 723 3623 aut
754 3569 883 3624 illud
915 3572 1090 3639 potuit
1114 3571 1253 3636 ﬁeri,
1299 3572 1390 3642 qui
1421 3575 1760 3644 omnipoten-

155 3669 288 3714 tem
315 3658 663 3728 praecipimur
707 3659 951 3714 conﬁteri
978 3671 1278 3717 creatorem
1313 3663 1435 3718 coeli
1483 3675 1538 3718 et
1583 3674 1758 3719 terno.

155 3749 292 3807 Hoc
313 3749 492 3818 agitur
511 3749 656 3820 quod
675 3751 922 3821 superius
943 3751 1075 3820 dixi,
1090 3755 1216 3824 quia
1235 3773 1252 3805 ι
1275 3756 1458 3810 omnia
1479 3756 1592 3812 sola
1616 3757 1762 3812 verbi

155 3849 449 3916 potestate
483 3841 736 3913 perfecit.
772 3864 790 3896 ι

255 3954 274 3988 ‹
305 3933 375 3989 Et
418 3936 473 3990 in
504 3935 690 3992 Jesum
718 3937 996 3995 Christum
1027 3939 1228 3996 Filium
1267 3941 1383 4010 ejus
1411 3942 1632 3998 unicum
1667 3942 1760 3998 Do-

167 4049 194 4084 ς
238 4029 444 4084 minum
497 4040 764 4086 nostrum.
804 4051 823 4084 ι
867 4032 1151 4089 Advertite
1193 4035 1336 4104 quod
1384 4038 1655 4106 quomodo
1712 4037 1768 4090 in

161 4130 389 4196 patrem
419 4124 499 4180 sic
526 4132 582 4180 et
608 4125 662 4180 in
695 4126 863 4182 ﬁlium
896 4127 1230 4183 credendum
1274 4129 1364 4196 sit,
1397 4138 1454 4184 et
1495 4130 1619 4199 quia
1646 4145 1766 4184 cum

163 4223 336 4289 patre
385 4216 606 4287 aequalis
635 4227 720 4274 est
768 4219 1052 4290 majestate
1107 4229 1317 4276 tantum
1355 4221 1464 4292 ipsi
1503 4231 1768 4292 quantum

165 4318 238 4366 et
273 4311 415 4380 patri
449 4311 693 4378 honoris,
723 4322 930 4368 tantum
965 4329 1066 4370 nos
1096 4314 1295 4371 debere
1320 4316 1572 4371 novimus
1601 4316 1772 4371 servi-

169 4404 320 4460 tutis
347 4405 685 4475 obsequium.
729 4425 747 4456 ‹
778 4403 964 4461 Jesum
1021 4406 1298 4462 Christum
1346 4427 1364 4460 ι
1397 4406 1570 4474 dicit,
1615 4405 1773 4462 Jesus

171 4495 438 4551 Salvator
478 4497 885 4568 interpretatur.
932 4497 1184 4555 Christus
1231 4515 1362 4555 vero
1403 4515 1434 4554 a
1477 4499 1772 4555 chrismate

173 4590 404 4656 dicitur,
438 4591 563 4661 quia
594 4591 734 4646 sicut
755 4591 964 4662 antiqui
993 4609 1146 4664 reges
1166 4610 1196 4647 a
1222 4593 1592 4650 sacerdotibus
1613 4608 1770 4648 sacro

1861 3381 1957 3436 sed
1981 3381 2172 3436 domus
2199 3380 2294 3436 Dei
2329 3389 2432 3436 est.
2478 3381 2816 3436 Catholicam
2853 3383 3019 3448 dicit,
3053 3392 3166 3439 toto
3196 3387 3328 3442 orbe
3353 3386 3452 3442 dif-

1863 3472 2060 3537 fusam,
2093 3472 2218 3542 quia
2249 3473 2589 3528 diversorum
2617 3472 3000 3528 haereticorum
3042 3473 3300 3530 Ecclesiae
3329 3476 3452 3531 ideo

1864 3565 2149 3621 catholica:
2198 3579 2305 3620 non
2354 3564 2639 3628 dicuntur,
2679 3564 2805 3635 quia
2835 3580 2933 3634 per
2982 3564 3099 3620 loca
3148 3574 3310 3635 atque
3353 3583 3450 3638 per

1866 3671 1994 3711 suas
2041 3671 2285 3726 quasque
2336 3655 2646 3725 provincias
2694 3655 3063 3711 continentur.
3101 3655 3227 3712 Haec
3259 3673 3390 3713 vero
3419 3673 3449 3712 a

1869 3748 1996 3802 solis
2011 3757 2131 3802 ortu
2152 3761 2323 3818 usque
2343 3746 2413 3802 ad
2433 3762 2690 3803 occasum
2713 3747 2873 3804 unius
2893 3749 3019 3804 fidei
3041 3749 3326 3819 splendore
3353 3749 3448 3806 dif-

1869 3840 2132 3894 funditur.

1947 3951 1965 3983 ‹
2015 3929 2339 3986 Sanctorum
2365 3931 2834 3997 communionem,
2871 3948 2891 3983 ι
2919 3930 2976 3987 id
3013 3939 3127 3997 est,
3176 3948 3298 3988 cum
3352 3934 3458 3989 illis

1871 4021 2078 4076 sanctis
2125 4021 2218 4092 qui
2255 4020 2310 4074 in
2344 4020 2448 4078 hac
2476 4036 2638 4093 quam
2683 4021 3008 4091 suscipimus
3058 4021 3165 4078 ﬁde
3217 4022 3458 4083 defuncti

1873 4123 2019 4179 sunt,
2058 4113 2372 4169 societatem
2421 4123 2477 4169 et
2516 4114 2630 4185 spei
2671 4116 3107 4173 communionem
3151 4127 3454 4178 teneamus.

1952 4221 1969 4254 ι
2028 4201 2423 4259 Remissionem
2468 4213 2836 4274 peccatorum.
2899 4223 2918 4258 ι
2945 4204 3156 4282 ⁹Ριυὶιιιει
3211 4211 3460 4267 remissio

1873 4303 2218 4366 peccatorum
2251 4310 2348 4365 per
2367 4295 2618 4366 baptismi
2647 4298 2900 4369 gratiam,
2920 4301 3158 4355 secunda
3183 4316 3282 4372 per
3310 4316 3459 4354 mar-

1877 4389 2100 4460 tyrium,
2134 4389 2294 4442 tertia
2334 4403 2464 4443 vero
2492 4403 2590 4460 per
2633 4389 3060 4446 satisfactionem
3101 4392 3455 4462 poenitentiae.

1877 4484 2008 4551 Quae
2065 4489 2245 4535 tamen
2304 4481 2652 4538 remissiones
2700 4492 3047 4554 peccatorum
3093 4493 3248 4539 extra
3298 4483 3460 4540 ﬁdem

1878 4588 2042 4647 atque
2084 4577 2348 4631 unitatem
2393 4575 2646 4632 Ecclesiae
2697 4578 2919 4633 omnino
2973 4593 3081 4632 non
3135 4577 3289 4632 ﬁunt.
3325 4576 3464 4633 Sunt

171 4681 305 4738 oleo
330 4683 784 4752 perungebantur,
821 4683 900 4737 sic
927 4684 1186 4739 Dominus
1213 4692 1400 4740 noster
1424 4684 1583 4741 Jesus
1610 4683 1760 4740 Citri-

1879 4670 2023 4726 enim
2079 4677 2134 4724 et
2183 4667 2303 4723 alia:
2358 4668 2706 4723 remissiones
2751 4678 3119 4738 peccatorum.
3172 4669 3286 4725 Hoc
3337 4677 3457 4735 est,

174 4782 305 4829 stus
347 4771 580 4842 Spiritus
608 4772 782 4828 sancti
811 4773 1081 4829 infusione
1114 4775 1350 4846 repletus
1378 4785 1481 4830 est.

263 4883 284 4916 ‹
321 4863 424 4932 Qui
462 4875 752 4936 conceptus
791 4875 875 4921 est
901 4865 969 4920 de
999 4865 1204 4935 Spiritu
1242 4873 1454 4921 sancto.
1492 4885 1511 4918 ι
1541 4865 1656 4920 Νοη
1679 4881 1776 4935 po-

176 4964 334 5015 terat
363 4956 578 5012 aliunde
599 4973 763 5028 quam
790 4959 856 5014 de
877 4957 986 5013 Deo
1018 4958 1326 5028 concipere,
1349 4958 1442 5029 qui
1465 4957 1636 5014 Deum
1663 4972 1776 5013 me-

181 5047 304 5104 ruit
337 5063 647 5117 procreare.

267 5158 289 5192 σ
320 5138 492 5196 Natus
516 5156 583 5196 ex
613 5139 779 5196 Maria
801 5141 1030 5212 virgine.
1069 5159 1088 5194 ›
1120 5139 1237 5196 Non
1267 5140 1444 5212 potuit
1474 5155 1583 5196 non
1613 5139 1775 5195 talem

185 5232 402 5288 habere
427 5243 767 5304 conceptum,
790 5248 910 5304 quae
939 5233 1091 5303 virgo
1129 5240 1248 5288 erat
1281 5248 1635 5304 permansura
1657 5240 1782 5304 post

188 5339 430 5401 partum.

274 5441 294 5473 ‹
333 5420 530 5476 Passus
577 5422 677 5476 sub
702 5420 898 5475 Pontio
926 5418 1121 5476 Pilato.
1165 5439 1184 5474 ι
1219 5419 1338 5475 lste-
1363 5418 1567 5474 Pilatus
1610 5418 1784 5474 Iudex

195 5523 328 5570 erat
354 5515 408 5568 in
437 5514 524 5569 illo
555 5523 797 5585 tempore
823 5514 892 5568 ab
921 5515 1247 5584 imperatore
1286 5511 1497 5582 positus
1522 5512 1577 5566 in
1601 5509 1784 5566 JuUaea

198 5605 305 5660 sub
345 5620 451 5673 quo
476 5604 734 5660 Dominus
757 5619 949 5676 passus
967 5611 1054 5659 est
1083 5622 1096 5658 :
1127 5603 1282 5675 cujus
1319 5601 1520 5658 mentio
1554 5602 1621 5656 ad
1651 5611 1789 5656 tem-

1875 4775 1974 4831 per
2005 4755 2395 4828 indulgentiam
2444 4757 2811 4824 inimicorum,
2847 4773 2948 4828 per
2989 4773 3173 4814 veram
3229 4758 3463 4815 Charita-

1881 4863 2010 4920 tem,
2043 4868 2140 4924 per
2167 4867 2331 4922 opera
2375 4850 2780 4916 misericordiae,
2813 4867 2910 4921 per
2950 4852 3171 4908 verbum
3201 4853 3463 4924 praedica-

1881 4945 2062 5010 tionis,
2098 4946 2143 5002 si
2183 4961 2307 5017 quts
2329 4945 2572 5001 converti
2597 4944 2788 5002 fecerit
2812 4954 3156 5017 peccatorem
3182 4947 3250 5003 ab
3276 4961 3464 5004 errore

1889 5040 1981 5094 viae
2010 5056 2140 5095 suae.

1959 5150 1977 5182 ‹
2018 5130 2210 5186 Carnis
2244 5131 2719 5187 resurrectionem.
2760 5150 2780 5184 ι
2812 5129 3042 5188 Carnem
3069 5146 3234 5202 quam
3273 5131 3330 5188 in
3364 5133 3466 5187 hac

1883 5222 1994 5276 vita
2020 5222 2120 5278 sub
2147 5221 2360 5277 mortali
2389 5221 2697 5277 conditione
2725 5230 3003 5293 portamus
3036 5230 3464 5278 resurrecturum

1885 5331 2007 5372 esse
2027 5314 2410 5382 immortalem,
2428 5330 2492 5371 ac
2515 5317 2782 5373 rationem
2801 5316 3136 5374 reddituram
3148 5331 3248 5387 pro
3269 5316 3465 5370 anim-.1:

1887 5411 2166 5468 consortio
2192 5410 2496 5466 credamus.

1967 5534 1986 5567 ι
2023 5513 2204 5570 Vitam
2233 5521 2510 5570 :eternam.
2547 5532 2568 5566 ι
2611 5514 2832 5584 Absque
2867 5513 2977 5568 ulla
3020 5512 3358 5570 dubitatione
3384 5510 3466 5564 fa-

1891 5615 2104 5663 teamur
2151 5620 2249 5661 nos
2282 5603 2450 5659 vitam
2478 5612 2739 5659 aeternam
2793 5610 3182 5660 consecuturos
3205 5640 3222 5667 ,
3272 5598 3318 5656 si
3354 5599 3470 5655 haec

1891 5708 2228 5754 sacramenta
2251 5735 2268 5766 ,
2328 5712 2448 5767 quae
2500 5695 2653 5753 vobis
2691 5695 3044 5768 eXponimus,
3103 5692 3337 5749 ﬁdeliter
3387 5701 3471 5746 te-

1893 5806 2137 5857 neamus,
2168 5805 2232 5846 ac
2261 5791 2420 5846 bonis
2458 5790 2674 5858 actibus
2703 5803 3085 5844 conservemus
3125 5805 3137 5840 :
3170 5787 3286 5842 haec
3327 5785 3472 5841 enim

1892 5894 1977 5942 est
2015 5881 2292 5954 apostolici
2340 5880 2565 5954 symboli
2609 5888 2757 5935 recta
2802 5894 2868 5936 ac
2888 5892 3018 5934 vera
3073 5862 3473 5949 interpretatio.

3007 5972 3085 6031 39

200 5697 353 5769 poris
388 5696 856 5768 signiﬁcationem,
880 5712 987 5752 non
1026 5696 1095 5752 ad
1120 5710 1366 5768 persona:
1392 5693 1536 5751 illius
1555 5695 1794 5767 pertinet

203 5791 548 5862 dignitatem.
695 5851 700 5856 ,

285 5899 306 5951 ς
348 5881 672 5949 ϐωεὶίίλυδ,
717 5894 959 5940 mortuus
999 5893 1055 5941 et
1087 5884 1347 5956 sepultus.
1398 5903 1414 5937 ι
1457 5883 1685 5942 Crucem
1730 5885 1790 5941 il~

536 5975 808 6039 Parnm.
854 5977 1053 6042 CXII.
