3956 6326
513 332 648 392 122⁸1

1157 328 1218 385 Β.
1260 322 1515 385 RABANI
1551 322 1773 382 MAURl
1808 320 2129 380 ARCHIEP.
2170 318 2480 378 MOGUNT.
2517 314 2802 376 OPERUM
2841 317 3023 376 PARS
3060 314 3149 376 ill.

3662 320 3787 381 1223

578 452 696 526 (De
728 450 863 506 Inst.
910 450 1059 513 den,
1093 448 1132 502 Ι.
1161 464 1233 513 ιι,
1260 464 1306 502 c.
1329 442 1445 518 57.)
1491 441 1599 500 Sed
1635 442 1915 499 sciendum
1946 440 2093 512 quod
2118 442 2173 505 Α
2194 440 2404 510 busque
2430 435 2688 503 conferri,
2726 434 2829 492 sed
2869 437 2937 494 ab
2979 452 3046 493 eo
3084 436 3345 509 singulari
3385 446 3667 509 potestate
3708 442 3785 497 do-

507 547 624 602 hmc
677 552 762 599 est
808 539 965 609 juxta
1021 537 1391 608 Apostolicum
1436 534 1741 607 symbolum
1784 532 2090 591 certissima

506 633 942 693 Christianorum
972 629 1127 696 ﬁdes,
1156 645 1321 700 quam
1350 629 1602 687 doctores
1636 628 1812 685 nostri
1850 627 2089 683 tradide—

506 735 635 784 runt
664 745 679 781 :
705 734 768 781 ut
789 724 1145 797 proﬁteamnr
1168 724 1483 791 Patrom,et
1498 724 1716 790 Filium,
1736 730 1795 780 et
1826 720 2091 792 Spiritum

504 825 758 876 annuum
786 815 950 872 unius
974 830 1097 872 esse
1131 816 1383 872 amntis
1404 854 1421 880 ,
1474 814 1826 885 eiusdemque
1858 817 2092 881 potesta-

508 908 580 966 tis
601 915 659 965 et
686 906 1175 977 sempiternitatis,
1204 921 1371 963 unum
1416 905 1591 961 Deum
1624 902 1973 968 iuvisibilem,
2015 902 2091 957 ita

506 1003 644 1058 utin
685 1000 912 1073 singulis
929 1000 1306 1071 'personarum
1349 997 1681 1070 proprietate
1716 1002 1953 1059 servata,
1988 1008 2093 1050 nec

505 1096 938 1155 substantialiter
962 1094 1202 1151 Trinitas
1236 1094 1422 1159 dividi,
1450 1107 1550 1149 nec
1593 1089 1954 1162 personaliter
1998 1089 2091 1145 de-

502 1188 633 1247 beat
658 1187 881 1245 omnino
909 1184 1167 1243 confundi
1196 1202 1211 1240 :
1242 1184 1460 1241 Patrem
1480 1198 1698 1254 quoque
1724 1181 1974 1238 confiteri
2009 1179 2089 1235 in-

504 1280 778 1352 genitum,
805 1277 1003 1337 Filium
1030 1278 1389 1351 unigenitum,
1434 1275 1697 1348 Spiritum
1737 1283 1922 1331 autem
1965 1288 2092 1328 san-

501 1384 652 1433 ctum
675 1373 1056 1445 necgeuitum,
1084 1388 1185 1430 nec
1212 1371 1573 1445 unigenitum,
1616 1369 1715 1426 sed
1743 1384 1811 1425 ea
1839 1367 2002 1425 Patre
2033 1372 2092 1421 et

502 1466 642 1523 Filio
669 1466 1090 1538 procedentem:
1120 1463 1316 1523 Filium
1350 1479 1384 1519 a
1412 1462 1575 1519 Patre
1606 1460 1881 1518 nascendo
1905 1472 2091 1529 proce-

501 1558 649 1622 dere,
685 1556 947 1628 Spiritum
967 1571 1099 1613 vero
1127 1563 1377 1613 sanctum
1406 1553 1749 1626 procedendo
1771 1566 1881 1607 non
1910 1548 2084 1606 nasci.

497 1646 678 1719 Ipsum
691 1662 908 1720 quoque
929 1645 1460 1717 Filium,perfectum
1481 1661 1549 1702 ex
1573 1645 1800 1717 virgine,
1818 1644 1935 1699 sine
1962 1656 2089 1712 pec-

497 1747 622 1793 cato
650 1738 926 1799 hominem
957 1739 1261 1809 suscepisse
1293 1756 1307 1794 :
1340 1747 1420 1803 ut,
1471 1751 1632 1807 quem
1673 1735 1789 1793 sola
1840 1734 2087 1791 bonitate

2188 531 2335 596 nari,
2358 531 2426 586 de
2452 544 2563 601 quo
2588 528 2799 585 dictum
2828 526 3060 600 lcgimus
3084 546 3099 583 :
3132 547 3154 581 ί
3188 527 3367 600 Super
3392 545 3565 601 quem
3592 532 3785 589 videris

2190 625 2457 697 Spiritum
2498 623 2954 690 descendentem,
2990 632 3051 678 et
3078 632 3387 680 manentem
3428 640 3603 697 super
3648 641 3783 691 eum,

2190 720 2385 777 hicest
2420 720 2513 791 qui
2542 719 2785 791 baptitat
2836 719 2892 774 in
2922 718 3128 791 Spiritu
3166 728 3357 777 sancto
3404 736 3419 773 :
3450 728 3513 775 et
3560 736 3667 792 ego
3692 724 3785 777 vidi

2190 825 2249 871 et
2290 812 2666 873 testimonium
2720 812 2995 884 perhibui,
3040 812 3171 882 quia
3206 812 3297 868 hic
3332 822 3427 868 est
3476 812 3659 870 Filius
3700 815 3787 870 Dei

2191 903 2376 977 (locu.
2402 901 2466 975 ι).
2500 922 2521 955 ι
2551 902 2620 960 Et
2644 917 2715 959 ne
2734 902 3069 974 pmnitentize
3092 902 3351 960 mediis
3372 918 3480 959 nos
3502 919 3675 971 egere
3694 920 3789 963 om

2189 1007 2461 1068 putemus,
2490 1009 2591 1066 pro
2617 994 2947 1065 quotidianis
2974 995 3230 1053 humana:
3254 994 3587 1064 fragilitatis
3610 1011 3789 1051 exces-

2188 1088 2477 1145 sibussine
2505 1085 2702 1158 quibus
2730 1085 2785 1142 iu
2818 1085 2925 1141 hac
2954 1086 3064 1141 vita
3086 1100 3211 1142 esse
3238 1101 3347 1141 ne
3368 1100 3695 1156 pessumis,
3726 1087 3789 1142 ita

2188 1178 2525 1251 poenitentiae
2562 1176 2978 1248 compunctione
3006 1175 3285 1235 fructuosa
3322 1178 3595 1232 universa
3634 1178 3791 1233 fatea-

2188 1286 2314 1328 mur
2335 1269 2503 1327 deleri
2523 1277 2772 1341 peccata,
2802 1268 2944 1326 sicut
2971 1269 3238 1340 scriptum
3258 1278 3345 1325 est
3368 1287 3386 1324 :
3425 1288 3447 1321 ι
3476 1268 3645 1325 Beati
3670 1284 3791 1339 qna-

2189 1378 2312 1420 rum
2346 1363 2588 1420 remissae
2624 1371 2751 1418 sunt
2787 1362 3102 1433 iniquitates
3124 1368 3182 1418 et
3209 1376 3448 1433 quorum
3492 1370 3649 1417 tecta
3681 1372 3794 1418 sat

2187 1462 2451 1529 peccata:
2480 1454 2674 1511 beatus
2700 1454 2784 1510 vir
2804 1454 2890 1511 cui
2920 1470 3031 1511 non
3054 1454 3347 1525 imputavit
3374 1453 3658 1511 Dominis
3676 1469 3791 1525 pec-

2186 1558 2368 1607 catum
2393 1546 2567 1621 (Psal.
2607 1547 2782 1620 aut).
2812 1566 2835 1601 ι
2872 1546 3087 1604 Nullum
3139 1560 3359 1617 quoque
3404 1545 3530 1602 suis
3572 1546 3789 1607 viribus,

2184 1641 2285 1699 sed
2337 1657 2436 1713 per
2473 1641 2715 1697 divinam
2754 1640 2991 1712 gratiam
3036 1639 3203 1710 capiti
3248 1637 3483 1695 Christo
3522 1636 3791 1710 subiungi,

2187 1746 2351 1807 atque
2384 1736 2703 1807 indisrupta:
2746 1736 2893 1807 pacis
2917 1735 3327 1806 perseverantia
3358 1734 3421 1789 in
3454 1735 3679 1789 unitate
3705 1734 3791 1789 Ec-

496 1837 803 1894 creaverat,
841 1837 1032 1905 sponte
1070 1829 1281 1901 lapsum
1308 1827 1739 1889 misericorditer
1779 1816 2160 1896 κνᾶται-’Β
2180 1829 2365 1889 clesiae
2386 1829 2556 1899 ipsius
2582 1829 2832 1893 solidari,
2860 1843 2966 1885 nec
3004 1829 3259 1885 humana
3296 1826 3617 1883 vohntatis
3660 1828 3789 1882 arbi-

496 1919 669 1991 Quem
693 1921 963 1979 veraciter
987 1919 1333 1985 cruciﬁxum.
1352 1931 1410 1981 et
1426 1919 1587 1979 tertia
1608 1919 1696 1977 die
1722 1918 2083 1977 resurrexisse

495 2019 552 2067 et
571 2026 696 2067 cum
724 2011 916 2067 eadem
960 2009 1078 2080 ipsa
1109 2025 1276 2066 carne
1311 2009 1613 2082 gloriﬁcata
1666 2010 1977 2069 ascendisse
2026 2009 2083 2067 in

495 2103 713 2173 coelum,
742 2103 800 2163 in
829 2117 939 2174 qua
976 2112 1035 2159 et
1070 2101 1337 2174 judicium
1360 2103 1610 2161 vivorum
1656 2117 1723 2157 ac
1744 2109 2081 2159 mortuorum

495 2206 865 2272 exspectatur,
877 2208 1160 2261 venturus.
1172 2195 1243 2253 Et
1260 2195 1405 2268 quod
1424 2194 1660 2255 divinam
1684 2193 2084 2263 humanamque

494 2295 858 2355 substantiam
882 2294 940 2351 in
966 2302 1200 2363 utroque
1232 2288 1507 2361 perfectus
1528 2296 1637 2345 una
1669 2286 1920 2343 Christus
1958 2300 2086 2357 per-

496 2403 632 2444 sona
662 2386 974 2460 gestaverit,
1004 2386 1134 2456 quia
1176 2398 1281 2442 nec
1309 2382 1605 2454 geminavit
1642 2381 1929 2451 utriusque
1957 2381 2084 2437 sub-

497 2476 713 2535 stantiae
736 2475 1019 2547 integritas
1041 2488 1352 2546 personam,
1378 2487 1479 2533 nec
1523 2471 1770 2531 confudit
1811 2472 2083 2543 geminam

394 2558 401 2563 ’
496 2568 680 2627 unitas
710 2582 959 2640 persona
986 2566 1370 2625 substantiam.
1394 2565 1582 2622 Altero
1607 2564 1808 2635 quippe
1828 2572 2083 2620 neutrum

496 2661 762 2729 exclusit,
811 2660 940 2733 quia
986 2668 1282 2730 utrumque
1334 2660 1707 2730 unusquisque
1757 2658 2084 2715 intemerato

495 2752 615 2824 iure
659 2751 915 2819 servavit,
944 2749 1091 2824 quod
1118 2749 1253 2807 Novi
1278 2758 1335 2807 et
1362 2749 1578 2807 Veteris
1620 2748 1954 2806 Testamenti
1997 2764 2084 2831 sa-

496 2844 727 2899 lubriter
752 2843 1096 2899 commendat
1130 2841 1447 2905 auctoritas,
1472 2840 1563 2897 illa
1592 2856 1691 2911 per
1717 2841 2079 2912 prophetiam,

495 2937 600 2993 ista
629 2950 727 3007 per
765 2935 1047 2993 historiam
1086 2934 1356 2995 veraciter
1390 2933 1686 3005 persoluta.
1712 2934 1782 2989 Et
1815 2934 1962 3005 quod
1990 2948 2084 2990 ne-

495 3042 604 3100 que
627 3027 690 3084 de
713 3026 848 3090 Deo.
880 3041 1058 3099 neque
1080 3028 1148 3087 de
1173 3034 1426 3087 creatura
1454 3025 1641 3086 saeculi
1675 3027 1745 3083 sit
1770 3042 1895 3083 cum
1920 3042 2083 3097 paga-

2187 1922 2294 1979 trio
2329 1920 2459 1979 boni
2482 1920 2744 1993 quiddam
2773 1920 3138 1992 deputandum
3182 1918 3505 1976 existimari
3540 1934 3560 1972 :
3598 1919 3691 1975 sed
3718 1935 3791 1975 se-

2184 2015 2421 2073 cundum
2444 2013 2784 2085 propositum
2812 2013 2969 2073 bona:
2990 2011 3290 2069 voluntatis
3321 2010 3430 2068 Dei
3464 2027 3698 2068 omnem
3714 2028 3792 2067 aa-

2186 2120 2395 2161 merum
2428 2105 2726 2161 electorum
2760 2103 2988 2175 acquiri.
3019 2103 3169 2160 Bona
3213 2119 3449 2175 quoque
3480 2104 3789 2175 temporaia

2182 2196 2362 2262 bonis,
2412 2196 2679 2268 malisque
2726 2195 3035 2255 communia
3066 2210 3098 2250 a
3138 2196 3253 2251 Deo
3293 2196 3532 2262 creari,
3586 2194 3789 2266 ejusque

2185 2289 2589 2361 dispensatione
2640 2288 2869 2361 singulis
2902 2289 3210 2360 quibusque
3235 2289 3329 2346 vel
3380 2289 3575 2345 tribui
3608 2290 3691 2346 vel
3714 2304 3789 2345 ae-

2180 2382 2318 2455 gari,
2364 2397 2596 2454 quorum
2650 2382 2919 2441 bonorum
2944 2382 3003 2439 in
3042 2398 3377 2454 unoquoque
3418 2383 3787 2441 (ἰωὴ-ιω

2184 2473 2422 2540 habitus,
2452 2474 2549 2535 sed
2591 2490 2746 2541 usus,
2772 2483 2867 2531 aut
2892 2474 3285 2546 improbandus
3312 2484 3412 2533 est
3436 2487 3549 2533 aut
3570 2479 3789 2549 proban-

2184 2564 2306 2629 dus.
2337 2564 2546 2623 Caetera
2572 2580 2706 2621 vero
2728 2574 3045 2638 aeternaque
3069 2568 3212 2625 bona
3240 2568 3399 2625 solos
3424 2585 3605 2640 posse
3642 2572 3793 2627 huius

2183 2656 2240 2713 in
2261 2655 2442 2713 futuro
2466 2656 2760 2727 consequi:
2789 2673 3023 2730 quorum
3054 2660 3285 2732 pignore
3308 2661 3643 2719 Ecclesia-
3670 2679 3791 2717 nunc

2182 2747 2529 2807 informatam
2558 2749 2833 2807 credimus
2857 2751 3087 2811 detineri
3107 2791 3121 2817 ,
3157 2752 3248 2811 hic
3274 2753 3595 2813 habentem
3616 2755 3795 2824 [trili-

2183 2843 2290 2899 tias
2320 2843 2563 2915 spiritus,
2590 2844 2645 2901 in
2678 2843 2861 2907 futuro
2904 2845 3318 2917 perfectionem,
3366 2847 3471 2903 hic
3500 2846 3793 2904 sustentati

2180 2933 2239 2989 iu
2278 2948 2394 3005 spe,
2442 2944 2629 3009 postea
2660 2937 2809 3006 pasci
2838 2937 2893 2995 in
2921 2951 3000 3001 re,
3045 2938 3134 2997 hic
3164 2938 3336 2995 videri
3374 2953 3483 3009 per
3516 2940 3795 3010 specula

2182 3023 2242 3081 in
2266 3025 2575 3099 aenigmate,
2612 3027 2667 3085 in
2696 3026 2877 3083 futuro
2906 3037 3087 3085 autem
3117 3028 3259 3089 facie
3311 3029 3387 3089 ad
3414 3029 3651 3097 faciem,
3680 3046 3793 3085 cu

495 3119 601 3185 nis,
631 3127 727 3174 aut
767 3132 895 3177 cum
925 3119 1196 3179 haereticis
1231 3117 1437 3189 aliquid
1460 3117 1804 3177 sentiendum
1828 3159 1845 3185 ,
1892 3118 1949 3175 in
1993 3119 2080 3175 bis
2117 3180 2156 3194 Α
2187 3117 2256 3175 ad
2310 3118 2547 3188 speciem
2592 3117 2758 3175 fuerit
2790 3120 3049 3190 perducta
3077 3136 3174 3192 per
3204 3121 3397 3189 ﬁdem,
3423 3124 3583 3194 quod
3632 3124 3793 3181 donec

494 3180 660 3269 rebus
697 3210 753 3267 in
800 3209 998 3281 quibus
1050 3224 1084 3263 a
1126 3180 1352 3267 veritate
1397 3207 1758 3273 dissentiunt,
1815 3180 1910 3265 sed
1941 3208 2085 3279 quod
2111 3180 2158 3245 θ
2186 3180 2504 3281 perﬁciatur
2544 3217 2607 3265 ut
2655 3180 2854 3271 summi
2900 3211 2996 3271 Dei
3048 3180 3205 3273 bouis
3556 3217 3787 3281 aleris,

496 3301 554 3356 in
620 3308 851 3372 utroque
904 3306 1229 3367 testamento
1290 3299 1474 3357 divina
1534 3309 1910 3370 protestantur
1973 3301 2086 3357 clo-

496 3392 663 3465 quia,
704 3393 811 3453 hoc
846 3392 1219 3455 tantummodo
1260 3393 1623 3453 sentiendum.
1666 3394 1821 3463 Quod
1846 3396 1960 3451 sive
1972 3396 2084 3459 bo-

498 3484 703 3541 minem
736 3483 853 3545 sive
883 3483 1157 3551 universa,
1190 3484 1337 3545 nulla
1386 3486 1529 3543 Deus
1560 3488 1888 3549 necessitate
1928 3504 2081 3545 crea-

493 3577 657 3634 verit.
710 3576 823 3637 Nec
864 3577 1028 3641 ullam
1079 3593 1202 3637 esse
1250 3579 1473 3639 omnino
1520 3580 1787 3638 visibilem
1832 3582 2080 3639 invisibi-

490 3669 710 3739 lemque
734 3669 1119 3737 substantiam.
1158 3671 1264 3729 nisi
1312 3679 1409 3727 aut
1436 3687 1557 3743 quae
1610 3672 1753 3731 Deus
1791 3674 1887 3745 sit,
1926 3686 2020 3729 aut
2049 3691 2083 3730 a

494 3762 609 3818 Deo
629 3761 797 3829 bono,
824 3762 968 3827 bona
1005 3771 1191 3825 creata
1214 3762 1312 3830 sit,
1348 3763 1445 3823 sed
1482 3763 1628 3821 Deus
1652 3780 1865 3822 summe
1895 3774 1951 3822 et
1994 3766 2078 3821 in-

491 3853 956 3911 commutabiliter
1000 3855 1175 3912 bonus
1200 3895 1216 3922 ,
1271 3864 1522 3912 creatura
1571 3872 1701 3913 vero
1739 3857 1968 3915 inferius
2027 3866 2082 3915 et

497 3946 833 4003 mutabiliter
898 3947 1060 4011 bona.
1111 3946 1180 4003 Et
1232 3947 1379 4017 quod
1429 3948 1627 4007 animai
1670 3948 1825 4020 origo
1871 3950 2082 4005 incerta

494 4040 588 4106 sit,
616 4047 675 4097 et
710 4041 856 4110 quod
901 4038 1216 4110 angelorum
1261 4049 1457 4099 natura
1506 4040 1593 4099 vel
1619 4040 1814 4098 animae
1861 4057 1968 4099 non
2010 4043 2081 4098 sit

491 4146 622 4202 pars
648 4131 843 4189 divinae
885 4130 1223 4198 subsuntize.
1252 4132 1350 4189 sed
1372 4132 1470 4189 Dei
1518 4142 1771 4191 creatura
1811 4149 1878 4191 ex
1910 4135 2081 4193 nihilo

491 4223 731 4290 condita.
762 4222 989 4293 ideoque
1028 4224 1368 4295 incorporea,
1392 4225 1521 4296 quia
1544 4225 1612 4281 ad
1658 4226 1945 4298 imaginem
1982 4226 2080 4283 Dei

494 4326 678 4375 creata
697 4322 802 4373 est.
845 4316 922 4377 De
948 4314 1149 4387 pietate
1168 4331 1384 4375 morum
1409 4318 1702 4389 unicuique
1733 4319 2076 4387 studendum,

492 4409 612 4465 sine
636 4422 741 4478 qua
771 4407 905 4465 ﬁdes
930 4408 1099 4467 divini
1126 4407 1303 4465 multus
1344 4409 1519 4466 otiosa
1560 4411 1841 4480 torpescit,
1866 4418 1923 4466 et
1956 4427 2079 4467 cum

490 4513 597 4568 qua
639 4498 925 4570 integritas
966 4498 1136 4557 divini
1168 4499 1347 4557 cultus
1398 4499 1697 4572 perﬁcitur,
1724 4509 1781 4556 et
1820 4509 1879 4557 ut
1908 4518 2078 4559 unus-

489 4590 722 4661 quisque
749 4591 922 4649 Deum
950 4598 1179 4663 propter
1221 4592 1411 4658 Deum,
1444 4600 1501 4649 et
1527 4593 1832 4663 proximum
1866 4596 1922 4651 in
1968 4594 2079 4651 Deo

492 4684 709 4757 diligat,
750 4700 924 4756 usque
973 4685 1041 4741 ad
1096 4686 1439 4744 dilectionem
1483 4703 1699 4759 quoque
1737 4689 2081 4746 inimicorum

491 4777 863 4846 perteudendn
909 4777 1199 4849 proﬁciat,
1271 4789 1333 4835 ut
1386 4780 1722 4852 proﬁciendo
1772 4783 2075 4852 perveniat.

492 4866 736 4925 Alterum
759 4883 977 4941 quoque
1002 4870 1226 4927 alterius
1273 4886 1381 4928 non
1425 4871 1589 4942 pollui
1634 4888 1792 4942 posse
1833 4882 2077 4944 peccato,

492 4960 583 5017 ubi
606 4976 709 5031 par
738 4961 1034 5023 voluntatis
1057 4980 1165 5023 non
1200 4972 1415 5025 tenetur
1445 4967 1753 5023 consensio.
1786 4966 2081 5038 Legitimas

492 5054 708 5125 nuptias
740 5070 846 5110 non
884 5057 1032 5114 credi
1059 5057 1415 5126 damnandas,
1461 5058 1591 5115 licet
1643 5075 1713 5116 ex
1754 5061 1836 5116 eis
1866 5076 2082 5131 quoque

488 5144 741 5218 originali
768 5156 991 5218 peccato
1026 5150 1262 5211 obnoxia
1286 5151 1542 5207 credatur
1570 5152 1723 5207 nasci
1764 5153 2076 5222 posteritas,

489 5238 680 5309 eisque
708 5236 834 5308 iure
862 5239 1101 5301 ﬁdelium
1130 5242 1399 5314 virginum
1416 5243 1501 5301 vel
1523 5246 1915 5302 continentium
1944 5263 2081 5318 prae-

460 5331 711 5388 -ferenda
766 5333 1027 5395 doceatur
1076 5335 1386 5407 integritas.
1444 5335 1522 5393 Ne
1568 5353 1739 5394 unum
1792 5338 2081 5397 Trinitatis

488 5424 777 5495 baptisma,
806 5427 953 5496 quod
976 5428 1128 5484 uetas
1161 5429 1532 5495 est,iteretur,
1562 5445 1739 5499 neque
1772 5446 1874 5500 pro
1898 5431 2078 5513 diver-

488 5517 653 5579 sitate
672 5520 1004 5593 tremuli
1038 5520 1413 5587 ministrorum
1441 5521 1667 5596 singulis
1690 5531 1913 5594 putetur
1956 5526 2081 5595 qui-

2184 3300 2493 3370 fruendum,
2518 3303 2642 3361 inde
2669 3319 2777 3365 non
2801 3305 3063 3363 absumus
3085 3316 3141 3364 et
3163 3308 3456 3378 mannis.
3479 3309 3631 3366 Ean
3660 3325 3790 3381 quo-

2182 3409 2289 3465 que
2311 3410 2412 3453 nos
2448 3410 2600 3466 spem
2630 3398 3048 3455 resurrectionis
3092 3398 3315 3463 habere.
3347 3410 3427 3456 ut-
3456 3403 3667 3459 eodem
3704 3418 3787 3461 or-

2182 3485 2343 3553 dine,
2399 3486 2701 3557 eademque
2750 3486 2923 3547 forma
2969 3504 3076 3560 qua
3124 3490 3242 3560 ipse
3282 3490 3559 3548 Dominus
3612 3507 3787 3547 res-r-

2184 3580 2327 3636 rexit
2350 3594 2381 3634 a
2406 3580 2660 3646 mortuis,
2683 3595 2783 3637 nos
2808 3596 3028 3651 quoque
3067 3590 3481 3640 resurrecturus
3504 3599 3645 3641 esse
3674 3599 3785 3640 au-

2184 3673 2394 3737 damus,
2428 3671 2482 3726 in
2527 3672 2721 3729 eodem
2768 3688 2999 3745 corpore
3049 3675 3105 3731 in
3149 3691 3261 3747 quo
3294 3692 3513 3744 mus,
3544 3678 3787 3734 *διεξῆ-

2181 3779 2324 3827 mus,
2353 3778 2458 3819 non
2486 3774 2740 3821 naturam
2777 3776 2873 3823 aut
2898 3780 3087 3824 sexum
3114 3777 3418 3836 mutantes,
3441 3770 3545 3829 sed
3584 3780 3787 3826 tanti-

2184 3852 2533 3925 fragilitatem
2566 3864 2622 3910 et
2651 3855 2783 3911 vitia
2838 3857 3188 3928 deponentes.
3212 3858 3395 3931 boum
3426 3876 3661 3933 mmo
3698 3862 3787 3917 Sa-

2183 3953 2366 4001 tanam
2390 3961 2516 4001 cum
2546 3947 2749 4021 angelis
2777 3949 2892 4006 suis
2932 3959 3095 4023 atque
3122 3951 3429 4009 cultoribus
3461 3964 3683 4010 sterno
3706 3956 3781 4008 ia-

2183 4038 2375 4094 cendio
2408 4039 2877 4101 condemnandum
2900 4082 2917 4108 ,
2969 4058 3147 4114 neque
3196 4046 3501 4102 seamdnm
3535 4062 3785 4118 qur-

2182 4127 2305 4183 dam
2343 4129 2660 4201 sacrilegam
2689 4132 3132 4203 disputationem,
3159 4137 3237 4193 ad
3608 4141 3667 4194 id
3688 4150 3783 4199 est.

2184 4219 2483 4291 angelicam
2508 4221 2849 4293 dignitatem,
2871 4240 2940 4283 ex
2964 4242 3071 4298 qua
3092 4228 3311 4299 propria
3333 4229 3689 4303 malignitate
3712 4246 3788 4287 oe-

2183 4311 2352 4377 cidit,
2410 4312 2798 4372 reducendum.
2848 4316 2975 4375 Haec
3013 4327 3100 4377 est
3143 4320 3431 4379 catholicae
3475 4324 3787 4381 traditionis

2180 4402 2307 4459 ﬁdei
2332 4418 2461 4459 vera
2506 4404 2831 4478 integritas:
2866 4409 2932 4465 de
2961 4425 3071 4481 qua
3110 4411 3159 4471 si
3189 4428 3358 4473 unum
3384 4412 3687 4485 quodlibet
3706 4430 3785 4471 re-

2184 4503 2435 4567 spuatur,
2466 4504 2577 4553 tota
2600 4498 2726 4556 fidei
2762 4500 3058 4559 credulitas
3085 4504 3374 4565 amittitur.

2640 4654 2713 4712 De
2752 4657 2970 4716 diversis
3003 4662 3316 4721 haresibu.

2257 4785 2368 4858 (De
2408 4785 2544 4847 Inst.
2592 4789 2743 4858 clem,
2797 4793 2836 4847 ι.
2875 4810 2950 4861 ιι,
2987 4812 3036 4851 c.
3080 4796 3225 4867 ult.)
3276 4797 3619 4858 Necessario
3666 4818 3785 4875 erga

2183 4881 2571 4950 providendum
2613 4893 2669 4940 et
2703 4888 3001 4945 cavendum
3028 4896 3113 4945 est
3140 4893 3290 4948 omni
3333 4895 3538 4951 anime
3574 4895 3785 4952 tiu-rati

2186 4972 2377 5039 Deum,
2408 4981 2471 5031 ut
2512 4991 2623 5033 non
2656 4992 2689 5031 a
2733 4976 2839 5033 ﬁde
2890 4980 3159 5038 catholica
3201 4984 3482 5053 decidens,
3514 4996 3581 5042 et
3632 4988 3785 5043 relir

2185 5079 2358 5135 quens
2404 5066 2709 5124 doctrinam
2740 5072 3010 5140 veritatis,
3038 5074 3093 5130 in
3133 5090 3351 5133 errores
3394 5078 3785 5137 hereticoru-

2184 5155 2365 5222 cadat,
2393 5166 2524 5223 etc.,
2551 5174 2718 5225 usque
2740 5160 2813 5215 ad
2847 5161 3009 5231 fuerit
3034 5165 3245 5235 capitis.

2256 5248 2365 5307 Sed
2392 5258 2451 5307 et
2484 5251 2796 5325 quicunque
2845 5255 3005 5317 aliter
3055 5256 3395 5332 Scriptor-an
3454 5280 3681 5321 sacrant
3712 5268 3785 5319 in-

2185 5340 2377 5413 telligit
2406 5357 2569 5413 quam
2615 5359 2808 5403 sensus
2860 5346 3097 5418 Spiritus
3146 5355 3323 5409 sancti
3352 5356 3591 5430 flagitat,
3622 5376 3655 5413 a
3682 5373 3785 5429 qua

2182 5435 2493 5505 conscripta
2519 5445 2624 5502 est,
2654 5437 2782 5495 licet
2803 5439 2871 5495 de
2904 5440 3149 5499 Ecclesia
3177 5460 3288 5503 non
3326 5446 3631 5506 recesserit
3654 5492 3671 5513 .
3712 5460 3785 5503 ta-

2183 5544 2310 5585 men
2336 5529 2625 5588 hcretieus
2659 5534 2917 5606 appellari
2934 5542 3131 5609 potest.

1740 5778 2539 5817 ψ
