3956 6326
218 210 357 270 1939

1105 213 1193 270 DE
1226 212 1763 273 ECCLESIASTICA
1800 214 2199 275 DISCIPLINA.
2238 246 2310 258 —
2344 217 2471 274 L‘lB.
2513 212 2600 274 ιιι.

3339 222 3477 285 ιεεο

217 352 3470 398 mw

1408 506 1707 593 LIBER
1776 504 2261 591 TERTIUS.

1440 706 1524 753 DF
1564 705 1777 751 AGONE
1817 705 2224 753 CHMSTILNO.

1604 834 2005 855 ψ

278 920 575 992 Descriptis
616 933 748 993 ergo
792 919 1157 977 sacramentis
1200 920 1434 988 divinis,
1490 920 1548 976 in
1588 916 1786 990 quibus
1810 923 1865 984 Α
1887 918 2091 977 habere
2119 934 2448 978 mensorem.
2484 919 2789 979 Notandum
2831 923 3039 982 interea
3068 928 3211 998 quod
3233 944 3475 1003 praesens

209 1016 370 1075 homo
404 1015 744 1072 Christianus
787 1012 1064 1081 edicitur;
1115 1022 1173 1071 et
1215 1016 1467 1071 oratione
1502 1013 1787 1071 Domid'ica

203 1126 311 1183 qua
357 1109 427 1166 ad
452 1110 623 1166 Deum
666 1124 859 1181 preces
906 1107 1153 1175 fundere,
1178 1106 1427 1182 symbolo
1471 1123 1685 1180 quoque
1734 1112 1791 1162 et

204 1201 329 1259 ﬁdei
367 1200 618 1269 veritate,
657 1208 714 1256 et
760 1214 793 1255 a
832 1200 1031 1272 quibus
1075 1202 1355 1258 erroribus
1398 1216 1467 1257 ne
1500 1200 1789 1257 sedncatur

203 1308 398 1353 cavere
440 1292 665 1361 debeat,
708 1291 943 1363 qualiter
980 1291 1056 1348 illi
1095 1301 1283 1365 postea
1324 1292 1382 1349 in
1422 1308 1595 1367 agone
1624 1290 1788 1348 Chri-

201 1387 377 1442 stiano
402 1386 721 1442 certandum
761 1384 832 1442 sit
861 1394 1263 1457 consequenter
1290 1384 1637 1442 scribendum
1667 1396 1787 1440 esse

198 1479 549 1535 arbitramur.
580 1476 805 1550 Legitur
833 1478 978 1535 enim
1009 1478 1061 1534 in
1088 1477 1401 1551 Evangelio,
1432 1478 1576 1549 quod
1600 1476 1786 1533 Salva-

199 1580 285 1628 tor
330 1580 516 1628 noster
561 1577 684 1642 post
724 1570 1177 1626 resurrectionem
1222 1586 1376 1626 suam
1423 1568 1701 1642 discipulis
1730 1568 1786 1624 in

197 1664 415 1722 Galikea
428 1679 694 1741 apparens
707 1663 845 1720 dixit
860 1683 874 1719 :
897 1684 916 1717 ι
934 1662 1139 1721 Euntes
1152 1662 1344 1721 docete
1369 1678 1558 1719 omnes
1573 1671 1782 1735 gentes,

196 1760 536 1830 baptisantes
562 1772 658 1817 eos
684 1757 740 1815 in
766 1758 987 1815 nomine
1010 1756 1206 1825 Patris,
1225 1766 1280 1814 et
1294 1756 1440 1827 Filii,
1468 1764 1524 1814 et
1550 1756 1786 1829 Spiritus

196 1852 370 1908 sancti
410 1869 425 1906 :
466 1851 724 1908 docentes
773 1867 868 1908 eos
935 1867 1159 1909 servare
1204 1852 1387 1908 omnia
1449 1864 1786 1923 quaecunque

196 1944 451 2002 mandavi
474 1945 629 2002 vobis
657 1942 871 2019 (Matth.
895 1943 1041 2019 uin).
1067 1963 1086 1997 ι
1106 1943 1165 1999 in
1191 1961 1300 2017 quo
1337 1942 1673 2000 rectissimus
1701 1950 1785 2001 est

195 2038 332 2095 ordo
366 2037 716 2111 praedicandi,
753 2044 812 2094 et
844 2036 1122 2093 modernis
1158 2051 1377 2108 quoque
1412 2034 1785 2108 praedicatori-

193 2131 297 2187 bus
343 2129 600 2187 Ecclesia:
656 2129 944 2186 sectandas
1012 2126 1454 2201 diligentissime,
1506 2134 1566 2183 ut
1606 2126 1784 2198 primo

194 2224 414 2297 quidem
447 2224 706 2280 doceatur
746 2221 979 2289 auditor,
1027 2220 1225 2278 deinde
1260 2218 1388 2275 ﬁdei
1426 2217 1782 2276 sacramentis

1890 1012 2091 1084 ubique
2116 1013 2298 1069 divina
2326 1015 2579 1087 majestas
2606 1015 2767 1073 aliter
2782 1016 2970 1075 electis
2991 1018 3120 1088 suis,
3138 1020 3296 1080 aliter
3320 1027 3474 1085 adest

1891 1108 2155 1180 reprobis.
2189 1109 2358 1167 Adest
2384 1112 2529 1167 enim
2570 1113 2811 1184 reprobis
2853 1117 3092 1185 potentia
3134 1126 3342 1177 natura:
3384 1122 3473 1178 in-

1890 1200 2421 1271 comprehensibilis,
2472 1217 2582 1273 qua
2628 1204 2810 1259 omnia
2855 1208 3132 1278 cognoscit
3177 1206 3473 1268 novissima

1889 1300 1946 1348 et
1974 1293 2213 1364 antiqua,
2249 1292 2498 1363 intelligit
2534 1294 2890 1368 c0gitationes
2927 1296 3160 1371 alonge,
3201 1306 3257 1357 et
3283 1318 3476 1361 omnes

1888 1380 2008 1437 vias
2044 1382 2378 1454 singulorum
2414 1385 2695 1454 praevidet.
2728 1384 2897 1441 Adest
2932 1387 3120 1445 electis
3163 1392 3338 1463 gratia
3372 1395 3475 1464 piae

1886 1474 2242 1545 protectionis
2267 1515 2283 1540 ,
2336 1488 2447 1545 qua
2498 1473 2618 1531 illos
2668 1476 2990 1548 spiritaliter
3042 1493 3138 1549 per
3188 1485 3475 1553 praesentia

1890 1564 2050 1630 dona,
2090 1563 2177 1619 vel
2202 1562 2416 1636 ﬂagello
2445 1566 2603 1636 quasi
2632 1564 2772 1622 ﬁlios
2799 1577 2956 1638 pater
2978 1569 3195 1625 erudit:
3218 1580 3380 1642 atque
3407 1572 3475 1629 ad

1888 1654 2289 1725 possessionem
2335 1655 2532 1712 futurave
2588 1658 2948 1717 beatitudinis
2998 1662 3294 1721 erudiendo
3350 1680 3478 1736 pro-

1886 1751 2075 1806 vehit:
2122 1751 2276 1807 adest
2322 1750 2512 1808 electis
2547 1760 2607 1808 ut
2651 1754 2912 1826 scriptum
2967 1766 3090 1814 est:
3142 1756 3348 1816 (Juxta
3393 1771 3481 1817 est

1887 1841 2151 1898 Dominus
2185 1842 2271 1898 his
2308 1843 2401 1913 qui
2444 1844 2702 1901 tribulato
2741 1854 2869 1903 sunt
2905 1849 3104 1917 corde,
3151 1859 3201 1906 et
3246 1851 3479 1909 humiles

1888 1932 2080 2005 Spiritu
2109 1933 2341 1989 salvabit
2367 1933 2542 2005 (Paul.
2572 1952 2771 2003 xum,
2796 1937 2905 2010 l9).
2941 1959 2960 1992 ι
3010 1938 3181 1996 Adest
3232 1943 3480 2012 reprobis

1886 2034 1947 2080 ut
1966 2026 2305 2097 praemissum
2327 2037 2411 2082 est
2436 2045 2449 2082 :
2481 2046 2501 2080 ι
2527 2027 2723 2085 Vultus
2748 2040 2928 2089 autem
2956 2032 3172 2089 Domini
3202 2049 3365 2106 super
3390 2035 3474 2092 fa-

1886 2118 2095 2174 cientes
2147 2119 2395 2187 mala,‘ul
2425 2121 2619 2190 perdat
2644 2122 2713 2179 de
2749 2131 2894 2179 terra
2932 2126 3252 2182 memoriam
3287 2144 3481 2186 eorum

1887 2211 2052 2285 (Ibid.
2076 2229 2125 2268 υ.
2144 2211 2255 2286 l7).
2278 2233 2299 2267 ι
2333 2213 2476 2285 Ergo
2498 2214 2547 2271 si
2580 2215 2720 2271 oculi
2759 2217 2972 2275 Domini
3002 2221 3349 2290 speculantur
3377 2224 3479 2280 bo-

194 2321 492 2386 imbuatur,
532 2329 656 2391 post
690 2320 810 2376 hzec
848 2318 915 2375 ad
957 2316 1225 2375 servanda
1256 2316 1473 2373 Domini
1520 2316 1776 2372 mandata
1806 2319 1856 2383 Β
1883 2318 1985 2360 nos
2028 2313 2085 2360 ei
2126 2303 2321 2372 malos,
2364 2313 2421 2361 οι
2450 2304 2715 2364 Dominus
2758 2309 2827 2365 de
2870 2310 3010 2366 caelo
3051 2312 3273 2382 respicit
3315 2328 3480 2385 super

193 2426 262 2469 ex
312 2420 551 2484 tempore
596 2410 820 2467 liberius
871 2410 1222 2477 instituatur,
1275 2408 1403 2480 quia
1449 2422 1557 2464 non
1602 2414 1780 2479 potest

194 2502 314 2559 ﬁeri
339 2511 400 2558 ut
428 2516 625 2573 corpus
669 2500 924 2573 baptismi
966 2501 1193 2574 recipiat
1221 2506 1643 2569 sacramentum,
1675 2498 1779 2556 nisi

192 2603 322 2650 ante
357 2593 537 2649 anima
574 2591 699 2649 ﬁdei
739 2593 1038 2665 susceperit
1079 2594 1388 2659 veritatem,
1434 2607 1558 2649 cum
1603 2604 1781 2662 neque

193 2686 425 2759 quisque
458 2684 710 2741 indoctus
749 2694 806 2742 ct
838 2685 1059 2757 ignarus
1076 2683 1402 2742 Christiana
1439 2683 1563 2740 ﬁdei
1602 2690 1782 2756 potest

191 2775 433 2847 ejusdem
482 2774 608 2833 ﬁdei
656 2772 1019 2833 sacramentis
1059 2775 1203 2834 ablui
1256 2793 1271 2831 :
1325 2791 1500 2848 neque
1558 2775 1780 2832 lavacro

191 2868 445 2940 baptismi
485 2884 517 2924 a
550 2868 794 2940 peccatis
825 2868 1121 2925 emundare
1156 2865 1373 2935 suillcit,
1418 2867 1464 2923 si
1513 2880 1622 2924 non
1659 2872 1782 2937 post

192 2961 462 3033 baptisma
504 2962 718 3018 studeat
758 2961 988 3033 quisque
1026 2960 1187 3017 bonis
1214 2958 1474 3032 cperibus
1504 2958 1775 3015 insistere.

191 3055 351 3113 Prius
385 3072 514 3131 ergo
555 3057 749 3115 docere
779 3065 988 3130 gentes,
1026 3055 1081 3113 id
1118 3065 1223 3123 est,
1263 3055 1490 3113 scientia
1532 3054 1779 3112 veritatis

192 3153 500 3222 instituere,
536 3170 600 3211 ac
638 3154 718 3211 sic
750 3153 1027 3226 baptizare
1069 3153 1353 3226 praecipit,
1397 3154 1524 3226 quia
1568 3163 1624 3211 et
1662 3154 1781 3211 sine

191 3246 297 3300 iidc
324 3244 653 3318 impossibile
678 3254 761 3302 est
786 3245 999 3318 placere
1027 3245 1161 3313 Deo,
1194 3254 1248 3302 et
1271 3247 1375 3302 nisi
1407 3246 1529 3318 quis
1559 3254 1779 3302 renatus

190 3334 359 3393 fuerit
380 3354 448 3395 ex
474 3355 612 3411 aqua
640 3348 696 3396 et
721 3337 926 3412 Spiritu
955 3348 1146 3396 sancto
1180 3355 1290 3396 non
1316 3340 1520 3411 poterit
1548 3339 1779 3396 introire

191 3429 247 3485 in
276 3446 500 3505 regnum
526 3432 640 3488 Dei.
680 3431 764 3488 Ad
807 3441 1109 3489 extremum
1146 3448 1279 3489 vero
1326 3431 1602 3505 subjungit
1630 3449 1642 3487 :
1675 3432 1781 3488 Do-

190 3529 379 3576 centes
417 3535 512 3577 eos
551 3535 770 3577 servare
806 3521 989 3577 omnia
1018 3536 1354 3594 quaecunque
1394 3521 1650 3577 mandavi
1678 3537 1777 3577 vo-

187 3613 298 3668 bis.
344 3611 423 3666 Ac
466 3626 535 3666 ne
579 3620 830 3680 putemus
872 3611 1010 3666 levia
1060 3626 1181 3667 esse
1217 3627 1337 3682 qua:
1373 3610 1525 3683 jussa
1570 3619 1695 3667 sunt
1723 3620 1779 3666 et

1883 2398 2025 2455 ﬁlios
2052 2399 2356 2467 hominum,
2390 2408 2451 2456 ut
2478 2401 2660 2457 videat
2706 2403 2754 2458 si
2783 2414 2867 2460 cst
2896 2405 3221 2476 intelligens,
3251 2417 3346 2463 aut
3384 2424 3492 2475 τεο,

1882 2493 2106 2566 quirens
2144 2493 2337 2562 Deum,
2385 2502 2603 2567 oportet
2644 2512 3086 2570 unumquemque
3130 2500 3475 2573 baptismatis

1882 2588 2028 2643 unda
2076 2586 2445 2658 puriﬁcatum,
2496 2598 2554 2645 et
2589 2586 2886 2648 Christiani
2931 2594 3168 2650 nominis
3212 2595 3478 2668 dignitate

1885 2677 2225 2745 decoratum,
2266 2686 2328 2734 ut
2366 2679 2420 2735 in
2458 2680 2650 2736 militia
2690 2683 2880 2739 mterni
2925 2685 3069 2756 regis
3096 2684 3386 2759 diligenter
3417 2703 3478 2746 se

1882 2784 2166 2839 exercens,
2193 2786 2302 2827 non
2334 2770 2499 2829 armis
2539 2773 2909 2845 corporalibus
2961 2774 3221 2835 adversus
3255 2796 3473 2837 carnem

1882 2870 1938 2920 et
1981 2862 2297 2935 sanguinem
2343 2863 2597 2932 dimicet,
2647 2866 2744 2923 sed
2788 2866 3163 2939 principaliter
3212 2871 3473 2927 adversus

1879 2956 2221 3029 principatus
2278 2964 2336 3014 et
2390 2966 2691 3029 potestates
2757 2960 2902 3016 aeris
2959 2958 3158 3031 hujus,
3213 2963 3476 3022 adversus

1883 3050 2070 3105 mundi
2114 3057 2357 3108 rectores
2386 3050 2736 3108 tenebrarum
2766 3052 2982 3123 harum,
3014 3064 3315 3127 contraque
3357 3059 3471 3129 spi-

1881 3139 2071 3196 ritales
2106 3143 2380 3212 nequitias
2419 3143 2475 3199 in
2503 3142 2839 3213 cmlestibus,
2875 3145 2933 3202 in
2961 3147 3214 3205 omnibus
3255 3164 3476 3207 sumens

1881 3242 2096 3291 scutum
2128 3234 2273 3303 ﬁdei,
2302 3236 2510 3309 galeam
2550 3237 2764 3310 salutis,
2794 3247 2851 3296 et
2887 3239 3111 3298 loricam
3147 3243 3392 3315 iustitiae,
3421 3253 3478 3301 et

1881 3325 2115 3396 gladium
2160 3327 2408 3399 spiritus,
2434 3331 2577 3402 quod
2617 3340 2702 3387 est
2735 3330 2962 3388 verbum
2991 3333 3110 3401 Dei,
3157 3335 3475 3393 mortiﬁcet—

1882 3429 1988 3490 que
2024 3419 2293 3476 desideria
2334 3423 2515 3479 carnis
2543 3439 2653 3481 sua:
2683 3426 2945 3496 quotidie,
2968 3428 3123 3500 juxta
3155 3428 3474 3500 Apostolum
3576 3416 3589 3427 ’

1883 3512 2152 3570 dicentem
2180 3510 2317 3585 (Col.
2349 3530 2430 3584 ιιι,
2462 3515 2555 3589 5):
2610 3534 2630 3568 ί
2658 3516 2980 3576 Mortiﬁcate
3011 3521 3257 3577 membra
3294 3530 3475 3605 vestra

1884 3618 2006 3674 quae
2050 3616 2179 3663 sunt
2222 3621 2387 3678 super
2432 3616 2657 3674 terram,
2700 3607 3135 3679 fornicationem,
3180 3612 3473 3669 immundi-

186 3719 390 3778 pauca,
433 3700 677 3759 addidit:
713 3700 907 3758 Omnia
934 3716 1267 3774 quaecunque
1310 3703 1561 3758 mandavi
1602 3703 1778 3770 vobis,
1807 3696 1854 3760 C
1888 3695 2040 3763 tiam,
2070 3696 2371 3763 libidinem,
2406 3698 2904 3769 concupiscentiam
2942 3702 3162 3768 malam,
3201 3712 3257 3757 et
3295 3704 3475 3758 avari-

189 3808 254 3851 ut
292 3794 601 3866 quicunque
643 3794 996 3862 crediderint,
1041 3795 1135 3866 qui
1186 3795 1241 3851 in
1268 3793 1533 3851 Trinitate
1579 3793 1781 3851 fuerint

190 3890 478 3971 b‘aptizati,
518 3889 698 3945 omnia
732 3886 937 3944 faciant
1003 3904 1123 3960 quae
1164 3895 1433 3959 praecepta
1479 3896 1623 3955 sunt,
1656 3889 1780 3959 quia

193 3985 337 4040 sicut
374 3998 570 4054 corpus
607 3983 722 4039 sine
760 3982 957 4054 spiritu
996 3992 1271 4038 mortuum
1310 3989 1415 4049 est,
1455 3982 1531 4037 ita
1570 3990 1626 4038 et
1649 3982 1781 4039 ﬁdes

195 4074 313 4129 sine
340 4073 594 4145 operibus
628 4082 838 4129 mortua
874 4081 976 4129 est.
1014 4072 1227 4142 Quanta
1258 4072 1419 4144 hujus
1445 4088 1653 4130 merces
1678 4076 1781 4146 piae

194 4163 655 4230 conversationis,
714 4162 871 4234 quale
924 4164 1124 4236 pignus
1170 4161 1365 4219 futurae
1431 4162 1782 4221 beatitudinis

192 4258 358 4311 etiam
394 4256 449 4311 in
478 4256 729 4327 praesenti
756 4254 942 4311 ﬁdeles
967 4264 1205 4322 maneat,
1241 4257 1633 4328 subsequenter
1658 4256 1785 4312 insi-

194 4355 327 4403 nuat
354 4348 537 4403 dicens
569 4365 583 4401 :
613 4347 754 4403 Ecce
777 4362 879 4420 ego
913 4349 1192 4404 vobiscum
1233 4363 1351 4404 sum
1380 4348 1632 4405 omnibus
1669 4348 1784 4405 die-

192 4439 317 4505 lius,
345 4454 515 4509 usque
542 4439 610 4493 ad
637 4439 1156 4496 coxisummationcni
1186 4440 1388 4497 saeculi.
1414 4438 1569 4496 Libet
1597 4448 1782 4495 autem

192 4528 445 4584 conferre
495 4529 620 4584 huic
668 4530 1001 4595 testimonio,
1049 4531 1194 4602 quod
1241 4528 1452 4586 Marcus
1492 4531 1612 4586 ait:
1661 4550 1679 4582 ‹
1714 4530 1784 4586 Ει

195 4622 458 4676 Dominus
503 4621 718 4692 quidem
764 4620 922 4678 Jesus
965 4630 1256 4693 postquam
1303 4622 1516 4678 loculus
1565 4631 1649 4676 est
1698 4622 1780 4677 eis

194 4723 512 4785 assumptus
566 4723 648 4770 est
700 4714 752 4769 in
804 4714 1022 4779 coelum,
1075 4723 1130 4770 et
1188 4715 1335 4770 sedet
1379 4732 1410 4769 a
1451 4715 1657 4771 dextris
1684 4713 1781 4769 Dei

194 4803 394 4877 (Marc.
422 4803 565 4876 uin).
599 4825 619 4858 ι
654 4804 789 4873 Quia
821 4806 965 4862 enim
998 4806 1112 4877 ipse
1137 4807 1279 4862 Deus
1306 4814 1361 4862 et
1395 4808 1558 4862 homo
1585 4814 1665 4861 est
1697 4822 1783 4861 as-

195 4907 446 4970 sumptus
481 4899 536 4954 in
570 4899 766 4955 ctelum
805 4900 1135 4957 humanitate
1174 4916 1337 4972 quam
1377 4902 1443 4958 de
1477 4914 1622 4957 terra
1664 4918 1782 4957 sus-

195 5000 448 5060 ceperat;
498 4999 682 5047 manet
730 5008 855 5048 cum
899 4992 1102 5050 sanctis
1155 4994 1210 5048 in
1251 5003 1452 5051 aeterna
1503 4992 1783 5049 divinitate

197 5098 310 5153 qua
347 5090 546 5137 terram
601 5083 808 5155 pariter
863 5085 1048 5157 implet
1101 5094 1158 5143 et
1191 5087 1411 5143 cmlum.
1460 5086 1640 5143 Manet
1679 5102 1782 5141 au-

200 5182 314 5230 tem
368 5176 618 5233 omnibus
676 5178 865 5234 diebus
921 5196 1091 5252 usque
1141 5182 1210 5237 ad
1251 5184 1780 5241 consummationem

197 5266 407 5324 sreculi.
465 5268 545 5324 Ex
586 5285 693 5341 quo
750 5270 1086 5343 intelligitur,
1144 5274 1286 5343 quod
1312 5289 1482 5344 usque
1519 5275 1584 5329 ad
1617 5274 1782 5329 linem

198 5357 388 5413 saeculi
436 5374 541 5414 non
589 5368 716 5415 sunt
763 5358 1002 5416 defuturi
1063 5361 1116 5416 in
1152 5363 1384 5430 mundo,
1444 5364 1535 5434 qui
1595 5364 1781 5419 divina

196 5454 485 5511 mansione
539 5464 594 5511 et
650 5455 1044 5512 inhabitatione
1098 5455 1210 5510 sint
1279 5456 1446 5527 digni.
1519 5454 1631 5512 Nec
1681 5458 1781 5513 du-

198 5550 487 5608 bitandum
546 5568 640 5610 eos
687 5560 811 5627 post
862 5551 1025 5625 hujus
1085 5550 1269 5608 saeculi
1322 5552 1619 5606 certamina
1668 5567 1785 5607 ma-

198 5657 337 5699 nere
390 5661 513 5700 cum
563 5645 780 5704 Christo
837 5650 892 5703 in
947 5660 1115 5715 regno
1152 5659 1166 5675 ’
1216 5643 1308 5699 oui
1344 5644 1399 5699 in
1442 5643 1637 5699 saeculo
1668 5659 1782 5698 ccr-

1807 5054 1862 5115 D

203 5744 385 5795 tantes
419 5738 694 5798 Christum
750 5742 805 5798 in
842 5744 926 5799 sui
974 5739 1154 5797 cordis
1189 5736 1423 5810 hospitio
1472 5745 1787 5793 meruerunt
1824 5813 1845 5827 ἢ

1885 3788 2036 3853 tiam,
2076 3802 2196 3858 quae
2226 3795 2309 3844 est
2347 3788 2764 3845 simulacrorum
2797 3793 3032 3848 servitus
3064 3802 3324 3864 :propter
3350 3810 3471 3866 quae

1884 3879 2037 3935 venit
2076 3880 2159 3935 ira
2188 3881 2284 3937 Dei
2326 3881 2382 3936 in
2425 3880 2566 3939 ﬁlios
2605 3882 2934 3952 diﬁidentiae,
2977 3887 3262 3958 inquibus
3296 3897 3352 3944 et
3380 3905 3477 3946 vos

1885 3972 2204 4029 ambulastis
2249 3972 2539 4044 aliquando
2588 3990 2711 4030 cum
2757 3976 3014 4034 viveretis
3055 3979 3109 4035 in
3151 3978 3277 4035 illis.
3319 3979 3476 4035 Nunc

1886 4075 2071 4122 autem
2101 4066 2354 4139 deponite
2379 4075 2434 4122 et
2458 4082 2556 4124 vos
2583 4068 2790 4135 omnia,
2827 4069 2988 4136 iram,
3022 4070 3471 4144 indignationem,

1886 4162 2172 4231 malitiam,
2218 4163 2629 4236 blaSphemiam,
2679 4173 2890 4239 turpem
2936 4182 3240 4224 sermonem
3283 4168 3348 4223 de
3378 4184 3475 4224 ore

1884 4262 2066 4312 vestro
2118 4270 2225 4311 non
2255 4255 2536 4317 emittatis.
2570 4255 2746 4312 Nolite
2774 4257 2995 4312 mentiri
3040 4258 3275 4314 invicem
3310 4277 3324 4312 :
3373 4274 3473 4315 ex-

1886 4346 2181 4419 spoliantes
2206 4362 2305 4403 vos
2336 4356 2574 4404 veterem
2600 4347 2874 4405 hominem
2918 4364 3042 4404 cum
3083 4349 3294 4405 actibus
3337 4349 3470 4417 suis,

1885 4439 2170 4495 induentes
2193 4454 2411 4507 novum,
2441 4455 2564 4495 eum
2591 4440 2682 4512 qui
2715 4450 3007 4497 renovatur
3048 4443 3103 4498 in
3145 4443 3473 4514 agnitionem

1885 4533 2183 4589 secundum
2228 4533 2520 4606 imaginem
2550 4535 2665 4607 ejus
2692 4536 2783 4606 qui
2828 4536 3033 4591 creavit
3057 4552 3204 4603 eum,
3234 4537 3325 4593 ubi
3367 4553 3475 4593 non

1885 4634 1970 4681 est
2006 4626 2224 4696 gentilis
2269 4634 2325 4681 et
2371 4624 2610 4691 Judmus,
2662 4627 3007 4682 circumcisio
3048 4636 3104 4682 et
3127 4628 3473 4699 praeputium,

1884 4716 2153 4771 barbarus
2190 4724 2245 4771 et
2278 4717 2490 4788 scytha,
2542 4732 2732 4772 servus
2763 4724 2816 4771 et
2844 4715 3019 4771 liber:
3052 4717 3144 4772 sed
3175 4717 3378 4785 omnia,
3419 4726 3475 4774 et

1886 4809 1942 4864 in
1974 4810 2225 4865 omnibus
2254 4808 2521 4865 Christus.
2562 4828 2581 4862 ι
2634 4806 2976 4863 Manifestum
3012 4818 3097 4865 est
3129 4809 3296 4877 enim,
3328 4809 3473 4882 quod

1885 4901 2001 4957 haec
2029 4901 2193 4956 verba
2218 4902 2409 4956 beatus
2436 4898 2724 4969 Apostolus
2754 4899 3004 4955 ﬁdelibus
3044 4900 3324 4972 scripserit
3365 4916 3471 4955 non

1886 4992 2112 5063 paganis
2136 5008 2149 5044 :
2177 4991 2317 5046 sicut
2343 5000 2398 5047 et
2422 4991 2684 5062 Ephesios
2713 4990 2767 5044 in
2796 4989 3035 5061 Epistola
3066 5007 3161 5047 sua
3193 4991 3474 5048 admonuit

1890 5083 2080 5138 dicens
2123 5081 2283 5153 (Eph.
2308 5098 2382 5149 IV,
2409 5082 2540 5154 23):
2589 5103 2606 5133 ‹
2638 5080 2991 5138 Renovamiui
3035 5082 3229 5153 spiritu
3278 5078 3474 5137 mentis

1892 5185 2107 5241 vestrm,
2155 5184 2209 5230 et
2243 5176 2451 5231 induite
2501 5190 2699 5230 novum
2727 5175 3000 5230 hominem
3030 5175 3121 5246 qui
3175 5177 3472 5232 secundum

1892 5268 2061 5324 Deum
2088 5279 2303 5325 creatus
2330 5278 2411 5325 est
2440 5269 2493 5325 in
2519 5268 2728 5338 iustitia
2754 5277 2808 5323 et
2833 5269 3123 5325 sanctitate
3147 5268 3411 5323 veritatis.
3447 5286 3469 5321 ι

1890 5362 1990 5432 Qui
2025 5371 2077 5419 et
2107 5363 2231 5418 alibi
2264 5363 2341 5417 ait
2379 5359 2519 5434 (Gal.
2552 5378 2636 5429 ill,
2664 5360 2789 5435 l7):
2825 5381 2845 5414 ι
2870 5361 3185 5432 Quicunque
3211 5357 3475 5430 baptizati

1888 5459 2042 5525 estis,
2087 5456 2361 5512 Christum
2404 5455 2672 5511 induislis.
2706 5475 2724 5508 ι
2780 5454 2847 5510 Ει
2894 5464 2953 5510 ιιι
2996 5454 3307 5511 ostenderet
3333 5467 3470 5521 quo-

1890 5548 2051 5605 modo
2065 5547 2315 5604 Christus
2334 5546 2480 5601 indui
2508 5547 2686 5613 debet,
2710 5546 2788 5602 ait
2810 5544 2945 5618 (Col.
2962 5562 3045 5611 tu,
3072 5544 3160 5616 l2)
3180 5561 3193 5598 :
3215 5562 3234 5596 ι
3263 5542 3474 5598 luduite

1890 5656 2021 5712 ergo
2049 5656 2165 5705 vos,
2184 5640 2324 5695 sicut
2366 5636 2521 5694 eiecti
2552 5636 2647 5692 Dei
2695 5637 2868 5691 sancti
2918 5643 2974 5690 et
3021 5633 3224 5700 dilecti,
3262 5632 3475 5697 viscera

1892 5734 2308 5792 misericordiae.
2354 5732 2779 5805 benignitatem,
2846 5730 3246 5795 humilitatem,
3291 5725 3473 5782 mode-

2024 5884 2095 5914 XI
