3956 6326
473 365 605 422 HM

1108 364 1169 418 Β.
1211 361 1465 418 RABANI
1501 361 1722 419 MAURI
1757 358 2077 419 ARCHIEP.
2118 355 2428 416 MOGUNT.
2464 353 2754 414 OPERUM
2789 353 2972 411 PARS
3009 354 3094 410 Ill.

3603 351 3743 406 1231

472 477 652 542 sliam,
683 477 1029 546 patientiam,
1059 485 1436 546 supportantes
1482 477 1732 540 invicem,
1764 485 1821 531 et
1847 475 2052 530 donan—
2079 477 2133 538 Α
2157 471 2338 527 divina
2363 464 2676 542 magisteria
2707 467 2982 526 formavit.
3023 488 3043 523 ι
3082 467 3198 523 Non
3227 466 3360 523 estis
3380 473 3556 523 vestri
3587 485 3603 519 :
3631 482 3745 520 em-

471 577 554 623 tes
580 567 886 638 vobisipsis,
922 566 968 622 si
1000 567 1122 636 quis
1153 568 1410 623 adversus
1453 567 1688 638 aliquem
1714 567 1880 622 habet
1921 580 2054 639 que-

469 659 661 724 relam,
701 655 847 712 sicut
884 664 940 712 et
981 657 1096 726 ipse
1120 656 1372 712 Christus
1410 657 1631 712 donavit
1669 656 1846 724 vobis,
1879 655 1954 710 ita
1995 661 2052 709 et

467 765 584 806 vos.
619 749 798 819 Super
823 749 1004 804 omnia
1047 758 1228 805 autem
1253 750 1369 804 haec
1393 749 1715 805 charitatem
1763 750 2047 812 habentes,

470 842 615 914 quod
642 850 730 898 est
753 840 1026 896 vinculum
1049 840 1422 911 perfectionis,
1446 849 1504 896 et
1519 857 1623 912 pax
1643 840 1844 897 Christi
1870 839 2053 896 exsul-

471 942 548 989 tet
574 933 629 987 in
657 933 912 988 cordibus
941 933 1162 998 vestris,
1200 932 1254 986 in
1283 947 1388 1002 qua
1416 940 1472 987 et
1497 932 1673 988 vocati
1703 931 1834 986 estis
1862 931 1918 984 in
1945 945 2054 985 uno

469 1039 717 1094 corpore,
742 1031 798 1078 et
821 1023 963 1094 grati
988 1031 1182 1087 estote,
1211 1030 1266 1078 et
1294 1023 1518 1078 verbum
1540 1021 1742 1078 Christi
1763 1021 1969 1076 habitet
1997 1022 2054 1075 in

471 1113 728 1169 cordibus
761 1114 979 1180 vestris,
1017 1114 1358 1170 abundantes
1386 1114 1441 1168 in
1477 1113 1621 1168 omni
1649 1111 1933 1182 sapientia,
1953 1110 2052 1166 do-

470 1217 654 1265 centes
693 1216 751 1263 et
789 1214 1194 1264 commonentes
1231 1208 1592 1277 vosmetipsos
1605 1207 1868 1276 opsalmis,
1898 1206 2055 1278 hym-

471 1301 557 1356 nis
587 1291 643 1355 εὶ
685 1300 911 1356 canticis
943 1299 1330 1370 spiritualibus,
1367 1300 1423 1354 in
1451 1299 1627 1368 gratia
1675 1307 1956 1354 cantantes
1999 1298 2056 1353 in

471 1393 724 1448 cordibus
754 1392 953 1448 vestris
986 1393 1114 1448 Deo.
1165 1391 1336 1448 Omne
1378 1393 1737 1463 quodcunque
1780 1392 1958 1448 facitis
1999 1392 2056 1446 in

471 1485 658 1550 verbo,
691 1493 784 1540 aut
825 1485 881 1566 in
917 1499 1099 1555 opere,
1132 1484 1317 1539 omnia
1356 1485 1414 1538 in
1443 1500 1662 1541 nomine
1684 1485 1896 1540 Domini
1926 1483 2054 1539 Jesu

471 1572 691 1640 Christi,
735 1575 938 1656 gralias
985 1583 1207 1647 agentes
1235 1574 1347 1631 Deo
1401 1583 1457 1631 et
1484 1574 1635 1630 Patri
1674 1592 1772 1646 per
1799 1577 1994 1646 ipsum.
2029 1593 2048 1627 ι

472 1663 610 1721 Hinc
650 1681 778 1739 ergo
807 1667 1152 1722 manifestum
1194 1675 1277 1722 est
1306 1668 1452 1738 quod
1497 1676 1829 1724 memoratus
1855 1669 2057 1724 Doctor

470 1757 709 1828 gentium
735 1759 1144 1829 disciplinaliter
1169 1758 1341 1814 voluit
1386 1759 1662 1816 auditores
1693 1776 1822 1816 suos
1849 1760 2052 1825 vivere,

469 1857 526 1904 et
571 1858 720 1905 recte
765 1850 1037 1906 credendo
1084 1866 1149 1933 ac
1199 1850 1338 1910 bene
1384 1851 1682 1924 operando,
1733 1867 1885 1926 spem
1934 1851 2059 1908 vita:
2085 1843 2135 1905 B

470 1949 686 1999 reternae
714 1942 944 2002 habere.-

901 2101 976 2159 De
1001 2103 1284 2175 disciplina
1305 2103 1628 2160 Christiana.

543 2231 833 2303 Disciplina
871 2241 1056 2289 custos
1095 2233 1209 2304 spei
1237 2241 1341 2300 est,
1376 2231 1742 2288 retinaculum
1767 2228 1915 2296 ﬁdei,
1946 2229 2056 2284 dux

473 2325 684 2380 itineris
725 2323 996 2388 salutaris,
1038 2323 1214 2380 fomes
1254 2339 1319 2378 ac
1357 2323 1749 2378 nutrimentum
1783 2321 1938 2376 bonae
1975 2320 2059 2374 in-

475 2417 634 2482 dolis,
669 2417 925 2488 magistra
967 2417 1206 2471 virtutis.
1258 2415 1385 2470 Haec
1436 2414 1567 2469 facit
1600 2414 1656 2470 in
1695 2413 1910 2468 Christo
1943 2427 2058 2467 ma-

475 2523 605 2565 nere
656 2522 889 2578 semper,
940 2522 1003 2562 ac
1044 2506 1246 2586 iugiter
1269 2507 1378 2561 Deo
1404 2505 1586 2560 vivere
1635 2521 1649 2557 :
1697 2505 1765 2558 ad
1793 2503 2058 2574 promissa

476 2599 738 2666 cmlestia,
769 2608 824 2655 et
861 2599 1041 2654 divina
1080 2598 1304 2669 praemia
1341 2599 1646 2668 pervenire.
1695 2597 1847 2652 Hanc
1884 2605 1938 2652 et
1973 2611 2058 2651 se-

475 2687 613 2742 ctari
663 2685 877 2742 salubre
927 2695 1030 2752 est,
1062 2695 1118 2740 et
1158 2685 1395 2739 aversari
1433 2700 1497 2740 ac
1531 2684 1802 2756 negligere
1838 2684 2056 2740 lethale.

477 2777 632 2835 Unde
669 2779 726 2834 in
753 2779 982 2834 Psalmis
1025 2779 1269 2849 loquitur
1315 2776 1552 2848 Spiritus
1587 2786 1842 2834 sanctus:
1876 2796 1895 2828 ι
1920 2776 2061 2832 Con-

475 2871 643 2926 tinete
663 2871 1026 2942 disciplinam,
1055 2885 1123 2925 ne
1152 2871 1420 2924 irascatur
1443 2869 1725 2935 Dominus,
1747 2877 1802 2926 et
1827 2869 2060 2940 pereatis

475 2978 508 3017 a
546 2963 632 3018 via
675 2969 856 3028 recta,
889 2979 1013 3018 cum
1053 2961 1320 3017 exarserit
1355 2961 1464 3016 cito
1499 2962 1580 3015 ira
1615 2959 1732 3030 ejus
1767 2977 1930 3032 super
1965 2977 2062 3017 vos

476 3055 626 3111 Psal.
658 3073 721 3123 ιι,
747 3057 856 3128 12).
892 3077 910 3110 ι
954 3056 1021 3111 Et
1073 3056 1309 3110 iterum:
1339 3073 1358 3104 ι
1387 3053 1666 3110 Peccatori
1711 3062 1892 3110 autem
1933 3055 2063 3109 dicit

473 3151 620 3206 Dens
642 3167 655 3204 :
679 3149 758 3205 Ad
784 3149 911 3221 quid
941 3149 1166 3220 exponis
1185 3147 1602 3218 iustiﬁcationes
1629 3164 1798 3216 meas,
1825 3157 1878 3203 et
1905 3164 2062 3204 assu-

475 3242 580 3296 mis
611 3249 994 3296 testamentum
1021 3256 1197 3296 meum
1224 3256 1321 3309 per
1348 3255 1410 3296 os
1435 3248 1588 3295 tuum
1614 3257 1627 3293 :
1654 3251 1713 3296 tu
1737 3248 1919 3295 autem
1948 3241 2064 3296 odi-
2091 3209 2135 3271 α

476 3331 546 3386 sti
579 3331 942 3401 disciplinam,
986 3339 1042 3385 et
1079 3329 1355 3400 proiecisti
1401 3346 1680 3388 sermones
1719 3346 1870 3385 meos
1916 3339 2064 3386 retro

478 3421 652 3493 (Psal.
683 3423 972 3508 xum/16).
1008 3440 1028 3472 ι
1082 3422 1150 3476 Et
1182 3421 1358 3478 denuo
1384 3422 1647 3493 legimus:
1693 3441 1710 3473 ι
1733 3422 1834 3489 Qui
1867 3423 2064 3493 abjecit

477 3514 815 3585 disciplinam
862 3514 1048 3571 infelix
1077 3525 1178 3572 est.
1217 3537 1235 3568 ›
1288 3517 1356 3572 Et
1382 3517 1450 3571 de
1475 3517 1766 3572 Salomone
1807 3518 2061 3572 mandata

479 3606 756 3676 sapientiae
785 3609 1058 3663 monentis
1087 3609 1384 3678 accipimus
1414 3625 1427 3661 :
1461 3627 1478 3658 ι
1509 3607 1631 3674 Fili,
1661 3623 1730 3663 ne
1762 3609 2064 3679 neglexeris

479 3698 814 3769 disciplinam
845 3700 962 3762 Dei,
1008 3709 1066 3756 et
1109 3716 1215 3755 non
1263 3699 1525 3756 deieceris
1556 3701 1625 3756 ab
1665 3715 1731 3757 eo
1760 3711 2060 3773 correptus,

478 3802 642 3856 quem
685 3789 831 3842 enim
881 3789 1054 3870 diligit
1103 3790 1242 3846 Deus
1291 3791 1517 3862 corripit
1562 3791 1713 3864 (Sap.
1766 3809 1850 3858 ιιι,
1889 3793 1999 3864 ll).
2037 3813 2055 3845 )

481 3876 539 3931 Si
568 3887 750 3933 autem
778 3894 940 3949 quem
973 3879 1145 3951 diligit
1174 3881 1317 3936 Deus
1356 3882 1601 3952 corripit,
1639 3891 1696 3937 et
1737 3883 1961 3953 corripit
2006 3891 2064 3936 ut

479 3971 752 4027 emendet.
818 3971 1040 4028 Fratres
1090 3989 1302 4044 quoque
1368 3983 1423 4030 et
1471 3976 1705 4030 maxime
1756 3975 2063 4032 sacerdotes

479 4077 588 4116 non
633 4061 886 4128 oderunt,
918 4064 1012 4118 sed
1057 4063 1284 4133 diligunt
1332 4079 1425 4120 eos
1469 4082 1605 4136 quos
1661 4067 1962 4139 corripiunt
2006 4075 2065 4122 ut

479 4155 792 4220 emendent,
813 4155 1027 4224 quando
1043 4164 1100 4210 et
1115 4153 1254 4211 Deus
1281 4173 1380 4228 per
1396 4156 1687 4213 Jeremiam
1715 4170 1844 4216 ante
1865 4161 2062 4231 praedi-

480 4254 638 4300 xerat
673 4253 730 4301 et
769 4255 1008 4316 tempora
1043 4255 1228 4302 nostra
1259 4247 1658 4318 signiﬁcaverat
1686 4251 1871 4306 dicens
1900 4269 1914 4304 :
1943 4268 1962 4301 ‹
1996 4249 2065 4305 Et

481 4339 622 4394 dabo
646 4337 799 4393 vobis
823 4347 1070 4409 pastores
1094 4341 1388 4396 secundum
1413 4357 1509 4398 cor
1534 4358 1738 4410 meum,
1763 4353 1819 4399 et
1841 4352 2066 4414 pascent

480 4443 613 4484 vos:
645 4448 665 4480 ι
691 4441 975 4500 pascentes
1000 4444 1123 4484 cum
1150 4430 1430 4502 disciplina
1458 4449 1470 4486 :
1496 4433 1624 4502 quid
1655 4432 1697 4488 si
1733 4433 1786 4486 in
1823 4431 2064 4502 Scriptu-

484 4520 564 4574 ris
617 4519 821 4576 sanctis
865 4518 1176 4589 frequenter
1207 4530 1276 4594 _et
1311 4523 1508 4594 ubique
1552 4523 1833 4592 disciplina
1873 4525 2062 4594 praeci-

481 4612 650 4680 pitur,
683 4618 739 4666 et
768 4587 1177 4666 fundamentum
1207 4587 1380 4667 omne
1419 4587 1704 4685 religionis
1731 4631 1795 4669 ac
1830 4587 1954 4670 ﬁdei
1997 4616 2064 4670 de
2089 4587 2144 4645 D

483 4701 862 4757 observatione
898 4718 962 4759 ac
997 4704 1193 4760 timore
1218 4704 1618 4774 proﬁciscitur:
1662 4705 1790 4776 quid
1820 4707 2063 4776 cupidius

482 4803 757 4864 appetere,
786 4795 913 4864 quid
936 4795 1108 4864 magis
1141 4797 1278 4852 velle
1298 4813 1362 4851 ac
1387 4797 1578 4852 timere
1605 4797 1875 4860 convenit,
1899 4813 2060 4866 quam

486 4897 566 4951 ut,
602 4889 874 4945 radicibus
909 4889 1031 4944 ﬁxis
1061 4889 1254 4944 fortius
1277 4899 1332 4944 et
1358 4890 1645 4945 domiciliis
1671 4891 1873 4944 nostris
1903 4906 2064 4960 super

483 4987 697 5050 petram
739 4982 960 5036 robusta
1002 4981 1142 5036 mole
1183 4981 1443 5048 solidatis,
1483 4981 1789 5036 inconcussi
1833 4981 1900 5034 ad
1936 4996 2065 5050 pro-

485 5071 652 5127 cellas
689 5081 745 5127 et
774 5074 1012 5128 turbines
1035 5073 1215 5130 saeculi
1243 5083 1467 5140 stemus,
1497 5074 1562 5128 ad
1591 5073 1687 5129 Dei
1719 5088 1942 5128 munera
1970 5087 2068 5144 per

487 5166 670 5220 divina
697 5175 961 5237 praecepta
987 5168 1288 5234 veniamus,
1320 5168 1729 5223 considerantes
1757 5167 1961 5236 pariter
2001 5183 2066 5222 ac

487 5258 722 5314 scientes
768 5258 910 5327 quod
957 5259 1154 5328 templa
1176 5258 1271 5314 Dei
1318 5260 1428 5312 sint
1467 5260 1712 5313 membra
1762 5266 1949 5313 nostra
1997 5259 2065 5313 ab

486 5350 633 5404 onmi
665 5349 804 5405 fuece
841 5350 1182 5421 cogitationis
1221 5349 1454 5416 antiquae
1492 5347 1694 5403 lavacri
1729 5347 1913 5403 vitalis
1939 5363 2064 5402 san-

485 5440 818 5497 ctiﬁcatione
843 5451 1092 5511 purgata,
1138 5454 1238 5493 nec
1263 5437 1450 5492 violari
1478 5453 1541 5494 ea
1567 5446 1661 5492 aut
1683 5437 1847 5507 pollui
1870 5439 1953 5493 fas
1976 5438 2069 5504 sit,

489 5534 708 5600 quando
735 5533 830 5603 qui
853 5531 1014 5585 violat
1041 5538 1098 5584 et
1124 5530 1238 5599 ipse
1279 5527 1548 5582 violetur?
1574 5528 1777 5584 Eorum
1807 5544 1909 5584 nos
1935 5537 2071 5581 tem-

489 5627 704 5696 plorum
736 5628 992 5692 cultores,
1019 5633 1074 5681 et
1113 5623 1382 5679 antistites
1414 5638 1619 5690 sumus,
1645 5623 1947 5679 serviamus
1995 5621 2072 5675 illi

492 5719 645 5788 cujus
679 5734 800 5776 esse
835 5718 946 5788 jam
983 5717 1263 5788 coepimus.
1308 5715 1506 5769 Paulus
1542 5714 1817 5784 apostolus
1858 5714 1910 5768 in
1941 5713 2070 5790 Epi-

494 5809 648 5865 stolis
678 5810 790 5866 suis
811 5811 958 5878 dicit,
987 5811 1180 5880 quibus
1209 5825 1308 5865 nos
1339 5809 1406 5865 ad
1440 5808 1709 5864 curricula
1737 5810 1946 5865 vivendi
1976 5824 2072 5879 per

2150 564 2228 634 pti
2265 563 2412 619 enim
2452 563 2585 619 estis
2608 563 2786 633 pretio
2827 577 3024 634 magno
3048 579 3062 591 ·
3091 559 3390 617 clariﬁcate
3438 568 3496 613 et
3531 569 3750 629 portate

2151 654 2324 710 Deum
2352 655 2409 710 in
2437 669 2664 726 corpore
2688 661 2870 710 vestro
2901 653 2952 726 (Ι
2980 651 3104 708 Cor.
3134 668 3208 718 vi,
3239 652 3358 726 20).
3395 672 3414 704 ι
3459 651 3748 708 Clariﬁce~

2151 763 2274 803 mus
2307 754 2363 802 et
2399 754 2679 818 portemus
2705 747 2876 802 Deum
2906 761 3045 816 puro
3085 753 3141 800 et
3177 744 3378 800 mundo
3411 758 3655 814 corpore
3701 753 3753 799 et

2151 837 2536 895 observatione
2563 837 2816 902 meliore;
2850 844 2906 892 et
2934 837 3026 906 qui
3055 851 3155 908 per
3187 836 3512 908 sanguinem
3540 835 3752 890 Christi

2155 929 2422 998 redempti
2462 943 2670 992 sumus,
2701 943 2800 998 per
2831 928 3015 983 omnia
3046 928 3324 983 servitutis
3350 928 3628 998 obsequia
3672 943 3753 982 re-

2153 1018 2452 1090 demptoris
2479 1018 2708 1089 imperio
2733 1034 3059 1090 pareamus:
3089 1019 3384 1088 demusque
3419 1033 3660 1088 operam
3691 1033 3756 1072 ne

2153 1108 2284 1179 quid
2325 1110 2668 1176 immundum
2697 1116 2752 1164 et
2797 1108 3086 1180 profanum
3139 1109 3336 1179 templo
3389 1109 3490 1164 Dei
3541 1107 3754 1164 infera-

2156 1208 2263 1267 tur,
2296 1215 2397 1256 nec
2422 1199 2664 1257 oﬁ‘ensus
2706 1200 2889 1255 sedem
2938 1217 3042 1270 qua
3078 1200 3348 1255 inhabitat
3377 1200 3753 1268 derelinquat.

2157 1288 2483 1361 Sospitantis
2508 1291 2723 1347 Domini
2762 1292 2928 1346 verba
2975 1301 3100 1348 sunt
3127 1300 3184 1348 et
3211 1291 3462 1348 docentis
3505 1293 3758 1346 curantis

2154 1384 2360 1454 pariter
2407 1393 2465 1440 et
2511 1385 2802 1440 monentis.
2857 1405 2875 1436 ‹
2908 1385 3070 1451 Ecce,
3119 1385 3319 1456 inquit,
3349 1401 3525 1441 sanus
3581 1385 3758 1456 factus

2155 1493 2216 1534 es
2243 1496 2256 1532 :
2280 1479 2394 1550 jam
2425 1477 2537 1534 noli
2563 1493 2813 1549 peccare,
2838 1492 2908 1532 ne
2935 1477 3173 1533 deterius
3211 1478 3309 1532 tibi
3351 1477 3452 1532 ﬁat
3476 1476 3671 1547 (Joan.
3703 1495 3754 1538 γ,

2158 1571 2267 1643 ll).
2309 1590 2328 1623 ›
2364 1573 2468 1626 Dat
2493 1571 2709 1626 vivendi
2761 1572 3034 1637 timorem,
3074 1571 3166 1626 dat
3209 1570 3548 1627 innocentiae
3581 1570 3756 1642 legem

2155 1675 2442 1737 postquam
2479 1665 2705 1721 contulit
2733 1664 3057 1720 sanitatem:
3086 1677 3187 1718 nec
3214 1663 3449 1718 habenis
3479 1663 3676 1718 liberis
3701 1675 3752 1716 et

2160 1759 2352 1816 solutis
2387 1759 2573 1830 vagari
2617 1772 2942 1828 quemquam
2995 1759 3340 1827 postmodum
3380 1755 3626 1825 patitur,
3667 1757 3756 1808 sed

2162 1851 2277 1924 ipse
2318 1853 2497 1922 potius
2539 1851 2628 1920 qui
2661 1859 2888 1905 sanatus
2939 1849 3120 1904 fuerat
3164 1849 3486 1918 mancipata
3539 1849 3755 1919 gravius

2158 1945 2541 2011 comminatur,
2593 1940 2722 2012 quid
2770 1942 2874 1996 scit
2921 1941 3128 1996 scilicet
3181 1941 3364 1994 minor
3415 1939 3584 2009 culpa
3631 1939 3756 1993 deli-

2158 2041 2342 2112 quisse
2380 2047 2505 2094 ante
2548 2022 2670 2094 cum
2716 2035 2946 2092 necdum
2992 2049 3178 2090 nosses
3227 2033 3585 2104 disciplinam
3631 2033 3751 2087 Dei:

2158 2131 2304 2186 nulla
2350 2131 2421 2185 sit
2445 2130 2602 2185 venia
2649 2129 2796 2184 ultra
2845 2128 3178 2198 delinquere,
3242 2136 3546 2198 postquam
3593 2127 3754 2180 Deum

2160 2239 2321 2280 nosse
2345 2223 2578 2292 cepisti.
2610 2222 2678 2277 Et
2697 2222 2915 2292 quidem
2945 2221 3047 2276 hoc
3077 2228 3187 2275 tam
3207 2220 3330 2284 viri,
3365 2234 3546 2289 quam
3571 2219 3756 2273 mulie-

2161 2334 2279 2384 res,
2328 2325 2438 2372 tam
2479 2315 2634 2388 pueri
2685 2307 2864 2386 quam-
2891 2313 3104 2386 puellae,
3136 2329 3298 2368 sexus
3343 2313 3538 2367 omnis
3601 2321 3756 2380 atque

2159 2409 2340 2466 omnis
2372 2417 2507 2465 aetas
2549 2408 2804 2464 observet
2839 2413 2895 2463 et
2933 2413 3087 2462 curet
3126 2420 3226 2476 pro
3255 2403 3531 2474 religione
3572 2413 3632 2458 et
3661 2403 3755 2456 ide

2161 2497 2323 2574 quam
2352 2501 2466 2558 Deo
2495 2501 2688 2568 debet,
2726 2515 2795 2556 ne
2836 2500 2980 2570 quod
3025 2506 3272 2554 sanctum
3310 2497 3382 2552 de
3406 2495 3638 2551 Domini
3678 2495 3754 2548 di—

2160 2594 2413 2663 gnatione
2439 2593 2735 2665 percipitur
2768 2592 2946 2646 minus
2979 2589 3212 2646 sollicito
3246 2589 3452 2643 timore
3485 2595 3752 2644 teneatur.

2161 2685 2280 2742 Non
2313 2685 2459 2742 enim
2486 2684 2683 2741 debent
2716 2682 2990 2755 negligere
3025 2679 3270 2752 magistri
3300 2677 3636 2748 discipulos,
3663 2692 3754 2730 nec

2159 2789 2414 2852 parentes
2453 2777 2611 2843 ﬁlios,
2647 2776 2744 2834 sed
2782 2776 2838 2832 in
2866 2774 3015 2830 omni
3046 2771 3332 2844 disciplina
3372 2787 3508 2827 cum
3551 2769 3754 2825 discre-

2164 2871 2311 2928 tione
2338 2879 2518 2926 tamen
2551 2867 2805 2925 erudiant
2848 2867 2986 2932 illos,
3017 2866 3145 2936 quia
3175 2865 3451 2934 scriptum
3477 2871 3588 2918 est.
3637 2881 3656 2912 ι
3685 2861 3758 2915 Ne

2163 2965 2290 3034 quid
2318 2963 2536 3029 nimis,»
2570 2977 2642 3017 ne
2672 2961 2799 3017 dum
2827 2959 3049 3029 cupiunt
3088 2955 3252 3012 nimis
3281 2955 3524 3012 eradere
3555 2953 3756 3024 rubigi-

2164 3071 2310 3120 nem,
2336 3053 2622 3126 frangatur
2647 3067 2762 3107 vas.
2819 3051 2961 3106 Dicit
2985 3050 3129 3104 enim
3153 3047 3456 3118 Apostolus
3484 3064 3502 3102 :
3534 3065 3553 3097 ‹
3587 3045 3648 3100 ιιι
3677 3046 3756 3102 di-

2166 3144 2392 3214 sciplina
2421 3153 2476 3200 et
2501 3143 2838 3214 correptione
2865 3140 3078 3196 Domini
3115 3139 3346 3195 educate
3379 3138 3528 3194 ﬁlios
3555 3147 3758 3193 vestros

2167 3236 2331 3308 (Eph.
2360 3252 2436 3302 vr,
2462 3234 2538 3306 4).
2580 3255 2599 3287 ι
2651 3234 2789 3288 Hinc
2835 3241 2891 3288 et
2942 3231 3216 3301 Sapientia
3265 3247 3368 3301 per
3409 3230 3754 3286 Salomtmem

2165 3330 2415 3386 hortatur
2443 3330 2628 3385 dicens
2660 3346 2672 3380 :
2705 3346 2724 3378 ι
2753 3327 2873 3382 Noli
2910 3341 2940 3380 a
2967 3342 3138 3397 puero
3168 3324 3496 3379 abstrahere
3529 3323 3757 3394 discipli-

2166 3438 2312 3477 nam.
2377 3420 2436 3477 Si
2475 3429 2654 3476 autem
2691 3419 3032 3490 percusseris
3075 3433 3221 3483 eum,
3261 3417 3511 3471 animam
3547 3418 3666 3486 ejus
3701 3415 3757 3468 li-

2164 3514 2380 3570 berabis
2424 3528 2455 3566 a
2504 3521 2697 3578 morte,
2746 3512 2799 3566 in
2841 3512 2997 3582 virga
3038 3511 3310 3582 percuties
3363 3527 3522 3576 eum,
3575 3519 3756 3563 etnon

2167 3607 2436 3662 morietur
2462 3604 2643 3677 (Prov.
2676 3621 2837 3671 χχιιι,
2865 3603 2976 3678 14).
3014 3624 3032 3657 ι
3084 3603 3339 3660 Studium
3381 3603 3538 3658 enim
3566 3602 3756 3656 debent

2165 3701 2364 3756 habere
2405 3714 2595 3754 omnes
2626 3699 2864 3769 pradata:
2903 3713 3166 3769 persons.
3216 3705 3276 3752 ut
3315 3695 3600 3762 subjectos
3637 3709 3752 3749 suos

2162 3808 2260 3862 per
2284 3790 2621 3860 disciplinam
2649 3789 2977 3854 custodiant,
3004 3797 3060 3844 et
3083 3802 3274 3859 regere
3302 3803 3414 3843 non
3446 3788 3748 3858 negligant:

2163 3885 2288 3954 quia
2327 3883 2662 3938 solummodo
2692 3882 2766 3936 ita
2810 3883 2877 3938 ab
2912 3883 2992 3936 eis
3023 3882 3076 3935 in
3107 3881 3288 3934 divino
3316 3880 3540 3948 judicio
3570 3881 3755 3934 libera-

2163 3976 2384 4031 buntur.
2469 3972 2624 4028 Unde
2679 3987 2778 4026 nos
2827 3970 3104 4041 Sapientia
3161 3971 3414 4025 hortatur
3476 3981 3536 4025 et
3591 3969 3751 4024 dicit:

2169 4084 2188 4117 ‹
2243 4065 2365 4130 Fili,
2422 4063 2527 4118 nisi
2583 4063 2936 4134 spoponderis
2989 4077 3090 4133 pro
3136 4063 3310 4116 amico
3361 4070 3483 4116 tuo.
3530 4061 3756 4116 deﬁxisti

2165 4157 2306 4227 apud
2335 4164 2654 4210 extraneum
2690 4169 2910 4208 manum
2939 4163 3108 4208 tuam.
3138 4153 3470 4223 lllaqueatus
3497 4169 3563 4208 es
3588 4153 3758 4207 verbis

2165 4246 2278 4302 oris
2306 4245 2384 4299 tui
2411 4261 2424 4298 :
2452 4251 2508 4298 et
2549 4253 2742 4312 captus
2784 4244 3018 4314 propriis
3069 4244 3432 4301 sermonibus.
3466 4243 3584 4299 Fac
3611 4259 3755 4315 ergo,

2166 4337 2241 4391 ﬁli
2271 4338 2368 4404 mi,
2399 4336 2540 4407 quod
2568 4337 2689 4392 dico
2719 4336 2834 4402 tibi,
2863 4345 2917 4390 et
2944 4337 3290 4407 temetipsum
3317 4336 3498 4391 libera
3525 4355 3540 4390 :
3565 4340 3658 4408 qui
3691 4339 3764 4391 in-

2166 4428 2344 4483 cidisti
2373 4429 2424 4482 in
2455 4444 2647 4484 manus
2675 4429 2903 4501 proximi
2932 4430 3025 4485 tui.
3061 4430 3338 4496 Discurre,
3369 4429 3578 4486 festina
3613 4450 3626 4483 :
3653 4447 3764 4484 sus-

2167 4519 2275 4574 cita
2311 4520 2544 4574 amicum
2578 4531 2746 4585 tuum,
2775 4536 2843 4576 ne
2871 4521 3087 4577 dederis
3117 4537 3366 4577 somnum
3400 4523 3584 4577 oculis
3611 4524 3718 4577 tuis
3745 4537 3760 4573 :

2170 4627 2272 4666 nec
2313 4611 2606 4667 dormitent
2651 4611 2919 4683 palpebra:
2968 4620 3074 4667 tua:
3113 4610 3295 4682 (Prov.
3327 4628 3410 4678 vi,
3433 4613 3520 4683 Ξ).
3557 4633 3576 4664 ι
3633 4612 3763 4668 Iliae

2170 4717 2226 4763 et
2259 4706 2327 4762 ad
2355 4704 2692 4760 Ezechielem
2736 4706 3053 4775 prophetam
3089 4705 3346 4760 Dominus
3376 4704 3649 4776 loquitur,
3685 4706 3764 4759 di-

2171 4815 2337 4855 cens:
2370 4817 2388 4850 ‹
2421 4797 2520 4852 Fili
2563 4796 2830 4862 hominis,
2873 4796 3264 4866 speculatorem
3309 4796 3438 4853 dedi
3484 4807 3544 4852 te
3585 4799 3766 4852 domui

2170 4891 2335 4948 Israel
2358 4909 2371 4945 :
2396 4899 2452 4946 et
2480 4891 2665 4946 audies
2691 4891 2758 4944 de
2785 4905 2880 4945 ore
2909 4906 3029 4946 meo
3057 4891 3300 4955 verbum,
3327 4899 3387 4944 et
3410 4893 3766 4946 annuntiahis

2170 4986 2247 5040 eis
2265 5001 2332 5040 ex
2352 5000 2459 5039 me.
2485 4983 2542 5038 Si
2569 4984 2780 5038 dicente
2804 4998 2890 5038 me
2915 4983 2982 5037 ad
3003 4982 3227 5052 impium
3250 5001 3263 5036 :
3287 4981 3462 5038 Morte
3486 4985 3766 5044 morieris,

2169 5092 2274 5132 non
2305 5074 2711 5129 annuntiaveris
2738 5074 2811 5139 ei,
2841 5087 3016 5142 neque
3055 5072 3266 5127 locutus
3291 5072 3486 5137 fueris,
3515 5085 3582 5128 ut
3609 5089 3768 5129 aver-

2170 5179 2315 5226 tatur
2346 5187 2377 5225 a
2406 5171 2493 5226 via
2529 5187 2624 5224 sua
2657 5170 2821 5238 impia
2861 5177 2919 5225 et
2947 5169 3095 5222 vivat
3123 5185 3138 5225 :
3168 5169 3282 5238 ipse
3324 5169 3532 5238 impius
3575 5171 3630 5225 in
3661 5170 3766 5225 ini-

2170 5265 2374 5334 quitate
2424 5278 2521 5318 sua
2570 5261 2852 5328 morietur,
2926 5261 3240 5330 sanguinem
3295 5270 3481 5315 autem
3535 5261 3656 5330 ejus
3703 5264 3768 5315 de

2171 5370 2333 5408 manu
2397 5361 2486 5406 tua
2542 5351 2838 5420 requiram.
2913 5350 2970 5405 Si
3019 5350 3163 5405 enim
3228 5357 3284 5404 tu
3348 5351 3766 5404 annuntiat-eris

2172 5444 2352 5514 impio,
2385 5454 2440 5498 et
2469 5442 2556 5497 ille
2583 5457 2689 5497 non
2721 5441 2881 5498 fuerit
2905 5457 3200 5496 conversus
3231 5441 3298 5495 ab
3329 5442 3614 5511 impietate
3641 5458 3764 5503 sua,

2171 5534 2458 5600 morietur,
2477 5541 2537 5589 tu
2581 5541 2760 5589 autem
2799 5532 3036 5586 animam
3087 5539 3230 5586 tuam
3267 5531 3510 5587 liberasti
3541 5532 3760 5602 (Eua.

2173 5643 2372 5693 xxxiii,
2402 5627 2478 5698 7).
2525 5646 2543 5679 ›
2617 5626 2923 5681 Secundum
2968 5626 3114 5680 enim
3161 5625 3452 5696 qualitates
3497 5625 3764 5684 hominis.

2171 5718 2250 5774 sic
2293 5719 2451 5774 debet
2498 5718 2790 5790 temperari
2835 5717 3119 5788 disciplina
3163 5717 3578 5788 magistrorum.
3611 5718 3764 5775 Unde

2171 5810 2371 5866 Paulus
2397 5810 2466 5866 ad
2485 5809 2800 5881 discipulum
2831 5809 3094 5878 scribens,
3111 5809 3186 5864 ait
3207 5825 3219 5863 :
3243 5829 3260 5862 ι
3279 5809 3482 5879 Argue,
3506 5812 3754 5868 obsecra.

3941 854 3943 950 ι

3942 985 3943 1050 ι
