3956 6326
208 441 342 501 1233
442 502 446 509 ‘

1083 432 1169 487 DE
1204 425 1734 487 ECCLESIASTICA
1768 422 2171 483 DlSClPLlNA.
2213 451 2284 464 —-
2319 419 2445 476 LIB.
2485 419 2568 475 Ill.

3307 410 3444 470 1254

204 559 440 627 increpa,
489 568 611 608 cum
660 551 806 606 omni
855 549 1078 621 imperio
1107 547 1190 620 (II
1225 546 1358 601 Tim.
1389 562 1462 611 IV,
1504 544 1581 616 2).
1618 565 1634 594 ι
1696 541 1773 596 Ac
1799 543 1853 604 Α
1875 540 2011 594 Nam
2043 553 2163 592 cum
2184 550 2420 600 oramus,
2443 534 2540 604 ipsi
2573 532 2820 587 cumDeo
2843 530 3143 599 loquimur;
3166 543 3289 583 cum
3316 541 3446 582 vero

204 653 253 706 si
297 649 538 705 diceret:
575 643 762 698 Dirum
815 639 1084 710 magistri,
1136 638 1283 709 pium
1331 636 1500 706 patris
1549 634 1774 690 ostende

205 740 477 804 allectum,
524 736 602 791 ita
632 742 693 788 ut
727 731 1155 802 indisciplinatos
1197 738 1255 785 et
1285 727 1554 798 inquietos
1589 727 1776 783 durius

204 848 420 904 arguas.
445 829 758 886 obedientes
787 835 965 881 autem
992 832 1048 880 et
1072 823 1230 878 mites
1264 830 1326 877 ut
1353 821 1409 876 in
1434 821 1626 876 melius
1653 835 1778 890 pro—

205 926 386 981 ﬁciant
411 925 701 979 obsecras:
741 919 1076 991 negligentes
1102 916 1248 973 enim
1294 925 1349 971 et
1372 923 1779 971 contemnentes

207 1018 452 1086 increpes
475 1023 529 1069 et
550 1012 829 1082 corripias.
853 1008 965 1066 Nec
985 1011 1081 1064 abs
1101 1023 1160 1062 re
1175 1015 1257 1062 est
1281 1022 1388 1077 quo
1401 1007 1432 1061 d
1449 1005 1698 1061 Salvator
1724 1006 1780 1060 in

207 1105 498 1176 Evangelio
522 1102 736 1157 Judaeos
765 1101 948 1165 duros,
987 1107 1045 1154 et
1081 1097 1383 1153 incredulos
1407 1098 1699 1152 vendentes
1727 1103 1783 1150 et

207 1208 451 1255 ementes
492 1197 545 1252 in
589 1195 786 1266 templo
824 1192 977 1262 quasi
1007 1190 1276 1263 ﬂagellum
1315 1193 1381 1246 de
1412 1189 1664 1244 funiculis
1698 1187 1783 1243 fa-

207 1295 357 1348 ciens
381 1292 578 1363 legitur
612 1287 838 1359 ejecisse
862 1295 1023 1354 atque
1053 1284 1254 1338 dixisse
1280 1302 1292 1337 :
1346 1301 1364 1334 ε
1399 1281 1672 1351 Scriptum
1701 1286 1785 1335 est

207 1384 333 1452 quia
359 1383 550 1436 domus
571 1394 689 1434 mea
719 1378 908 1432 domus
951 1374 1211 1430 orationis
1240 1373 1538 1438 vocabitur,
1565 1387 1662 1426 vos
1691 1387 1784 1425 au-

209 1483 317 1526 tem
348 1471 551 1526 fecistis
595 1468 741 1522 illam
777 1467 1086 1536 speluncam
1128 1464 1395 1519 latronum
1426 1453 1639 1535 (Matth.
1667 1477 1784 1527 χιι,

215 1565 319 1634 15).
356 1583 372 1614 ι
405 1561 511 1617 Nec
540 1560 741 1615 frustra
771 1559 964 1613 Petrus
1009 1557 1284 1627 apostolus
1306 1556 1573 1609 Ananiam
1605 1563 1659 1609 et
1689 1553 1788 1608 Sa-

207 1657 422 1724 phiram
457 1652 698 1706 avaritiae
730 1659 881 1721 peste
918 1657 1224 1719 corruptos,
1249 1647 1593 1712 mentientes,
1626 1654 1789 1715 atque

207 1766 302 1820 per
341 1746 649 1818 hypocrisin
681 1743 940 1814 Spiritum
976 1744 1068 1798 Dei
1109 1751 1380 1797 tentantes
1425 1742 1616 1796 mortis
1661 1754 1786 1795 sen-

212 1838 376 1893 tentia
409 1836 702 1900 damnavit,
748 1835 842 1889 sed
887 1843 944 1888 ut
987 1833 1142 1887 ﬁeret
1184 1833 1327 1903 quod
1375 1833 1634 1901 scriptum
1673 1840 1783 1886 est:

1877 631 2123 700 legimus,
2151 627 2295 682 Deus
2321 625 2602 681 nobiscum
2639 622 2893 692 loquitur.
2923 618 3208 674 Geminum
3239 617 3451 673 confert

1878 723 2077 778 donum
2104 721 2266 776 lectio
2287 728 2596 776 sanctarum
2617 715 3040 786 Scripturarum,
3070 711 3182 768 sive
3209 711 3335 782 quia
3361 709 3450 764 in-

1881 814 2149 870 tellectum
2195 811 2394 867 mentis
2419 810 2617 875 erudit,
2642 824 2737 864 seu
2763 805 2907 878 quod
2937 820 2968 860 a
2994 804 3179 858 mundi
3201 799 3453 857 vanitati-

1878 910 1980 964 bus
2010 908 2342 962 abstractum
2369 905 2643 960 hominem
2689 903 2756 958 ad
2785 916 3026 957 amorem
3054 898 3152 954 Dei
3184 898 3450 969 perducit.

1879 1003 2062 1059 Labor
2095 1002 2352 1056 honestus
2388 1007 2470 1054 est
2510 998 2777 1062 lectionis,
2814 1003 2870 1050 et
2905 994 3132 1050 multum
3172 991 3238 1046 ad
3268 1005 3454 1046 emen-

1884 1095 2155 1152 dationem
2195 1092 2361 1147 animi
2397 1089 2629 1161 proﬁcit.
2682 1088 2835 1144 Sicut
2867 1102 2932 1142 ex
2969 1084 3273 1141 carnalibus
3315 1082 3458 1137 escis

1884 1187 2046 1242 alitur
2089 1200 2249 1251 caro,
2292 1185 2368 1240 ita
2408 1199 2475 1239 ex
2516 1182 2712 1238 divinis
2751 1180 2979 1251 eloquiis
3027 1178 3252 1234 interior
3297 1177 3459 1231 homo

1885 1280 2124 1334 nutritur
2169 1293 2233 1333 ac
2257 1277 2516 1346 pascitur.
2559 1274 2709 1330 Sicut
2750 1273 3036 1329 Psalmista
3081 1271 3194 1325 ait:
3238 1287 3258 1320 ι
3287 1268 3461 1336 Quam

1887 1370 2063 1426 dulcia
2113 1368 2359 1424 faucibus
2414 1367 2550 1422 meis
2605 1365 2817 1436 eloquia
2866 1373 2977 1429 tua,
3001 1362 3254 1427 Domine,
3301 1375 3465 1431 super

1887 1463 1993 1518 mel
2019 1471 2074 1518 et
2095 1460 2275 1516 favum
2305 1461 2387 1517 ori
2422 1475 2542 1516 meo
2570 1457 2742 1530 (Prol.
2772 1473 2962 1524 omn,
2990 1456 3135 1527 H5).
3169 1476 3189 1508 ι
3227 1454 3333 1511 Sed
3373 1454 3463 1509 ille

1887 1555 2234 1611 beatissimus
2256 1552 2469 1622 estqui,
2505 1551 2713 1606 divinas
2739 1547 3046 1619 Scripturas
3071 1547 3273 1616 legens,
3300 1544 3466 1600 verba

1888 1647 2053 1702 vertit
2091 1645 2145 1699 in
2182 1657 2369 1715 opera.
2415 1642 2615 1698 Omnes
2644 1640 2802 1710 plane
2850 1637 3144 1710 Scriptum
3172 1643 3371 1692 sanctae
3399 1635 3470 1690 ad

1892 1740 2197 1794 animarum
2239 1735 2464 1791 salutem
2504 1731 2718 1804 scriptae
2750 1740 2909 1797 sunt,
2943 1741 3003 1786 ut
3035 1730 3383 1802 proﬁciamus
3411 1726 3467 1782 in

1891 1831 1971 1886 eis
2017 1831 2072 1885 in
2119 1829 2366 1884 veritatis
2428 1827 2720 1898 agnitione.
2785 1824 2979 1895 Sepius
3028 1839 3202 1879 ctccus
3248 1820 3471 1878 oﬂ'endit

217 1948 238 1980 ι
277 1928 562 1983 Pestilente
593 1926 862 1996 ﬂagellato
908 1925 1106 1980 stultus
1148 1925 1441 1994 sapientior
1471 1925 1576 1979 erit
1604 1923 1787 1996 (Prov.
1817 1909 1865 1969 Β
1891 1939 2052 1995 quam
2083 1924 2294 1986 videns,
2323 1921 2402 1976 sic
2433 1921 2684 1990 ignorans
2733 1918 2905 1990 legem
2933 1917 3051 1982 Dei,
3081 1915 3274 1987 saepius
3320 1915 3471 1984 igno-

209 2039 326 2087 ιιι,
352 2020 479 2088 25);
534 2028 590 2072 ιιι
625 2033 721 2088 per
760 2033 1058 2087 paucorum
1105 2016 1341 2071 validam
1391 2015 1790 2085 correptionem

209 2112 365 2168 multi
411 2111 480 2165 ab
527 2125 715 2165 errore
782 2109 1185 2181 corrigerentur
1251 2117 1306 2162 et
1351 2108 1786 2163 emendarentur.

211 2199 365 2256 Unde
399 2208 455 2254 et
485 2199 656 2255 sancti
687 2198 874 2253 Patres
906 2201 1076 2253 nostri
1124 2199 1176 2252 in
1201 2198 1446 2254 conciliis
1473 2198 1585 2252 suis
1613 2197 1790 2252 diver—

211 2309 302 2347 sas
326 2292 637 2362 disciplinas
663 2301 718 2346 et
745 2290 1332 2347 excommunicationes
1357 2290 1794 2361 delinquentibus

211 2385 629 2448 constituerunt,
658 2391 738 2447 ut,
777 2383 1068 2439 secundum
1093 2383 1310 2438 modum
1359 2383 1530 2454 culpae
1577 2397 1794 2446 excom-

211 2474 598 2531 municationis
639 2483 864 2528 extensa
899 2489 1176 2541 mensura,
1234 2473 1394 2544 aegris
1435 2473 1700 2530 medelam
1740 2479 1796 2528 et

212 2568 361 2622 sanis
381 2568 646 2638 praeberet
671 2566 957 2622 cautelam.

598 2696 676 2752 De
705 2697 1040 2752 meditatione
1061 2697 1250 2752 divinae
1283 2696 1432 2768 legis.

290 2834 358 2890 Ut
399 2841 578 2890 autem
613 2833 731 2890 hac
769 2833 1049 2906 disciplina
1086 2833 1396 2905 diligentius
1439 2831 1793 2898 custodiatur,

214 2927 445 2982 multum
473 2925 690 2995 adjuvat
715 2926 952 2982 studium
978 2926 1216 2982 discendi
1241 2939 1423 2980 veram
1450 2923 1792 2994 sapientiam,

214 3027 276 3074 et
322 3018 602 3074 meditatio
648 3019 864 3074 assidua
915 3018 1111 3075 divinae
1160 3019 1325 3090 legis,
1388 3033 1549 3089 quam
1596 3019 1796 3073 mundo

216 3113 380 3169 corde
406 3121 461 3169 et
484 3122 637 3170 casto
667 3128 898 3184 corpore
922 3122 1136 3185 oportet
1161 3127 1602 3185 unumquemque
1647 3113 1797 3168 inve-

216 3207 454 3278 stigare:
487 3208 617 3277 quia
650 3207 725 3263 ita
755 3209 825 3263 ad
854 3207 973 3278 ejus
1001 3207 1338 3264 intellectum
1377 3207 1614 3263 sobrium
1646 3215 1798 3278 pote-

1891 2025 2077 2072 ranter
2110 2022 2320 2086 peccat,
2354 2028 2513 2084 quam
2547 2011 2636 2068 ille
2661 2011 2754 2082 qui
2798 2011 2921 2065 scit.
2976 2008 3129 2064 Sicut
3157 2023 3333 2064 caecus
3357 2007 3473 2062 sine

1891 2107 2112 2162 ductore
2138 2147 2152 2169 ,
2197 2105 2276 2160 sic
2325 2104 2487 2159 homo
2527 2103 2644 2158 sine
2686 2102 2904 2158 doctore
2953 2102 3096 2156 viam
3140 2111 3342 2155 rectam
3381 2099 3472 2154 vix

1891 2198 2166 2269 graditur:
2192 2206 2247 2252 et
2276 2197 2396 2253 ideo
2418 2211 2640 2252 necesse
2683 2205 2767 2251 est
2793 2203 2852 2249 ut
2881 2195 3186 2264 quicunque
3216 2193 3475 2249 lectiones

1893 2305 2076 2345 sacras
2121 2289 2302 2361 legere
2348 2289 2559 2360 possint
2613 2289 2665 2342 in
2711 2287 2796 2342 his
2843 2287 3079 2342 studium
3128 2286 3472 2355 impendant,

1891 2387 1952 2434 ut
1975 2395 2163 2435 earum
2192 2365 2506 2450 frequenter
2534 2378 2887 2433 meditatione
2923 2385 3163 2431 utantur.
3214 2374 3315 2443 Qui
3345 2389 3476 2429 vero

1892 2490 2109 2531 sensum
2153 2473 2440 2530 locutionis
2487 2488 2656 2528 sacrae
2702 2487 2770 2527 ex
2814 2470 3043 2526 lectione
3096 2485 3203 2525 non
3253 2475 3479 2539 possunt

1893 2566 2197 2637 percipere,
2235 2564 2496 2620 attentius
2533 2563 2754 2618 audiant
2793 2563 3265 2634 interpretantem,
3299 2570 3360 2616 ut
3386 2576 3475 2615 re-

1895 2656 2097 2727 cipiant
2119 2656 2312 2712 saltem
2349 2656 2404 2711 in
2431 2656 2866 2711 aediﬁcationem.
2902 2654 3035 2710 Cum
3065 2670 3193 2710 vero
3220 2653 3478 2724 magiste-

1899 2749 1980 2805 rio
2009 2748 2215 2804 caelesti
2254 2748 2528 2814 instructi,
2558 2748 2686 2817 quid
2715 2747 3045 2810 faciendum,
3075 2746 3273 2815 quidve
3299 2747 3478 2801 vitan-

1897 2841 2023 2898 dum
2060 2841 2130 2895 sit
2170 2839 2459 2910 accipiunt,
2487 2854 2594 2893 non
2631 2839 2702 2894 sit
2740 2854 2892 2893 mora
2934 2838 2989 2892 in
3030 2836 3296 2904 faciendo,
3335 2837 3479 2907 quod

1897 2935 2046 2990 intus
2082 2934 2298 3005 sapiunt
2337 2933 2680 3004 intelligendo
2718 2951 2731 2986 :
2764 2933 2910 3003 quia,
2940 2940 3000 2988 ut
3024 2933 3215 2989 beatus
3250 2931 3482 2990 Iacobus

1899 3027 2174 3098 apostolus
2221 3027 2324 3092 ait,
2361 3045 2380 3078 ‹
2415 3026 2532 3080 Non
2557 3025 2832 3081 auditores
2864 3025 2998 3096 legis
3017 3023 3475 3097 justiﬁeabuntur,

1899 3121 1992 3176 sed
2041 3120 2276 3176 factores
2329 3119 2463 3188 legis
2492 3117 2666 3189 (Rom.
2715 3134 2776 3183 ιι,
2802 3117 2913 3191 15).
2953 3138 2972 3171 ι
3024 3117 3088 3172 Et
3127 3118 3242 3189 ipsa
3267 3117 3482 3174 Veritas

1899 3211 1976 3265 ait
2001 3228 2014 3264 :
2044 3229 2062 3262 ι
2095 3210 2294 3266 Servus
2320 3211 2410 3281 qui
2439 3210 2541 3265 scit
2567 3209 2898 3266 voluntatem
2928 3209 3133 3264 domini
3159 3210 3265 3274 sui,
3293 3218 3349 3266 et
3376 3225 3484 3266 non

217 3299 293 3353 rit
313 3298 616 3369 pervenire.
647 3300 768 3370 Ipsa
795 3301 938 3356 enim
971 3300 1334 3372 cognitionem
1359 3298 1455 3354 Dei
1485 3313 1544 3354 se
1571 3297 1801 3354 ﬁdeliter
1825 3285 1872 3350 C
1903 3303 2058 3369 facit,
2089 3302 2369 3373 vapulabit
2418 3301 2602 3356 multis
2649 3299 2800 3373 (Luc.
2833 3317 2932 3366 xu,
2961 3299 3075 3371 47),
3113 3319 3131 3352 ι
3181 3309 3236 3355 et
3265 3309 3480 3356 caetera.

216 3392 585 3462 quaerentibus
627 3401 682 3448 et
715 3394 982 3450 instanter
1025 3392 1412 3448 meditantibus
1450 3390 1658 3446 tribuit.
1702 3389 1802 3446 Co-

216 3482 458 3554 gnitione
489 3489 671 3538 autem
699 3483 795 3537 Dei
827 3482 961 3537 nihil
997 3483 1190 3538 melius
1219 3492 1323 3548 est,
1355 3481 1481 3551 quia
1509 3481 1644 3536 nihil
1669 3485 1797 3536 bea-

217 3575 329 3630 tius
357 3582 441 3628 est
478 3590 493 3628 :
529 3581 583 3626 et
617 3574 730 3644 ipsa
766 3589 890 3628 vera
919 3574 1194 3629 beatitudo
1219 3583 1321 3629 est.
1371 3573 1523 3628 Unde
1553 3571 1804 3627 Salvator

214 3665 291 3721 ad
316 3665 529 3718 Patrem
557 3663 639 3718 ait
673 3681 685 3717 :
716 3681 735 3714 ι
764 3663 891 3718 Haec
921 3672 1006 3718 est
1027 3670 1206 3718 autem
1231 3664 1343 3718 vita
1367 3671 1588 3726 aeterna,
1619 3671 1678 3716 ut
1706 3675 1800 3716 co-

216 3762 487 3828 gnoscant
537 3761 588 3808 te
639 3769 805 3808 unum
833 3768 1022 3809 verum
1051 3755 1243 3820 Deum,
1280 3765 1356 3820 et,
1388 3768 1548 3824 quem
1584 3753 1802 3818 misisti,

216 3849 408 3905 Jesum
461 3851 739 3909 Christum
789 3849 971 3922 (Joan.
1026 3867 1162 3916 xvn,
1211 3850 1288 3921 5).
1345 3867 1366 3901 ι
1436 3848 1586 3904 Unde
1628 3849 1805 3918 primo

218 3942 465 3998 omnium
488 3943 837 4013 quaerendum
855 3950 937 3997 est
962 3941 1166 3996 homini
1189 3956 1308 4010 qum
1339 3940 1410 3995 sit
1433 3938 1679 4004 scientia,
1709 3953 1805 3993 ve-

220 4049 397 4106 raque
425 4035 708 4106 sapientia,
739 4034 866 4105 quia
900 4034 1164 4105 sapientia
1189 4033 1349 4103 hujus
1376 4031 1561 4087 mundi
1580 4030 1804 4086 stultitia

219 4135 311 4181 est
329 4126 471 4196 apud
499 4126 685 4181 Deum.
727 4124 965 4180 Scientia
987 4140 1115 4180 vera
1139 4132 1242 4190 est,
1280 4140 1310 4178 a
1334 4123 1530 4178 diaboli
1561 4121 1802 4187 servitio,

220 4231 350 4288 qua:
372 4224 496 4271 sunt
516 4225 760 4286 peccata,
778 4217 1061 4271 recedere:
1081 4223 1137 4269 et
1156 4214 1417 4286 sapientia
1444 4211 1681 4283 perfecta
1701 4221 1804 4278 est,

221 4310 399 4366 Deum
421 4309 598 4365 colere
622 4309 916 4365 secundum
939 4309 1314 4363 mandatorum
1338 4307 1479 4362 illius
1501 4306 1802 4370 veritatem,

220 4401 354 4472 quia
384 4402 437 4456 in
466 4402 552 4457 his
581 4401 790 4456 duobus
816 4401 926 4456 vita
955 4401 1113 4456 beata
1150 4399 1471 4470 acquiritur,
1499 4399 1639 4454 sicut
1659 4396 1808 4454 Psal-

219 4499 390 4554 mista
415 4497 518 4551 ait:
533 4497 774 4552 «Diverte
789 4512 820 4550 a
841 4495 1002 4561 malo,
1025 4503 1079 4550 et
1101 4493 1405 4565 facbonum
1423 4491 1596 4564 (Psal.
1613 4507 1802 4555 χχχιιι,

221 4591 341 4661 15).
383 4609 401 4641 ι
445 4590 555 4646 Νεε
583 4591 746 4646 etiam
777 4589 972 4644 sufﬁcit
1001 4589 1255 4660 cuiquam
1296 4587 1437 4643 mala
1470 4602 1578 4641 non
1604 4587 1805 4649 facere,

216 4683 331 4739 nisi
409 4682 573 4738 etiam
645 4690 703 4737 et
747 4682 889 4736 bona
942 4679 1106 4736 faciat
1155 4697 1169 4733 :

217 4773 336 4829 nisi
367 4773 532 4830 etiam
565 4780 620 4828 et
655 4772 797 4828 mala
839 4772 1073 4828 omittat.
1113 4770 1302 4826 Omnis
1339 4785 1468 4842 ergo
1497 4769 1590 4840 qui
1619 4769 1697 4825 sic
1721 4783 1807 4823 sa-

213 4866 384 4936 piens
426 4875 532 4932 est,
581 4864 766 4936 procul
814 4863 978 4920 dubio
1025 4863 1216 4927 beatus
1273 4863 1378 4919 erit
1423 4863 1476 4918 in
1523 4870 1802 4918 aeternum.

215 4957 396 5012 Beata
425 4955 691 5028 siquidem
716 4954 824 5009 vita
853 4962 937 5010 est
963 4955 1198 5025 cognitio
1221 4954 1541 5019 divinitatis,
1571 4953 1807 5024 cognitio

215 5048 533 5106 divinitatis
561 5031 735 5103 virtus
767 5047 891 5102 boni
923 5047 1122 5117 operis,
1159 5054 1213 5100 et
1242 5047 1418 5102 virtus
1465 5045 1591 5102 boni
1629 5046 1808 5116 operis

213 5141 440 5197 fructus
468 5147 551 5196 est
574 5147 789 5194 aeterna:
813 5139 1181 5195 beatitudinis.
1214 5137 1296 5193 Ad
1323 5139 1424 5194 hoc
1453 5154 1582 5210 ergo
1607 5139 1808 5194 bonum

147 5227 162 5240 ’
215 5231 496 5288 habemus
544 5229 796 5287 solatium
840 5230 1146 5285 divinarum
1171 5229 1456 5286 lectionem
1499 5230 1809 5301 Scriptura-

117 5319 126 5324 “
215 5337 379 5388 rum,
407 5322 500 5393 qui
534 5331 844 5377 sanctarum
882 5320 1043 5377 lectio
1073 5320 1471 5398 Scripturarutn
1510 5321 1692 5376 divina
1729 5329 1814 5377 est

213 5417 582 5492 praecognitio
627 5432 736 5473 non
778 5431 946 5488 parva
989 5416 1355 5472 beatitudinis.
1427 5415 1486 5470 ln
1532 5415 1619 5470 his
1666 5416 1811 5470 enim

213 5508 394 5580 quasi
422 5509 478 5564 in
497 5509 730 5579 quodam
762 5507 981 5578 speculo
1011 5507 1171 5562 homo
1203 5508 1440 5575 seipsum
1470 5507 1813 5562 considerare

214 5607 446 5673 potest,
489 5598 664 5670 qualis
704 5600 805 5666 sit,
847 5598 932 5654 vel
967 5614 1074 5668 quo
1113 5599 1317 5653 tendat.
1365 5596 1553 5653 Lectio
1597 5597 1813 5653 assidua

213 5692 490 5766 puriﬁcat
523 5693 784 5758 animam,
809 5693 1059 5748 timorem
1097 5692 1290 5747 incutit
1316 5691 1596 5763 gehennae,
1625 5690 1693 5746 ad
1721 5706 1811 5745 su-

215 5800 408 5857 perna
450 5785 645 5858 gaudia
691 5800 786 5841 cor
837 5786 1057 5858 instigat
1101 5783 1345 5855 legentis.
1397 5783 1499 5851 Qui
1546 5783 1660 5839 vult
1688 5798 1814 5839 cum

217 5875 354 5931 Deo
382 5890 596 5947 semper
620 5890 758 5942 esse,
787 5875 1098 5948 frequenter
1124 5876 1283 5932 debet
1323 5891 1508 5942 orare,
1535 5884 1590 5933 et
1612 5875 1810 5947 legere.

1901 3396 2035 3452 ltem
2065 3395 2192 3450 alibi
2237 3395 2502 3465 scriptum
2531 3401 2617 3450 est
2651 3412 2663 3448 :
2695 3412 2714 3444 ι
2745 3392 2950 3448 Scienti
2973 3393 3173 3448 bonum
3202 3393 3402 3460 facere,
3431 3405 3487 3450 et

1901 3504 2009 3544 non
2040 3487 2284 3553 facienti,
2318 3493 2600 3557 peccatum
2633 3491 2716 3540 est
2756 3483 2852 3538 illi.
2891 3503 2910 3536 ι
2953 3482 3142 3555 Itaque
3178 3483 3328 3540 omni
3365 3484 3486 3539 dili-

1903 3582 2082 3653 gentia
2121 3579 2446 3636 studendum
2494 3585 2578 3633 est
2629 3585 2690 3634 ut
2722 3591 3117 3648 cognoscamus
3149 3577 3483 3632 voluntatem

1903 3674 2021 3753 Dei.
2075 3673 2374 3744 Postquam
2418 3680 2598 3726 autem
2638 3670 3052 3742 cognoverimus
3089 3685 3232 3736 eam,
3273 3685 3484 3725 summo

1904 3765 2025 3819 nisu
2056 3763 2491 3819 contendendum
2518 3771 2602 3818 est
2653 3769 2714 3816 ut
2736 3761 2876 3817 hanc
2902 3760 3165 3817 faciamus
3202 3761 3488 3831 implentes

1905 3855 2162 3911 mandata
2200 3854 2360 3918 illius,
2392 3864 2450 3908 et
2486 3853 2751 3906 instanter
2787 3853 3145 3922 deposcamus
3193 3859 3254 3905 ut
3292 3853 3347 3906 in
3384 3853 3488 3910 hoc

1905 3954 2317 4016 perseverantes
2342 3943 2727 4015 perveniamus
2753 3943 2821 3998 ad
2846 3943 3113 4012 promissa
3151 3942 3339 4013 ipsius.

2312 4079 2386 4134 De
2423 4080 2549 4148 ﬁde,
2591 4096 2680 4148 spe
2720 4088 2770 4134 et
2808 4079 3086 4133 charitate.

1980 4224 2131 4282 Unde
2150 4237 2373 4280 necesse
2395 4230 2480 4278 est
2501 4229 2562 4276 ut
2583 4221 2888 4292 quicunque
2908 4219 3272 4276 Christianum
3293 4234 3492 4275 nomen

1908 4328 2076 4385 tenet,
2120 4328 2174 4374 et
2217 4316 2572 4373 sacramentis
2610 4316 2848 4371 imbutus
2893 4322 2994 4378 est,
3027 4315 3303 4387 religionis
3330 4315 3486 4369 Chri-

1909 4411 2097 4466 stiana:
2134 4409 2400 4464 rationem
2429 4407 2594 4472 sciat,
2642 4415 2698 4462 et
2729 4407 2850 4463 ﬁdei
2883 4407 3166 4462 veritatem
3195 4415 3488 4478 agnoscat,

1908 4501 2026 4572 ejus
2052 4515 2266 4572 quoque
2311 4500 2455 4566 ﬁdei,
2507 4520 2526 4553 ι
2556 4515 2677 4570 quae
2707 4519 2725 4551 ›
2765 4507 2828 4554 ιιι
2859 4497 3150 4570 Apostolus
3186 4498 3302 4563 ait,
3347 4517 3365 4548 ε
3397 4511 3495 4568 ρει·

1909 4593 2250 4648 dilectionem
2284 4599 2560 4662 operatur,
2607 4605 2729 4660 quae
2757 4591 2811 4644 in
2839 4590 3092 4661 praesenti
3129 4589 3398 4644 confortat
3441 4599 3496 4643 et

1220 4694 1322 4735 nec
1379 4681 1521 4735 bona
1587 4677 1804 4743 facere.
1833 4666 1888 4726 Ῑ)
1914 4686 2138 4742 roborat
2181 4685 2465 4740 credentes
2490 4725 2505 4749 ,
2557 4698 2622 4740 ac
2672 4683 2727 4738 in
2773 4680 2954 4740 futuro
3001 4682 3250 4752 perducit
3291 4682 3359 4737 ad
3398 4681 3494 4736 Dei

1914 4775 2440 4847 contemplationem.
2475 4793 2494 4826 ι
2530 4773 2665 4829 Nam
2697 4774 2771 4828 ita
2795 4773 3041 4843 quaedam
3073 4773 3354 4844 proposuit
3379 4775 3496 4828 ani-

1915 4883 2016 4922 ma:
2063 4873 2263 4922 nostrae
2291 4865 2597 4921 necessaria
2631 4865 2825 4920 beatus
2848 4862 3136 4934 Apostolus
3163 4871 3220 4918 et
3247 4864 3496 4936 egregius

1913 4961 2153 5031 gentium
2182 4960 2397 5026 Doctor,
2430 4959 2643 5014 dicens:
2668 4977 2688 5010 ε
2720 4956 2874 5012 Νιιιιε
2906 4956 3067 5012 etiam
3088 4965 3311 5012 manent
3339 4956 3493 5025 ﬁdes,

1917 5067 2060 5121 spes,
2091 5051 2356 5116 charitas,
2389 5050 2493 5104 tria
2523 5051 2660 5116 hate,
2690 5047 2863 5118 major
2888 5057 3070 5105 autem
3101 5050 3188 5106 his
3213 5058 3295 5106 est
3319 5052 3499 5108 chari-

1918 5152 1998 5198 tas
2029 5142 2081 5214 (1
2107 5140 2230 5195 Cor.
2259 5155 2378 5206 xm,
2407 5141 2518 5213 15).
2551 5161 2568 5194 ι
2622 5139 2865 5196 Primum
2893 5155 3025 5211 ergo
3051 5140 3186 5198 ﬁdes
3215 5142 3495 5200 Catholica

1911 5233 2216 5290 Christiano
2240 5232 2542 5288 necessaria
2567 5242 2652 5288 est
2673 5247 2687 5286 :
2717 5232 2843 5303 quia
2866 5233 2921 5287 in
2949 5233 3066 5303 ipsa
3091 5233 3500 5303 distinguuntur

1914 5325 2009 5379 ﬁlii
2037 5324 2133 5379 Dei
2162 5339 2193 5377 a
2222 5323 2344 5378 ﬁliis
2369 5323 2584 5388 diaboli,
2621 5324 2716 5379 ﬁlii
2745 5324 2881 5380 lucis
2907 5340 2936 5380 a
2969 5325 3094 5381 ﬁliis
3123 5326 3493 5382 tenebrarum.

1913 5415 2019 5470 Per
2060 5415 2230 5486 ipsam
2273 5415 2609 5470 renascimur
2649 5417 2704 5471 in
2748 5417 3113 5486 baptismate,
3163 5425 3222 5473 et
3265 5419 3498 5474 salutem

1919 5515 2177 5562 aeternam
2217 5506 2628 5576 impetrabimus
2661 5525 2674 5562 :
2713 5507 2854 5562 sicut
2889 5507 3152 5578 scriptum
3186 5517 3309 5564 est:
3342 5527 3361 5560 ί
3394 5509 3498 5577 Qui

1918 5598 2209 5655 crediderit
2235 5604 2289 5653 et
2313 5598 2614 5668 baptizatus
2634 5597 2816 5666 fuerit,
2840 5598 3021 5654 salvus
3046 5597 3150 5653 erit
3171 5596 3364 5670 (Marc.
3380 5615 3496 5665 xvr.

1922 5691 2031 5764 16).
2062 5709 2080 5741 ι
2142 5689 2264 5745 Haec
2309 5699 2463 5760 porta
2492 5701 2578 5745 est
2600 5690 2756 5757 vitae,
2804 5691 2921 5745 hzec
2959 5689 3127 5758 janua
3171 5689 3343 5761 regni.
3395 5689 3501 5746 Per

1920 5784 2091 5855 ipsam
2119 5783 2347 5840 discitur
2376 5785 2603 5840 scientia
2625 5785 2897 5851 veritatis,
2923 5793 2978 5839 et
2997 5785 3294 5857 percipitur
3316 5786 3499 5859 cogni-

1918 5878 1996 5933 tio
2037 5877 2367 5944 divinitatis,
2415 5892 2514 5947 per
2542 5878 2714 5948 ipsam
2747 5876 2976 5947 gratiam
3013 5876 3114 5932 Dei
3159 5877 3495 5945 invenimus,
