3956 6326
495 522 625 589 1255'

1174 526 1527 609 B..RABANI
1552 529 1787 590 .MAURI
1827 532 2153 593 ARCHIEP.
2194 535 2502 594 MOGUNT.
2542 538 2829 599 OPERUM
2861 541 3046 601 PARS
3080 542 3167 604 ΙΙΙ.

3637 555 3773 614 1256

486 645 642 700 aliter
669 652 850 701 autem
882 644 993 701 Deo
1018 644 1236 716 placere
1263 656 1370 701 non
1405 658 1692 715 possumus
1710 688 1725 714 ,
1774 648 1901 718 quia
1947 649 2065 704 sine
2092 649 2148 711 Α
2172 651 2556 722 principatum,
2578 656 2701 711 sine
2723 655 2879 727 cujus
2901 657 3234 729 perfectione
3256 662 3391 720 nihil
3414 663 3537 723 Deo
3559 667 3772 738 placere

486 740 591 798 fide
618 739 950 812 impossibile
977 746 1059 796 est
1089 738 1200 795 Deo
1236 739 1470 810 placere.
1520 738 1662 797 Vere
1696 741 1841 797 enim
1876 743 2067 800 beatus

485 838 596 898 est,
646 834 737 904 qui
785 841 840 889 et
884 841 1030 889 recte
1055 832 1328 889 credendo
1356 834 1495 889 bene
1519 834 1693 889 vivit:
1734 844 1791 891 et
1819 835 1957 892 bene
1983 836 2067 891 vi-

484 927 659 982 vendo
693 925 853 982 ﬁdem
884 936 1091 982 rectam
1118 925 1377 982 custodit.
1423 925 1590 996 igitur
1616 927 1757 983 sicut
1782 928 1953 983 otiosa
1983 934 2071 984 est

482 1020 619 1075 ﬁdes
644 1021 767 1076 sine
790 1021 1045 1092 operibus
1072 1021 1263 1087 bonis,
1307 1022 1383 1077 ita
1411 1022 1545 1077 nihil
1572 1022 1864 1092 proﬁciunt
1900 1039 2067 1094 opera

484 1113 625 1166 bona
653 1113 770 1168 sine
794 1111 899 1168 ﬁde
930 1122 1095 1169 recta.
1151 1113 1305 1168 Unde
1351 1122 1405 1168 et
1449 1114 1640 1169 beatus
1676 1113 1910 1171 lacubus
1936 1128 2067 1186 apo-

483 1204 654 1260 stolus
682 1204 854 1260 dixit:
888 1223 908 1258 ‹
942 1205 1081 1274 Quid
1106 1206 1380 1276 proderit,
1410 1205 1611 1263 fratres
1638 1209 1775 1274 mei,
1824 1209 1869 1265 si
1903 1209 2067 1264 ﬁdem

480 1298 607 1366 quis
626 1296 775 1353 dicat
806 1312 865 1353 se
896 1298 1118 1365 habere,
1145 1312 1308 1369 opera
1335 1308 1515 1355 autem
1542 1299 1659 1371 ipsa
1690 1315 1796 1355 non
1828 1301 2065 1356 habeat?

480 1388 621 1460 (Jac.
648 1405 715 1455 tt,
738 1389 854 1461 id.)
886 1406 907 1441 ι
960 1389 1212 1460 Nunquid
1247 1391 1450 1462 poterit
1480 1388 1617 1446 ﬁdes
1648 1391 1861 1446 salvere
1893 1391 2063 1459 eum?

478 1481 638 1539 Fides
676 1482 795 1539 sine
824 1483 1078 1554 operibus
1110 1490 1323 1540 mortua
1354 1496 1456 1542 est.
1485 1483 1640 1540 Sicut
1677 1486 1825 1541 enim
1865 1500 2065 1556 corpus

477 1576 594 1631 sine
622 1577 815 1646 spiritu
844 1585 931 1633 est
956 1586 1232 1634 mortuum
1253 1619 1268 1644 ,
1310 1579 1386 1634 ita
1415 1588 1469 1635 et
1495 1578 1633 1635 ﬁdes
1659 1580 1777 1636 sine
1805 1580 2065 1652 operibus

475 1674 689 1721 mortua
714 1675 798 1723 est
825 1685 840 1721 :
874 1666 1034 1725 ﬁdem
1067 1678 1195 1724 ante
1217 1670 1399 1727 omnia
1426 1676 1635 1725 rectam
1662 1677 1719 1726 et
1744 1670 2064 1726 immacula-

474 1765 585 1812 tam
614 1773 839 1815 necesse
875 1770 963 1816 est
998 1761 1242 1817 habere:
1294 1770 1349 1817 et
1392 1761 1691 1819 secundum
1735 1763 2065 1834 Apostolicae

476 1850 830 1909 institutionis
878 1868 1123 1910 numam
1170 1855 1472 1928 symbolum
1510 1872 1540 1912 a
1569 1857 1774 1914 sanctis
1809 1858 2063 1916 Patribus

471 1945 824 2003 constitutum
870 1949 1186 2004 memoriter
1214 1956 1428 2016 tenere,
1479 1954 1535 2006 et
1579 1949 1831 2022 religiose
1874 1951 2061 2009 vivere

2171 759 2334 816 posse
2351 746 2553 803 Paulus
2576 750 2857 819 apostolus
2880 758 3114 811 testatur
3136 772 3151 810 :
3178 756 3269 826 qui
3295 771 3397 813 nec
3418 764 3769 833 martyrium,

2172 849 2272 891 nec
2312 835 2491 893 saeculi
2536 847 2909 911 contemptum
2951 858 3059 899 nec
3098 844 3577 919 elemosynam
3608 852 3769 925 largi-

2173 927 2372 985 tionem
2420 930 2540 987 sine
2586 933 2872 991 cbaritatis
2917 934 3107 993 ofﬁcio
3150 939 3453 1011 quidquam
3504 945 3773 1015 proﬁcere

2167 1034 2327 1090 posse
2363 1023 2622 1079 ostendit.
2681 1024 2839 1083 Unde
2883 1034 2939 1082 et
2985 1028 3102 1098 ipse
3142 1030 3407 1091 Dominus
3448 1050 3487 1091 ι
3530 1038 3771 1107 quodam

2169 1109 2359 1169 Scriba
2384 1114 2749 1186 interrogatus
2772 1120 2916 1189 quod
2936 1130 3081 1176 esset
3104 1124 3415 1183 mandatum
3438 1131 3769 1198 maximum,

2164 1207 2447 1275 respondit
2475 1226 2489 1263 :
2518 1218 2539 1260 t
2587 1208 2789 1282 Diliges
2824 1212 3116 1271 Dominum
3155 1216 3331 1275 Deum
3368 1230 3527 1277 tuum
3557 1240 3629 1279 ex
3660 1234 3773 1283 ιαιο

2166 1298 2331 1355 corde
2362 1307 2488 1366 tuo,
2530 1308 2587 1357 et
2626 1317 2694 1359 ex
2726 1311 2835 1359 tota
2863 1305 3045 1361 anima
3076 1315 3199 1375 tua,
3238 1319 3295 1365 et
3328 1328 3397 1367 ex
3437 1322 3553 1371 tota
3588 1324 3771 1374 mena

2164 1397 2281 1455 tua,
2302 1409 2321 1443 ι
2351 1391 2559 1449 addidit
2580 1409 2796 1465 quoque
2818 1398 3115 1454 secundum
3142 1401 3320 1458 simile
3344 1405 3500 1471 huic,
3529 1427 3548 1459 ι
3576 1408 3771 1479 diliges

2163 1481 2473 1551 proximum
2507 1491 2661 1541 tuum
2688 1486 2829 1543 sicut
2856 1489 3114 1561 teipsum.
3158 1491 3216 1548 in
3248 1495 3335 1550 his
3362 1496 3583 1554 duobus
3612 1516 3766 1555 man-

2164 1573 2307 1628 datis
2334 1581 2450 1631 tota
2480 1575 2565 1631 lex
2596 1578 2795 1648 pendet
2814 1588 2870 1635 et
2892 1583 3169 1653 propheta:
3190 1584 3413 1657 (Haut.
3437 1606 3582 1655 χιιι,
3607 1594 3721 1660 57).
3742 1614 3761 1647 ι

2164 1665 2319 1735 Quod
2344 1683 2474 1723 vero
2500 1668 2597 1735 ait,
2630 1688 2651 1722 ι
2682 1687 2750 1728 ex
2782 1680 2898 1729 toto
2924 1676 3117 1739 corde,
3146 1684 3205 1732 et
3230 1694 3301 1733 ex
3331 1687 3446 1735 tota
3474 1684 3687 1749 ana,
3714 1695 3766 1742 et

2162 1772 2229 1814 ex
2256 1767 2370 1817 tota
2398 1770 2610 1827 mente,
2648 1782 2667 1817 ι
2706 1763 2759 1821 id
2787 1773 2901 1833 est,
2934 1776 3048 1823 toto
3078 1769 3386 1839 intellectu,
3420 1784 3543 1831 tota
3572 1777 3763 1834 volun-

2162 1857 2272 1906 tate
2316 1860 2373 1907 et
2410 1868 2481 1908 ex
2522 1855 2671 1910 omni
2712 1859 2975 1913 memoria
3005 1859 3177 1916 Deum
3218 1876 3344 1920 esse
3386 1866 3760 1939 ﬁligendun,

2166 1945 2261 2001 Dei
2292 1958 2423 2003 vero
2451 1948 2671 2006 dilectio
2714 1951 2769 2008 in
2810 1954 3192 2013 observatione
3224 1963 3625 2021 mandatorum
3652 1969 3761 2037 eius

469 2037 691 2093 studere
714 2079 730 2105 ,
788 2038 1168 2096 haereticorum
1225 2041 1479 2114 dogmata
1523 2041 1782 2112 pestifera
1826 2043 2014 2115 lugere
2042 2063 2055 2099 :
2086 2027 2135 2088 Β
2163 2045 2274 2092 tota
2302 2039 2574 2108 οοιιεὶειῦι,
2598 2042 2741 2100 sicut
2763 2048 2927 2117 supra
2952 2046 3122 2103 dicit:
3154 2067 3174 2100 σ
3204 2049 3263 2105 Si
3292 2054 3421 2123 quis
3449 2056 3635 2126 diligit
3660 2027 3759 2123 me,

469 2129 839 2187 malefleorum
882 2140 939 2188 et
964 2133 1362 2190 incautatorum
1388 2150 1597 2191 venena
1624 2136 1906 2191 mortifera
1931 2137 2058 2191 hor-

467 2238 721 2282 rescere:
751 2226 1060 2282 divinorum
1104 2236 1158 2282 et
1206 2227 1608 2299 sortilegiorum
1649 2228 1912 2285 nefandas
1940 2238 2055 2284 tra-

466 2316 882 2389 ditionw,quac
931 2333 1054 2375 cum
1095 2320 1431 2376 dzemonibus
1470 2322 1788 2379 societatem
1830 2322 2052 2389 habent,

465 2413 681 2483 penitus
708 2424 984 2484 respeeN,
1008 2423 1065 2469 et
1089 2415 1221 2470 nihil
1249 2412 1395 2470 aliud
1418 2428 1581 2486 quam
1606 2412 1749 2486 quod
1784 2415 2055 2471 catholica

465 2505 601 2561 ﬁdes
630 2505 842 2571 laudat,
888 2514 1066 2572 amat,
1115 2507 1374 2578 prmdicat
1400 2508 1459 2562 in
1489 2515 1670 2562 mente
1701 2508 1814 2562 sive
1839 2507 1895 2562 in
1922 2520 2053 2577 pro~

463 2594 703 2653 fessioue
729 2604 947 2665 tenere,
976 2608 1072 2655 seu
1102 2600 1266 2655 etiam
1297 2600 1541 2656 moribus
1571 2601 1878 2656 ostendere.
1927 2600 2059 2657 Post

464 2691 607 2746 hanc
652 2704 783 2763 ergo
825 2691 1016 2758 ﬁdem,
1070 2706 1219 2763 spem
1263 2693 1476 2748 ﬁrmam
1526 2690 1756 2760 habere,
1807 2694 2048 2762 discere,

461 2794 582 2853 qua:
608 2783 847 2838 animum
876 2791 1123 2841 nostrum
1152 2786 1220 2841 ad
1250 2786 1537 2842 invisibilia
1571 2788 1764 2852 trahit,
1797 2796 1851 2844 et
1878 2790 2055 2845 inten-

460 2872 665 2930 tionem
704 2884 951 2930 nosmim
991 2877 1046 2932 in
1089 2877 1333 2933 ctelestia
1379 2885 1435 2934 et
1475 2884 1677 2935 teterua
1718 2880 1912 2936 inserit
1938 2922 1953 2947 ,
1998 2888 2054 2936 et

460 2966 859 3035 quodammodo
902 2969 1132 3024 nexibus
1172 2969 1547 3026 insolubilibus
1576 2969 1737 3040 ligat,
1784 2984 1904 3042 quae
1944 2984 2052 3027 non

458 3059 695 3130 decipit,
747 3061 843 3116 sed
886 3075 948 3119 se
988 3060 1223 3117 fideliter
1266 3062 1630 3134 obsequentes
1675 3061 1744 3117 ad
1791 3072 2050 3119 aeternam

458 3157 847 3214 beatitudinem
863 3157 1131 3231 perducit.
1151 3156 1321 3214 Nemo
1349 3158 1538 3230 igitur,
1566 3157 1815 3228 quamvis
1842 3157 2049 3229 ingenti

456 3256 803 3318 peccatorum
835 3250 1073 3320 pondere
1116 3258 1417 3320 prematur,
1463 3247 1530 3304 de
1572 3248 1813 3304 bonitate
1854 3249 2049 3304 divlnte

458 3341 677 3410 pietatis
707 3342 1000 3412 desperare
1028 3341 1211 3407 debet,
1240 3343 1335 3397 sed
1361 3356 1513 3412 spem
1542 3350 1707 3398 certa:
1738 3342 2048 3398 miseriaen-

459 3402 563 3487 dite
620 3433 767 3488 illius
806 3402 1326 3505 .iudulgentize'sibi
1379 3402 1712 3505 qttolldianis
1765 3402 2119 3505 deprecaric

456 3524 714 3596 iacrymis
758 3528 921 3597 quain
962 3536 1111 3581 recte
1149 3541 1369 3598 sperare
1392 3535 1638 3598 possunt,
1666 3529 1711 3582 si
1739 3529 1807 3583 ab
1833 3528 2047 3585 actione

455 3620 608 3690 pravi
648 3620 829 3691 operis
856 3621 1169 3677 cessabunt.
1218 3621 1342 3678 Ideo
1376 3638 1483 3677 non
1520 3630 1750 3694 propter
1777 3638 1926 3694 spem
1956 3639 2047 3678 ve-

455 3711 561 3767 uim
583 3716 998 3784 perseieranter
1014 3728 1243 3784 peccare
1261 3714 1536 3779 debemus,
1556 3726 1732 3784 neque
1755 3715 1882 3785 quia
1903 3716 2046 3772 Deus

448 3804 595 3876 iuste
620 3817 843 3878 peccata
869 3806 1045 3877 punit,
1079 3807 1293 3862 veniam
1324 3807 1615 3878 (imperare
1640 3806 1924 3874 debemus,
1948 3809 2045 3864 sed

452 3905 685 3967 utroque
718 3896 961 3969 periculo
989 3897 1191 3952 evitato
1226 3905 1281 3951 et
1318 3896 1459 3951 mala
1487 3896 1849 3961 declinemus,
1888 3903 1943 3952 et
1976 3897 2044 3952 de

450 3990 658 4061 pietate
700 3988 796 4045 Dei
824 3989 1039 4045 veniam
1082 4002 1379 4060 speremus.
1430 3987 1695 4044 Similiter
1722 3997 1777 4043 et
1809 3989 1862 4043 in
1893 3989 2040 4043 omni

454 4083 863 4140 tribulationum
896 4082 1147 4153 angustia
1187 4097 1281 4153 spe
1318 4081 1384 4136 ad
1420 4081 1613 4137 solatia
1643 4096 1894 4153 superna:
1921 4081 2039 4152 pic-

452 4175 582 4231 tatis
611 4175 938 4231 currendum
966 4183 1079 4239 est,
1108 4175 1233 4244 quia
1264 4175 1317 4229 in
1349 4174 1438 4229 illo
1469 4175 1583 4230 solo
1613 4175 1792 4230 omnis
1826 4190 1950 4245 spes
1986 4183 2037 4231 et

450 4268 597 4325 salus
640 4268 758 4323 sine
801 4264 964 4321 dubio
1005 4267 1257 4322 consistit
1281 4309 1294 4333 ,
1342 4267 1554 4323 dicente
1582 4267 1892 4338 Propheta:
1927 4286 1946 4318 ι
1980 4267 2038 4322 1η

449 4362 561 4417 1)εο
587 4360 827 4417 salutare
852 4374 1057 4423 meum,
1082 4364 1137 4415 et
1160 4360 1329 4431 gloria
1356 4376 1499 4425 mea,
1527 4361 1669 4415 Deus
1694 4360 1878 4415 auxilii
1908 4360 2033 4425 mei,

448 4465 501 4512 et
543 4466 666 4525 spes
710 4466 828 4508 mea
874 4451 929 4507 in
974 4451 1085 4507 Deo
1124 4460 1207 4507 est
1234 4447 1406 4522 (Psal.
1440 4464 1548 4518 xu,
1577 4450 1685 4524 8).»
1715 4451 1849 4507 Cum
1889 4452 2035 4507 enim

448 4546 606 4602 ﬁdem
638 4554 861 4611 rectam,
890 4548 944 4600 et
973 4554 1123 4613 spem
1154 4544 1365 4599 firmam
1390 4544 1783 4613 persuademus
1809 4544 2030 4612 habere,

442 4638 549 4693 hoc
597 4637 833 4693 maxime
878 4636 1164 4691 hortamur
1202 4640 1263 4689 ut
1292 4635 1614 4690 charitatem
1648 4634 1702 4689 in
1733 4635 1890 4690 nobis
1936 4636 2033 4693 ha-

442 4730 591 4795 bere,
625 4736 680 4783 ct
706 4742 871 4797 opere
900 4726 1185 4783 ostendere
1210 4738 1308 4796 per
1335 4725 1516 4781 omnia
1546 4730 1877 4797 satagamus.
1929 4727 2034 4783 Per

444 4823 614 4892 ipsam
642 4820 786 4875 enim
816 4826 870 4874 et
902 4820 953 4873 in
982 4818 1096 4889 ipsa
1121 4815 1511 4872 beatitudinem
1535 4824 1719 4871 veram
1750 4816 2033 4873 habituros

442 4928 541 4968 nos
568 4927 688 4968 esse
720 4911 973 4975 sciamus,
998 4908 1126 4982 quia
1154 4909 1271 4965 sine
1296 4909 1399 4964 hac
1426 4922 1586 4965 nemo
1609 4909 1813 4965 videbit
1838 4910 2027 4965 Deum.

438 5004 567 5061 Haec
595 5008 775 5059 autem
810 5002 929 5057 ideo
954 5001 1128 5071 major
1159 5000 1264 5057 fide
1300 5006 1356 5057 et
1393 5016 1487 5072 spe
1525 5002 1595 5057 ab
1620 5001 1882 5073 Apostoio
1909 5017 2029 5057 esse

438 5106 734 5155 narratur:
766 5098 892 5169 quia
919 5097 1131 5152 ueteris
1157 5096 1535 5152 recedentibus
1562 5096 1677 5167 ipsa
1707 5096 1817 5150 sola
1852 5112 2028 5152 rema-

437 5188 626 5255 nebit,
676 5188 799 5245 ﬁdci
829 5190 973 5245 enim
1002 5188 1245 5244 succedit
1273 5188 1385 5257 spei
1409 5229 1422 5253 ,
1468 5197 1526 5243 et
1562 5189 1675 5259 spei
1716 5190 2023 5258 beatitudo,

436 5285 689 5342 charitati
738 5291 920 5340 autem
968 5298 1073 5339 non
1121 5283 1523 5347 transmutatio,
1548 5282 1644 5337 sed
1690 5282 1803 5338 sola
1852 5292 2022 5339 restat

430 5380 715 5451 perfectio.
764 5376 891 5434 Hmc
917 5377 1159 5433 omnium
1189 5390 1277 5431 ars
1306 5386 1392 5431 est
1419 5377 1711 5442 virtutum,
1752 5379 1865 5433 haec
1892 5395 2018 5450 pro-

435 5472 622 5529 missio
649 5471 824 5544 regni,
849 5470 964 5525 hzec
990 5468 1269 5540 praemium
1299 5484 1570 5524 summum
1599 5480 1909 5525 sanctorum
1938 5482 2021 5528 est

433 5563 488 5617 in
515 5563 670 5628 malo,
703 5564 828 5634 quia
870 5562 924 5616 iu
970 5561 1196 5632 perenni
1239 5561 1436 5633 gaudio
1464 5560 1599 5616 nihil
1629 5564 1855 5634 gratius,
1886 5564 2021 5619 nihil

433 5653 644 5709 dulcius
669 5653 871 5708 habent
897 5653 1067 5708 sancti
1097 5651 1340 5721 perfecto
1367 5667 1551 5708 amore
1580 5654 1673 5709 Dei
1698 5672 1711 5708 :
1740 5670 1901 5726 quem
1928 5658 2019 5728 qui

429 5755 751 5815 prresentem
776 5745 964 5799 vident
992 5744 1212 5799 suavius
1237 5744 1486 5813 diligunt,
1514 5753 1569 5800 et
1600 5744 1808 5803 dulcius
1832 5746 2017 5803 fruuuo

434 5848 524 5890 tur
549 5837 666 5905 ipso
694 5836 857 5890 bono.

1029 5926 1106 5983 De
1142 5928 1419 5984 chariton.

504 6021 731 6089 oportet
755 6030 854 6073 nos
877 6018 1020 6074 scire
1043 6020 1169 6089 quia
1196 6021 1251 6075 in
1274 6019 1526 6077 omnibus
1549 6018 1788 6077 Charitas
1809 6018 2019 6079 obtinet

2059 4775 2110 4835 D

2159 2142 2441 2220 sermones
2477 2145 2629 2188 meos
2668 2143 2853 2190 servat
2878 2135 3060 2208 (locu.
3090 2142 3355 2212 umis);
3392 2160 3415 2196 ι
3480 2149 3631 2202 unde
3654 2148 3759 2220 ipsa

2160 2219 2375 2276 Veritas
2422 2221 2554 2279 alibi
2596 2223 2714 2279 ait:
2760 2242 2779 2277 ι
2809 2225 2869 2281 lu
2902 2228 3005 2284 hoc
3040 2242 3375 2301 cognoscam
3406 2250 3617 2293 omnes
3640 2239 3757 2309 quia

2159 2312 2264 2367 mei
2295 2313 2428 2369 estis
2457 2314 2706 2385 discipuli
2726 2354 2742 2382 ,
2782 2319 2829 2373 si
2860 2317 3207 2378 dilationem
3234 2322 3557 2382 habueritis
3586 2330 3657 2383 ad
3684 2331 3758 2385 7-

2157 2401 2331 2459 vicem
2354 2402 2538 2476 (locu.
2559 2421 2683 2473 uti,
2704 2407 2818 2481 35).
2848 2428 2868 2462 ι
2902 2409 3034 2466 Item
3053 2412 3348 2483 Apostolus
3370 2434 3389 2471 :
3416 2432 3441 2469 α
3474 2417 3759 2479 Plenitudo

2157 2491 2293 2564 legis
2339 2502 2425 2552 est
2468 2496 2687 2559 dilectio
2720 2498 2901 2573 (Rom.
2937 2518 3069 2572 xm,
3118 2505 3229 2576 id).
3258 2522 3279 2560 ι
3338 2507 3485 2564 item
3526 2510 3757 2570 Joannes

2156 2587 2486 2657 evangelista
2512 2607 2525 2643 :
2557 2609 2575 2641 ι
2605 2589 2720 2646 Ηοε
2740 2632 2755 2659 ,
2806 2592 3018 2665 inquit,
3066 2599 3384 2656 mandatum
3422 2603 3699 2663 habmus
3727 2622 3757 2663 a

2140 2676 2286 2744 vDeo,
2317 2688 2377 2734 ut
2404 2682 2497 2750 qui
2529 2681 2707 2753 diligit
2733 2684 2923 2753 Deum,
2952 2688 3143 2761 diligat
3166 2698 3222 2746 et
3248 2693 3598 2762 proximum.
3631 2718 3649 2749 ι
3702 2698 3757 2756 Si

2154 2768 2293 2825 forte
2314 2772 2567 2839 quislibet
2586 2788 2794 2846 quaerat
2813 2779 2935 2849 quis
2956 2781 3027 2836 sit
3045 2783 3347 2851 proximus,
3372 2788 3523 2843 sciat
3543 2805 3757 2847 omnem

2153 2862 2526 2922 Christianum
2568 2877 2716 2926 recte
2754 2874 3065 2942 proxim
3096 2875 3235 2943 dici,
3279 2880 3417 2949 quia
3464 2896 3665 2939 omnes
3706 2886 3761 2942 ia

2150 2960 2424 3031 baptismo
2462 2962 2559 3019 ﬁlii
2600 2966 2697 3021 Dei
2737 2968 3162 3039 sanctiﬁcamur,
3212 2976 3271 3028 ut
3322 2972 3533 3031 fratres
3568 2978 3755 3047 sinus,

2152 3053 2473 3122 spiritaliter
2498 3056 2554 3113 in
2582 3058 2853 3115 charltate
2885 3060 3149 3131 perfecta.
3199 3062 3455 3122 Nobilior
3480 3078 3567 3125 est
3594 3086 3757 3143 gene-

2152 3147 2579 3238 ratioﬁspiritalis
2604 3164 2772 3223 quam
2802 3156 3060 3213 carnalis.
3111 3159 3189 3216 De
3217 3174 3328 3231 qua
3368 3158 3427 3218 in
3462 3163 3759 3238 Evangelia

2151 3237 2267 3308 ipsa
2294 3237 2509 3296 Veritas
2546 3243 2663 3298 ait:
2696 3258 2715 3296 ι
2746 3243 2861 3301 Nisi
2891 3247 3017 3317 quis
3047 3256 3270 3306 renatus
3304 3250 3484 3309 fuerit
3514 3270 3585 3310 ex
3622 3272 3753 3328 aqua

2148 3339 2203 3384 ct
2232 3328 2439 3401 Spiritu
2470 3342 2680 3402 sancto,
2714 3348 2822 3392 non
2850 3344 3030 3407 potest
3058 3340 3288 3398 introire
3316 3343 3376 3399 in
3402 3358 3641 3415 regnum
3668 3347 3753 3402 Dei

2152 3422 2334 3496 (Joan.
2362 3438 2442 3492 ιιι,
2472 3426 2547 3499 Β).
2582 3446 2604 3481 ι
2659 3428 2761 3498 Qui
2803 3439 2986 3488 autem
3018 3434 3200 3491 taliter
3228 3437 3559 3507 proximum
3596 3440 3753 3497 intel-

2148 3513 2321 3585 ligens
2365 3517 2577 3590 diligit,
2625 3521 2743 3577 sine
2788 3522 2956 3579 dubio
2993 3525 3322 3583 eharitatem
3354 3540 3554 3587 veram
3584 3533 3641 3588 in
3670 3550 3751 3588 se-

2146 3611 2378 3683 metipso
2428 3615 2651 3671 tenebit.
2708 3615 2876 3688 Cuius
2921 3619 3145 3676 evidens
3190 3620 3463 3679 indicimn
3514 3634 3572 3682 et
3618 3628 3747 3682 erui-

2146 3714 2281 3756 nens
2312 3703 2485 3760 virtus
2518 3720 2646 3762 vera
2685 3718 2790 3779 pax
2827 3718 2930 3766 est.
2979 3709 3085 3769 Per
3118 3724 3283 3784 quam
3330 3708 3431 3772 lilii
3478 3716 3580 3774 Dei
3618 3737 3747 3791 pra:-

2144 3795 2303 3866 cipue
2348 3798 2767 3870 dignoscantur,
2824 3804 2953 3875 quia
3009 3818 3278 3877 nusquam
3334 3811 3590 3879 perfecte
3648 3829 3743 3884 pax

2144 3888 2331 3944 haberi
2357 3900 2556 3960 potest,
2591 3893 2695 3948 nisi
2727 3895 2816 3950 ubi
2846 3897 3087 3953 Charitas
3110 3898 3229 3969 ejus
3253 3902 3547 3970 operatrix
3574 3905 3742 3959 adest.

2144 3980 2256 4037 lloc
2284 3984 2450 4039 etiam
2480 3992 2592 4043 tota
2622 3987 2794 4043 series
2822 3986 3229 4059 Scripturarum
3266 4006 3563 4049 sacrarum
3592 3996 3743 4051 nobis

2142 4077 2400 4131 ostendit.

2227 4171 2241 4183 -
2644 4149 2716 4207 De
2751 4168 2881 4224 pace
2915 4160 2965 4208 et
3002 4154 3206 4209 unitate

2211 4263 2346 4319 Nam
2391 4263 2621 4336 legimus
2664 4265 2721 4321 in
2752 4264 3046 4337 Evangelia
3084 4266 3229 4339 quod
3260 4265 3531 4324 Salvator
3554 4276 3611 4324 et
3640 4267 3744 4323 Do-

2140 4356 2318 4412 minus
2350 4366 2539 4413 noster
2567 4372 2691 4414 cum
2719 4367 3178 4431 appropinquaret
3201 4361 3474 4431 passioni,
3505 4370 3565 4419 et
3598 4372 3750 4417 tran-

2138 4448 2304 4503 situm
2350 4464 2509 4504 suum
2555 4449 2623 4505 de
2671 4450 2775 4506 hoc
2823 4450 3023 4506 mundo
3075 4450 3144 4507 ad
3190 4458 3407 4522 patrem
3458 4452 3750 4522 dide

2139 4543 2475 4610 insinuaret,
2506 4544 2652 4599 inter
2674 4544 2779 4600 alia
2805 4545 2970 4600 verba
2994 4560 3116 4615 quae
3140 4545 3209 4600 ob
3229 4544 3313 4600 sui
3340 4559 3751 4602 communes-a-

2138 4636 2339 4691 tiouem
2376 4635 2585 4692 dilectis
2616 4637 2908 4693 comitibus
2953 4638 3065 4692 suis
3111 4636 3457 4706 impenderat
3508 4639 3751 4692 maxime

2136 4731 2286 4801 pacis
2310 4730 2512 4787 bonum
2535 4773 2549 4797 ,
2593 4740 2648 4787 et
2685 4733 2842 4803 quasi
2884 4731 3118 4802 speciale
3143 4746 3345 4786 munus
3372 4734 3611 4787 unitatis
3642 4732 3749 4785 illis

2135 4822 2539 4879 commendaret
2558 4820 2771 4879 dicens:
2798 4840 2817 4875 ι
2838 4822 3034 4878 Pacem
3059 4838 3236 4878 meam
3262 4822 3331 4876 do
3352 4823 3538 4887 vobis,
3555 4838 3747 4894 pam-

2134 4932 2311 4973 meam
2341 4916 2587 4989 relinquo
2612 4918 2767 4972 vobis
2790 4914 2974 4989 (Ioan.
2994 4930 3107 4980 εει-γ,
3131 4914 3244 4985 27).
3279 4932 3299 4966 ›
3333 4914 3415 4971 Ac
3438 4916 3489 4970 si
3512 4918 3745 4975 dicem.

2133 5012 2186 5066 in
2211 5026 2341 5082 pace
2360 5028 2459 5066 vos
2480 5011 2683 5079 dimisi,
2708 5012 2759 5067 in
2784 5026 2918 5083 pace
2936 5008 3351 5066 vosdnveuiam.
3374 5008 3745 5066 Proficies-cus

2130 5104 2302 5158 voluit
2330 5104 2460 5159 dare
2484 5145 2499 5170 ,
2546 5118 2666 5174 quze
2706 5103 3085 5167 desiderabat,
3128 5101 3346 5156 rediens
3388 5103 3445 5156 in
3484 5104 3749 5157 omnibus

2132 5197 2394 5251 invenire.
2446 5192 2598 5251 Hanc
2635 5194 2749 5251 suis
2786 5194 3163 5250 hmreditatem
3196 5192 3347 5247 dedit
3378 5192 3527 5248 dona
3558 5192 3747 5246 omnia

2130 5302 2242 5341 suae
2269 5284 2673 5356 pollicitationis
2702 5293 2760 5341 et
2786 5285 3009 5355 praemia
3039 5282 3097 5339 in
3130 5282 3284 5355 pacis
3313 5286 3749 5339 conversum

2128 5379 2416 5448 promisit:
2442 5388 2604 5449 atque
2629 5374 2751 5433 ideo
2772 5378 2817 5433 si
2839 5377 3084 5433 hacrcdes
3104 5374 3308 5433 Christi
3335 5390 3463 5434 esse
3486 5379 3747 5432 volumus

2131 5473 2183 5525 in
2211 5470 2328 5541 ejus
2354 5485 2487 5541 pace
2510 5484 2735 5525 manere
2761 5470 3041 5526 debemus.
3074 5466 3273 5526 Pacem
3300 5471 3463 5526 nobis
3484 5470 3747 5525 Christus

2129 5562 2295 5628 dedit,
2329 5560 2626 5618 concordes
2653 5570 2815 5632 atque
2842 5561 3127 5616 unanimes
3155 5574 3281 5616 esse
3307 5562 3575 5632 prmpit
3603 5577 3621 5615 :
3648 5562 3743 5615 ὤ-

2128 5651 2379 5707 lcctionis
2416 5664 2474 5707 et
2501 5652 2786 5707 charitatis
2830 5650 3035 5707 hedera
3084 5650 3401 5723 incorrupta
3438 5663 3610 5723 atque
3646 5652 3743 5707 iu-

2127 5742 2321 5797 violata
2350 5744 2625 5799 mandavit
2651 5764 2664 5798 :
2698 5743 2851 5814 cujus
2874 5744 3024 5815 pacis
3046 5754 3371 5799 ornamenta
3402 5745 3743 5800 mirabiliter

2125 5834 2231 5891 alio
2261 5836 2381 5891 loco
2408 5838 2647 5893 ostendit
2684 5836 2912 5892 dicens:
2945 5855 2964 5887 ι
2996 5836 3149 5891 Beati
3180 5836 3431 5906 paciﬁci,
3465 5838 3739 5907 quatiam

2126 5926 2218 5985 filii
2252 5930 2346 5985 Dci
2378 5928 2718 5985 vocabuntur
2745 5928 2959 6000 (Matth.
2984 5945 3043 5995 v,
3071 5928 3146 6001 9).
3182 5950 3199 5980 ι
3236 5928 3319 5984 En
3346 5928 3493 5985 ﬁlius
3526 5929 3625 5983 Dei
3650 5928 3737 5981 iu-

2122 6022 2254 6093 cipit
2287 6022 2470 6077 vocari
2499 6022 2590 6101 qui
2622 6022 2880 6094 paciﬁcus
2915 6035 3035 6079 esse
3065 6020 3179 6097 jam
3217 6021 3419 6093 capit,
3464 6037 3577 6075 non
3610 6018 3733 6071 vnit
