3956 6326
210 395 342 453 1237

1094 391 1184 449 DE
1219 389 1760 451 EGCLESIASTICA
1797 392 2202 453 DISCIPLINA.
2236 425 2310 437 —
2346 394 2475 457 LIB.
2512 395 2597 453 Ill.

3324 406 3468 465 1258

202 509 344 565 ﬁlius
369 507 478 565 dici
513 508 609 579 qui
646 521 839 578 pacem
868 506 1107 565 noluait
1134 510 1389 581 ampleeti
1412 550 1431 577 ,
1475 518 1639 581 negat
1677 508 1783 565 sibi
1805 513 1860 574 Α
1884 510 2038 567 cibus
2078 511 2335 581 precibus
2356 512 2621 580 orabant,
2657 514 2780 585 ideo
2802 528 2925 577 eum
2952 516 3150 577 ﬁducia
3173 522 3471 593 impetrare

200 613 409 677 patrem
426 603 621 670 Deum,
636 602 729 674 qui
752 602 1014 674 paciﬁcus
1032 620 1157 662 esse
1172 607 1487 663 cootemnit.
1516 604 1778 663 Paciﬁcas

201 712 330 770 ergo
362 706 578 768 oportet
609 711 732 754 esse
763 699 861 755 Dei
886 697 1060 767 ﬁlios,
1100 700 1267 757 corde
1299 700 1490 767 mites,
1526 714 1783 757 sermone

200 792 491 865 simplices,
518 791 807 850 affectione
835 793 1143 851 concordes
1166 793 1422 861 ﬁdeliter,
1452 794 1557 851 sibi
1581 794 1779 850 unani-

201 885 411 943 mitatis
436 886 661 943 nexibus
689 887 1041 943 cohaerentes.
1075 886 1183 944 Sed
1204 889 1319 943 haec
1344 900 1449 959 pax
1478 903 1603 945 cum
1625 888 1783 945 bonis

200 985 261 1037 et
301 977 395 1033 Dei
432 986 701 1050 pracepta
741 980 1083 1036 servantibus
1127 981 1475 1037 custodienda
1507 990 1631 1038 est:
1670 998 1783 1038 non

202 1084 331 1125 cum
356 1069 559 1139 iniquis
584 1078 642 1126 et
665 1071 966 1138 sceleratis,
988 1073 1080 1143 qui
1110 1088 1301 1145 pacem
1330 1074 1472 1130 inter
1497 1090 1557 1131 se
1580 1075 1783 1131 habent

200 1160 263 1217 in
307 1162 549 1232 peccatis
592 1164 727 1221 suis.
780 1163 895 1221 Pax
934 1164 1135 1222 Christi
1181 1169 1251 1222 ad
1294 1166 1523 1247 salutem
1570 1168 1787 1238 proﬁcit

202 1253 625 1325 sempiternam,
657 1268 765 1326 pax
790 1270 913 1313 cum
938 1257 1127 1325 bonis,
1165 1266 1219 1313 et
1246 1259 1445 1314 bellum
1481 1275 1606 1316 cum
1636 1260 1786 1317 vitiis

202 1361 422 1418 semper
463 1347 771 1405 habendum
818 1358 922 1404 est.
993 1350 1133 1406 Mala
1188 1353 1455 1423 siquidem
1503 1355 1783 1412 hominum

202 1438 496 1510 impiorum
541 1440 667 1497 odio
712 1442 960 1498 habenda
1006 1452 1173 1511 sunt,
1220 1460 1345 1501 nam
1388 1447 1635 1503 homines
1680 1448 1786 1520 ipsi

201 1533 453 1604 quamvis
480 1534 609 1589 mali
656 1535 765 1592 sint
808 1536 1027 1592 amandi
1053 1546 1210 1604 sunt,
1255 1538 1381 1609 quia
1409 1548 1659 1595 creatura
1689 1540 1787 1597 Dei

202 1633 351 1680 sunt.
382 1625 493 1681 Pax
514 1641 645 1683 vero
671 1638 791 1697 qure
813 1628 870 1683 in
897 1628 1057 1684 bonis
1078 1637 1163 1684 est
1186 1630 1532 1686 concordiam
1556 1629 1784 1686 fratrum

202 1726 265 1774 et
298 1719 619 1777 cbaritatem
664 1720 880 1799 copulat
927 1723 1319 1793 proximorum.
1367 1723 1481 1779 Pax
1522 1723 1787 1797 Spiritum

204 1811 305 1867 Dei
346 1812 653 1883 specialiter
687 1822 1050 1883 promeretur.
1104 1814 1220 1871 Pax
1264 1816 1571 1872 dilectionis
1613 1826 1788 1872 mater

1881 607 2132 671 poterant
2170 602 2530 675 quodcunque
2568 604 2636 662 de
2672 604 2770 663 Dei
2813 606 3187 669 misericordia
3229 615 3471 684 postula-

1880 691 2032 751 bant.
2076 692 2135 747 ιη
2178 693 2337 751 nobis
2376 710 2508 751 vero
2550 697 2633 752 sic
2673 697 3005 759 unanimitas
3043 700 3309 759 diluiuum
3351 713 3469 775 est,

1881 790 1943 841 ut
1982 792 2035 841 et
2076 783 2301 857 largitas
2333 786 2669 858 Operationis
2706 787 2939 849 infracta
2979 791 3068 869 sit.
3106 792 3309 853 Domus
3335 802 3467 855 tunc

1884 885 1942 935 et
1964 877 2161 935 fundos
2182 880 2585 947 venundabant,
2605 890 2663 939 et
2683 881 2749 941 ad
2773 883 3060 942 thesauros
3100 886 3207 943 sibi
3229 887 3285 942 in
3325 887 3466 944 cmlo

1882 976 2222 1045 reponentbs
2253 975 2629 1032 distribuenda
2661 977 2717 1035 in
2749 992 2883 1035 usus
2912 978 3267 1051 indigentium
3291 980 3471 1053 pretia

1884 1066 2145 1138 apostolis
2183 1064 2526 1136 offerebant:
2577 1074 2634 1123 at
2675 1084 2822 1127 nunc
2876 1069 2943 1127 de
2989 1070 3321 1143 patrimonio
3365 1086 3469 1127 nec

1884 1161 2127 1218 decimas
2166 1161 2386 1228 damus;
2433 1169 2487 1218 et
2527 1177 2653 1219 cum
2688 1164 2923 1221 vendere
2958 1164 3148 1236 jnbeat
3183 1165 3468 1232 Dominus,

1885 1252 2119 1307 emimus
2137 1253 2317 1322 potius
2357 1259 2410 1308 et
2434 1268 2713 1325 augemus.
2761 1252 2913 1311 Sicut
2939 1255 2993 1309 in
3020 1255 3176 1310 nobis
3204 1255 3473 1313 emarcuit

1884 1345 2041 1416 vigor
2079 1343 2241 1412 ﬁdei,
2281 1345 2361 1400 sic
2396 1345 2737 1401 credentium
2777 1347 2943 1403 robur
2980 1345 3235 1419 elanguit.
3284 1345 3353 1401 Et
3390 1346 3470 1403 id-

1885 1434 2035 1491 circo
2078 1435 2342 1492 Dominus
2376 1446 2618 1507 tempora
2657 1445 2847 1495 nostra
2880 1438 3173 1509 respiciens
3206 1438 3262 1493 in
3293 1437 3472 1494 Evan-

1886 1527 2027 1598 gelio
2064 1544 2163 1583 suo
2203 1528 2390 1584 dicens
2429 1529 2540 1583 ait:
2575 1547 2594 1581 ι
2627 1529 2796 1586 Filius
2838 1530 3074 1588 hominis
3114 1546 3236 1587 cum
3262 1533 3474 1589 venerit

1886 1627 2047 1690 putas
2092 1620 2332 1677 inveniet
2375 1620 2538 1677 ﬁdem
2583 1622 2640 1679 in
2686 1624 2873 1678 terra?
2915 1622 3066 1696 (Luc.
3112 1640 3282 1695 XVIII,
3323 1623 3401 1698 8.)
3448 1643 3466 1677 ι

1888 1709 2150 1768 Videmus
2193 1712 2311 1769 ﬁeri
2357 1714 2505 1785 quod
2545 1713 2637 1771 ille
2679 1715 2973 1787 pnedixit:
3018 1716 3075 1773 in
3112 1716 3210 1771 Dei
3256 1717 3472 1782 timore,

1888 1802 1945 1858 in
1982 1803 2097 1876 lege
2127 1802 2377 1874 justitim,
2417 1805 2472 1860 in
2512 1805 2818 1875 dilectione,
2858 1809 2913 1865 in
2937 1822 3123 1881 opere,
3170 1811 3302 1867 ﬁdes
3329 1810 3475 1867 nulla

204 1910 312 1959 est.
357 1902 470 1958 Pax
506 1905 767 1962 indicium
794 1906 1140 1963 sanctitatis:
1177 1906 1245 1963 de
1269 1922 1377 1978 qua
1402 1907 1667 1963 Dominus
1690 1923 1791 1977 per

1898 1901 1994 1951 est.
2040 1893 2210 1951 Nemo
2252 1894 2557 1951 futurorum
2608 1906 2754 1952 metu
2808 1898 3010 1969 cogitat
3048 1898 3189 1955 diem
3237 1899 3473 1966 Domini,

204 1995 537 2067 Prophetam
565 1997 676 2053 ait:
709 2017 729 2051 ι
760 1996 957 2055 Pacem
982 2010 1038 2054 et
1060 2000 1347 2056 veritatem
1372 2000 1600 2071 diligite.
1629 2019 1649 2053 ι
1678 1998 1785 2055 Pax

204 2086 380 2159 plebis
413 2090 639 2157 sanitas,
682 2091 855 2163 gloria
898 2095 1218 2160 sacerdotis,
1260 2104 1315 2151 et
1354 2096 1547 2166 patriae
1577 2094 1787 2160 laetitia,

206 2187 267 2234 et
306 2186 484 2235 terror
521 2182 759 2239 hostium
800 2185 919 2239 sive
954 2184 1246 2241 visibilium
1269 2186 1381 2242 sive
1402 2186 1785 2255 invisibiliutn;

206 2272 463 2329 omnibus
496 2274 707 2331 viribus
751 2286 854 2346 pax
897 2288 982 2332 est
1026 2278 1405 2344 custodienda,
1432 2295 1551 2350 qua:
1574 2294 1793 2353 semper

208 2361 269 2417 in
326 2362 435 2419 Deo
488 2375 709 2431 manet,
762 2376 818 2423 et
870 2383 991 2438 quae
1044 2369 1100 2423 in
1150 2384 1287 2440 pace
1331 2380 1517 2425 sancta
1569 2381 1786 2437 manet,

209 2470 335 2509 cum
376 2457 579 2513 sanctis
622 2458 715 2514 Dei
758 2459 1075 2517 societatem
1120 2461 1301 2518 habet.
1355 2463 1667 2519 Sacerdotis
1708 2472 1795 2520 est

212 2545 271 2601 in
316 2562 447 2616 pace
488 2548 744 2620 populum
792 2550 1084 2607 arimonere
1137 2553 1269 2623 quid
1330 2553 1525 2609 debeat
1587 2567 1788 2624 agere,

208 2640 395 2711 populi
434 2652 521 2698 est
558 2641 613 2697 in
658 2643 963 2701 humilitate
998 2644 1189 2701 audire
1227 2660 1350 2718 qua
1390 2656 1575 2703 monet
1611 2662 1788 2705 sacer-

210 2733 349 2789 dos:
389 2734 653 2807 quidquid
686 2753 797 2793 non
830 2738 959 2795 licet
999 2740 1235 2812 pastoris
1275 2748 1359 2798 est
1396 2742 1685 2814 prohibere
1724 2758 1795 2798 ne

211 2824 345 2894 ﬁat,
393 2826 565 2898 plebis
608 2836 691 2885 est
736 2830 927 2887 audire
970 2845 1042 2888 ne
1084 2831 1301 2889 faciat:
1357 2844 1520 2904 atque
1570 2834 1795 2892 unitatis

1891 1995 1947 2053 et
1988 1987 2123 2049 iram
2165 1987 2283 2053 Dei,
2325 1997 2382 2045 et
2421 1989 2715 2047 incredulis
2736 1999 2962 2047 ventura
2990 1992 3253 2067 supplicia
3280 2002 3338 2051 et
3365 2003 3479 2050 sta-

1892 2086 2007 2135 tuta
2040 2078 2261 2149 perﬁdis
2290 2089 2495 2137 aeterna
2526 2090 2797 2140 tormenta
2822 2099 2981 2141 nemo
3007 2085 3337 2153 considerat,
3357 2102 3479 2157 qua:

1889 2179 2158 2228 metueret
2198 2174 2533 2233 conscientia
2572 2187 2761 2233 nostra
2803 2178 2851 2234 si
2893 2179 3181 2237 crederet:
3213 2179 3343 2251 quia
3369 2196 3478 2237 non

1890 2261 2065 2317 credit
2107 2263 2331 2321 omnino
2373 2280 2474 2323 nec
2515 2269 2725 2327 metuit.
2776 2268 2835 2325 Si
2874 2278 3053 2327 autem
3099 2272 3375 2338 crederet,
3423 2280 3479 2328 et

1892 2362 2153 2411 caveret:
2199 2356 2246 2411 si
2283 2370 2519 2424 caveret,
2547 2362 2822 2417 evaderet.
2866 2360 3093 2433 Oportet
3132 2379 3264 2437 ergo
3299 2373 3359 2423 ut
3385 2380 3481 2422 ex-

1891 2446 2120 2503 citemus
2158 2463 2259 2504 nos
2301 2458 2563 2521 quantum
2589 2467 2898 2525 possumus,
2943 2463 3001 2511 et
3041 2470 3232 2515 somno
3268 2456 3480 2513 inertiae

1891 2541 2090 2596 veteris
2130 2541 2360 2613 abrupto
2406 2544 2477 2599 ad
2515 2545 2855 2603 observanda
2898 2555 2954 2603 et
2993 2547 3229 2619 gerenda
3263 2549 3477 2605 Domini

1892 2640 2160 2704 prmcepta
2202 2634 2487 2706 vigilemus
2528 2654 2541 2690 :
2585 2636 2756 2693 simus
2795 2637 2933 2697 tales
2976 2638 3165 2711 quales
3202 2654 3324 2696 esse
3367 2640 3482 2711 ipse

1893 2723 2050 2780 nobis
2087 2726 2336 2797 praecipit
2372 2727 2599 2785 dicens:
2653 2728 2777 2784 Sint
2814 2729 2985 2786 lumbi
3009 2731 3175 2787 vestri
3199 2731 3483 2805 praecincti

1893 2824 1949 2875 et
1988 2816 2221 2873 lucernae
2255 2819 2531 2887 ardentes,
2575 2830 2633 2876 et
2673 2837 2768 2877 vos
2808 2821 3012 2878 similes
3052 2822 3363 2881 horninibus
3389 2840 3483 2880 ex-

1895 2910 2266 2987 spectantibus
2287 2910 2565 2967 dominum
2588 2928 2749 2971 suum
2770 2914 2989 2985 quando
3009 2915 3193 2971 veniat
3208 2930 3239 2971 a
3259 2917 3481 2986 nuptiis,

1894 3011 1957 3061 ut
2001 3018 2127 3059 cum
2169 3004 2383 3059 venerit
2419 3014 2474 3060 et
2516 3004 2814 3075 pulsaverit
2851 3005 3101 3079 aperiant
3126 3006 3177 3063 ei
3203 3004 3354 3079 (Luc.
3385 3023 3480 3073 xu,

210 2917 489 2975 vinculum
535 2934 729 2977 omnes
771 2921 972 2978 debent
1022 2923 1183 2981 simul
1230 2924 1438 2995 praelati
1487 2932 1543 2981 et
1592 2925 1794 2983 subditi

211 3010 272 3065 in
309 3008 415 3067 ﬁde
454 3018 510 3067 et
550 3010 841 3070 dilectione
873 3029 971 3085 per
1007 3016 1189 3073 omnia
1224 3031 1468 3084 servare,
1508 3018 1636 3090 quia
1677 3019 1796 3075 sine

210 3115 350 3173 pace
396 3117 504 3159 non
549 3105 842 3177 suscipitur
885 3108 1187 3167 εωοηιοιξε
1231 3109 1430 3176 grano,
1482 3126 1584 3167 nec
1620 3111 1829 3181 plebis.
1896 3096 2008 3169 '55).
2041 3116 2060 3151 ι
2112 3097 2211 3153 Et:
2236 3116 2256 3151 α
2280 3097 2430 3153 Beati
2453 3098 2597 3154 servi
2640 3097 2715 3153 illi
2751 3113 2889 3170 quos
2912 3099 3209 3156 adveniens
3231 3098 3485 3157 dominus

212 3193 439 3253 oblatio.
487 3194 545 3253 Si
585 3212 720 3268 ergo
759 3198 1009 3257 volumus
1046 3200 1496 3259 νεισοῑιοτιυθο
1521 3203 1792 3271 exaudiri,
1826 3255 1866 3271 Α
1895 3190 2167 3251 invenerit
2203 3194 2490 3265 vigilantes
2541 3192 2704 3267 (Ibid.
2732 3211 2781 3249 υ.
2810 3194 2926 3268 57).
2969 3213 2990 3247 ι
3054 3192 3345 3255 Accinctus
3386 3211 3485 3251 nos

211 3294 274 3342 et
296 3297 576 3360 gratanter
598 3255 823 3351 munera
863 3255 1067 3351 nosti-av
1091 3255 1509 3368 ,
1821 3255 1867 3320 θ
1896 3295 2112 3359 oportet
2139 3255 2288 3354 esse:
2314 3302 2381 3342 ne
2411 3302 2536 3343 cum
2549 3255 2924 3363 expeditionis
2963 3286 3080 3343 dies
3114 3287 3354 3354 venerit,
3386 3288 3484 3343 im-

212 3382 401 3451 utique
436 3383 490 3440 in
515 3400 650 3456 pace
683 3388 1011 3444 conversari.
1058 3389 1139 3446 De
1168 3403 1279 3460 quo
1308 3405 1411 3447 nos
1445 3390 1562 3462 ipsa
1584 3389 1799 3448 Veritas
1897 3378 2110 3450 peditus
2142 3376 2505 3449 etimplicitos
2547 3374 2936 3449 apprehendat.
2982 3375 3188 3434 Luceat
3228 3378 3287 3437 in
3326 3377 3485 3435 bonis

213 3472 491 3533 instruere
530 3477 747 3549 dignata
780 3488 903 3536 est:
937 3500 955 3533 ς
991 3480 1053 3536 Si
1095 3480 1293 3549 often;
1343 3483 1551 3555 inquit,
1602 3499 1799 3540 munus
1899 3473 2153 3545 operibus
2180 3473 2511 3530 desiderium
2541 3482 2789 3531 nostrum
2816 3473 2998 3531 iumen
3024 3482 3185 3546 atque
3211 3473 3483 3547 eﬁ‘ulgcat,

212 3578 371 3622 tuum
405 3576 528 3624 ante
560 3570 751 3637 altare,
780 3580 834 3626 et
856 3572 928 3627 ibi
950 3574 1268 3632 recordatus
1292 3574 1459 3633 fueris
1478 3577 1605 3647 quia
1630 3577 1821 3633 frater:

209 3666 345 3714 tuus
380 3659 544 3715 habet
580 3660 780 3731 aliquid
818 3662 1103 3719 adversum
1134 3676 1211 3732 te,
1236 3665 1479 3736 relinque
1506 3667 1579 3723 ibi
1605 3683 1800 3722 munus

212 3756 375 3807 tun‘m
415 3760 542 3807 ante
587 3752 758 3809 altare
804 3762 858 3809 et
896 3755 1034 3811 vade
1074 3756 1227 3827 prius
1265 3757 1605 3813 reconciliari
1644 3757 1801 3813 fratri

215 3847 337 3907 tuo,
385 3850 442 3897 et
480 3851 607 3898 tunc
649 3843 870 3901 veniens
912 3844 1105 3902 oﬁ'eres
1149 3862 1344 3903 munus
1388 3855 1537 3903 tuum
1585 3847 1801 3920 (Matth.

216 3953 275 3999 v,
315 3935 431 4008 2'5).
464 3956 483 3989 ο
532 3935 669 4004 Quia
714 3952 844 4010 ergo
885 3939 1151 3997 unitatem
1190 3948 1435 3997 nostram
1477 3951 1532 3997 et
1573 3956 1801 3998 concor-

218 4030 365 4086 diam
388 4028 532 4086 Deus
556 4031 847 4099 desiderat,
877 4032 1111 4089 ostendit
1138 4032 1253 4106 ipse
1274 4032 1525 4091 Salvator
1548 4032 1605 4089 in
1630 4033 1797 4090 Evam

215 4123 361 4197 gelio
388 4122 452 4179 ad
474 4123 691 4181 Patrem
718 4126 793 4181 ita
814 4126 1079 4198 loquens:
1110 4147 1129 4179 ι
1158 4127 1343 4194 Pater,
1370 4127 1568 4200 inquit,
1595 4136 1800 4192 sancte,

218 4233 381 4274 serva
423 4234 517 4276 eos
557 4219 612 4275 in
656 4220 877 4276 nomine
914 4231 1005 4276 tuo
1047 4236 1183 4293 quos
1225 4222 1418 4278 dedisti
1446 4222 1581 4277 mihi
1607 4230 1667 4277 ut
1696 4222 1805 4278 sint

216 4327 390 4366 unum
431 4312 573 4368 sicut
612 4320 667 4369 et
705 4328 803 4369 nos
828 4312 1010 4385 (Joan.
1038 4328 1174 4381 xm,
1202 4313 1311 4385 ll).
1342 4334 1360 4367 ι
1406 4314 1560 4373 Unde
1586 4322 1642 4371 et
1664 4315 1807 4386 Apo-

216 4404 397 4461 stolus
421 4404 608 4463 ﬁdeles
628 4408 878 4464 hortatur
899 4407 1114 4464 dicens:
1139 4429 1156 4461 ‹
1178 4408 1416 4465 Obsecro
1443 4424 1559 4475 vos,
1587 4408 1804 4474 fratres,

217 4506 284 4551 ut
324 4497 557 4569 idipsum
602 4500 826 4571 sapiatis
859 4508 917 4556 et
948 4518 1115 4559 unum
1148 4502 1344 4558 dicatis
1380 4516 1567 4558 omnes
1598 4499 1654 4573 (1
1679 4499 1800 4557 Cor.

1899 3578 1961 3623 ut
2002 3569 2176 3639 ipsum
2217 3567 2398 3623 lumen
2439 3582 2541 3624 nos
2580 3569 2648 3624 ad
2686 3567 2864 3627 lucem
2890 3567 3155 3627 claritatis
3176 3579 3392 3627 aeternae
3417 3568 3483 3625 de

1901 3656 2005 3712 hac
2047 3656 2228 3713 saeculi
2272 3665 2433 3715 nocte
2472 3655 2771 3727 perducat,
2813 3669 2923 3727 quo
2961 3670 3087 3713 cum
3126 3654 3367 3722 Christo,
3392 3657 3483 3729 qui

1902 3758 1987 3805 est
2007 3764 2151 3805 vera:
2182 3748 2332 3819 pacis
2370 3756 2587 3815 auctor,
2627 3756 2684 3803 et
2715 3761 2837 3803 cum
2872 3748 3078 3805 sanctis
3113 3745 3318 3819 angelis
3344 3744 3483 3816 ejus,

1904 3850 2105 3896 aiterna
2146 3855 2279 3911 pace
2321 3847 2379 3895 et
2421 3846 2681 3911 perpetua
2719 3836 2979 3895 felicitate
3020 3835 3284 3893 fruamur.

2354 3996 2430 4054 De
2466 3998 2653 4052 virtute
2684 3995 3035 4052 continentia.

1974 4135 2045 4192 Et
2081 4142 2138 4190 ut
2174 4134 2279 4191 hoc
2320 4139 2569 4204 prompte
2602 4130 2822 4189 efﬁcere
2856 4131 3128 4204 possimus
3161 4129 3485 4189 studendum

1905 4226 2063 4283 nobis
2107 4232 2193 4282 est
2244 4233 2307 4280 ut
2357 4239 2634 4281 sacrarum
2701 4225 2963 4279 virtutum
3026 4222 3279 4280 solatium
3332 4221 3489 4279 nobis

1908 4319 2279 4391 acquiramus,
2319 4325 2377 4372 et
2415 4316 2559 4371 viam
2612 4314 2839 4384 iustitia:
2880 4322 2936 4370 ct
2975 4314 3223 4371 veritatis
3264 4327 3488 4384 pergere

1906 4427 2162 4471 curemus
2184 4451 2200 4477 ,
2258 4418 2525 4481 quatenus
2564 4407 2803 4465 hostium
2853 4404 3217 4478 spiritualium
3266 4404 3491 4460 insidias

1908 4514 1964 4561 et
2008 4502 2296 4559 tumultum
2334 4500 2590 4557 vitiorum
2628 4513 2726 4570 per
2768 4499 2865 4554 Dei
2908 4498 3143 4571 gratiam
3179 4496 3332 4553 illaesi
3363 4510 3488 4552 eva-

218 4603 262 4653 ι,
295 4588 374 4661 x).
411 4608 430 4641 ι
477 4580 549 4645 Εἰ
583 4592 750 4668 item:
788 4612 805 4644 ι
835 4592 965 4650 Non.
992 4595 1086 4659 sit,
1124 4594 1321 4665 inquit,
1364 4594 1509 4650 inter
1536 4608 1632 4649 vos
1660 4592 1808 4648 zelus
1838 4597 2137 4676 Ddcntes,
2203 4594 2271 4651 ad
2327 4593 2604 4651 cmlestem
2648 4590 3038 4649 beatitudinem
3081 4588 3484 4661 perveniamus.

218 4688 281 4736 et
306 4683 600 4751 contentio,
624 4685 801 4739 omnis
826 4686 1151 4753 amaritudo,
1186 4694 1243 4742 et
1272 4686 1376 4752 ira,
1402 4693 1457 4741 et
1482 4684 1807 4756 indignatio,

218 4781 277 4828 ct
320 4773 549 4841 clamor,
580 4786 636 4831 et
656 4776 990 4848 blasphemia
1014 4778 1230 4833 tollatur
1252 4793 1283 4833 a
1306 4777 1477 4843 vobis,
1506 4792 1631 4834 cum
1655 4777 1804 4832 omni

218 4868 434 4925 malitia
456 4868 671 4943 (Ephes.
701 4888 774 4937 iv,
795 4871 904 4943 5i).
932 4892 949 4924 ι
988 4872 1117 4927 item
1142 4872 1270 4929 alibi
1292 4873 1399 4927 ait:
1423 4891 1441 4923 r
1465 4869 1806 4927 Sustinentcs

220 4959 458 5016 invicem
503 4962 557 5017 in
598 4964 862 5021 charitate
901 4965 1115 5021 solliciti
1152 4979 1371 5022 servare
1402 4964 1667 5023 unitatem
1695 4966 1806 5037 spi-

218 5053 371 5109 ritus
408 5052 463 5109 in
496 5057 715 5112 vinculo
749 5058 937 5129 pacis:
980 5076 1146 5115 unum
1185 5075 1384 5131 corpus
1423 5070 1479 5116 et
1520 5077 1661 5117 unus
1696 5061 1806 5132 spi-

219 5146 392 5213 ritus,
419 5148 558 5203 sicut
578 5151 753 5206 vocati
785 5152 917 5208 estis
947 5152 1002 5207 in
1028 5167 1135 5207 una
1171 5168 1265 5223 spe
1288 5154 1588 5211 vocationis
1613 5162 1806 5212 vestra:

223 5238 424 5311 (Ibid.,
449 5258 494 5296 υ.
521 5239 598 5315 5).
627 5262 646 5295 ›
675 5241 800 5300 Hzec
839 5244 1021 5314 itaque
1054 5246 1379 5303 unanimitas
1414 5248 1514 5302 sub
1548 5247 1808 5318 apostolis

222 5332 362 5386 olim
401 5330 537 5389 fuit:
581 5334 722 5391 sicut
761 5351 933 5393 novus
968 5338 1301 5393 credentium
1332 5338 1563 5409 populus
1594 5338 1807 5396 Domini

223 5424 488 5481 mandata
529 5428 860 5495 custodiens,
903 5430 1223 5487 charitatem
1262 5447 1414 5489 suam
1446 5432 1639 5497 tenuit,
1684 5447 1808 5503 pro-

222 5517 330 5573 bat
369 5516 647 5591 Scriptura
674 5538 795 5593 qua:
817 5522 986 5579 dicit:
1017 5542 1036 5575 ι
1067 5523 1247 5580 Turba
1281 5533 1463 5581 autem
1494 5540 1683 5582 eorum
1718 5524 1810 5594 qui

222 5611 578 5669 crediderant
612 5616 790 5672 anima
815 5626 869 5673 et
909 5628 1090 5675 mente
1129 5635 1234 5675 una
1276 5620 1522 5691 agebant.
1565 5638 1584 5673 ι
1620 5619 1689 5675 Et
1713 5619 1814 5675 ite«

224 5722 395 5762 runt:
431 5724 451 5758 ί
482 5708 549 5763 Ει
586 5721 743 5768 erant
766 5726 1172 5785 perseverantes
1205 5730 1395 5772 omnes
1434 5713 1717 5768 unanimes
1756 5712 1810 5767 in

222 5802 483 5861 oratione
522 5821 643 5861 cum
670 5808 985 5865 mulieribus
1005 5816 1062 5865 et
1082 5808 1247 5863 Maria
1284 5822 1405 5877 qua:
1434 5804 1611 5862 fuerat
1638 5810 1814 5861 mater

222 5897 389 5968 Jesu,
411 5908 469 5955 et
507 5898 765 5960 fratribus
804 5901 920 5973 ejus
948 5902 1085 5978 (Act.
1114 5920 1151 5969 ι,
1186 5899 1293 5975 η).
1323 5920 1344 5954 ι
1391 5900 1459 5956 Et
1485 5899 1604 5955 ideo
1627 5896 1814 5953 efﬁca—

1911 4690 1997 4747 Ad
2033 4688 2177 4761 quod
2220 4687 2607 4759 perﬁciendum
2638 4684 2973 4742 continentia
3011 4691 3202 4740 contra
3241 4682 3486 4751 concupi.

1914 4784 2150 4841 scentias
2203 4782 2385 4839 carnis
2443 4788 2501 4837 et
2550 4778 2834 4835 illecebras
2871 4777 3205 4849 voluptatum
3253 4775 3488 4833 maxime

1912 4877 2069 4933 nobis
2093 4874 2403 4931 necessaria
2444 4879 2546 4928 est.
2596 4870 2751 4926 Unde
2774 4884 2874 4925 nos
2913 4868 3192 4938 Scriptura
3230 4866 3488 4923 admonet

1911 4971 2133 5028 dicens:
2166 4986 2185 5020 t
2218 4965 2345 5022 Post
2381 4960 2846 5033 concupiscentiae
2890 4967 3009 5015 tuas
3048 4975 3155 5017 non
3191 4974 3318 5026 eas,
3362 4968 3418 5016 et
3454 4976 3485 5016 a

1909 5062 2186 5119 voluntate
2230 5066 2323 5112 tua
2360 5062 2563 5110 averte.
2612 5050 2673 5107 Si
2710 5058 2936 5121 prmstas
2978 5049 3171 5105 anima;
3212 5058 3316 5109 tua:
3354 5065 3484 5109 con-

1908 5152 2297 5227 cupiscentiam
2340 5149 2494 5219 ejus,
2543 5145 2707 5202 faciet
2749 5153 2802 5199 te
2845 5144 2900 5199 in
2944 5144 3201 5216 gaudium
3248 5143 3485 5201 inimicis

1909 5249 2018 5305 tuis
2061 5245 2251 5320 (Eccli.
2289 5258 2447 5309 xvm,
2480 5239 2593 5313 30).
2623 5259 2645 5294 ι
2708 5237 2877 5294 Arnor
2911 5238 3053 5295 enim
3098 5238 3257 5295 istius
3298 5238 3481 5295 mundi

1906 5339 2052 5414 parit
2090 5335 2428 5393 inimicitiam
2468 5331 2585 5387 Dei.
2651 5328 2806 5387 Unde
2846 5328 3106 5398 scriptum
3145 5335 3270 5385 est:
3316 5344 3335 5377 ι
3380 5325 3483 5394 Qui

1909 5431 2025 5486 vult
2062 5443 2185 5485 esse
2225 5426 2435 5482 amicus
2474 5419 2634 5491 hujus
2670 5417 2887 5487 saeculi,
2926 5418 3181 5475 inimicus
3217 5415 3313 5471 Dei
3352 5430 3482 5471 con-

1912 5521 2155 5580 stituitur
2194 5517 2336 5591 (Jac.
2362 5529 2439 5581 tv,
2465 5511 2545 5586 4).
2576 5532 2595 5566 ι
2646 5510 2761 5567 Hoc
2800 5509 2945 5569 enim
2989 5505 3265 5578 apostolus
3306 5506 3485 5561 sciens

1912 5613 2148 5671 Joannes
2180 5608 2471 5682 persuadet
2510 5606 2665 5662 nobis
2701 5612 2757 5660 et
2794 5602 2926 5659 dicit
2957 5619 2972 5656 :
3007 5617 3028 5652 ι
3058 5597 3234 5654 Nolite
3262 5598 3484 5669 diligere

1915 5708 2193 5771 mundum,
2231 5718 2338 5761 non
2367 5709 2453 5758 est
2487 5698 2727 5756 cbaritas
2745 5693 2927 5750 Patris
2962 5691 3016 5746 in
3048 5704 3146 5755 eo,
3171 5689 3299 5760 quia
3325 5703 3486 5744 omne

1914 5799 2059 5871 quod
2102 5799 2156 5853 in
2202 5795 2402 5851 mundo
2439 5799 2525 5848 est
2564 5783 2999 5858 concupiscentia
3044 5779 3226 5836 carnis
3252 5788 3383 5871 est,
3430 5788 3487 5837 et

1915 5868 2347 5963 concupiscentia
2386 5883 2688 5947 oculorum,
2726 5885 2782 5932 et
2815 5872 3067 5948 superbia
3090 5871 3215 5926 vitae
3241 5868 3293 5944 (1
3316 5868 3478 5927 Ιοαιι.
