3956 6326
426 301 567 360 ηδε

1077 296 1140 354 Β.
1171 291 1426 352 RABANI
1464 286 1685 348 MAURI
1721 284 2044 345 ARCHIEP.
2083 282 2393 343 MOGUNT.
2435 284 2727 344 OPERUM
2757 281 2945 342 PARS
2979 282 3068 341 Ill.

3584 285 3733 345 ηω

426 438 503 488 ιι,
545 420 656 493 15).
689 440 708 475 ι
776 416 891 475 Hoc
928 424 985 473 et
1027 422 1371 486 coapostotus
1414 416 1533 483 ejus
1571 406 1777 465 Paulus
1820 420 2004 462 rursus

2116 405 2281 471 cidia,
2305 403 2591 469 adulteria,
2612 401 3028 468 fornicationes,
3049 420 3069 454 ι
3095 410 3153 458 et
3171 409 3393 458 caetera.
3423 401 3573 461 Cum
3596 421 3735 478 ergo

430 522 615 571 mouet
651 521 706 570 et
748 509 929 567 dicit:
981 527 1001 562 ι
1051 505 1156 576 Qui
1199 512 1388 564 emunt
1430 502 1512 560 sic
1550 501 1662 558 sint
1700 498 1859 571 quasi
1903 512 2015 553 non

426 610 786 682 possidentes,
830 612 888 663 et
923 602 1018 676 qui
1056 604 1163 660 hoc
1202 599 1405 657 mundo
1442 602 1690 660 utuntur,
1718 592 1883 664 quasi
1904 605 2015 646 non

425 708 666 760 utantur.
711 697 963 761 Praeterit
999 695 1146 753 enim
1184 693 1357 765 figura
1396 688 1558 761 hujus
1591 686 1779 744 mundi
1806 686 1863 757 (Ι
1885 682 2008 740 Cor.

424 812 525 864 vn,
551 794 662 865 '50).
698 814 717 847 ι
779 792 935 850 Unde
973 798 1030 847 et
1065 789 1182 862 ipse
1219 786 1471 842 Salvator
1512 782 1567 837 in
1605 778 1866 851 parabola
1913 792 2012 833 sua

426 887 683 955 ostendit,
707 886 853 960 quod
889 883 1089 941 divitiae
1118 889 1176 938 et
1201 878 1509 950 voluptates
1532 872 1715 931 saeculi
1744 869 2013 928 sulfocant

425 988 696 1045 verbum:
736 986 812 1041 ita
855 991 916 1038 ut
956 997 1065 1039 non
1105 978 1246 1035 ferat
1284 975 1539 1031 fructum.
1588 970 1660 1026 Et
1699 968 1828 1026 alibi
1872 981 2012 1039 prte-

391 1114 396 1121 -
427 1085 560 1156 cipit
601 1081 825 1137 dicens:
861 1095 881 1131 ι
912 1076 1015 1145 Qui
1055 1074 1173 1132 vult
1208 1071 1398 1130 venire
1438 1077 1563 1142 post
1600 1080 1690 1122 me
1713 1105 1730 1131 ,
1778 1063 2013 1133 abneget

427 1174 778 1247 semetipsum
812 1180 870 1229 et
902 1169 1051 1228 tollat
1088 1181 1306 1225 crucem
1343 1177 1523 1228 suam,
1547 1167 1603 1217 et
1634 1162 1897 1229 sequatur
1921 1168 2011 1210 me

427 1267 641 1341 (Matth.
665 1282 779 1332 xvi,
804 1263 919 1333 24).
945 1283 963 1315 ι
1000 1261 1071 1317 Et
1096 1260 1259 1316 item:
1284 1277 1304 1310 ι
1325 1255 1427 1325 Qui
1455 1270 1564 1310 non
1589 1247 2009 1312 renuntiaverit,

424 1361 625 1433 inquit,
650 1357 902 1416 omnibus
925 1371 1045 1427 quae
1067 1352 1326 1425 possidet,
1350 1364 1461 1405 non
1498 1352 1680 1419 potest
1711 1357 1866 1399 meus
1887 1352 2011 1396 esse

427 1451 719 1523 discipulus
759 1447 911 1523 (Luc.
939 1462 1052 1513 xw,
1080 1443 1193 1512 5'5).
1230 1464 1248 1497 ι
1300 1442 1428 1498 Haec
1460 1441 1626 1512 igitur
1658 1434 2010 1493 consideran-

428 1556 531 1611 tes,
555 1545 691 1600 bene
728 1541 981 1598 convenit
1014 1547 1074 1595 ut
1109 1535 1509 1610 perpendamus
1547 1538 1810 1603 quantum
1850 1527 2009 1583 nobis

426 1636 736 1692 necessaria
770 1634 843 1689 sit
876 1630 1226 1694 continentia,
1260 1642 1367 1698 per
1407 1638 1568 1696 quam
1610 1620 1812 1679 Christi
1843 1617 2009 1674 disci-

423 1730 651 1801 plinatui
693 1725 944 1798 condigni
986 1723 1052 1780 ad
1093 1736 1319 1792 regnum
1360 1717 1630 1789 possimus
1666 1729 1791 1771 cum
1825 1727 1891 1768 eo
1918 1726 2009 1766 ve-

422 1822 542 1878 nire
577 1828 921 1893 perpetuum.
965 1812 1308 1873 Continentia
1336 1825 1468 1867 vero
1506 1816 1561 1864 et
1599 1806 1869 1864 sobrietas
1898 1818 2005 1859 non

422 1914 479 1969 in
525 1910 642 1968 sola
686 1910 996 1981 integritate
1039 1905 1219 1963 carnis
1259 1900 1526 1959 consistit.
1596 1897 1703 1954 Sed
1745 1895 1909 1953 etiam
1953 1895 2010 1950 in

422 2005 592 2071 cultu,
615 2012 669 2059 et
700 2004 755 2058 in
777 2007 995 2062 ornatu.
1016 1998 1126 2055 vita
1156 1997 1364 2069 pariter
1388 2002 1444 2050 et
1470 1991 1714 2048 moribus
1736 1986 2006 2045 consistit.

420 2097 590 2155 Debet
630 2095 777 2152 enim
814 2092 1187 2163 unusquisque
1223 2088 1508 2145 continens
1544 2082 1819 2140 abstinere
1853 2094 1912 2135 se
1941 2079 2010 2136 ab

419 2190 674 2247 omnibus
715 2186 949 2251 illicitis,
994 2184 1080 2240 his
1122 2188 1302 2237 autem
1344 2194 1466 2250 quae
1503 2173 1652 2233 licita
1688 2179 1816 2231 sunt
1850 2172 2012 2229 debet

419 2299 544 2341 cum
590 2281 853 2338 modestia
902 2286 958 2335 et
1002 2276 1299 2352 sobrietate
1344 2272 1445 2328 uti.
1504 2270 1622 2327 Non
1664 2270 1810 2326 enim
1855 2268 2012 2323 decet

418 2376 791 2432 Christianum
831 2372 1015 2430 saeculi
1054 2370 1221 2426 lucris
1265 2366 1500 2431 inhiare,
1548 2363 1636 2420 cui
1677 2361 2007 2435 promissum

418 2477 503 2525 est
547 2482 776 2539 regnum
818 2464 1085 2521 caeleste:
1131 2460 1229 2517 sed
1270 2473 1369 2515 suo
1412 2457 1644 2513 Domino
1689 2471 1789 2525 per
1828 2453 2008 2510 conti-

416 2560 662 2618 nentiam
699 2558 966 2630 condigne
995 2556 1203 2622 vivere,
1240 2562 1302 2610 ut
1335 2553 1508 2625 possit
1538 2566 1662 2607 cum
1698 2565 1765 2606 eo
1797 2550 1852 2604 in
1883 2564 2009 2619 per-

416 2661 641 2725 petuum
681 2651 938 2723 gaudere.
980 2647 1315 2706 Charitatem
1353 2646 1514 2702 debet
1556 2658 1763 2709 amare,
1804 2644 1868 2698 et'
1898 2640 2009 2696 for-

414 2743 746 2799 nicationem
790 2740 995 2812 fugere,
1035 2754 1145 2794 non
1184 2735 1428 2793 avaritiae
1455 2734 1695 2801 studere,
1738 2732 1833 2790 sed
1857 2732 2007 2788 victu

415 2842 470 2891 et
497 2834 698 2891 vestitu
728 2837 1016 2889 contentus
1044 2844 1185 2896 esse,
1215 2843 1324 2884 non
1350 2824 1658 2898 superbire,
1686 2838 1864 2894 neque
1889 2836 2008 2893 spe-

412 2943 538 2985 rare
578 2926 635 2982 in
681 2927 890 2982 incerto
930 2922 1278 2987 divitiarum,
1327 2919 1424 2976 sed
1463 2916 1742 2974 humiliter
1777 2914 2003 2980 sentire,

413 3028 469 3076 et
502 3017 687 3075 mundi
718 3031 972 3089 pompam
1006 3022 1376 3073 contemnere.
1417 3009 1538 3067 Non
1575 3008 1736 3066 debet
1766 3021 1888 3072 esse
1910 3021 2007 3061 va-

412 3109 668 3181 niloquax
695 3114 750 3165 et
771 3122 1054 3178 arrogans,
1075 3121 1185 3162 non
1208 3103 1465 3170 mendax,
1487 3117 1665 3171 neque
1684 3098 1998 3170 iniuriosus,
2028 3144 2077 3211 α

412 3214 520 3257 non
549 3197 826 3271 bilinguis,
857 3212 966 3252 non
995 3211 1243 3261 susurro,
1271 3210 1379 3250 non
1408 3194 1705 3258 detractor,
1738 3192 1833 3247 sed
1861 3190 2005 3246 veri-

410 3299 581 3347 tatem
610 3290 771 3345 debet
798 3304 867 3344 ex
891 3303 987 3343 ore
1017 3294 1073 3342 et
1100 3286 1264 3343 corde
1286 3283 1556 3357 proferre,
1577 3282 1820 3355 linguam
1847 3297 2005 3338 suam

412 3398 445 3438 a
485 3380 831 3451 multiloquio
868 3387 1173 3450 temperare
1196 3419 1212 3444 ,
1265 3377 1395 3449 quia
1441 3377 1705 3447 scriptum
1737 3383 1859 3431 est:
1893 3393 1912 3427 ι
1942 3373 2005 3429 lu

409 3470 757 3542 multiloquio
800 3486 909 3527 non
956 3468 1182 3542 effugies
1227 3475 1511 3541 peccatum
1540 3465 1725 3540 (Prov.
1758 3484 1816 3535 ι,
1858 3466 1936 3538 9).
1978 3485 1998 3520 ι

410 3565 610 3624 Oculos
638 3573 829 3621 contra
859 3563 1156 3620 vanitatem
1185 3562 1468 3629 claudere,
1508 3560 1752 3617 auditum
1784 3575 1815 3617 a
1845 3575 2000 3616 scur-

410 3657 619 3716 rilitate
642 3664 698 3713 et
722 3656 983 3724 falsitate,
1016 3657 1126 3713 imo
1148 3656 1218 3712 ab
1238 3655 1388 3712 omni
1427 3654 1645 3727 eloquio
1673 3642 1816 3710 malo
1847 3669 2005 3712 aver-

410 3761 548 3818 tere,
577 3749 749 3807 risum
776 3749 1075 3814 excelsum,
1106 3757 1163 3807 et
1186 3765 1475 3807 excussum
1502 3765 1610 3805 non
1638 3763 1843 3817 amare,
1883 3758 2005 3822 gut-

408 3854 502 3900 tur
539 3854 597 3901 et
637 3860 831 3901 nasum
877 3843 947 3901 ad
994 3844 1305 3901 illecebram
1338 3843 1575 3900 dulcium
1609 3844 1857 3901 ciborum
1882 3884 1899 3911 ,
1946 3850 2004 3900 et

410 3937 656 3994 suavium
693 3935 922 3994 odorum
960 3952 1069 3992 non
1108 3935 1341 3992 libenter
1375 3936 1666 4002 adbibere,
1702 3937 1799 3993 sed
1827 3936 2003 4008 magis

407 4031 610 4086 bonum
637 4036 694 4085 et
721 4044 943 4085 suavem
969 4028 1190 4084 odorem
1214 4027 1479 4095 virtutum
1504 4035 1780 4098 appetere.
1812 4027 2003 4084 Manus

409 4134 465 4180 et
489 4123 658 4194 pedes
693 4132 749 4177 et
781 4122 964 4179 omnia
994 4121 1240 4177 membra
1270 4120 1515 4192 corporis
1555 4119 1786 4177 sollicite
1816 4128 2001 4177 custo-

408 4219 562 4285 dire,
607 4233 676 4273 ne
707 4217 842 4272 fiant
868 4231 1020 4272 arma
1048 4215 1352 4287 iniquitatis
1380 4224 1643 4287 peccato,
1692 4216 1786 4273 sed
1826 4218 2000 4288 magis

408 4327 561 4367 arma
586 4309 826 4383 potentia
855 4308 952 4363 Dei
979 4306 1047 4362 ad
1075 4307 1464 4364 destruendum
1493 4309 1794 4380 spiritalem
1826 4310 2001 4365 inimi-

408 4418 553 4459 cum.
606 4400 715 4459 Cor
743 4414 959 4472 quoque
1000 4397 1157 4455 miles
1195 4397 1397 4456 Christi
1436 4400 1599 4455 debet
1645 4409 1771 4457 ante
1816 4401 1998 4457 omnia

2114 498 2183 555 de
2209 497 2389 555 cordis
2415 498 2602 555 radice
2630 497 2842 555 fructus
2872 496 2990 554 sive
3022 497 3150 553 boni
3179 498 3295 554 sive
3323 498 3458 554 mali
3485 512 3729 567 exeant,

2114 606 2336 648 necesse
2393 600 2479 648 est
2533 598 2595 648 ut
2648 593 2888 664 primum
2945 609 3044 650 cor
3097 594 3460 661 mundemus,
3524 593 3733 651 deinde

2114 680 2287 752 ipsam
2315 695 2537 738 carnem
2569 690 2814 738 nostram
2843 697 2943 753 per
2965 681 3171 754 jejunia
3188 725 3206 749 ,
3228 692 3285 739 et
3307 684 3533 756 vigilias
3557 694 3621 740 et
3648 684 3731 739 la-

2113 775 2303 831 borem
2345 776 2532 832 utilem
2580 777 2946 848 castigemus:
2971 793 3041 834 ne
3070 781 3255 836 carnis
3280 779 3456 836 libido
3478 788 3735 836 mentem

2111 868 2374 925 maculet:
2401 866 2613 926 difﬁcile
2635 878 2721 927 est
2745 871 2891 927 enim
2914 880 2976 926 ut
2999 873 3053 927 in
3069 871 3282 928 deliciis
3294 873 3555 930 viventes
3572 889 3737 929 mun-

2112 960 2241 1017 dum
2287 976 2384 1018 cor
2411 962 2671 1018 habeant.
2709 961 2865 1018 Unde
2911 963 3049 1018 dixit
3086 963 3379 1034 Apostolus
3401 963 3459 1037 (Ι
3480 963 3623 1020 Cor.
3652 981 3733 1031 Ix,

2109 1054 2205 1127 27)
2234 1069 2251 1110 :
2286 1073 2307 1108 ί
2336 1054 2558 1129 Castigo
2587 1071 2788 1128 corpus
2823 1073 3041 1123 meum,
3074 1066 3131 1114 et
3163 1059 3414 1115 servituti
3454 1059 3734 1130 subjicio,

2111 1160 2181 1203 ne
2210 1145 2351 1201 forte
2373 1162 2499 1203 cum
2532 1146 2653 1202 aliis
2677 1146 2967 1218 praedicem
2996 1147 3114 1220 ipse
3145 1151 3416 1221 reprobus
3438 1146 3681 1206 eﬂiciar.
3710 1169 3731 1204 ι

2111 1238 2182 1295 Et
2202 1238 2332 1294 item
2361 1257 2372 1292 :
2412 1258 2431 1292 ι
2464 1238 2565 1306 Qui
2594 1239 2777 1306 enim,
2808 1238 3021 1311 inquit,
3050 1248 3180 1297 sunt
3213 1240 3425 1298 Christi
3446 1282 3463 1305 ,
3496 1257 3735 1298 carum

2112 1345 2266 1386 suam
2291 1331 2681 1388 crucifixerunt
2710 1347 2834 1387 cum
2861 1332 3014 1389 vitiis
3036 1341 3095 1390 et
3119 1334 3617 1405 concupiscentiis.
3634 1333 3739 1392 So-

2110 1429 2230 1485 brie
2273 1430 2472 1500 quippe
2512 1436 2569 1485 et
2593 1427 2770 1500 iuste,
2798 1436 2856 1484 et
2878 1429 2980 1501 pie
3010 1428 3253 1486 vivamus
3286 1430 3343 1486 in
3370 1431 3487 1488 hoc
3524 1432 3735 1488 saeculo

2109 1530 2488 1592 exspectantes
2504 1520 2720 1577 beatam
2741 1535 2891 1592 spem
2918 1529 2975 1576 et
2993 1521 3290 1578 adventum
3318 1524 3517 1595 gloria
3540 1527 3733 1597 magni

2110 1611 2206 1668 Dei
2256 1622 2311 1668 et
2355 1611 2654 1669 Salvatoris
2681 1615 2852 1670 nostri
2882 1611 3011 1670 Jesu
3052 1613 3285 1681 Christi,
3311 1618 3409 1688 qui
3444 1617 3607 1673 dedit
3652 1635 3737 1675 se-

2111 1706 2400 1776 metipsum
2434 1721 2534 1775 pro
2558 1706 2719 1762 nobis
2748 1714 2811 1761 ut
2836 1722 2937 1762 nos
2974 1707 3302 1774 redimeret,
3346 1717 3407 1765 et
3457 1711 3531 1765 ab
3580 1716 3731 1769 omni

2038 1770 2087 1833 Β
2112 1770 2399 1867 iniquitate
2431 1770 2717 1852 inundaret
2745 1796 2847 1852 sibi
2878 1797 3136 1869 populum
3166 1770 3577 1872 acceptabilem
3602 1844 3619 1867 τ
3641 1818 3729 1859 se-

2111 1898 2379 1947 ctatorem
2404 1889 2672 1947 bonorum
2697 1906 2959 1962 operum,
2999 1900 3060 1947 ut
3096 1908 3219 1949 cum
3242 1896 3473 1951 venerit
3514 1896 3575 1952 in
3618 1914 3731 1953 ma-

2106 1982 2307 2054 jestate
2334 1999 2454 2049 sua.
2480 1999 2606 2040 cum
2640 1995 2957 2041 sanctorum
2983 1985 3302 2058 angelorum
3324 1987 3605 2049 millibus.
3632 2006 3730 2062 pro

2110 2075 2268 2133 bonis
2298 2074 2600 2139 laboribus,
2630 2083 2688 2130 et
2712 2084 2900 2132 sancta
2931 2079 3347 2136 conversatione
3375 2081 3592 2137 reddat
3630 2099 3729 2139 no-

2110 2170 2197 2227 bis
2217 2170 2441 2241 prasmia
2471 2170 2597 2226 vitae
2623 2178 2869 2235 aeternae,
2892 2171 3072 2241 potius
3108 2188 3272 2242 quam
3310 2189 3419 2244 pro
3454 2174 3727 2231 desiderio

2111 2269 2167 2317 et
2191 2260 2469 2331 voluptate
2489 2260 2777 2332 praesentis
2796 2261 2939 2327 vitm,
2964 2262 3264 2319 cruciatum
3282 2264 3575 2320 retribuat
3596 2283 3729 2323 sem-

2110 2355 2409 2425 piternum.
2446 2374 2466 2406 ι
2500 2352 2573 2409 Ut
2612 2368 2745 2425 ergo
2788 2359 2979 2410 contra
3011 2364 3349 2411 tentamenta
3386 2356 3641 2423 diaboli,
3676 2370 3729 2416 et

2110 2456 2301 2504 contra
2329 2446 2512 2503 carnis
2540 2446 2811 2504 desideria
2840 2447 3092 2505 ordinate
3118 2459 3177 2506 et
3207 2448 3437 2507 fortiter
3483 2468 3729 2525 pugnare

2110 2552 2166 2600 et
2186 2543 2444 2601 resistere
2463 2543 2759 2613 possimus,
2783 2543 3023 2614 primum
3050 2560 3154 2601 nos
3183 2554 3409 2617 oportet
3427 2547 3583 2605 scire
3606 2559 3727 2605 octo

2108 2636 2245 2693 vitia
2279 2651 2400 2694 esse
2434 2637 2793 2709 principalia,
2830 2652 2930 2709 per
2965 2653 3086 2710 quae
3124 2640 3376 2698 diabolus
3422 2642 3724 2700 humum

2109 2744 2282 2803 genus
2304 2744 2656 2802 corrumpere
2679 2738 2738 2785 et
2762 2730 3012 2803 decipere
3035 2734 3219 2806 gestit,
3250 2734 3309 2790 id
3336 2742 3452 2801 est,
3485 2756 3507 2789 ‹
3540 2753 3729 2809 supeb

2108 2824 2257 2881 biam
2290 2838 2415 2880 cum
2443 2837 2588 2878 vana
2614 2822 2810 2895 gloria,
2841 2823 3010 2890 iram,
3044 2824 3342 2891 invidiam,
3388 2828 3721 2895 avaritiam,

2110 2914 2321 2990 gulam,
2352 2914 2660 2981 luxuriam,
2693 2914 3002 2983 tristitiam,
3046 2923 3106 2974 et
3146 2918 3422 2974 acediam.
3460 2940 3481 2973 ι
3520 2919 3599 2976 E:
3640 2922 3722 2977 his

2107 3021 2238 3064 vero
2277 3006 2552 3063 radicibus
2584 3021 2828 3079 propago
2868 3008 3110 3065 omnium
3145 3010 3409 3067 vitiorum
3452 3013 3717 3077 exoritur,

2109 3106 2272 3170 atque
2315 3097 2635 3155 succrescit.
2679 3098 3007 3157 Econtrario
3054 3110 3239 3158 autem
3296 3110 3555 3172 quatuor
3598 3116 3719 3161 sum

2106 3188 2438 3265 principales
2461 3190 2715 3247 virtutes.
2740 3189 2836 3247 Hae
2864 3199 3022 3259 su'nt,
3052 3212 3072 3246 ‹
3097 3194 3395 3265 prudentia
3414 3237 3433 3259 ,
3469 3195 3715 3266 iustitia,

2108 3282 2486 3355 temperantia,
2510 3282 2794 3349 fortitudo,
2818 3297 2885 3339 ex
2916 3283 3117 3355 quibus
3140 3285 3325 3341 omnis
3344 3296 3589 3343 ornatus
3608 3289 3715 3343 vir-

2110 3385 2282 3434 tutum
2307 3376 2584 3449 procedit,
2615 3384 2822 3433 etcum
2860 3378 3059 3449 quibus
3092 3379 3275 3435 divina
3313 3381 3499 3454 gratia
3540 3384 3717 3452 opitu-

2106 3470 2255 3527 lante
2280 3487 2311 3526 a
2336 3471 2541 3527 Christi
2571 3470 2744 3528 milite
2767 3473 2949 3529 omnis
2988 3472 3279 3531 multitudo
3315 3474 3587 3531 vitiorum
3620 3491 3711 3531 πο

2108 3570 2332 3634 peratur
2350 3563 2753 3635 atqueconteri
2762 3572 2875 3619 tur.

2714 3674 2791 3730 De
2823 3677 3090 3748 superbia.

2177 3765 2422 3821 Primum
2449 3781 2687 3840 namque
2714 3768 3009 3840 ignitorum
3037 3768 3273 3826 telomm
3292 3770 3479 3829 hostis
3501 3774 3707 3846 antiqui

2105 3869 2172 3912 ac
2201 3854 2535 3926 praecipuum
2572 3866 2656 3914 est
2694 3858 2988 3929 superbia:
3014 3874 3137 3929 qua:
3163 3860 3488 3933 ubicunque
3527 3864 3710 3920 subiu-

2103 3948 2331 4004 traverit
2376 3949 2619 4006 omnium
2669 3950 2927 4006 vitiorum
2970 3960 3095 4023 post
3143 3968 3203 4009 se
3248 3962 3469 4012 turmas
3522 3959 3705 4013 trahit.

2105 4037 2272 4111 Cujus
2291 4038 2507 4097 soboles
2534 4041 2708 4113 prima
2738 4049 2794 4098 et
2822 4043 2978 4114 quasi
3006 4059 3233 4102 consors
3259 4047 3431 4104 totius
3448 4049 3707 4121 iniquita-

2105 4132 2178 4189 tis
2190 4148 2331 4188 vana
2351 4132 2542 4205 gloria.
2567 4134 2719 4192 Hanc
2738 4151 2953 4208 quoque
2973 4138 3212 4196 maxime
3233 4141 3496 4199 conditor
3520 4156 3707 4202 noster

2104 4229 2424 4286 detestatur.
2454 4230 2610 4288 Unde
2635 4240 2693 4288 et
2720 4232 2786 4287 de
2815 4247 2878 4288 ea
2908 4233 3177 4303 scriptum
3201 4243 3317 4291 est:
3355 4255 3377 4289 ι
3409 4236 3611 4296 Omnis
3632 4257 3713 4294 ar.

2103 4326 2350 4398 rogantia
2373 4326 2708 4382 abominatio
2729 4335 2814 4382 est
2836 4327 2976 4398 apud
2990 4327 3162 4384 Deum
3185 4327 3375 4402 (Prov.
3401 4347 3561 4399 xxvi,
3582 4333 3666 4401 5).
3684 4354 3707 4388 ι

2104 4419 2171 4475 Et
2200 4420 2330 4475 item
2356 4438 2369 4475 :
2402 4438 2421 4472 ι
2460 4419 2686 4477 Odibilis
2715 4436 2900 4477 coram
2930 4423 3156 4479 Domino
3180 4435 3235 4479 et
3271 4425 3600 4484 hominibus
3626 4446 3689 4485 sa

410 4496 640 4588 sollicita
668 4494 934 4588 custodia
960 4508 1178 4549 servare
1194 4535 1224 4588 ._
1261 4492 1519 4588 nefarie
1559 4492 1693 4588 illud
1731 4492 1999 4588 iactantia
2027 4505 2079 4565 D
2103 4509 2290 4581 perbia
2314 4518 2398 4566 est
2427 4509 2600 4583 (Eccl.
2640 4494 2696 4578 ιζ
2727 4512 2804 4581 7).
2844 4531 2863 4565 ι
2900 4511 2969 4569 Et
3000 4513 3172 4570 item:
3203 4534 3223 4567 σ
3259 4515 3539 4588 Superbis
3568 4522 3709 4578 Dens

408 4586 668 4653 extollat,
718 4585 798 4641 ira
843 4581 1177 4641 inﬂammet:
1212 4583 1412 4640 invidia
1452 4583 1726 4655 perforet,
1767 4586 1998 4645 avaritia

411 4677 666 4743 infestet,
713 4677 883 4735 libido
910 4686 1149 4744 exurat,
1197 4677 1421 4734 tristitia
1450 4689 1671 4749 gravet,
1727 4687 1917 4752 torpor
1940 4690 1997 4739 et

410 4769 624 4841 ignavia
649 4777 864 4835 oneret,
885 4778 941 4825 et
964 4785 1033 4825 ne
1062 4768 1213 4835 illud,
1231 4770 1375 4842 quod
1406 4772 1622 4844 gravius
1650 4779 1755 4838 est,
1771 4787 1869 4842 per
1897 4790 2000 4830 no-

409 4861 640 4919 vitatum
678 4862 1129 4932 praesumptiones
1163 4862 1388 4919 haeresis
1421 4864 1654 4920 scindat.
1711 4864 1815 4934 Qui
1853 4867 1998 4923 enim

410 4953 597 5011 cordis
627 4951 837 5009 occulta
862 4967 962 5023 per
987 4955 1376 5011 continentiam
1404 4958 1587 5027 quieta
1615 4972 1837 5016 servare
1862 4974 1997 5016 con-

409 5044 623 5111 tendit,
657 5042 844 5114 utique
878 5052 935 5099 et
973 5046 1219 5102 membra
1259 5048 1505 5119 corporis
1548 5048 1761 5107 facilius
1808 5061 1999 5109 contra

410 5152 610 5211 pravos
650 5143 806 5192 actus
843 5134 1008 5204 foris,
1039 5137 1297 5194 custodit.
1351 5138 1628 5212 Scriptum
1675 5150 1761 5198 est
1803 5144 1948 5199 enim
1980 5163 1994 5200 :

417 5251 437 5285 ι
467 5231 630 5289 Omni
661 5231 908 5288 custodia
935 5247 1093 5289 serva
1122 5249 1220 5289 eor
1247 5230 1398 5290 tuum
1420 5276 1434 5303 ,
1474 5235 1603 5307 quia
1638 5251 1709 5293 ex
1738 5238 1859 5309 ipso
1885 5241 1998 5297 vita

409 5326 657 5398 procedit
683 5323 869 5401 (Prov.
895 5344 972 5395 tv,
998 5326 1111 5401 2'5).
1143 5347 1162 5382 ι
1217 5327 1350 5386 Item
1391 5330 1558 5387 alibi:
1593 5350 1614 5384 α
1647 5331 1793 5390 Mors
1836 5339 1999 5394 sectis

408 5419 695 5478 introitum
726 5420 1097 5477 delectationis
1128 5422 1305 5493 posita
1334 5435 1438 5480 est.
1467 5443 1488 5478 ι
1542 5426 1611 5482 Et
1651 5426 1903 5486 Salvator
1937 5431 1995 5487 in

408 5511 706 5583 Evangelio
730 5530 742 5567 :
778 5531 798 5563 ‹
829 5512 1032 5580 Bonus,
1061 5513 1256 5584 inquit,
1280 5516 1445 5571 homo
1472 5518 1541 5575 de
1567 5519 1712 5575 bono
1742 5521 1997 5581 thesauro

411 5601 593 5657 cordis
621 5602 704 5656 sui
734 5603 945 5671 profert
971 5604 1172 5659 bonum
1192 5646 1207 5670 ,
1255 5615 1310 5661 et
1348 5607 1523 5663 malus
1565 5609 1727 5666 homo
1755 5611 1823 5669 de
1854 5614 1998 5671 malo

414 5692 671 5748 thesauro
690 5695 873 5751 cordis
893 5696 974 5751 sui
998 5696 1204 5766 profert
1223 5697 1424 5754 malum
1442 5699 1657 5769 (Matth.
1674 5720 1730 5769 x,
1746 5705 1860 5777 35).
1886 5726 1903 5758 ι
1929 5706 1998 5763 Et

414 5778 548 5836 item
568 5799 589 5834 ι
609 5782 689 5838 De
711 5783 894 5853 corde,
917 5785 1014 5854 ait,
1034 5797 1235 5844 exeunt
1254 5789 1613 5861 cogitationes
1624 5794 1803 5862 make,
1824 5797 2004 5854 homi~

2104 4602 2332 4669 resistit,
2365 4594 2662 4659 humilibus
2691 4612 2874 4660 autem
2900 4604 2994 4661 dat
3017 4606 3248 4677 gratiam
3275 4607 3424 4678 (Jac.
3450 4627 3540 4676 ιν,
3572 4613 3651 4681 6).
3684 4636 3705 4666 ι

2102 4692 2347 4750 Primum
2381 4694 2580 4766 quippe
2608 4705 2663 4752 et
2695 4694 2994 4751 maximum
3037 4696 3236 4753 diaboli
3275 4710 3576 4769 peccatum
3610 4704 3711 4759 fuit

2104 4785 2379 4856 superbia,
2410 4792 2464 4841 et
2489 4785 2595 4841 hac
2622 4786 2873 4842 homines
2896 4786 3103 4857 primos
3133 4788 3369 4861 decepit.
3389 4791 3556 4850 Unde
3575 4798 3711 4852 scri-

2102 4886 2255 4948 ptum
2292 4885 2377 4934 est
2403 4896 2416 4933 :
2453 4896 2474 4929 ε
2502 4876 2722 4934 Initium
2748 4878 3016 4950 superbiae
3040 4879 3288 4939 homines
3316 4895 3648 4955 apostatare
3675 4904 3707 4943 a

2103 4969 2216 5025 Deo
2247 4968 2397 5033 fecit,
2424 4970 2682 5040 quoniam
2712 4971 2782 5026 ab
2804 4985 2870 5026 eo
2895 4972 2987 5042 qui
3020 4970 3150 5027 fecit
3171 4973 3320 5031 illum
3345 4980 3589 5035 recessit
3612 4996 3711 5037 eor

2100 5060 2250 5131 ejus,
2280 5061 2538 5131 quoniam
2568 5060 2784 5116 initium
2814 5062 2992 5118 omnis
3027 5065 3237 5134 peccati
3278 5076 3367 5123 est
3409 5072 3705 5141 superbia,

2101 5151 2195 5222 qui
2217 5151 2457 5215 tenuerit
2485 5167 2606 5207 eam
2632 5151 3014 5224 adimplebitur
3035 5154 3365 5224 maledictis,
3396 5170 3456 5216 et
3477 5164 3707 5219 subver-

2102 5247 2169 5303 tit
2205 5261 2300 5303 eos
2344 5246 2399 5302 in
2446 5247 2628 5302 tinem.
2672 5245 2970 5318 Propterea
3021 5250 3389 5309 exhonoravit
3436 5256 3706 5315 Dominus

2101 5348 2399 5397 conventus
2419 5339 2707 5407 malorum,
2733 5349 2790 5397 et
2819 5342 3085 5399 destruxit
3104 5359 3201 5401 eos
3220 5362 3401 5418 usque
3426 5349 3484 5405 in
3510 5351 3701 5417 ﬁnem,

2096 5433 2256 5489 sedes
2282 5433 2479 5489 ducum
2502 5433 2860 5503 superborum
2888 5434 3161 5492 destruxit
3192 5436 3337 5495 Deus
3356 5480 3374 5505 ,
3405 5450 3464 5496 et
3506 5445 3703 5500 sedere

2097 5524 2227 5580 fecit
2267 5524 2427 5579 mites
2466 5538 2566 5594 pro
2602 5522 2725 5579 illis.
2758 5524 2988 5582 Radices
3035 5528 3280 5598 gentium
3329 5534 3699 5602 superbarum

2099 5616 2323 5673 arefecit
2342 5617 2507 5684 Deus,
2537 5625 2592 5673 et
2617 5616 2883 5689 plantavit
2902 5620 3135 5676 humiles
3160 5638 3227 5677 ex
3258 5623 3393 5692 ipsis
3412 5628 3696 5695 gentibus.

2100 5709 2298 5764 Terras
2319 5723 2509 5763 eorum
2532 5709 2728 5764 evertit
2749 5710 3035 5777 Dominus,
3055 5720 3113 5766 et
3138 5715 3377 5784 perdidit
3402 5732 3503 5773 eas
3526 5735 3701 5789 usque

2101 5801 2167 5857 ad
2216 5799 2644 5857 fundamentum.
2692 5798 2931 5859 Arefecit
2978 5816 3047 5859 ex
3101 5804 3266 5875 ipsis,
3308 5816 3366 5862 et
3405 5809 3691 5880 dispertii-
