3956 6326
214 409 334 472 12H

1082 407 1172 467 DE
1206 406 1741 467 ECCLESIASTICA
1782 358 2181 467 ntsctmeA.
2222 439 2292 453 —
2322 412 2452 469 me.
2492 411 2578 470 ιιι.

3317 420 3341 478 1
3352 416 3459 473 242

211 528 281 585 dit
320 526 462 593 illos,
495 532 552 582 et
575 537 792 581 cessare
817 523 948 581 fecit
982 524 1303 582 memoriam
1335 540 1525 582 eorum
1555 538 1597 603 ag
1617 531 1781 578 terra.
1810 521 2021 590 Alcm,
2043 534 2098 580 et
2120 539 2220 595 per
2240 526 2505 582 rationem
2534 524 2978 603 intellectualem,
3010 543 3171 599 quam
3211 528 3352 588 Deus
3379 535 3460 589 in-

213 620 439 677 Perdidit
474 618 614 675 Deus
661 619 977 675 memoriam
1032 620 1420 691 superborum,
1464 626 1520 675 et
1563 617 1781 688 reliquit

214 710 519 767 memoriam
554 708 841 765 humilium
876 724 1039 766 sensu
1086 708 1265 782 (Eccl.
1308 727 1380 776 χ,
1429 709 1553 781 M).
1585 728 1604 761 ι
1640 707 1782 776 Qua-

212 812 419 877 propter
476 802 627 859 omni
678 802 813 858 vitio
866 802 1112 859 deterior
1161 809 1246 858 est
1303 802 1556 873 superbia
1600 819 1615 856 :
1657 816 1780 872 qua:

214 914 342 972 saepe
365 904 422 955 et
446 896 514 953 de
537 896 697 953 bonis
721 896 935 953 actibus
963 896 1381 963 nascitur,'dum
1399 896 1563 952 homo
1588 896 1643 951 in
1665 895 1779 951 suis

211 988 356 1045 bonis
401 986 656 1059 operibus
701 985 983 1056 superbit:
1012 994 1069 1041 et
1109 986 1214 1041 hoc
1248 985 1425 1057 perdit
1463 1000 1560 1056 per
1586 999 1779 1055 super-

212 1079 346 1135 biam
397 1077 539 1148 quod
583 1075 773 1132 habuit
814 1091 912 1148 per
955 1077 1298 1133 charitatem.
1351 1076 1482 1133 Item
1536 1078 1781 1133 omnium

210 1170 454 1226 vitiorum
487 1167 842 1224 novissimum
872 1176 958 1223 est
995 1168 1280 1239 superbia,
1307 1155 1434 1239 quia
1465 1167 1591 1222 dum
1616 1167 1781 1223 homo

212 1261 491 1316 virtutibus
514 1268 766 1327 ornatur,
808 1267 863 1315 et
898 1259 953 1315 in
983 1260 1071 1316 his
1102 1260 1385 1332 superbire
1424 1260 1685 1332 cceperit,
1716 1259 1782 1316 de

211 1354 310 1411 alto
336 1354 547 1409 ruinam
573 1352 722 1409 facit.
739 1350 929 1409 Omnis
955 1368 1169 1424 quoque
1194 1353 1425 1424 peccati,
1441 1361 1500 1408 ut
1522 1352 1780 1417 diximus,

213 1443 416 1499 initium
444 1443 717 1514 superbia,
750 1442 881 1497 dum
914 1442 1091 1497 anima
1115 1451 1445 1515 praeceptum
1483 1442 1783 1498 contemnit

211 1536 501 1603 Creatoris,
530 1552 655 1592 mox
681 1536 736 1591 in
762 1536 1050 1605 cujuslibet
1072 1536 1284 1608 peccati
1314 1536 1519 1593 corruit
1546 1534 1778 1591 foveam.

211 1630 336 1686 Nam
359 1630 537 1687 omnis
565 1630 820 1700 superbia
856 1636 1007 1684 tanto
1037 1629 1092 1684 in
1126 1644 1236 1684 uno
1271 1629 1449 1700 jacet,
1481 1637 1684 1699 quanto
1723 1643 1784 1684 se

212 1726 263 1781 in
287 1726 451 1781 altum
479 1724 671 1796 erigit,
701 1732 959 1794 tantoque
980 1723 1298 1795 profundius
1326 1723 1545 1789 labitur,
1581 1732 1784 1794 quanto

209 1818 467 1876 excelsius
492 1817 758 1874 elevatur.
775 1816 877 1884 Qui
899 1816 1045 1872 enim
1063 1831 1162 1887 per
1178 1816 1456 1888 propriam
1474 1815 1784 1885 superbiam

205 1910 484 1977 attollitur,
498 1924 597 1980 per
610 1908 707 1965 Dei
728 1909 992 1980 justitiam
1014 1886 1318 1965 damnatur.
1351 1907 1500 1963 Unde
1525 1907 1785 1978 scriptum
1813 1886 1862 1948 Β

206 2013 328 2062 est:
364 2022 383 2056 ι
420 2003 562 2059 Ante
600 2003 815 2058 ruinam
854 2001 1091 2058 hominis
1124 2000 1392 2057 exaltatur
1419 1999 1643 2069 spiritus
1672 1999 1790 2070 ejus

207 2095 387 2171 (Prov.
407 2111 525 2163 xvr,
555 2094 666 2168 l8).
699 2115 718 2149 ι
743 2094 911 2168 Igitur
932 2094 1067 2150 nihil
1084 2094 1259 2167 magis
1279 2092 1592 2150 Christiano
1613 2092 1792 2148 vitam

205 2194 329 2249 dum
361 2199 448 2249 est
491 2206 656 2262 quam
708 2190 995 2261 superbia,
1018 2205 1139 2260 quae
1182 2189 1319 2245 iram
1364 2187 1462 2244 Dei
1508 2195 1785 2260 provocat.

203 2282 339 2339 Nam
385 2281 639 2352 superbia
672 2295 741 2336 ex
772 2280 979 2351 angelis
1010 2281 1283 2337 daemones
1315 2278 1474 2346 fecit,
1515 2280 1791 2337 humilitas

204 2386 384 2432 autem
412 2374 662 2431 homines
691 2374 896 2430 sanctis
930 2373 1134 2446 angelis
1167 2373 1371 2429 similes
1408 2371 1657 2429 reddidit.
1684 2372 1790 2429 Su-

202 2468 356 2541 perbi
391 2467 615 2538 cupiunt
639 2466 694 2523 in
723 2482 781 2522 se
808 2466 1093 2538 praedicari
1120 2466 1262 2537 quod
1286 2480 1392 2521 non
1434 2464 1658 2532 faciunt,
1689 2466 1790 2520 hu-

203 2562 361 2618 miles
405 2560 681 2633 rel'ugiunt
724 2559 985 2631 quidquid
1025 2558 1153 2615 boni
1201 2567 1497 2631 operantur
1545 2560 1785 2631 agnosci.

130 2711 153 2720 _
202 2656 323 2712 Non
342 2655 584 2712 elevetur
606 2668 736 2726 ergo
760 2653 995 2709 homoin
1022 2654 1167 2710 bono
1192 2666 1312 2719 suo,
1332 2667 1433 2709 nec
1452 2652 1663 2707 laudem
1685 2652 1789 2708 sibi

201 2757 412 2822 quaerat
432 2748 682 2820 quamvis
704 2744 905 2817 aliquid
926 2746 1051 2802 boni
1069 2744 1254 2813 faciat,
1276 2746 1370 2802 sed
1388 2745 1558 2802 Deum
1580 2745 1789 2803 laudari

201 2842 392 2913 cupiat
430 2841 487 2896 in
518 2841 674 2897 donis
700 2841 815 2896 suis
843 2840 938 2911 qui
984 2837 1117 2894 nihil
1155 2839 1284 2895 boni
1328 2837 1462 2894 facit
1504 2839 1609 2895 nisi
1645 2841 1791 2911 quod

201 2933 349 2989 Deus
376 2931 599 2988 donavit
626 2931 677 2986 ei
705 2929 888 2987 facere
913 2949 928 2985 :
965 2929 1111 2986 unde
1149 2931 1215 2986 ad
1243 2945 1368 2985 eum
1395 2939 1588 2987 cuncta
1632 2931 1792 2989 debet

201 3024 414 3084 referre
439 3039 559 3097 qua:
585 3025 724 3081 bene
751 3023 902 3090 facit,
929 3037 1037 3080 non
1066 3023 1135 3079 ad
1156 3023 1523 3097 semetipsum.

895 3164 977 3221 De
1005 3164 1112 3220 ira.

1883 617 2016 673 serit
2043 616 2316 679 mentibus
2342 616 2623 685 humanis,
2656 625 2711 674 et
2742 600 2842 690 per
2873 619 3302 678 recordationem
3339 637 3465 680 ora-

1883 711 2044 768 tionis
2092 710 2388 767 Dominicat
2430 711 2522 767 ubi
2563 711 2676 767 Deo
2715 710 2951 766 dicitur:
2986 730 3005 763 ι
3044 710 3263 769 Dimitte
3304 714 3465 770 nobis

1882 805 2063 862 debita
2109 814 2295 862 nostra
2342 805 2484 861 sicut
2529 815 2585 860 et
2627 820 2728 861 nos
2767 805 3089 862 dimittimus
3130 807 3463 864 debitoribus
3530 876 3539 885 ν

1880 899 2100 955 nostris.
2130 918 2150 952 ›
2185 898 2523 968 Quapropter
2541 897 2586 953 si
2610 897 2751 953 illam
2774 912 3039 953 summam
3065 898 3233 954 divini
3255 899 3461 970 praemii

1882 990 2126 1062 cupimus
2171 990 2434 1062 adipisci,
2485 991 2552 1045 de
2600 1005 2707 1060 quo
2743 989 2962 1057 dicitur,
3017 1010 3037 1043 ι
3081 990 3232 1046 Beati
3263 993 3464 1049 mundo

1882 1087 2066 1151 corde,
2091 1085 2346 1155 quoniam
2381 1084 2483 1155 ipsi
2509 1084 2681 1140 Deum
2708 1085 2969 1141 videbunt
2995 1086 3215 1160 (Matth.
3245 1105 3298 1157 v,
3327 1089 3408 1159 8),
3437 1108 3459 1143 ι

1882 1192 1990 1234 non
2028 1175 2199 1232 solum
2239 1175 2355 1232 haec
2379 1191 2411 1232 e
2439 1176 2641 1232 nostris
2680 1177 2934 1234 cordibus
2972 1178 3301 1251 amputanda
3349 1188 3463 1249 est,

1881 1273 1978 1327 sed
2001 1272 2165 1327 etiam
2194 1270 2260 1326 de
2293 1269 2523 1326 internis
2551 1271 2746 1327 animae
2792 1271 3066 1329 radicibus
3094 1274 3462 1344 exstirpanda.

1881 1362 2000 1421 Non
2026 1362 2171 1418 enim
2201 1361 2358 1417 valde
2401 1362 2644 1432 proderit
2690 1362 2985 1419 iracundiae
3023 1362 3291 1420 cohibitus
3319 1364 3468 1420 furor

1882 1456 1938 1511 in
1965 1455 2154 1520 verbo,
2178 1468 2279 1510 nec
2302 1454 2356 1509 in
2383 1453 2634 1509 effectum
2673 1454 2915 1525 prolatus
2938 1495 2955 1521 ,
2988 1454 3035 1510 si
3075 1454 3217 1510 illam
3255 1455 3469 1511 arcanis

1880 1549 2116 1620 pectoris
2136 1547 2309 1603 nostri
2338 1547 2501 1613 Deus,
2529 1563 2690 1619 quem
2733 1555 2943 1604 secreta
2968 1547 3210 1605 cordium
3247 1564 3354 1604 non
3384 1547 3466 1603 la-

1883 1648 2021 1708 tent,
2063 1640 2239 1697 inesse
2277 1641 2634 1715 perspexerit.
2666 1641 2831 1709 Quasi
2858 1656 2986 1697 vero
3023 1641 3279 1697 universa
3318 1642 3469 1696 viru-

1883 1734 2030 1789 lenta
2052 1732 2382 1804 serpentium
2405 1747 2606 1804 genera
2631 1731 2719 1787 vel
2741 1731 2980 1788 ferarum
2999 1773 3014 1799 ,
3041 1747 3164 1789 cum
3196 1732 3249 1787 in
3283 1731 3471 1786 solitu-

1889 1829 2013 1885 dine
2038 1829 2257 1899 suisque
2284 1827 2552 1883 cubilibus
2578 1827 2935 1882 immorantur
2974 1825 3193 1881 innoxia
3222 1838 3471 1896 perseve-

1890 1928 2039 1986 rent,
2072 1934 2174 1975 nec
2200 1927 2378 1974 tamen
2421 1933 2488 1974 ex
2516 1933 2582 1974 eo
2618 1916 2957 1989 pronuntiari
2991 1922 3218 1986 possunt
3254 1913 3472 1969 innoxia

1888 2012 2016 2081 quia
2046 2009 2178 2066 nulli
2201 2016 2451 2066 noceant.
2480 2007 2595 2065 Hoc
2621 2008 2767 2064 enim
2795 2008 2877 2064 eis
2914 2022 3020 2063 non
3056 2006 3281 2063 affectus
3319 2004 3474 2061 boni-

1889 2105 2053 2172 tatis,
2092 2104 2186 2160 sed
2225 2103 2526 2159 necessitas
2572 2101 2879 2158 solitudinis
2923 2101 3151 2156 confert.
3182 2098 3313 2168 Quae
3349 2114 3472 2155 cum

1888 2196 2114 2253 laedendi
2146 2205 2310 2252 nacta
2348 2194 2553 2250 fuerint
2580 2195 2828 2267 copiam:
2856 2195 2910 2249 in
2940 2193 3248 2265 semetipsis
3277 2207 3473 2249 recon-

1889 2287 2061 2344 ditum
2095 2287 2278 2353 virus,
2320 2294 2376 2341 et
2418 2286 2614 2342 animae
2642 2284 2917 2343 feritatem
2957 2285 3207 2358 protinus
3246 2292 3474 2358 egerunt

1889 2390 2053 2452 atque
2098 2382 2490 2438 demonstrant.
2536 2379 2767 2436 Radices
2811 2380 2959 2436 enim
3005 2379 3263 2435 vitiorum
3295 2380 3475 2451 potius

1888 2472 2065 2531 excidi
2098 2471 2343 2545 praecipit
2370 2470 2717 2542 evangelicus
2743 2486 2923 2527 sermo
2947 2486 3110 2541 quam
3138 2469 3349 2526 fructus
3378 2470 3475 2540 qui

1886 2563 2075 2637 procul
2127 2564 2289 2620 dubio
2330 2562 2533 2618 evulsis
2585 2561 2823 2618 fontibus
2866 2576 3205 2634 nequaquam
3249 2561 3477 2618 ulterius

1886 2654 2250 2727 pullulabunt,
2282 2664 2444 2725 atque
2472 2654 2550 2710 ita
2574 2669 2731 2711 mens
2752 2654 2951 2726 poterit
2985 2652 3187 2726 jugiter
3232 2654 3287 2710 in
3327 2654 3475 2710 omni

1887 2747 2151 2822 patientia
2177 2754 2234 2803 et
2260 2747 2551 2803 sanctitate
2577 2747 2794 2813 durare,
2833 2761 2957 2802 cum
2994 2746 3111 2802 haec
3149 2760 3257 2801 non
3294 2747 3360 2802 de
3391 2761 3479 2801 su-

1887 2840 2106 2913 perﬁcie
2139 2838 2473 2910 operationis
2501 2846 2557 2894 et
2584 2846 2802 2894 actuum
2823 2877 2841 2904 ,
2871 2837 2967 2893 sed
2990 2836 3057 2893 de
3087 2836 3476 2910 cogitationum

1888 2931 2092 2988 fuerint
2112 2930 2295 2987 evulsa
2315 2928 2704 3000 penetralibus.
2723 2927 2792 2984 Et
2814 2928 3101 2984 idcircone
3118 2926 3474 2983 homicidium

1888 3030 2252 3095 perpetretur,
2284 3021 2390 3086 ira,
2417 3019 2714 3090 odiumque
2759 3019 3094 3076 succiditur:
3124 3019 3242 3075 sine
3278 3018 3475 3090 quibus

1888 3113 2168 3172 homicidii
2198 3113 2386 3168 vitium
2429 3111 2576 3167 nullo
2610 3111 2771 3168 modo
2802 3110 3003 3167 valebit
3039 3110 3272 3165 admitti.
3311 3128 3330 3161 ι
3370 3108 3474 3178 Qui

1891 3208 2143 3265 irascitur
2170 3207 2315 3263 enim
2342 3206 2499 3262 fratri
2521 3222 2640 3275 suo,
2671 3219 2797 3262 reus
2817 3206 2922 3262 erit
2938 3204 3146 3276 judicio
3173 3204 3389 3280 (Matth.
3416 3222 3473 3273 v,

275 3299 415 3355 Dum
457 3314 588 3373 ergo
616 3299 777 3356 miles
811 3297 1179 3356 Christianam
1214 3296 1443 3370 gloriam
1484 3295 1664 3352 studet
1700 3312 1792 3353 ca-
1815 3255 1863 3321 Ο
1891 3300 2005 3374 22).
2035 3298 2138 3367 Qui
2178 3298 2293 3355 odit
2332 3296 2557 3353 fratrem
2603 3255 2761 3354 suum
2808 3255 3082 3355 homicida
3129 3255 3235 3367 est,
3265 3319 3287 3354 ι
3317 3299 3373 3355 in
3414 3255 3481 3354 eo

195 3402 334 3453 vere
367 3409 532 3468 quam
562 3395 685 3453 fons
716 3395 881 3451 totius
902 3393 1033 3450 mali
1062 3393 1313 3466 superbia
1340 3394 1536 3465 edidit,
1568 3409 1793 3451 necesse

196 3490 372 3546 habet
394 3497 456 3544 ut
478 3489 574 3545 irae
597 3488 808 3554 vitium,
845 3487 988 3559 quod
1014 3487 1266 3544 similiter
1292 3486 1480 3543 eadem
1511 3486 1680 3558 pestis
1706 3487 1790 3560 gi-

197 3583 343 3653 gnit,
362 3588 574 3645 caveat,
589 3594 659 3635 ne
682 3595 748 3636 eo
769 3580 826 3633 in
849 3579 1085 3634 furorem
1106 3579 1473 3650 praecipitatus
1493 3579 1793 3635 clementiae

193 3684 258 3731 ct
306 3673 493 3743 pietati
534 3672 631 3728 Dei
676 3673 983 3729 contrarius
1008 3672 1234 3738 existat,
1278 3673 1402 3742 quia
1443 3671 1706 3729 Dominus
1738 3681 1797 3730 et

197 3767 463 3823 Salvator
482 3774 668 3823 noster
699 3780 799 3822 suo
825 3766 994 3821 verbo
1022 3780 1229 3835 suoque
1260 3765 1507 3835 exemplo
1543 3766 1612 3821 ad
1637 3781 1793 3821 man-

197 3860 553 3918 suetudinem
582 3867 638 3915 et
660 3857 982 3931 patientiam
1006 3872 1107 3913 nos
1138 3858 1425 3914 instituens
1446 3857 1541 3914 iraa
1568 3866 1627 3914 et
1645 3857 1797 3915 furo-

199 3952 284 4009 ris
310 3950 666 4022 pertinaciam
692 3949 912 4021 penitus
933 3949 1235 4015 abdicavit,
1260 3957 1322 4004 ut
1352 3950 1456 4005 hoc
1483 3950 1625 4020 quod
1658 3949 1795 4021 legis

198 4045 468 4101 mandato
496 4041 705 4114 impleri
732 4056 840 4097 non
866 4040 1057 4108 valuit,
1087 4041 1364 4113 Evangelii
1389 4055 1797 4097 consummare-

198 4147 298 4194 tur
340 4143 633 4209 praecepto.
655 4134 768 4190 Lex
791 4134 938 4190 enim
974 4133 1324 4189 homicidium
1355 4133 1634 4205 prohibuit
1658 4151 1670 4187 :
1699 4133 1794 4190 sed

198 4230 337 4300 quia
367 4228 516 4283 nasci
554 4227 803 4298 permisit
823 4226 968 4298 quod
997 4224 1347 4281 seminarium
1390 4232 1474 4281 est
1494 4224 1791 4292 homicidii,

200 4323 390 4394 ipsum
414 4322 605 4376 vitium
647 4318 886 4392 perfecte
915 4334 1022 4374 non
1058 4317 1298 4374 abstulit.
1330 4316 1666 4388 Redemptor
1692 4319 1821 4389 ita-g

197 4430 317 4487 que
346 4424 555 4479 noster,
585 4413 679 4485 qui
713 4428 820 4468 non
851 4412 1002 4468 venit
1028 4411 1200 4482 legem
1225 4410 1455 4478 solvere,
1493 4411 1589 4467 sed
1617 4411 1792 4467 adim-

195 4509 379 4580 plere,
404 4508 460 4564 id
481 4508 626 4578 quod
653 4506 710 4561 in
736 4505 856 4579 lege
880 4504 1061 4560 minus
1091 4503 1225 4571 fuit,
1251 4518 1351 4560 sua
1379 4503 1659 4560 sanctione
1692 4504 1794 4559 ad-

1894 3391 2103 3449 scilicet
2124 3406 2233 3463 quo
2251 3403 2375 3446 eum
2397 3388 2562 3446 corde
2581 3388 2766 3461 cupiat
2785 3389 3027 3456 interire,
3052 3389 3207 3462 cujus
3226 3406 3477 3448 cruorem

1892 3484 2108 3558 prepria
2136 3499 2303 3539 manu
2323 3482 2409 3539 vel
2438 3481 2544 3538 telo
2565 3480 2707 3552 apud
2733 3482 2984 3539 homines
3008 3483 3231 3538 minime
3272 3482 3478 3539 fudisse

1892 3576 2257 3649 cognoscitur.
2311 3572 2522 3630 Atl‘ectu
2572 3572 2667 3629 irae
2708 3572 2982 3630 homicida
3028 3573 3408 3647 pronuntiatur
3445 3588 3480 3630 a

1893 3667 2143 3731 Domino,
2166 3666 2294 3737 quia
2317 3680 2422 3720 non
2449 3663 2621 3721 solum
2649 3679 2748 3735 pro
2767 3661 3103 3736 operationis
3131 3664 3324 3722 effectu
3344 3708 3359 3732 ,
3383 3665 3481 3722 sed

1894 3757 2058 3812 etiam
2088 3771 2188 3827 pro
2217 3756 2513 3811 voluntatis
2542 3770 2607 3810 ac
2632 3755 2743 3810 voti
2770 3754 3041 3811 desiderio
3070 3756 3361 3828 unicuique
3387 3765 3481 3813 aut

1892 3848 2178 3921 praemium
2204 3847 2394 3903 reddet
2431 3855 2525 3902 aut
2563 3861 2801 3925 poenam.
2839 3848 3102 3920 Egregius
3133 3865 3265 3906 vero
3293 3851 3479 3907 mundi

1893 3938 2219 4012 praedicator
2244 3938 2410 3994 dicit:
2442 3956 2461 3991 ι
2490 3937 2680 3996 Omnis
2705 3938 3013 3996 amaritudo
3033 3949 3089 3996 et
3112 3940 3216 4009 ira,
3241 3953 3296 3998 et
3333 3942 3475 3998 indi-

1894 4033 2100 4105 gnatio,
2150 4042 2207 4089 et
2245 4032 2453 4088 clamor
2499 4042 2557 4088 et
2604 4032 2941 4104 blasphemia
2976 4030 3199 4089 tollatur
3247 4048 3279 4088 a
3324 4033 3479 4090 vobis

1895 4124 2112 4201 (Ephes.
2154 4143 2229 4195 ιγ,
2269 4126 2383 4199 51).
2415 4146 2434 4178 ι
2464 4125 2578 4184 Nec
2615 4126 2760 4183 enim
2798 4127 2882 4183 ira
2924 4126 3029 4183 viri
3070 4126 3332 4197 justitiam
3380 4128 3477 4185 Dei

1894 4219 2111 4293 operari
2155 4219 2389 4290 poterit,
2416 4220 2542 4290 quia
2572 4218 2653 4274 ira
2690 4217 2807 4275 sine
2836 4227 3259 4291 temperamento
3285 4235 3480 4292 expers

1893 4321 1976 4370 est
1999 4312 2250 4368 rationis.
2279 4310 2582 4382 Responsio
2625 4310 2805 4368 mollis
2850 4310 3063 4385 mitigat
3098 4312 3267 4379 iram,
3298 4326 3479 4367 sermo

1893 4409 2060 4464 durus
2079 4406 2310 4464 suscitat
2333 4405 2597 4465 furorem.
2641 4424 2662 4459 ι
2698 4406 2797 4463 Vir
2833 4405 3155 4471 iracundus,
3186 4414 3247 4460 ut
3275 4404 3352 4460 ait
3381 4403 3481 4461 Sa-

1892 4503 2104 4569 lomon,
2152 4509 2415 4574 provocat
2472 4502 2653 4569 rixas;
2711 4500 2804 4571 qui
2858 4500 3070 4571 patiens
3112 4505 3230 4566 est,
3268 4498 3481 4570 mitigat

198 4602 474 4675 implevit,
502 4601 600 4657 ine
626 4600 965 4657 occasionem
1008 4597 1231 4664 tollens,
1259 4604 1317 4653 et
1342 4611 1451 4652 non
1482 4596 1655 4653 solum
1683 4612 1792 4651 non
1820 4618 1871 4679 ι)
1897 4596 2189 4653 suscitatas
2212 4593 2396 4665 (Prov.
2436 4610 2528 4661 xv,
2560 4593 2671 4669 18).
2712 4614 2733 4648 ι
2765 4593 3027 4665 Spiritum
3054 4607 3185 4648 vero
3216 4592 3480 4663 superbiae

197 4695 374 4753 irasci
405 4694 489 4751 vel
516 4709 624 4751 non
650 4693 901 4750 occidere
937 4689 1135 4760 jussit,
1181 4691 1313 4760 quin
1358 4690 1522 4745 etiam
1566 4690 1794 4746 adversa

194 4804 440 4862 quaeque
464 4790 533 4844 ab
559 4787 678 4843 aliis
715 4788 951 4858 irrogata
991 4784 1389 4856 patientissime
1424 4798 1525 4839 nos
1565 4783 1796 4839 tolerare

196 4877 490 4951 praecepit.
517 4875 597 4933 Ita
621 4876 764 4932 enim
795 4884 879 4931 est
907 4875 1150 4951 quaedam
1197 4873 1379 4945 passio
1407 4873 1633 4939 mentis,
1676 4888 1797 4944 quae

194 4970 251 5025 si
309 4969 521 5023 ratione
563 4982 670 5023 non
715 4967 921 5039 regitur
956 4967 1012 5022 in
1060 4965 1298 5021 furorem
1324 4966 1598 5021 vertitur:
1632 4966 1709 5020 ita
1738 4974 1800 5021 ut

196 5062 382 5117 homo
411 5060 495 5116 sui
525 5059 689 5115 animi
726 5060 994 5129 impotens
1022 5058 1117 5114 fiat
1142 5057 1347 5114 faciens
1368 5059 1512 5130 quod
1534 5075 1641 5116 non
1669 5075 1799 5116 con-

192 5152 381 5209 venit.
414 5150 540 5207 Hae
564 5150 706 5206 enim
732 5151 776 5205 si
807 5151 970 5207 corde
996 5148 1193 5206 insidet
1216 5164 1431 5205 omnem
1454 5149 1644 5206 eximit
1672 5166 1798 5221 pro-

191 5244 512 5298 vident'am
537 5242 608 5296 ab
630 5255 697 5296 eo
720 5239 869 5307 facti,
899 5254 1001 5296 nec
1024 5238 1288 5309 judicium
1318 5248 1481 5297 rectae
1512 5241 1796 5297 discretio-

191 5335 297 5391 nis
322 5335 618 5405 inquirere,
642 5347 744 5388 nec
770 5333 1011 5388 honestae
1041 5332 1509 5403 contemplationis
1540 5335 1797 5390 virtutem

192 5441 317 5484 nec
350 5425 719 5481 maturitatem
745 5423 958 5480 consilii
996 5421 1200 5479 habere
1233 5423 1467 5494 poterit,
1492 5424 1587 5480 sed
1614 5424 1798 5480 omnia

188 5532 311 5593 per
323 5518 683 5589 praecipitium
702 5517 972 5588 quoddam
996 5515 1179 5574 facere
1196 5516 1431 5573 videtur.
1447 5518 1524 5574 De
1542 5533 1647 5589 qua
1667 5518 1798 5574 item

188 5609 443 5682 pullulat
484 5616 669 5663 tumor
700 5608 933 5676 mentis,
970 5608 1135 5675 rixae,
1171 5608 1537 5676 contumeliae,
1571 5608 1795 5675 clamor,

193 5704 536 5776 indignatio,
564 5706 938 5779 praesumptio,
969 5703 1339 5775 blasphemiae,
1368 5703 1644 5774 sanguinis
1670 5701 1800 5760 ellu-

191 5799 321 5864 sio,
350 5798 665 5865 homicidia,
692 5797 986 5855 ulciscendi
1015 5795 1307 5867 cupiditas,
1333 5794 1655 5865 injuriarum
1680 5810 1797 5853 me—

194 5892 389 5949 moria
422 5910 438 5950 :
469 5909 589 5964 qua:
612 5893 846 5949 vincitur
860 5906 960 5963 per
983 5890 1302 5961 patientiam
1336 5897 1393 5947 et
1427 5888 1799 5961 longanimita-

1897 4690 1964 4745 ad
2006 4688 2349 4745 irascendum
2397 4686 2610 4742 facilem
2656 4687 2780 4757 quis
2818 4686 3086 4742 sustinere
3125 4684 3361 4755 poterit?
3400 4683 3478 4739 Ita

1895 4796 2003 4837 non
2035 4781 2198 4837 habet
2219 4777 2665 4843 misericordiam,
2695 4793 2796 4834 nec
2826 4792 3113 4849 erumpens
3139 4775 3292 4831 furor
3314 4774 3476 4831 finem
3562 4776 3567 4785 ‘

1894 4873 2146 4928 vindictae
2178 4874 2347 4929 novit.
2372 4871 2429 4927 Si
2460 4879 2512 4927 te
2531 4912 2547 4939 ,
2572 4886 2606 4926 ο
2635 4870 2829 4937 homo,
2867 4869 3324 4942 praeoccupaverit
3361 4869 3477 4934 ira,

1897 4966 2085 5038 mitiga
2111 4981 2251 5022 eam.
2291 4966 2385 5021 illa
2414 4966 2495 5021 ira
2526 4964 2666 5020 mala
2692 4972 2796 5031 est,
2837 4979 2956 5034 qua:
2996 4972 3233 5020 mentem
3260 4961 3478 5031 turbat,

1899 5062 1958 5111 ut
1987 5064 2193 5111 rectum
2233 5056 2518 5112 consilium
2544 5056 2753 5127 perdat.
2783 5054 2878 5111 Illa
2908 5056 2988 5112 ira
3013 5064 3095 5113 est
3121 5057 3271 5129 justa
3296 5065 3352 5113 et
3378 5071 3477 5113 ne-

1898 5148 2156 5213 cessaria,
2185 5148 2402 5219 quando
2427 5148 2590 5204 homo
2613 5157 2799 5204 contra
2826 5150 3043 5220 propria
3070 5151 3325 5207 irascitur
3351 5166 3480 5222 pec—

1897 5248 2019 5296 cata
2039 5279 2055 5306 ,
2099 5248 2156 5297 et
2180 5250 2368 5296 contra
2412 5241 2646 5311 seipsum
2678 5241 2986 5313 indignatur
3021 5244 3148 5300 dum
3175 5243 3317 5299 male
3342 5243 3475 5315 agit.

1899 5331 2037 5388 Hinc
2061 5332 2193 5390 dicit
2225 5341 2282 5389 et
2308 5332 2611 5406 Propheta:
2646 5353 2664 5388 ι
2699 5335 3000 5392 lrascimini
3044 5346 3100 5395 et
3143 5337 3310 5393 nolite
3352 5352 3479 5408 pec-

1899 5438 2027 5478 care
2047 5421 2218 5496 (Psal.
2243 5440 2321 5489 tv,
2345 5425 2422 5497 5).
2457 5445 2477 5477 ι
2503 5425 2784 5483 Concessit
2805 5427 2949 5498 quod
2980 5437 3191 5486 natura:
3212 5436 3328 5485 est:
3355 5427 3479 5483 tulit

1899 5517 2042 5588 quod
2062 5515 2232 5588 culpa:
2260 5525 2364 5572 est.
2401 5516 2511 5574 Sed
2548 5518 2747 5587 adhuc,
2770 5520 2915 5592 quod
2952 5530 3038 5577 est
3067 5523 3305 5595 gravius,
3338 5521 3479 5578 alius

1899 5608 2138 5681 postulat
2173 5618 2403 5666 mortem
2434 5610 2639 5666 inimici
2665 5628 2681 5661 τ
2707 5620 2764 5669 et
2796 5628 2920 5669 eum
2956 5628 3117 5684 quem
3153 5612 3330 5685 gladio
3353 5630 3480 5686 pro-

1900 5702 2053 5773 sequi
2080 5717 2186 5757 non
2210 5712 2417 5773 potest,
2440 5705 2786 5775 persequitur
2822 5707 3086 5762 oratione.
3111 5705 3179 5761 Et
3211 5706 3356 5762 vivet
3384 5708 3481 5766 ad-

1900 5795 2008 5851 huc
2028 5796 2120 5866 qui
2143 5794 2503 5863 maledicitur,
2534 5805 2589 5851 et
2626 5805 2804 5853 tamen
2840 5798 2887 5853 is
2919 5796 3011 5868 qui
3060 5797 3333 5855 maledicit
3364 5799 3479 5870 jam

1900 5888 1968 5945 de
1994 5896 2170 5946 morte
2190 5889 2332 5945 illius
2353 5904 2480 5947 reus
2508 5896 2740 5947 tenetur.
2768 5889 2931 5947 lubet
2958 5891 3102 5948 enim
3136 5891 3277 5949 Deus
3300 5899 3361 5949 ut
3392 5891 3478 5950 di-
