3956 6326
464 444 603 510 1248

1066 439 1128 495 n.
1166 432 1418 492 RABANI
1452 432 1669 489 MAURI
1706 427 2020 487 ARCHIEP.
2063 422 2367 480 uocum.
2409 406 2688 479 Oreum
2726 418 2904 476 rans
2936 418 3022 476 ιιι.

3546 418 3695 475 ηιξ

464 570 659 641 ligatur
681 563 965 625 inimicus,
994 566 1050 613 et
1083 564 1265 612 tamen
1292 561 1511 625 rogatur
1538 552 1681 607 Deus
1713 558 1775 604 ut
1811 545 2021 603 occidat
2046 540 2097 603 A
2122 558 2226 641 non
2274 557 2332 596 se
2368 542 2546 641 potius
2599 538 2904 641 ordinatum
2952 546 3045 641 aut
3090 534 3430 641 dedignatur.

461 637 757 715 inimicum.
783 648 1036 720 Quisquis
1072 648 1258 715 itaque
1288 644 1369 699 sic
1403 648 1517 697 orat
1556 640 1735 711 impiis
1763 637 1874 694 suis
1898 651 2021 707 pre-

468 751 617 806 cibus
646 752 834 801 contra
857 740 1203 795 Conditorem
1226 743 1450 806 pugnat.
1479 732 1633 789 Unde
1671 740 1726 787 et
1753 731 1852 786 sub
1874 727 2022 783 Iudae

465 837 641 910 specie
663 832 880 897 dicitur,
916 852 938 881 τ
972 830 1065 883 fiat
1089 829 1265 884 oratio
1292 826 1408 895 ejus
1436 825 1489 880 in
1517 832 1814 897 peccatum.
1846 839 1864 872 ι
1894 819 2024 876 Ora-

466 931 541 985 tio
565 926 760 999 quippe
785 922 1137 992 iu'peccatum
1168 927 1250 974 est
1281 917 1368 971 illa
1396 924 1578 989 petere
1624 930 1741 987 quae
1777 912 2023 984 prohibet

468 1020 581 1090 ipse
608 1016 698 1087 qui
722 1014 941 1087 petitur.
968 1011 1104 1065 Hinc
1124 1009 1337 1063 Veritas
1362 1006 1530 1060 dicit:
1567 1024 1585 1056 ι
1608 1004 1740 1060 Cum
1771 1004 1928 1059 statis
1956 1003 2023 1057 ad

468 1102 1018 1170 orandum,remittite
1041 1099 1085 1155 si
1108 1099 1233 1168 quid
1256 1097 1465 1151 habetis
1488 1096 1540 1150 in
1562 1095 1810 1149 cordibus
1830 1092 2023 1148 vestris

471 1199 760 1269 (Marum,
787 1192 902 1265 25).
940 1212 959 1244 ι
996 1190 1103 1245 Sed
1130 1204 1256 1244 ecce
1301 1188 1547 1243 inimicus
1592 1186 1743 1241 nobis
1791 1183 2024 1254 graviter

470 1284 710 1352 deliquit,
741 1282 932 1335 damna
958 1278 1160 1343 intulit,
1186 1276 1433 1347 iuvantes
1452 1275 1604 1338 ltesit,
1632 1282 1871 1329 amantes
1898 1287 2022 1343 per-

471 1380 684 1426 secutus
728 1377 830 1423 est.
876 1366 1173 1422 Retinenda
1210 1365 1325 1421 ham
1369 1374 1577 1427 essent,
1620 1362 1663 1418 si
1708 1361 2023 1417 remittenda

470 1462 625 1516 nobis
669 1459 860 1515 delicta
894 1473 1002 1511 non
1042 1463 1264 1509 essent:
1296 1452 1583 1508 advocatus
1609 1450 1806 1506 etenim
1842 1457 2025 1504 noster

472 1564 679 1619 precem
698 1547 850 1602 nobis
869 1547 922 1601 in
946 1560 1104 1601 causa
1127 1553 1308 1599 nostra
1332 1543 1650 1613 composuit,
1672 1549 1723 1594 et
1746 1541 1857 1610 ipse
1880 1538 2024 1609 ejus-

473 1643 593 1695 dem
618 1653 791 1694 causa:
813 1636 975 1708 judex
999 1644 1101 1702 est,
1129 1630 1221 1706 qui
1249 1633 1537 1688 advocatus
1558 1638 1656 1686 est.
1674 1629 1827 1684 Preci
1850 1636 2023 1683 autem

470 1746 629 1802 quam
656 1730 953 1799 composuit
985 1726 1341 1783 conditionem
1374 1724 1597 1779 inseruit
1623 1722 1804 1778 dicens
1831 1738 1845 1775 :
1885 1734 1904 1772 ι
1937 1719 2028 1774 Di-

473 1823 622 1875 mitte
658 1820 814 1873 nobis
840 1817 1016 1872 debita
1054 1822 1267 1879 nostra,
1299 1813 1437 1869 sicut
1477 1820 1531 1868 et
1574 1826 1672 1868 nos
1712 1810 2027 1865 dimittimus

2118 632 2261 689 ferre
2290 632 2623 704 propositum
2652 652 2664 686 :
2698 632 2826 686 hinc
2846 630 3172 694 recalcitrat,
3196 630 3322 685 hinc
3352 626 3603 693 rebellat,
3625 629 3703 684 de
3802 698 3809 703 _

2118 726 2233 781 zelo
2261 725 2542 794 superbus,
2566 724 2632 779 de
2652 722 2993 778 aemulatione
3020 736 3326 792 perversos,
3347 720 3705 774 animositate

2119 824 2175 871 et
2200 814 2369 869 livore
2391 829 2497 869 non
2527 812 2763 868 hominis
2782 853 2797 879 ,
2826 812 2921 867 sed
2951 811 3171 866 honoris
3199 811 3474 866 inimicus.
3505 810 3706 878 Qualis

2118 923 2248 963 vero
2272 907 2363 961 illa
2385 914 2469 961 est
2498 905 2695 972 anima,
2726 912 2782 960 et
2811 904 2863 959 in
2894 919 2956 958 ea
2980 918 3099 973 qua:
3122 902 3511 974 cogitationum
3549 902 3706 956 tabes

2118 997 2371 1068 pectoris,
2406 1003 2607 1066 quanta
2652 994 2842 1067 rubigo
2883 994 3059 1049 zelare
3096 994 3151 1048 in
3177 993 3380 1057 altero,
3410 992 3497 1045 vel
3529 992 3707 1045 virtu—

2122 1094 2228 1142 tem
2254 1085 2367 1154 ejus
2396 1086 2481 1141 vel
2506 1084 2813 1140 felicitatem
2842 1103 2856 1139 :
2887 1083 2940 1139 id
2964 1092 3064 1149 est,
3097 1082 3276 1139 odisse
3306 1082 3357 1136 in
3382 1098 3451 1137 eo
3480 1081 3569 1136 vel
3594 1098 3709 1135 me-

2120 1177 2225 1232 rita
2270 1177 2520 1248 propria,
2552 1176 2637 1231 vel
2679 1174 2942 1231 beneficia
2985 1174 3203 1229 divina:
3234 1174 3289 1228 in
3320 1173 3529 1228 malum
3574 1188 3703 1244 pro-

2121 1268 2296 1338 prium
2324 1268 2462 1323 bona
2492 1266 2666 1321 aliena
2701 1273 3019 1322 convertere
3046 1283 3058 1318 :
3089 1264 3377 1318 illustrium
3420 1264 3707 1333 prosperi-

2121 1364 2232 1410 tate
2250 1356 2485 1425 torqueri
2514 1374 2527 1411 :
2558 1354 2782 1410 aliorum
2806 1354 3031 1424 gloriam
3055 1351 3233 1408 facere
3255 1367 3412 1407 suam
3440 1352 3708 1422 penam?

2123 1446 2255 1501 Mala
2273 1462 2485 1516 quoque
2502 1455 2694 1502 caetera
2714 1447 2912 1502 habent
2933 1445 3244 1507 terminum,
3259 1452 3316 1500 et
3335 1445 3709 1514 quodcunque

2121 1536 2467 1607 delinquitur,
2499 1536 2679 1592 delicti
2708 1536 3166 1592 consummatione
3194 1536 3406 1590 ﬁnitur.
3446 1535 3505 1590 In
3550 1536 3709 1588 adul-

2123 1639 2239 1685 tero
2285 1637 2464 1684 cessat
2510 1628 2717 1684 facinus
2759 1635 3067 1697 perpetrato
3113 1636 3339 1697 stupro:
3385 1626 3444 1680 in
3494 1626 3709 1679 latrone

2123 1720 2456 1790 conquiescit
2494 1720 2703 1784 scelus,
2746 1720 3039 1775 homicidio
3075 1719 3347 1784 admisso,
3376 1728 3437 1773 et
3463 1718 3711 1787 praedem

2129 1812 2477 1882 rapacitatem
2500 1811 2687 1865 statuit
2712 1825 2958 1880 possessa
2983 1810 3161 1880 prada
3191 1830 3204 1864 :
3235 1821 3295 1865 et
3336 1809 3576 1864 falsario
3602 1824 3715 1863 mo-

473 1910 801 1965 dcbitoribns
830 1908 1047 1963 nostris.
1088 1926 1106 1957 ι
1137 1906 1269 1974 Quia
1291 1919 1419 1974 ergo
1442 1904 1554 1973 ipse
1572 1903 1736 1972 judex
1756 1902 1920 1966 venit,
1937 1900 2028 1970 qui
2056 1888 2104 1948 Β
2130 1902 2257 1956 dum
2297 1902 2450 1973 ponit
2494 1898 2711 1971 impleta
2762 1900 2991 1958 fallacia.
3043 1898 3201 1957 Zelus
3250 1901 3563 1957 terminum
3614 1916 3713 1955 non

474 2001 760 2055 advocatus
801 1998 1036 2064 exstitit,
1066 1998 1181 2067 ipse
1216 2008 1435 2066 precem
1481 1992 1718 2055 exaudit,
1753 1992 1843 2060 qui
1878 1989 2023 2044 fecit.

472 2093 576 2147 Aut
604 2106 732 2161 ergo
758 2104 867 2145 non
895 2089 1148 2144 facientes
1172 2087 1418 2149 dicimus,
1457 2100 1477 2134 ι
1512 2081 1721 2136 dimitte
1745 2081 1903 2135 nobis
1937 2080 2030 2133 de-

474 2183 581 2237 bita
605 2190 809 2246 nostra,
846 2196 866 2234 ι
901 2189 957 2237 et
975 2188 1194 2243 caetera,
1213 2184 1268 2232 et
1292 2174 1651 2245 nosmetipsos
1674 2174 1779 2228 hoc
1805 2171 2031 2227 dicendo

474 2273 736 2343 ligamus:
765 2279 857 2327 aut
885 2271 1113 2326 fortasse
1137 2270 1278 2323 hanc
1312 2267 1674 2323 conditionem
1705 2264 1759 2318 in
1787 2262 2033 2317 oratione

477 2362 906 2425 intermittlmus,
948 2369 1003 2415 et
1037 2361 1327 2415 advocatus
1368 2366 1551 2411 noster
1591 2369 1835 2425 precem,
1871 2364 2033 2420 quam

477 2453 795 2522 composuit,
823 2467 927 2506 non
950 2448 1307 2519 recognoscit,
1336 2455 1496 2515 atque
1533 2443 1673 2513 apud
1701 2458 1759 2497 se
1787 2440 2033 2511 protinus

483 2542 637 2596 dicit:
658 2541 781 2595 Scio
800 2539 940 2609 quod
963 2538 1162 2603 monui,
1176 2552 1283 2591 non
1306 2545 1387 2590 est
1410 2536 1522 2605 ipsa
1542 2532 1717 2587 oratio
1730 2545 1891 2601 quam
1906 2529 2029 2583 feci.

478 2630 613 2697 Quid
638 2644 764 2700 ergo
789 2629 941 2683 nobis
968 2626 1268 2683 faciendum
1288 2634 1392 2689 est,
1419 2624 1523 2679 nisi
1548 2631 1606 2679 ut
1627 2637 1768 2678 vera:
1795 2621 2034 2677 charita-

481 2720 548 2774 tis
575 2718 822 2774 atl'ectmn
860 2718 1228 2788 impendamus
1268 2715 1525 2771 fratribus
1558 2712 1791 2777 nostris,
1816 2720 1870 2769 et
1896 2713 2036 2769 sicut

477 2824 667 2867 manus
692 2816 904 2868 nostras
925 2806 1057 2865 foris
1081 2822 1108 2861 a
1134 2806 1299 2873 caede,
1320 2805 1393 2861 ita
1416 2811 1475 2862 et
1495 2803 1638 2862 intus
1656 2802 1819 2861 corda
1845 2809 2033 2859 nostra

482 2902 549 2956 ab
575 2901 701 2956 odio
723 2915 999 2958 servemus
1026 2899 1264 2956 innoxia.

1086 3032 1164 3092 De
1190 3035 1403 3093 invidia.

2126 1994 2288 2048 habet
2314 2008 2636 2063 permanens
2666 1990 2867 2064 iugiter
2893 1992 3117 2057 malum,
3146 2000 3203 2049 et
3225 1994 3347 2048 sine
3372 1992 3491 2048 ﬁne
3518 2008 3713 2063 pecca-

2124 2092 2259 2149 tum,
2289 2092 2593 2155 quantoque
2620 2082 2710 2139 ille
2757 2082 2844 2139 cui
2879 2082 3148 2138 invidetur
3184 2098 3455 2138 successu
3492 2082 3719 2138 meliore

2125 2172 2431 2244 profecerit,
2460 2183 2610 2230 tanto
2636 2174 2852 2229 invidus
2878 2173 2933 2228 in
2960 2172 3133 2244 majus
3172 2172 3499 2230 incendium
3526 2173 3713 2228 livoris

2128 2261 2340 2332 ignibus
2369 2264 2699 2327 inardescit;
2730 2263 2856 2318 hinc
2883 2262 3061 2317 vultus
3088 2263 3294 2328 minax,
3328 2271 3529 2318 torvus
3567 2279 3695 2332 aspe

2128 2360 2279 2416 etus,
2316 2351 2488 2421 pallor
2517 2353 2573 2406 in
2623 2351 2792 2417 facie,
2836 2350 2891 2405 in
2938 2351 3094 2407 labiis
3126 2359 3372 2407 tremor:
3408 2351 3627 2408 stridor
3666 2356 3714 2406 ia

2129 2441 2397 2507 dentibus,
2427 2443 2586 2496 verba
2616 2442 2825 2508 rabida,
2857 2449 2911 2496 et
2933 2440 3189 2497 effrenata
3214 2444 3483 2507 convitia,
3515 2458 3717 2499 manus

2131 2532 2196 2586 ad
2222 2531 2385 2586 aedis
2414 2531 2722 2586 violentiam
2748 2541 2992 2602 prompta
3012 2572 3027 2599 ,
3055 2533 3264 2589 etiarnsi
3294 2548 3327 2588 a
3361 2533 3557 2604 gladio
3580 2536 3705 2590 inte

2130 2622 2231 2677 rim
2261 2637 2449 2688 vacua,
2475 2623 2601 2677 odio
2634 2632 2811 2679 tamen
2842 2623 3053 2679 furiata:
3081 2627 3283 2680 mentis
3321 2635 3567 2681 amata.
3606 2625 3717 2682 Bo-

2129 2711 2333 2767 micidii
2382 2728 2616 2782 namque
2668 2713 2911 2770 facinore
2962 2716 3247 2788 perstringi
3288 2730 3422 2772 cur
3482 2718 3717 2788 quisque

2130 2804 2384 2861 celaverit
2434 2814 2488 2861 et
2531 2806 2656 2863 odio
2686 2808 2937 2865 habuerit
2977 2808 3201 2865 fratrem
3227 2826 3415 2867 suum.
3453 2812 3717 2868 Deciarat

2127 2896 2362 2954 Joannes
2395 2902 2668 2973 apostolus
2698 2902 2751 2957 in
2778 2903 3011 2975 Epistula
3035 2916 3131 2961 sua
3158 2906 3389 2963 dicens:
3416 2924 3437 2959 ι
3472 2908 3581 2975 Qui
3608 2916 3715 2962 m-

2129 2997 2266 3043 trem
2294 3006 2449 3045 suum
2480 2991 2613 3058 odit,
2643 2994 2911 3049 homicida
2943 3003 3055 3060 est,
3081 3004 3139 3051 et
3173 2997 3327 3053 scitis
3353 3001 3493 3069 quia
3520 3000 3709 3055 omnis

2128 3082 2398 3136 homicida
2436 3099 2543 3138 non
2583 3085 2930 3140 habetvitam
2962 3087 3015 3142 in
3048 3101 3105 3142 se
3129 3098 3444 3144 manentem
3470 3090 3523 3163 (I
3542 3089 3709 3145 loca.

546 3165 814 3223 Hactenus
837 3168 901 3223 de
926 3166 1003 3223 ira
1028 3180 1045 3223 :
1073 3183 1217 3224 nunc
1252 3168 1319 3223 de
1360 3167 1560 3223 invidia
1599 3165 1883 3223 dicendum
1908 3174 2025 3233 est,
2064 3240 2096 3247 _
2126 3187 2207 3238 ιιι,
2239 3173 2347 3244 15).
2380 3193 2399 3225 ι
2430 3174 2496 3228 Ει
2522 3175 2716 3230 iterum
2748 3194 2761 3231 :
2800 3195 2818 3228 ‹
2853 3176 2953 3244 Qui
2982 3176 3112 3233 dicit
3136 3194 3193 3234 se
3218 3195 3342 3235 esse
3366 3181 3425 3235 in
3458 3181 3616 3247 luce,
3652 3191 3711 3237 et

477 3257 731 3327 quoniam
762 3256 1003 3312 illusione
1027 3256 1288 3312 diabolica
1326 3257 1507 3314 zelare
1541 3259 1682 3328 quod
1718 3259 1917 3313 bonum
1945 3266 2029 3314 est
2053 3240 2097 3304 (ἶ
2128 3240 2351 3316 fratrem
2382 3278 2537 3319 suum
2571 3265 2705 3331 odit,
2732 3265 2786 3320 in
2818 3240 3053 3323 tenebris
3084 3278 3169 3324 est
3196 3284 3371 3341 usque
3392 3240 3621 3339 adhuc,
3658 3284 3711 3327 et

478 3356 532 3405 et
560 3348 799 3403 invidere
823 3346 1132 3403 melioribus
1165 3346 1280 3405 leve
1316 3348 1454 3418 apud
1483 3348 1741 3417 quosdam
1768 3356 1823 3404 et
1855 3348 2030 3403 modi-

480 3452 598 3491 cum
637 3437 841 3491 crimen
868 3436 1098 3503 videtur,
1136 3437 1368 3507 dumque
1403 3437 1738 3493 existimatur
1770 3438 1885 3493 leve
1913 3453 2032 3494 esse

477 3534 532 3580 et
562 3525 827 3579 nicdicum
852 3541 956 3581 non
984 3526 1219 3585 timetur.
1248 3528 1382 3585 Dum
1404 3542 1509 3582 non
1534 3529 1751 3584 timetur
1788 3538 2030 3586 contem-

480 3614 641 3679 nitur,
681 3614 805 3669 dum
847 3616 1227 3681 contemnitur,
1274 3631 1379 3672 non
1425 3615 1581 3673 facile
1618 3618 1837 3685 vitatur,
1882 3628 1935 3675 et
1972 3619 2032 3677 lit

478 3718 617 3760 caeca
647 3712 701 3758 et
725 3703 932 3760 occulta
958 3705 1239 3776 pernicies,
1270 3721 1390 3776 qua:
1424 3707 1552 3762 dum
1579 3708 1756 3763 minus
1780 3709 2034 3780 perspici-

481 3800 587 3857 tur,
626 3802 685 3848 ut
720 3794 898 3849 caveri
944 3810 973 3848 a
1018 3796 1425 3865 providentibus
1465 3798 1655 3868 possit,
1706 3798 2033 3869 improvidas

479 3891 686 3939 mentes
736 3883 962 3940 latenter
1001 3884 1203 3959 aliligit.
1238 3886 1375 3942 Hinc
1412 3889 1657 3945 diabolus
1696 3892 1833 3947 inter
1880 3892 2033 3949 initia

478 3975 657 4031 statim
697 3977 882 4031 mundi
920 3985 975 4032 et
1001 3980 1160 4049 periit
1190 3981 1393 4050 primus
1429 3990 1485 4036 et
1518 3983 1769 4053 perdidit.
1802 3984 1916 4039 Non
1950 3994 2033 4042 est

478 4078 659 4126 autem
688 4073 832 4142 quod
859 4072 1053 4143 aliquis
1076 4076 1347 4131 existimet
1379 4078 1577 4133 malum
1608 4078 1747 4134 istud
1784 4096 1887 4135 una
1917 4097 2033 4154 spe-

479 4163 561 4219 cie
587 4165 873 4230 contineri,
922 4175 1013 4221 aut
1038 4168 1289 4225 brevibus
1320 4173 1562 4228 terminis
1590 4182 1645 4228 et
1669 4184 1895 4247 angusto
1926 4176 2033 4233 fine

477 4256 741 4312 concludi.
764 4257 894 4313 Late
914 4267 1061 4328 patet
1081 4262 1177 4315 zeli
1207 4264 1499 4333 multiplex,
1527 4275 1580 4320 et
1601 4267 1825 4323 fecunda
1854 4270 2032 4338 perni-

478 4346 609 4401 cies.
655 4345 828 4401 Radix
874 4358 957 4404 est
1002 4352 1241 4407 omnium
1294 4355 1586 4422 malorum,
1614 4356 1733 4413 fons
1769 4359 2027 4427 cladium,

481 4440 824 4494 seminarium
877 4441 1232 4508 delictorum,
1283 4446 1505 4499 materia
1562 4447 1854 4515 culparum.
1903 4448 2030 4506 Inde

2130 3352 2186 3409 in
2215 3353 2453 3409 tenebris
2474 3354 2733 3423 ambulat,
2763 3364 2818 3413 et
2846 3358 3017 3413 nescit
3046 3372 3154 3429 quo
3180 3370 3295 3425 eat,
3322 3364 3589 3432 quoniam
3624 3372 3697 3421 te.

2128 3443 2311 3498 nehra:
2346 3454 2758 3501 excaeaverunt
2796 3447 2981 3503 oculos
3016 3446 3130 3517 eius
3153 3448 3203 3521 (1
3224 3448 3387 3505 Joen.
3423 3466 3506 3518 ιι,
3532 3453 3647 3523 19).
3680 3472 3701 3507 ι

2135 3553 2153 3587 c
2180 3534 2279 3601 Qui
2303 3536 2638 3606 odit,inquit.
2659 3537 2882 3595 fratrem
2906 3556 3081 3607 suum,
3114 3542 3167 3597 in
3194 3544 3443 3600 tenebris
3464 3547 3707 3602 ambulat

2129 3635 2185 3685 et
2234 3630 2406 3687 nescit
2431 3643 2539 3699 quo
2564 3639 2666 3686 eat.
2707 3650 2726 3685 ι
2753 3632 2799 3687 lt
2830 3633 2975 3689 enim
3019 3636 3233 3691 nescius
3261 3636 3319 3690 in
3358 3638 3699 3708 gehennam.

2129 3717 2351 3790 ignarus
2393 3729 2449 3775 et
2490 3736 2664 3778 caicus
2687 3724 3049 3794 precipitatur
3072 3725 3129 3780 in
3162 3739 3415 3796 penam,
3446 3731 3706 3787 recedes

2130 3810 2333 3867 scilicet
2358 3827 2388 3866 a
2415 3810 2617 3868 Christi
2638 3813 2841 3870 lumine
2864 3815 3133 3871 monentis
3150 3824 3207 3873 et
3226 3817 3482 3874 docentis
3506 3838 3522 3875 :
3548 3840 3571 3873 ι
3596 3822 3705 3893 Ege

2130 3918 2249 3958 sum
2279 3905 2371 3959 lux
2401 3907 2583 3963 mundi
2614 3923 2629 3962 :
2656 3908 2749 3977 qui
2782 3922 2869 3963 me
2891 3918 3110 3965 secutus
3139 3907 3301 3965 fuerit
3321 3950 3339 3977 ,
3365 3926 3483 3967 non
3511 3914 3698 3970 ambu-

2128 3992 2259 4049 labit
2285 3995 2339 4049 in
2371 3996 2623 4062 tenebris,
2652 3999 2747 4052 sed
2770 3998 2990 4055 habebit
3014 3998 3195 4057 lumen
3220 4001 3346 4058 vita
3366 4002 3558 4074 (loca.
3582 4021 3697 4069 vna.

2129 4082 2239 4155 12).
2277 4103 2296 4135 ι
2328 4084 2423 4140 Cui
2458 4093 2584 4142 tunc
2610 4087 2726 4142 sine
2764 4087 2927 4145 dubio
2954 4089 3317 4159 placebimus,
3357 4094 3401 4149 si
3442 4096 3609 4152 modo
3634 4098 3703 4150 ab

2127 4176 2272 4229 omni
2312 4177 2429 4231 zelo
2478 4186 2535 4232 et
2574 4180 2742 4233 livore
2804 4180 3016 4236 invidiae
3073 4181 3236 4239 alieni
3280 4185 3603 4253 existimes,
3646 4198 3703 4243 et

2125 4271 2398 4340 proximos
2426 4280 2640 4329 nostros
2665 4287 2791 4328 vera
2817 4273 3105 4332 dilectione
3140 4291 3420 4344 amamus,
3448 4283 3583 4351 quia
3610 4298 3701 4352 pa-

2127 4362 2265 4417 ciﬁci
2308 4362 2403 4417 lilii
2438 4372 2563 4419 sunt
2596 4365 2720 4429 Dei,
2752 4375 2807 4420 et
2836 4366 2929 4436 qui
2966 4367 3141 4438 diligit
3174 4367 3402 4425 fratrem
3446 4386 3607 4426 suum
3634 4390 3697 4428 ex

2125 4452 2236 4508 Deo
2272 4462 2432 4510 natus
2466 4464 2584 4522 est,
2618 4464 2677 4512 et
2712 4457 2857 4512 videt
2892 4457 3079 4515 Deum.
3110 4459 3295 4530 itaque
3334 4464 3601 4532 quoniam
3622 4466 3698 4517 i..-

478 4526 676 4636 od‘iuur
693 4529 863 4636 sprgit
890 4548 901 4583 :
932 4530 1251 4586 animositas
1292 4532 1417 4587 inde
1443 4536 1702 4604 procedit.
1735 4535 2028 4593 Avaritiam
2050 4575 2106 4636 Β
2127 4545 2283 4601 vidite
2308 4554 2364 4602 et
2385 4547 2492 4603 odii
2516 4546 2715 4604 malum
2740 4560 2999 4620 quantum
3016 4551 3089 4607 sit
3107 4526 3296 4622 paucis
3311 4526 3503 4611 verbis
3524 4566 3698 4613 eaea-

480 4616 626 4673 zelus
663 4617 990 4673 inﬂammat:
1023 4622 1146 4674 dum
1187 4622 1307 4691 quis
1342 4637 1440 4678 suo
1468 4632 1639 4693 potest
1666 4638 1786 4680 esse
1810 4635 2029 4681 conten-

480 4718 565 4763 tus
591 4751 603 4773 ,
636 4711 819 4766 videns
861 4709 1084 4766 alterum
1127 4712 1371 4767 ditiorem
1418 4712 1647 4781 invidet,
1681 4717 2025 4774 ambitionem

481 4799 624 4853 zelus
663 4800 890 4862 excitat,
921 4800 1044 4855 dum
1084 4802 1257 4856 cernit
1305 4802 1427 4871 quis
1465 4802 1626 4858 alium
1655 4805 1706 4859 in
1735 4807 2027 4863 honoribus

482 4890 771 4946 auctiorem
804 4892 920 4948 zelo
958 4901 1259 4948 exerceante
1304 4909 1494 4949 sensus
1537 4904 1748 4951 nostros
1784 4906 1945 4967 atque
1972 4900 2023 4954 ia

482 4982 731 5036 ditionem
758 4996 907 5037 suam
937 4983 1129 5039 mentis
1147 4999 1341 5040 arcana
1365 4982 1710 5057 redigentem,
1740 4987 1837 5044 Dei
1865 4990 2024 5046 timor

480 5073 777 5145 spernitur,
819 5075 1180 5145 magisterium
1235 5077 1435 5132 Christi
1482 5078 1795 5149 negligitur,
1839 5080 2026 5149 jndicii

481 5164 595 5219 dies
618 5178 723 5216 non
746 5165 1071 5233 providetur.
1112 5164 1328 5220 lnllatur
1364 5168 1610 5237 superbia
1631 5209 1645 5233 ,
1676 5170 2028 5225 exacerbatur

478 5253 713 5317 erevitia,
762 5253 1087 5320 impatientia
1138 5256 1399 5319 concutit,
1449 5257 1578 5310 furit
1624 5259 1915 5325 discordia,
1950 5260 2025 5314 ira

476 5340 724 5395 fervescit
757 5354 772 5392 :
800 5352 897 5393 nec
942 5355 998 5394 se
1032 5339 1143 5407 jam
1178 5352 1353 5411 potest
1389 5346 1640 5400 cohibere
1679 5349 1759 5402 vel
1808 5366 2023 5419 regere,

476 5429 566 5499 qui
596 5428 770 5485 factus
804 5436 889 5483 est
912 5431 1195 5498 potestatis
1223 5430 1425 5486 alienae.
1450 5432 1585 5488 Hine
1616 5436 1902 5491 Βοιιιίιιίοω
1928 5453 2025 5506 pa-

474 5517 553 5574 cis
588 5518 854 5572 vinculum
888 5518 1147 5588 rumpitur
1175 5538 1187 5573 :
1215 5520 1338 5575 hinc
1378 5523 1611 5578 charitas
1642 5522 1877 5581 fraterna
1908 5528 2022 5581 vin-

476 5604 617 5660 latur
642 5625 653 5659 :
681 5606 805 5661 hinc
831 5607 1159 5661 adulteretur
1182 5610 1410 5673 veritas,
1438 5613 1617 5666 unitas
1643 5614 1924 5681 scinditur,
1953 5617 2022 5671 ad

477 5693 705 5745 haereses
734 5703 785 5746 et
810 5696 1095 5749 schismata
1121 5696 1245 5749 dum
1273 5700 1605 5753 obtrectatur
1629 5704 2019 5767 sacerdotibus,

478 5779 602 5835 dum
628 5783 886 5851 episcopis
920 5785 1200 5849 invidetur,
1228 5786 1350 5839 dum
1384 5788 1503 5859 quis
1543 5798 1635 5842 aut
1679 5794 2024 5865 conqueritur

2132 4634 2326 4691 (limus.

2736 4706 2810 4761 De
2836 4708 3080 4762 avaritia.

2197 4815 2274 4870 De
2300 4818 2538 4873 avaritiae
2568 4827 2716 4888 peste
2746 4834 2908 4890 quam
2935 4822 3093 4877 noxia
3129 4822 3202 4879 sit
3236 4837 3343 4878 non
3379 4832 3465 4880 est
3510 4834 3694 4881 tacen-

2129 4907 2273 4962 dum.
2310 4908 2568 4965 Convenit
2614 4926 2739 4982 ergo
2786 4911 2920 4967 bene
2968 4912 3170 4968 homini
3203 4913 3557 4979 Christiano,
3604 4920 3697 4988 qui

2127 4995 2213 5052 ad’
2222 5000 2438 5055 caeleste
2467 5016 2689 5071 regnum
2719 5003 2961 5057 tenditet
2982 5019 3242 5074 supernas
3267 5006 3491 5063 divitias
3526 5011 3693 5078 perci-

2126 5104 2254 5157 pere
2279 5090 2465 5155 ambit,
2488 5099 2545 5143 ut
2574 5106 2630 5145 se
2658 5107 2687 5145 a
2716 5091 3069 5161 praesentibus
3105 5095 3265 5151 rebus
3298 5104 3569 5167 temperet
3587 5139 3605 5165 ,
3640 5109 3693 5154 et

2123 5178 2465 5249 philargyrite
2490 5181 2709 5245 malum,
2749 5181 2890 5250 quod
2918 5183 3153 5237 maxime
3196 5184 3497 5241 humanum
3522 5204 3693 5257 genus

2125 5267 2379 5334 captivat,
2403 5268 2553 5336 quasi
2602 5284 2861 5323 venenum
2908 5269 3239 5327 mortiferum
3266 5271 3456 5345 fugiat,
3494 5293 3565 5332 ne
3596 5293 3693 5347 per

2124 5353 2368 5409 fraudem
2398 5356 2596 5426 aliquid
2636 5357 2857 5426 adipisci
2893 5359 3114 5428 gestiat,
3151 5361 3236 5415 vel
3278 5378 3378 5432 per
3422 5368 3689 5437 rapacita-

2127 5454 2237 5500 tem
2265 5464 2508 5516 posscssa
2536 5449 2843 5503 ministrare
2866 5451 3126 5506 retineat:
3156 5453 3283 5521 quia
3321 5456 3502 5512 omnis
3540 5456 3691 5513 fraus

2126 5535 2236 5588 Deo
2283 5536 2528 5605 diSplicct
2578 5545 2632 5591 et
2690 5537 2915 5591 avaritia
2962 5539 3273 5595 idololatria:
3321 5542 3390 5597 ab
3433 5544 3689 5614 Apostoin

2124 5635 2482 5692 comparatur.
2517 5643 2535 5676 ‹
2568 5624 2770 5689 Avaro,
2809 5637 2989 5681 autem
3034 5628 3163 5684 dicit
3205 5629 3509 5701 Scriptura,
3556 5636 3689 5689 nihil

2123 5721 2206 5765 cst
2234 5713 2525 5767 scelestius.
2551 5713 2687 5779 Quid
2713 5716 2952 5783 superbit
2991 5726 3128 5771 terra
3152 5728 3206 5773 et
3234 5722 3411 5775 ciuis?
3432 5722 3579 5779 Nihil
3604 5734 3689 5779 est

2124 5797 2358 5871 iniquius
2383 5815 2541 5871 quam
2583 5816 2764 5855 amare
2804 5804 3104 5873 pecuniam.
3134 5806 3230 5861 llic
3264 5810 3408 5869 enim
3447 5814 3683 5867 animam
