3956 6326
72 1126 77 1161 ἒ

263 449 385 506 1245

1139 451 1223 508 DE
1259 449 1790 510 ECCLESIASTICA
1826 451 2227 512 DlSClPLlNA.
2264 484 2336 498 —-
2371 453 2498 510 LIB.
2538 452 2620 510 Ill.

3361 456 3501 514 ωδ

261 584 396 625 suam
428 564 671 623 venalem
708 565 871 623 habet
896 564 1065 639 (Eccl.
1102 584 1156 637 χ,
1198 566 1272 641 9).
1304 588 1323 621 ι
1370 568 1610 626 Avaritia
1653 570 1818 637 enim,
1847 566 1897 634 Α
1923 585 1995 625 vu
2017 608 2036 637 ,
2064 570 2178 641 29).
2217 589 2236 623 ›
2280 568 2373 626 llle
2411 568 2555 625 enim
2595 542 2818 625 uxorem
2849 568 3057 627 habens
3080 571 3236 643 quasi
3268 588 3377 630 non
3406 574 3493 630 ha«

258 676 404 733 quam
430 658 605 717 Grzeci
632 659 1021 733 philargyriam
1053 670 1278 729 vocant,
1308 662 1474 718 nimia
1500 670 1583 718 est
1613 662 1821 734 cupidi-

257 763 334 813 tas
373 753 684 810 divitiarum
730 754 1046 827 acquirendi
1074 755 1160 813 vel
1200 755 1440 813 tenendi.
1479 755 1609 825 Qua:
1650 756 1819 827 pestis

256 846 582 918 inexplebilis
599 854 705 915 est,
737 855 793 902 et
823 846 1051 920 hydropi
1077 848 1266 903 morbo
1292 847 1576 905 simulatur
1594 858 1648 903 et
1671 865 1819 905 com-

254 948 483 1013 paratur.
522 938 674 993 Sicut
702 939 845 994 enim
892 939 1221 1010 hydropicus
1258 950 1460 1010 quanto
1494 940 1614 1011 plus
1648 941 1816 1007 bibit,

256 1040 392 1087 tanto
420 1030 540 1102 plus
566 1031 703 1097 sitit,
727 1031 807 1085 sic
826 1039 880 1086 et
901 1046 1119 1097 avarus,
1145 1040 1350 1102 quanto
1370 1032 1629 1103 majorem
1653 1047 1806 1103 pecu-

250 1125 385 1179 niam
405 1123 657 1195 acquirit,
687 1130 836 1179 tanto
858 1123 1117 1194 majorem
1138 1124 1339 1180 habere
1369 1126 1593 1197 appetit,
1611 1135 1667 1181 et
1687 1126 1817 1183 dum

252 1217 430 1272 modus
466 1216 517 1271 ei
556 1231 667 1273 non
695 1226 781 1272 est
812 1216 866 1271 in
902 1216 1183 1284 habendo,
1205 1218 1399 1275 modus
1422 1218 1496 1275 illi
1535 1235 1641 1275 non
1671 1218 1814 1275 desi-

249 1307 494 1365 derando.
520 1307 659 1365 Hinc
687 1318 986 1365 nascuntur
1015 1311 1251 1389 invidize,
1285 1310 1461 1376 furta,
1492 1312 1776 1369 latrocinia
1795 1353 1811 1381 ,

249 1399 547 1466 homicidia,
569 1399 869 1467 mendacia,
892 1400 1150 1472 periuria,
1178 1403 1706 1475 rapinaa,'violentice,
1737 1406 1816 1460 in-

244 1491 523 1562 quietudo,
555 1491 753 1561 iniusta
782 1494 1020 1565 judicia,
1042 1504 1388 1567 contemptus
1419 1498 1696 1565 veritatis,
1726 1497 1813 1553 fu-

246 1593 374 1640 tura:
402 1585 757 1641 beatitudinis
776 1586 996 1653 oblivio,
1026 1588 1313 1644 obduratio
1350 1590 1533 1645 cordis
1553 1630 1571 1657 ,
1593 1606 1716 1662 quae
1740 1592 1815 1648 sit

241 1677 506 1733 contraria
531 1678 921 1736 misericordiae
955 1688 1011 1735 et
1041 1680 1397 1754 eleemosynae
1433 1683 1487 1738 in
1519 1698 1808 1755 pauperes,

239 1778 294 1825 et
317 1770 477 1827 totius
516 1770 732 1841 pietatis
775 1771 989 1829 amula.
1024 1773 1285 1831 Dominus
1319 1790 1451 1847 ergo
1492 1786 1678 1833 noster
1716 1777 1810 1848 qui

236 1875 333 1917 nos
356 1860 618 1935 benignos
639 1878 758 1919 esse
781 1863 849 1921 de
876 1871 1059 1919 nostra
1080 1864 1381 1920 substantia
1406 1867 1734 1937 pauperibus
1755 1875 1810 1924 et

1920 661 2036 729 bet,
2058 661 2150 733 qui
2176 660 2256 718 sic
2282 662 2463 718 studet
2486 660 2703 732 placere
2731 662 2965 734 conjugi,
3000 671 3060 718 ut
3087 678 3191 720 non
3221 664 3503 739 displiceat

1919 751 2224 821 Conditori;
2252 751 2347 817 ﬂet
2371 770 2606 827 quoque,
2629 754 2723 811 sed
2745 764 2998 827 tanquam
3012 772 3120 813 non
3142 756 3286 825 ﬂeat,
3309 761 3400 832 qui
3426 762 3507 819 sic

1921 844 2306 918 temporalibus
2338 846 2549 902 damnis
2581 846 2858 918 atlligitur,
2891 857 2951 903 ut
2980 856 3159 904 tamen
3191 850 3260 905 de
3282 853 3505 910 aeternis

1918 936 2084 995 lucris
2110 953 2326 1008 semper
2350 938 2594 993 animum
2623 938 2955 995 consoletur.
2989 940 3201 996 Gaudet
3223 958 3377 1009 vero,
3407 946 3502 1002 sed

1918 1034 2177 1097 tanquam
2210 1043 2319 1082 non
2348 1027 2599 1099 gaudeat,
2629 1028 2723 1098 qui
2753 1028 2832 1084 sic
2878 1029 2942 1085 de
2982 1032 3369 1103 temporalibus
3407 1035 3503 1090 bo-

1917 1118 2001 1172 nis
2024 1118 2321 1185 bilarescit,
2349 1130 2408 1173 ut
2430 1136 2644 1191 semper
2672 1129 2928 1192 perpetua
2960 1124 3226 1179 tormenta
3248 1127 3502 1181 conside-

1915 1217 2021 1275 ret,
2050 1219 2103 1267 et
2134 1209 2186 1265 in
2219 1226 2319 1266 noc
2349 1212 2494 1281 quod
2528 1223 2761 1268 mentem
2807 1214 3003 1285 gaudio
3049 1212 3313 1281 sublevat,
3363 1218 3504 1275 hanc

1914 1303 2170 1361 continuo
2197 1305 2407 1376 providi
2439 1305 2648 1360 timoris
2681 1307 2918 1379 pondere
2948 1316 3182 1378 premat.
3214 1309 3360 1365 Emit
3391 1327 3496 1365 au-

1913 1404 2025 1452 tem
2065 1397 2157 1453 sed
2188 1396 2342 1469 quasi
2382 1414 2488 1453 non
2517 1396 2826 1469 possidens,
2856 1400 2948 1470 qui
2991 1409 3044 1455 et
3092 1399 3158 1455 ad
3202 1417 3358 1458 usum
3394 1410 3504 1458 ter-

1916 1506 2045 1547 rena
2073 1500 2358 1564 prmparat,
2398 1500 2449 1547 et
2475 1500 2655 1547 tamen
2702 1501 2860 1548 cauta
2889 1493 3218 1567 cogitatione
3248 1496 3505 1567 praevidet

1911 1584 2056 1655 quod
2105 1585 2222 1639 haec
2268 1585 2430 1640 citius
2476 1584 2764 1655 relinquat.
2815 1584 3013 1641 Mundo
3059 1601 3273 1658 quoque
3311 1588 3503 1656 utitur,

1912 1676 2008 1731 sed
2037 1677 2190 1747 quasi
2220 1693 2329 1732 non
2363 1684 2572 1744 utatur,
2600 1678 2693 1751 qui
2715 1686 2769 1734 et
2802 1680 3110 1735 necessaria
3134 1688 3327 1737 cuncta
3355 1691 3504 1735 exte-

1914 1767 2025 1823 rius
2054 1768 2121 1823 ad
2149 1769 2271 1825 vita:
2305 1785 2417 1825 suae
2446 1767 2811 1825 ministerium
2842 1770 3062 1842 redigit,
3093 1780 3148 1826 et
3174 1779 3354 1827 tamen
3386 1773 3501 1828 haec

1911 1860 2100 1917 eadem
2138 1877 2247 1917 non
2292 1860 2424 1918 sinit
2468 1863 2637 1918 menti
2682 1879 2793 1921 suae
2820 1863 3129 1920 dominari:
3167 1875 3228 1921 ut
3260 1865 3501 1937 subjecta

232 1951 444 2008 miseris
464 1953 717 2010 admonet
740 1971 754 2009 :
780 1953 897 2025 ipse
926 1969 1026 2011 nos
1055 1955 1124 2009 ab
1149 1955 1296 2011 omni
1327 1956 1553 2012 avaritia
1582 1965 1639 2012 et
1672 1956 1808 2029 inju-
1834 1963 1883 2024 Β
1910 1950 2042 2007 foris
2065 1953 2326 2019 serviant,
2349 1963 2404 2009 et
2427 1970 2706 2025 nunquam
2726 1955 3085 2011 intentionem
3099 1955 3266 2010 animi
3293 1957 3359 2011 ad
3392 1956 3502 2011 alta

230 2054 313 2100 sta
329 2046 566 2117 pecuniae
586 2046 944 2117 acquisitione
966 2047 1237 2117 prohibet.
1257 2046 1359 2115 Qui
1381 2064 1510 2103 vero
1535 2049 1646 2103 ait:
1682 2068 1699 2100 ι
1730 2048 1806 2105 De

221 2134 383 2207 justis
424 2134 698 2191 laboribus
746 2136 854 2192 tuis
902 2135 989 2194 fac
1026 2136 1448 2209 eleemosynam,
1499 2158 1518 2191 ι
1558 2139 1671 2210 ipse
1708 2154 1807 2210 per

227 2234 524 2305 apostolum
546 2250 703 2290 suum
728 2235 979 2291 hortatur
1005 2251 1104 2291 nos
1130 2236 1352 2292 dicens:
1388 2254 1408 2288 ι
1444 2234 1622 2292 Nolite
1660 2234 1808 2292 frau-

226 2327 348 2383 dem
380 2327 560 2383 facere
582 2327 813 2383 invicem
842 2327 896 2401 (1
921 2327 1042 2383 Cor.
1066 2344 1164 2394 vn,
1187 2329 1264 2401 5).
1291 2348 1310 2383 ι
1341 2328 1476 2385 Nam
1493 2329 1585 2400 qui
1616 2327 1807 2385 fraude

222 2420 463 2491 qualibet
489 2420 689 2493 aliquid
733 2422 1069 2493 acquisierit,
1120 2423 1299 2493 perdit
1328 2421 1554 2492 iustitiae
1582 2425 1806 2495 aequita-

222 2519 356 2567 tem.
378 2512 446 2568 Et
473 2511 585 2583 ipse
612 2512 872 2569 Dominus
902 2514 955 2568 in
980 2515 1268 2585 Evangelia
1288 2516 1447 2572 dicit:
1470 2535 1488 2568 ‹
1509 2515 1709 2572 Cavete
1734 2517 1803 2571 ab

216 2604 367 2659 omni
395 2604 785 2676 avaritia,quia
815 2621 923 2661 non
954 2605 1007 2660 in
1032 2605 1362 2663 abundantia
1388 2605 1666 2676 cujusdam
1694 2609 1805 2664 vita

219 2695 339 2767 ejus
362 2704 446 2750 est
474 2711 539 2751 ex
567 2697 651 2751 his
679 2712 797 2768 quae
822 2698 1091 2768 possidet:
1122 2699 1366 2770 nunquid
1391 2716 1499 2755 non
1527 2701 1722 2756 divites
1738 2701 1807 2757 si-

217 2787 425 2843 militer
447 2789 750 2844 moriuntur
772 2791 911 2846 sicut
931 2796 985 2845 et
1010 2806 1292 2862 pauperes.
1321 2791 1473 2864 (Luc.
1504 2809 1603 2861 xu,
1630 2795 1750 2868 15?)
1778 2815 1798 2848 ι

214 2875 337 2935 Non
366 2879 622 2949 prodesse
650 2889 877 2950 possunt
902 2881 1105 2936 divitia:
1136 2882 1189 2936 in
1218 2880 1308 2938 die
1339 2882 1584 2951 ultionis,
1613 2900 1715 2941 nec
1740 2885 1804 2940 li-

212 2968 487 3025 berabunt
512 2970 654 3026 male
692 2980 906 3029 utentes
934 2973 1015 3028 eis
1051 2988 1082 3028 a
1120 2974 1299 3044 premis
1339 2975 1706 3047 sempiternis.
1744 2975 1803 3033 Si

210 3060 463 3118 volumus
491 3077 651 3118 nosse
695 3078 855 3137 quam
901 3065 1240 3135 perniciosus
1264 3073 1383 3133 est,
1419 3082 1580 3138 quam
1607 3068 1802 3125 noxius

215 3151 392 3211 fomes
406 3154 529 3221 iste,
546 3155 649 3211 nisi
670 3154 1134 3229 fueritdiligenter
1155 3160 1399 3227 excisus,
1416 3160 1484 3215 ad
1507 3162 1622 3231 ejus
1636 3161 1802 3217 inter-

1912 2043 2181 2100 tendentis
2210 2041 2479 2117 frangant.
2511 2044 2828 2119 Quicunque
2869 2046 3033 2117 igitur
3073 2046 3212 2102 tales
3239 2055 3384 2109 sunt,
3418 2047 3501 2103 eis

1906 2136 2153 2209 profecto
2179 2144 2395 2193 terrena
2421 2136 2603 2192 omnia
2633 2153 2742 2192 non
2788 2137 2855 2193 ad
2895 2136 3246 2205 desiderium,
3292 2138 3387 2193 sed
3429 2138 3501 2195 ad

1906 2240 2065 2281 usum
2105 2226 2321 2292 adsunt,
2355 2227 2482 2298 quia
2514 2228 2675 2283 rebus
2716 2227 2935 2300 quidem
2982 2227 3309 2285 necessariis
3338 2238 3502 2284 utun-

1906 2327 2011 2387 tur,
2043 2319 2138 2375 sed
2170 2319 2303 2375 nihil
2336 2320 2537 2376 habere
2564 2335 2688 2376 cum
2720 2329 2945 2391 peccato
2983 2320 3226 2391 cupiunt.
3262 2321 3338 2377 De
3364 2320 3499 2391 ipsis

1905 2400 2121 2485 quoque
2149 2411 2313 2467 rebus
2351 2409 2550 2466 habitis
2576 2410 2821 2481 quotidie
2851 2411 3131 2467 mercedes
3160 2412 3456 2478 acquirunt
3481 2429 3495 2469 :

1905 2511 1962 2559 et
1986 2503 2105 2574 plus
2134 2504 2370 2576 gaudent
2392 2504 2536 2560 bono
2574 2518 2739 2575 Opere
2760 2519 2926 2576 quam
2970 2504 3109 2558 bona
3132 2504 3495 2575 possessione.

1904 2593 2001 2651 His
2029 2612 2158 2669 ergo
2185 2597 2264 2653 sic
2291 2597 2514 2667 habitis,
2544 2606 2601 2652 et
2628 2597 2928 2654 secundum
2955 2597 3243 2653 veritatem
3273 2598 3346 2652 ita
3375 2612 3501 2668 per-

1904 2689 2125 2759 spectis,
2159 2705 2301 2745 nunc
2326 2689 2777 2747 considerandum
2807 2698 2892 2747 est
2917 2690 2986 2746 de
3004 2689 3384 2763 corporalibus
3406 2691 3499 2747 de-

1906 2782 2071 2847 lictis,
2098 2800 2261 2855 quam
2294 2785 2483 2855 gravia
2514 2786 2645 2841 sint.

2576 2916 2654 2972 De
2690 2916 2836 2988 gula.

1971 3022 2215 3102 i’rimum
2245 3044 2389 3103 enim
2416 3055 2501 3104 est
2525 3047 2811 3120 corporale
2839 3056 3125 3120 peccatum
3152 3044 3368 3128 gulagid
3390 3056 3495 3115 est,

1901 3138 2270 3209 intemperans
2329 3138 2437 3194 cibi
2500 3140 2587 3196 vel
2645 3149 2805 3213 potus
2850 3138 3130 3212 voluptas,
3184 3156 3283 3212 per
3335 3157 3500 3213 quam

208 3243 350 3299 itum
374 3244 466 3316 qui
489 3261 612 3301 eum
635 3247 839 3319 ceperit
859 3246 1168 3316 fructiﬁcet,
1183 3259 1239 3304 et
1258 3251 1563 3323 omnigenis
1576 3251 1800 3324 pullulet

1906 3232 2056 3305 primi
2096 3233 2351 3304 parentes
2391 3234 2619 3290 humani
2667 3234 2885 3307 generis
2912 3234 3152 3307 paradisi
3188 3234 3505 3291 felicitatem

207 3338 548 3394 ramunculis
573 3339 860 3407 vitiorum,
893 3342 1248 3412 respiciamus
1277 3343 1332 3398 in
1358 3341 1551 3398 ludam
1586 3352 1801 3415 aposto-
1826 3335 1873 3400 C
1903 3326 2280 3399 Perdiderunt:
2313 3336 2368 3384 ει
2396 3327 2449 3382 in
2481 3327 2623 3383 hanc
2658 3343 3023 3384 ωτυῐηηοδθηὶ
3063 3328 3224 3401 bullis
3252 3329 3376 3384 Vim
3399 3329 3502 3384 mi'

204 3429 391 3485 lorum
417 3446 642 3486 numero
666 3431 1004 3503 deputatum,
1028 3433 1156 3503 quia
1190 3448 1297 3489 non
1330 3433 1501 3489 voluit
1534 3435 1802 3506 serpentis

203 3522 376 3594 hujus
386 3532 546 3593 caput
564 3520 759 3577 lethale
787 3534 1091 3591 conterere,
1105 3526 1334 3596 qualiter
1346 3542 1468 3583 eum
1484 3543 1582 3583 suo
1595 3543 1801 3583 veneno

198 3614 508 3685 peremerit
529 3631 541 3667 :
560 3622 616 3668 et
636 3615 1085 3685 concupiscentim
1100 3618 1309 3689 laqueis
1326 3620 1592 3673 irretitum
1608 3620 1675 3673 ad
1691 3629 1799 3676 tam

201 3701 438 3773 abrupti
468 3698 753 3773 prmcipitii
780 3704 983 3759 crimen
1008 3705 1309 3776 impegerit,
1328 3715 1387 3759 ut
1405 3707 1802 3777 redemptorem

200 3795 400 3851 mundi
439 3805 495 3850 et
523 3794 772 3852 humana:
807 3796 997 3853 salutis
1025 3808 1300 3854 auctorem
1347 3800 1416 3854 ob
1447 3800 1666 3871 triginta
1710 3816 1803 3855 ar-

200 3892 438 3956 genteos
462 3886 795 3956 persuaserit
815 3886 1066 3943 vendere.
1098 3888 1198 3957 Qui
1224 3904 1564 3960 nequaquam
1594 3891 1660 3947 ad
1688 3900 1801 3948 tam

200 3977 502 4034 scelestum
532 3978 854 4048 proditionis
881 3978 1090 4035 facinus
1114 3989 1258 4036 esset
1289 3981 1590 4047 devolutus,
1620 3982 1664 4038 si
1696 3998 1801 4038 non

202 4069 563 4141 philargyria:
618 4071 807 4126 morbo
850 4070 1037 4127 fuisset
1080 4072 1333 4139 infectus,
1379 4090 1478 4129 nec
1510 4073 1829 4159 Dominicze‘

202 4163 518 4232 negationis
546 4178 670 4219 reus
708 4179 772 4218 ac
815 4162 1114 4236 sacrilegus
1157 4166 1474 4233 exstitisset,
1517 4168 1621 4222 nisi
1650 4169 1800 4239 prius

202 4253 406 4309 solitus
442 4252 632 4310 fuisset
668 4256 903 4313 creditos
949 4257 1052 4312 sibi
1096 4258 1301 4313 loculos
1342 4260 1656 4331 compilare.
1694 4260 1801 4316 Sed

200 4344 342 4401 licet
370 4346 521 4401 multi
558 4348 892 4403 detestentur
916 4349 1092 4405 scelus
1115 4348 1287 4417 Judze,
1312 4351 1468 4422 pauci
1506 4361 1685 4407 tamen
1720 4352 1802 4406 vi-

204 4446 331 4493 tare
357 4438 593 4493 student.
622 4438 723 4507 Qui
760 4455 889 4513 ergo
917 4457 1041 4496 reus
1071 4440 1358 4497 Dominum
1387 4442 1642 4506 vendidit,
1678 4458 1803 4499 reus

201 4544 333 4585 esse
347 4530 416 4585 ab
428 4530 674 4585 omnibus
689 4531 1032 4601 dijudicatur,
1049 4542 1105 4589 et
1116 4534 1207 4604 qui
1230 4533 1517 4589 veritatem
1541 4549 1639 4606 pro
1655 4548 1803 4589 men-

202 4623 374 4679 dacio
398 4632 712 4691 commutat,
748 4625 877 4679 vixa
895 4641 1169 4696 quoquam
1198 4627 1633 4698 reprehenditur.
1662 4627 1799 4681 Nam

1901 3420 2101 3476 seriam
2139 3418 2330 3489 deiecti
2360 3430 2510 3487 sunt,
2555 3420 2645 3477 ubi
2671 3422 2849 3477 omnis
2878 3422 3044 3478 homo
3071 3436 3172 3492 per
3211 3430 3497 3494 peccatum

1900 3513 2166 3579 nascitur,
2197 3528 2293 3584 per
2336 3512 2578 3570 laborem
2614 3512 2767 3579 vivit,
2809 3529 2908 3586 per
2955 3514 3195 3570 dolorem
3242 3513 3496 3569 moritur.

1902 3603 2035 3672 Quis
2064 3605 2210 3660 enim
2258 3602 2591 3660 sufﬁcienter
2621 3612 2904 3661 enumeret
2948 3620 3069 3675 qua:
3095 3613 3153 3662 et
3181 3614 3380 3677 quanta
3423 3606 3498 3662 illi

1900 3694 2235 3765 protOplasto
2260 3703 2447 3750 nostro
2472 3695 2816 3750 abstinentia:
2840 3704 3185 3767 contemptus
3208 3697 3495 3765 ademerit,

1901 3784 2046 3855 quod
2096 3784 2476 3840 intellectualis
2520 3785 2718 3840 mentis
2748 3784 3008 3857 dignitate
3045 3787 3279 3841 donatus
3308 3788 3501 3857 imagi-

1902 3892 2026 3932 nem
2053 3876 2133 3931 sui
2156 3874 2429 3931 Creatoris
2465 3878 2695 3947 accepit,
2727 3876 2870 3946 quod
2916 3874 3015 3930 soli
3047 3877 3159 3932 Deo
3183 3892 3281 3932 suo
3311 3878 3495 3947 subje-

1902 3980 2022 4029 ctus
2050 3972 2233 4027 omnia
2259 3971 2492 4028 visibilia
2520 3970 2623 4028 sibi
2657 3968 2898 4040 subjecta
2939 3972 3243 4042 conspexit,
3268 3974 3413 4043 quod
3447 3973 3497 4028 ei

1902 4067 1973 4123 ad
2038 4066 2255 4122 vivendi
2301 4082 2459 4121 usum
2513 4065 2715 4120 affatim
2766 4065 3037 4138 lignorum
3086 4065 3328 4122 omnium
3380 4083 3498 4137 qua:

1902 4169 2060 4215 erant
2084 4159 2138 4214 in
2164 4158 2419 4230 paradiso
2465 4157 2724 4214 feraeitas
2751 4158 2933 4214 divina
2968 4157 3211 4230 iussione
3240 4158 3494 4225 servivit;

1901 4252 2047 4323 quod
2073 4252 2235 4307 arbor
2260 4251 2383 4306 vita:
2415 4251 2704 4322 mysticum
2733 4251 2911 4306 cibum
2965 4266 3072 4306 non
3097 4249 3239 4305 unde
3269 4250 3490 4314 viveret,

1902 4344 1997 4401 sed
2043 4344 2184 4399 unde
2222 4345 2389 4399 vitam
2436 4343 2684 4415 corporis
2732 4359 2841 4398 non
2887 4342 3085 4409 ﬁniret,
3118 4343 3198 4398 sui
3220 4342 3496 4399 Creatoris

1904 4453 2127 4494 munere
2160 4436 2531 4504 ministravit,
2561 4437 2654 4509 qui
2690 4434 2871 4493 cibum
2908 4437 3144 4508 quandiu
3180 4437 3493 4507 percipere-

1904 4541 2024 4597 tur,
2071 4530 2144 4587 ita
2193 4530 2583 4602 percipientem
2631 4545 2690 4586 se
2730 4528 2783 4585 in
2820 4545 2927 4583 uno
2966 4538 3110 4584 statu
3158 4528 3485 4585 sacramenti

1902 4623 2186 4696 cujusdam
2237 4622 2456 4678 latentis
2505 4620 2735 4693 ﬁgurata
2783 4620 3177 4693 signiﬁcatione
3225 4630 3492 4690 servaret,

201 4718 526 4787 quicunque
564 4728 784 4791 propter
830 4736 1070 4776 amorem
1119 4723 1384 4791 pecuniae,
1430 4722 1517 4777 vel
1562 4725 1964 4790 commo-Dul.
2003 4733 2127 4773 eum
2178 4732 2281 4772 nec
2325 4714 2433 4769 ulla
2484 4713 2799 4769 inﬁrmitate
2847 4714 3142 4785 corrumpi,
3190 4728 3292 4769 nec
3335 4720 3493 4769 aatate

200 4810 341 4866 dum
395 4819 669 4866 terremun
704 4812 988 4867 veritatem
1016 4814 1222 4877 vendit,
1266 4813 1541 4871 Christum
1578 4815 1797 4886 perdit,

199 4910 267 4960 et
301 4903 452 4958 Judw
486 4900 707 4960 sceleris
733 4916 816 4960 est
846 4906 1152 4975 particeps;
1180 4906 1258 4960 ait
1293 4904 1436 4961 enim
1466 4906 1582 4977 ipse
1613 4907 1797 4962 Domi-

198 5013 355 5053 nus:
410 5015 428 5047 ‹
463 4996 573 5067 Ego
605 4992 739 5052 suin’
755 4999 857 5061 via,
897 5008 955 5054 et
981 4999 1206 5065 veritas,
1243 5006 1296 5052 et
1315 4998 1421 5053 vita
1452 4998 1635 5071 (Joan.
1682 5015 1794 5065 xlv,

198 5088 292 5161 6).
330 5108 349 5139 ι
388 5088 563 5145 Vitam
613 5089 796 5160 utique
851 5090 1072 5153 deserit,
1125 5092 1216 5161 qui
1272 5091 1558 5146 veritatem
1604 5100 1795 5148 contra

196 5180 498 5251 pecuniam
522 5180 725 5245 vendit,
747 5192 800 5234 et
822 5182 945 5236 inde
971 5190 1209 5237 mercatu
1234 5180 1471 5237 infausto
1497 5197 1603 5238 non
1626 5182 1794 5239 vitam

201 5280 457 5328 meretur
486 5282 762 5337 aeternam,
799 5275 891 5329 sed
927 5273 1192 5329 mendacii
1238 5276 1471 5331 debitam
1523 5282 1794 5346 mergetur

200 5366 266 5421 in
298 5380 538 5437 ptenam.
570 5366 707 5421 Hinc
744 5383 844 5423 nos
876 5366 1074 5425 Paulus
1119 5369 1396 5439 apostolus
1439 5371 1695 5426 admonet
1737 5377 1795 5426 et

200 5456 386 5512 dicit:
422 5477 441 5508 ‹
498 5457 731 5529 Tempus
774 5458 936 5514 breve
976 5468 1080 5526 est,
1125 5460 1393 5530 reliquum
1432 5474 1537 5527 est,
1595 5471 1653 5517 ut
1697 5463 1793 5533 qui

198 5546 419 5604 habent
462 5564 659 5605 uxores
690 5559 945 5622 tanquam
980 5567 1086 5606 non
1128 5553 1389 5607 habentes
1436 5554 1566 5620 sint,
1611 5562 1666 5609 et
1698 5553 1791 5624 qui

196 5636 345 5694 ﬂent
384 5648 638 5712 tanquam
666 5658 769 5696 non
800 5642 1005 5711 (lentes,
1050 5653 1104 5697 et
1148 5645 1240 5715 qui
1272 5645 1506 5716 gaudent
1537 5655 1791 5717 tanquam

202 5748 323 5788 non
365 5734 692 5837 gaudeates,
736 5744 791 5789 et
819 5735 909 5805 qui
952 5744 1139 5790 emunt
1170 5746 1423 5806 tanquam
1472 5754 1577 5791 non
1620 5738 1794 5808 possi-

200 5825 434 5891 dentes,
474 5833 529 5881 et
549 5825 663 5897 ‘qui
713 5834 935 5882 utuntur
982 5828 1085 5883 hoc
1131 5830 1332 5884 mundo
1382 5836 1634 5901 tanquam
1683 5846 1790 5885 non

200 5924 459 5975 utantur.
487 5916 735 5975 Praeterit
760 5920 905 5974 enim
944 5916 1116 5992 ﬁgura
1145 5917 1306 5991 hujus
1341 5920 1530 5976 mundi
1576 5918 1627 5995 (1
1663 5918 1785 5977 Cor.

1903 4807 2122 4871 mutari,
2155 4816 2247 4861 aut
2283 4820 2588 4869 senescere,
2614 4819 2718 4860 nec
2740 4803 2960 4859 dissolvi
3002 4812 3177 4859 morte
3205 4803 3487 4875 permitte.

1902 4910 2004 4956 ret.
2052 4898 2166 4953 Non
2215 4897 2550 4968 inquietabat
2599 4894 2824 4952 molesta
2868 4892 3170 4953 sollicitudo
3213 4897 3486 4969 quietum,

1901 5009 2006 5048 non
2036 4990 2303 5067 fatigabat.
2320 4990 2473 5044 labor
2499 4988 2695 5043 anxius
2723 4989 2980 5053 otiosum,
3005 5004 3113 5044 non
3145 5006 3367 5046 somnus
3391 5006 3487 5061 0p-

1898 5085 2166 5157 primebat
2197 5083 2446 5147 invitum,
2488 5098 2594 5137 non
2647 5084 2957 5139 amittendae
2988 5085 3110 5139 vita:
3143 5085 3302 5143 timor
3326 5101 3486 5156 ange-

1902 5178 2071 5232 batde
2091 5175 2503 5231 immortalitate
2516 5191 2792 5241 securum,
2811 5176 3041 5232 habebat
3056 5175 3265 5235 facilem
3285 5179 3485 5234 victum

1903 5283 2098 5338 corpus
2122 5284 2189 5323 ex
2216 5267 2466 5323 onmibus
2489 5266 2734 5339 partibus
2761 5283 2973 5333 sanum,
3000 5268 3346 5339 tranquillum
3371 5284 3485 5322 mo-

1901 5368 2037 5424 tum,
2070 5376 2165 5415 cor
2194 5359 2472 5424 mundum,
2510 5359 2728 5431 ignarus
2754 5359 2984 5431 poenalis
3027 5360 3173 5425 mali,
3210 5360 3483 5415 habitator

1898 5453 2157 5527 paradisi,
2196 5468 2390 5522 expers
2414 5452 2642 5523 peccati,
2676 5468 2842 5525 capax
2886 5450 3000 5509 Dei.
3044 5452 3324 5507 Postremo
3352 5453 3481 5523 quid

1897 5561 1963 5600 eo
2002 5544 2209 5599 felicius
2242 5547 2331 5607 sit,
2359 5544 2442 5599 cui
2472 5552 2589 5598 erat
2620 5544 2770 5601 orbis
2799 5545 3094 5615 subjectus,
3134 5543 3312 5598 nullus
3341 5545 3479 5600 infc-

1895 5646 2033 5703 stus,
2068 5636 2205 5691 liber
2233 5637 2466 5703 animus,
2498 5647 2554 5691 et
2582 5636 2814 5692 visibilis
2844 5636 3024 5692 Deus?
3048 5637 3478 5708 quandoquidem

1897 5728 1999 5783 nisi
2024 5736 2147 5781 ante
2185 5739 2462 5798 peccatum
2500 5726 2667 5782 Deum
2702 5726 2881 5782 videre
2910 5726 2963 5781 in
2995 5735 3361 5797 assumptione
3396 5718 3491 5783 νὶ-Δ

1896 5820 2069 5876 sibilis
2110 5829 2370 5876 creaturae
2408 5820 2625 5885 soleret,
2659 5819 2927 5890 quomodo
2971 5835 3029 5875 se
3064 5818 3175 5891 jam
3226 5831 3479 5893 peccator

1895 5918 2117 5978 ell'ectus
2143 5935 2172 5976 a
2202 5918 2344 5977 facie
2368 5918 2465 5976 Dei
2492 5933 2655 5991 quam
2688 5932 2965 5989 nunquam
2994 5918 3217 5977 vidisset
3244 5923 3479 5978 abscon-
