3956 6326
446 359 586 417 1247

1087 364 1149 419 Β.
1192 363 1448 422 RABANI
1484 363 1706 422 MAURI
1743 366 2063 425 ARCHIEP.
2103 368 2415 429 MOGUNT.
2453 373 2742 433 OPERUM
2779 377 2960 437 PARS
2991 381 3076 438 111.

3613 387 3756 448 ωε

443 475 630 534 deret?
651 474 832 532 Potuit
852 490 983 548 ergo
1005 486 1082 533 ita
1108 477 1292 534 videre
1316 478 1486 535 Deum
1515 483 1690 551 prius,
1715 497 1878 552 quam
1907 498 2033 554 pec-
2060 487 2112 549 Α
2139 486 2316 557 gulam
2345 503 2466 558 quae
2514 506 2545 544 a
2595 493 3005 564 quadrupedum
3043 511 3139 553 esu
3176 501 3432 570 prohibet
3465 505 3753 576 vitupere-

443 574 616 632 caret,
640 565 834 634 Adam,
866 567 1010 624 sicut
1033 582 1157 624 eum
1189 573 1365 626 sancti
1385 575 1716 644 patriarchze
1741 575 1996 632 viderunt
2020 594 2036 645 ;

444 656 538 710 sed
571 657 788 724 quando
829 657 944 712 ait:
991 677 1010 710 ι
1063 659 1266 715 Vocem
1320 668 1466 717 tuam
1515 665 1721 732 audivi,
1781 674 1839 720 et
1884 668 2041 724 timui

447 745 580 819 (Gen
611 763 693 814 ιιι,
741 747 852 820 10),
895 765 962 806 ex
995 750 1086 804 illa
1132 751 1244 822 jam
1293 751 1508 808 videndi
1554 756 1725 812 Deum
1752 759 2042 816 sanctitate

444 842 739 908 ceciderat,
766 845 858 914 qui
882 861 977 915 per
997 846 1175 916 gulam
1206 849 1520 904 mandatum
1545 849 1640 906 Dei
1671 859 2042 923 transgressus

445 933 641 990 fuerat.
675 936 805 1004 Qua:
832 937 1086 995 videlicet
1116 940 1290 996 tribus
1339 943 1516 998 modis
1559 960 1791 1016 regnare
1825 947 2042 1003 videtur

447 1025 500 1080 in
521 1026 782 1094 homine;
815 1028 869 1085 id
894 1040 1000 1096 est,
1033 1031 1158 1086 dum
1209 1032 1372 1088 homo
1403 1035 1594 1090 horam
1633 1039 1949 1094 canonicam
1985 1047 2043 1094 et

447 1127 708 1174 statutam
753 1121 894 1191 gula:
925 1138 1105 1178 causae
1149 1125 1449 1196 anticipare
1479 1129 1647 1198 cupit,
1681 1139 1775 1184 aut
1802 1132 2044 1202 exquisi-

439 1199 614 1267 tiores
653 1212 802 1269 cibos
840 1215 942 1270 sibi
985 1232 1295 1287 prazparare
1340 1219 1498 1290 jubet
1544 1237 1708 1292 quam
1744 1226 2042 1281 necessitas

447 1304 691 1374 corporis
714 1305 800 1360 vel
833 1321 943 1362 sua:
983 1308 1217 1378 qualitas
1245 1324 1496 1379 personae
1537 1313 1808 1383 exagitat;
1859 1315 1945 1370 vel
1993 1315 2042 1371 si

445 1393 566 1463 plus
595 1395 830 1466 accipiat
853 1397 908 1450 in
937 1399 1146 1454 edendo
1182 1400 1267 1454 vel
1311 1401 1548 1456 bibendo
1576 1415 1800 1475 propter
1824 1406 2040 1462 deside-

451 1484 593 1540 rium
629 1486 1061 1557 intemperautiae
1101 1506 1212 1546 suae
1239 1507 1400 1561 quam
1432 1509 1543 1549 suae
1576 1497 1828 1564 proficiat
1855 1499 2036 1554 saluti.

448 1572 554 1629 Sed
573 1575 673 1630 hoc
688 1577 968 1632 sciendum
982 1589 1064 1635 est
1085 1581 1228 1651 quod
1246 1599 1344 1638 nec
1365 1584 1573 1641 delicia:
1586 1589 1840 1657 quaelibet
1863 1591 1907 1647 si
1924 1594 2043 1649 abs»

449 1681 556 1734 que
581 1667 849 1724 desiderio
873 1670 1264 1740 percipiantur,
1281 1673 1551 1743 officiunt;
1579 1689 1632 1733 et
1648 1680 1784 1737 viles
1803 1683 1907 1738 cibi
1930 1685 2044 1754 ple-

443 1773 670 1829 rumque
695 1759 1041 1818 abstinentiae
1067 1764 1390 1834 profectum,
1423 1769 1468 1822 si
1493 1783 1866 1842 competenter
1891 1776 2040 1831 acci-

2142 595 2287 647 mus,
2314 581 2398 637 vel
2437 585 2767 654 pmnitentes
2814 590 3058 645 carnium
3105 605 3200 647 esu
3235 593 3520 651 abstinere
3563 599 3756 668 probi-

2143 669 2387 739 beamus,
2435 674 2532 728 sed
2565 683 2626 730 ut
2655 678 2926 746 quomodo
2968 680 3106 750 gulae
3145 683 3339 738 vitium
3393 685 3754 744 devitandum

2143 764 2214 818 sit
2243 765 2553 821 doceamus.
2581 767 2810 839 Oportet
2837 772 2985 826 enim
3016 781 3077 827 ut
3117 775 3210 844 qui
3241 792 3273 830 a
3309 776 3442 834 vino
3475 787 3540 834 et
3569 783 3754 836 carni.

2143 853 2245 911 bus
2273 873 2333 912 se
2359 858 2595 916 abstinet
2622 877 2728 916 non
2768 864 2838 917 sit
2874 864 2928 918 in
2974 867 3190 922 czeteris
3234 870 3372 925 cibis
3401 871 3490 926 vel
3535 874 3758 942 potibus

2143 946 2284 1002 ultra
2327 950 2542 1005 modum
2583 954 2775 1009 avidus
2832 974 2844 1008 :
2897 958 2992 1012 sed
3039 959 3096 1014 in
3141 963 3399 1018 onmibus
3444 965 3674 1021 sobrius
3703 977 3756 1023 et

2145 1039 2472 1097 moderatus.
2513 1042 2649 1111 Quid
2679 1062 2809 1117 ergo
2853 1049 3095 1118 proderit
3137 1056 3280 1122 quod
3307 1057 3444 1127 quis
3475 1058 3754 1116 abstineat

2097 1165 2100 1168 -
2142 1129 2270 1184 vino
2298 1139 2354 1184 et
2391 1147 2574 1198 carne,
2619 1142 2675 1189 et
2701 1146 2929 1193 caeteros
2968 1139 3119 1196 cibos
3158 1144 3242 1198 vel
3279 1156 3442 1215 potus
3471 1165 3656 1218 usque
3692 1153 3758 1208 ad

2143 1220 2465 1277 cruditatem
2493 1223 2578 1279 vel
2618 1227 2882 1283 vomitum
2915 1242 3115 1298 sumat,
3158 1251 3282 1291 cum
3311 1254 3422 1293 non
3451 1255 3635 1310 genus
3657 1244 3756 1298 ali-

2143 1313 2334 1379 menti,
2383 1317 2478 1370 sed
2527 1317 2867 1376 solummodo
2916 1328 3248 1381 comessatio
3297 1338 3354 1384 et
3400 1333 3660 1390 ebrietas
3704 1337 3756 1391 in

2141 1405 2277 1459 vitio
2299 1406 2412 1460 sit?
2437 1407 2589 1464 Unde
2616 1413 3026 1471 consideremus
3059 1427 3120 1470 ut
3141 1419 3463 1491 diligentius
3485 1425 3757 1480 sobrieta-

2145 1497 2214 1552 tis
2236 1497 2361 1568 jura
2393 1501 2686 1557 observare
2711 1507 3106 1564 contendamus
3139 1511 3193 1564 in
3218 1514 3497 1570 conviviis
3530 1521 3753 1575 nostris.

2146 1585 2297 1643 Sicut
2345 1594 2795 1650 comessationem
2847 1607 2903 1651 et
2941 1599 3267 1657 ebrietatem
3307 1621 3642 1672 caveamus,
3691 1613 3754 1666 ita

2144 1688 2198 1734 et
2226 1697 2256 1734 a
2286 1684 2450 1738 verbo
2495 1685 2845 1742 detractionis
2891 1699 2945 1744 et
2993 1694 3351 1766 stultiloquio,
3405 1715 3513 1756 nec
3569 1719 3678 1757 non
3707 1716 3756 1760 et

2144 1785 2175 1824 a
2223 1774 2379 1828 vanis
2419 1773 2561 1843 jocis
2589 1781 2936 1838 continentes
2983 1785 3175 1842 simus.
3230 1789 3540 1847 Mimorum
3593 1805 3648 1848 et
3677 1797 3752 1850 hi-

442 1851 685 1920 piantur,
719 1853 1055 1924 impendunt.
1098 1857 1235 1913 Hinc
1281 1867 1366 1913 est
1409 1862 1553 1930 quod
1599 1875 1818 1922 sanctus
1868 1868 2039 1924 David
2070 1859 2116 1919 B
2143 1865 2410 1921 strionum
2457 1869 2607 1925 lusus
2635 1881 2688 1925 et
2735 1877 2975 1930 carmina
3016 1879 3164 1935 velut
3196 1898 3480 1940 venenum
3515 1890 3757 1944 mortife-

443 1959 599 2014 aquae
641 1945 694 1999 in
737 1961 796 2001 se
839 1949 1334 2018 concupiscentiam
1365 1955 1676 2026 castigavit,
1726 1967 1890 2029 atque
1915 1976 2036 2016 eam

443 2037 547 2091 sibi
581 2053 611 2092 a
643 2040 756 2095 suis
782 2039 1044 2109 oblatam,
1075 2059 1144 2100 ne
1189 2045 1459 2103 desiderio
1505 2065 1574 2105 ex
1613 2066 1677 2106 ea
1722 2054 2041 2112 satisfacere

443 2129 741 2198 videretur,
765 2132 953 2188 effudit
978 2153 991 2187 :
1024 2144 1077 2191 et
1103 2145 1291 2193 sancto
1319 2139 1450 2196 Elite
1479 2145 1758 2214 perceptio
1791 2147 2036 2203 carnium

449 2234 557 2273 non
626 2225 914 2294 concupita
965 2241 1073 2281 non
1129 2229 1333 2283 nocuit.
1397 2229 1551 2286 Unde
1602 2234 1763 2290 datur
1813 2237 2038 2309 intelligi

441 2311 582 2378 quod
612 2314 884 2370 veraciter
909 2317 1245 2374 abstinentes
1268 2334 1517 2377 escarum
1543 2323 1650 2379 non
1673 2335 1917 2396 naturas,
1942 2331 2038 2387 sed

440 2401 910 2470 concupiscentias
953 2405 1210 2462 damnent
1241 2426 1253 2461 :
1285 2424 1351 2465 ac
1383 2411 1690 2472 voluntates
1733 2434 1860 2474 suas
1886 2417 2033 2477 desi-

439 2493 544 2547 rati
587 2494 689 2549 cibi
718 2497 804 2551 vel
851 2505 1009 2566 potus
1038 2500 1299 2559 abusione
1329 2505 1674 2564 mortificent.
1715 2509 1815 2578 Qui
1852 2523 2037 2572 autem

437 2599 546 2656 non
573 2585 744 2641 solum
771 2604 801 2642 a
832 2590 1112 2659 qualitate,
1151 2595 1245 2650 sed
1275 2596 1442 2652 etiam
1479 2615 1510 2654 a
1548 2603 1855 2670 quantitate
1883 2607 2034 2663 cibo-

438 2691 556 2731 rum
586 2680 810 2749 cupiunt
841 2681 1142 2753 abstinere,
1185 2687 1323 2742 nihil
1371 2689 1515 2746 aliud
1556 2695 1796 2763 student,
1841 2699 1948 2754 nisi
1977 2708 2038 2756 ut

439 2779 702 2838 quantum
764 2775 1047 2831 stomacho
1097 2776 1389 2835 reficiendo
1439 2797 1502 2838 ac
1551 2784 1683 2841 fami
1733 2789 2034 2846 eximendae

435 2857 569 2913 satis
589 2873 710 2915 esse
735 2861 950 2918 videtur
979 2864 1319 2938 indulgeant,
1347 2886 1449 2927 nec
1475 2875 1732 2944 expleant
1772 2894 1902 2936 suos
1937 2896 2032 2954 ap-

437 2951 639 3018 petitus
667 2953 924 3012 aviditate
942 2961 1301 3033 percipiendi,
1335 2968 1428 3022 sed
1457 2973 1842 3042 comprimant,
1869 2951 2033 3049 atque

434 3039 515 3096 eis
548 3057 656 3098 non
697 3046 921 3104 satietas
948 3051 1141 3109 edendi
1188 3055 1350 3113 finem
1402 3039 1598 3127 faciat,
1632 3064 1728 3120 sed
1760 3039 2026 3136 voluntas,

431 3316 558 3371 vino
596 3319 920 3380 abstinendo
948 3327 1034 3383 vel
1060 3331 1414 3400 percipiendo
1443 3339 1574 3406 quid
1611 3341 1829 3400 dicam?
1876 3345 2032 3406 Unde

435 3419 659 3465 sanctus
717 3413 1010 3482 Apostolus
1069 3430 1275 3479 certam
1335 3425 1454 3483 fixit
1491 3434 1734 3503 regulam
1782 3438 1968 3498 dicens
2011 3462 2027 3500 :

435 3515 454 3547 ‹
484 3497 659 3554 Nolite
691 3501 949 3562 inebriari
992 3509 1141 3580 vino,
1174 3513 1228 3569 in
1273 3531 1380 3587 quo
1413 3531 1497 3577 est
1522 3522 1734 3582 luxuria
1766 3529 1926 3602 (Eph.
1971 3551 2026 3603 v,

431 3587 552 3660 18).
595 3610 613 3642 ι
663 3592 831 3661 Quasi
861 3599 1084 3667 diceret,
1115 3604 1382 3666 luxuriam
1427 3613 1579 3683 facit,
1626 3627 1681 3675 et
1707 3587 1877 3680 nutrit
1914 3587 2027 3684 vini

348 4003 354 4012 .
423 3961 664 4020 ebrietas
719 3969 956 4026 animum
1009 3989 1312 4050 corpusque
1355 3983 1616 4056 debilitat,
1670 3991 1746 4046 illi
1803 3961 2018 4067 quoque

421 4053 514 4122 qui
546 4065 738 4127 negata
779 4059 879 4116 sibi
907 4069 1252 4138 perceptione
1281 4074 1392 4130 vini
1426 4053 1762 4139 diversorum
1797 4053 2018 4156 poculo—

419 4157 539 4198 rum
588 4149 926 4217 portionibus
964 4157 1317 4232 inundantur,
1369 4183 1714 4242 nequaquam
1759 4178 1891 4234 mihi
1935 4183 2014 4237 vi-

419 4237 614 4295 dentur
649 4244 1028 4304 abstinentiam
1063 4253 1288 4324 implere
1320 4277 1332 4312 :
1370 4237 1546 4331 quiet
1571 4237 1641 4322 ad
1672 4269 1774 4325 hoc
1807 4287 1864 4327 se
1894 4271 2008 4328 for-

421 4333 579 4389 tassis
607 4349 640 4390 a
664 4338 790 4393 vino
815 4345 1172 4416 suspendunt,
1199 4358 1258 4405 ut
1288 4367 1604 4413 mereantur
1616 4360 1684 4415 ab
1699 4361 2011 4424 hominibus

417 4423 648 4489 laudem,
695 4436 764 4483 et'
790 4431 1061 4490 interdicti
1102 4439 1204 4496 sibi
1249 4444 1359 4499 vini
1403 4463 1760 4521 compensant
1802 4459 2011 4527 poculis

415 4517 753 4574 suavioribus
779 4522 1130 4594 voluptatem.
1166 4532 1429 4593 Similiter
1474 4517 1543 4595 et
1571 4558 1602 4596 a
1647 4517 2007 4620 quadrupedi-

413 4605 512 4661 bus
538 4609 874 4670 abstinentes
908 4625 963 4670 et
991 4620 1183 4677 avibus
1211 4625 1450 4684 altilibus
1485 4642 1578 4688 aut
1611 4605 2004 4710 piscibus.per-
2030 4611 2082 4671 D

413 4698 699 4757 fruuntur:
729 4721 836 4761 non
881 4709 1014 4766 mihi
1045 4713 1299 4774 videntur
1336 4737 1582 4782 resecare
1617 4730 2002 4792 delectationes

409 4793 488 4845 sui
523 4798 785 4865 corporis,
815 4803 910 4858 sed
939 4815 1171 4865 mutare.
1206 4811 1342 4869 Nam
1381 4828 1507 4873 sunt
1549 4821 1714 4893 aliqui
1747 4824 1814 4881 de
1835 4827 2001 4883 falso-

410 4898 527 4937 rum
555 4887 938 4950 abstineutium
969 4914 1212 4971 numero,
1268 4908 1361 4979 qui
1398 4910 1452 4965 in
1481 4912 1584 4969 hoc
1609 4918 1887 4986 parciores
1913 4923 1996 4978 vi-

406 4975 518 5029 deri
562 4979 765 5048 volunt,
811 4995 864 5040 et
917 4989 1140 5060 gloriam
1196 4975 1302 5054 sibi
1345 5001 1490 5057 velut.
1540 4975 1625 5061 de.
1656 5009 1995 5071 abstinentiae

404 5067 750 5130 distinctione
789 5083 1136 5155 conquirunt,
1169 5106 1290 5146 cum
1341 5095 1420 5150 sic
1469 5099 1538 5154 ab
1586 5104 1841 5161 omnibus
1875 5110 1994 5164 ani-

401 5161 632 5219 malibus
656 5163 904 5234 judicant
934 5181 1364 5251 temperandum,
1399 5198 1457 5242 ut
1489 5196 1788 5265 peregrinis
1816 5202 1991 5268 pomis

400 5265 466 5305 ac
510 5255 911 5320 sorbitiunculis
962 5267 1228 5341 delicatis,
1277 5255 1601 5352 ueterisque
1619 5255 1848 5344 "talibus
1903 5295 1987 5350 sui

397 5347 638 5413 corporis
671 5349 926 5421 impleant
956 5362 1273 5429 appetitum,
1308 5382 1430 5422 cum
1471 5347 1770 5442 spiritualis
1814 5381 1984 5440 absti-

395 5438 592 5494 nentize
619 5457 726 5498 non
756 5445 1056 5517 aliquorum
1085 5453 1329 5512 ciborum
1345 5475 1522 5530 usum,
1547 5469 1642 5524 sed
1663 5471 1988 5534 desiderium

396 5535 587 5591 suadet
639 5545 1106 5612 compescendum.
1175 5549 1242 5606 Et
1291 5552 1365 5608 illi
1417 5559 1588 5630 magis
1642 5566 1987 5632 parcimonia:

391 5628 600 5684 servire
628 5637 884 5690 censendi
916 5649 1062 5704 sunt,
1090 5643 1182 5711 qui
1203 5645 1306 5700 sibi
1333 5663 1439 5702 non
1465 5650 1767 5722 aliquarum
1799 5676 1977 5720 rerum

387 5722 784 5791 perceptiones,
813 5729 910 5782 sed
946 5730 1330 5792 delectationes
1355 5743 1600 5810 corporis
1629 5745 1957 5809 interdicunt

391 5808 518 5866 Haec
545 5820 722 5867 tamen
751 5830 858 5871 non
886 5818 960 5873 ita
999 5820 1228 5882 dicimus
1270 5830 1426 5898 quasi
1470 5835 1858 5895 monachorum
1889 5817 1985 5900 re:

2140 1979 2261 2018 rum
2303 1981 2641 2037 respuantus,
2681 1973 2804 2041 quia
2860 1976 3103 2033 seductio
3156 1990 3210 2035 et
3258 1997 3590 2040 commenta
3645 2000 3758 2043 sunt

2141 2061 2377 2117 diaboli?
2415 2081 2685 2123 memores
2748 2085 2962 2142 semper
3009 2074 3155 2130 illius
3203 2077 3397 2135 divitis
3451 2086 3754 2155 evangelici

2140 2155 2232 2223 qui
2267 2157 2509 2225 sepultus
2547 2161 2604 2215 in
2645 2162 2859 2220 inferno
2898 2167 3208 2238 refrigerari
3248 2173 3350 2227 sibi
3385 2174 3645 2248 linguam
3673 2197 3753 2233 ar-

2141 2245 2354 2302 dentem
2378 2253 2639 2320 poposcit,
2669 2256 2794 2324 quia
2827 2257 2880 2311 in
2905 2261 3167 2316 conviviis
3194 2265 3310 2318 suis
3331 2266 3486 2336 gulae
3514 2279 3579 2322 et
3609 2275 3753 2326 vani-

2139 2335 2320 2407 loquio
2363 2349 2490 2397 ante
2539 2346 2799 2400 serviunt.
2850 2350 3150 2408 Audiamus
3202 2335 3544 2426 Apostolurn
3609 2364 3752 2418 nobis

2138 2426 2466 2498 loquentem.
2504 2454 2523 2486 ι
2554 2434 2680 2493 Sive
2705 2439 2850 2494 enim
2877 2445 3289 2513 manducemus,
3318 2450 3443 2504 sive
3477 2453 3751 2524 bibamus,

2137 2520 2251 2576 sive
2281 2523 2424 2579 aliud
2449 2528 2578 2597 quid
2607 2545 2848 2602 agamus,
2881 2536 3059 2591 omnia
3102 2538 3155 2594 in
3183 2539 3424 2610 gloriam
3455 2543 3559 2600 Dei
3592 2547 3746 2602 facia-

2137 2627 2257 2670 mus
2287 2615 2339 2688 (I
2367 2617 2489 2674 Cor.
2521 2637 2579 2689 ι,
2609 2622 2722 2691 51).
2758 2645 2773 2676 ι

2693 2757 2770 2814 De
2804 2761 3170 2832 fornicatione.

2205 2883 2332 2942 Haec
2357 2887 2424 2944 de
2449 2890 2574 2961 gula
2618 2893 2760 2950 dicta
2787 2896 3077 2968 sufficiant,
3134 2920 3283 2962 nunc
3329 2923 3746 2985 consequenter

2133 2979 2263 3047 quid
2289 2981 2355 3036 de
2375 2980 2491 3051 ejus
2513 2997 2766 3044 consorte
2783 2989 3030 3048 videlicet
3058 2994 3428 3059 fornicatione
3457 2979 3742 3077 Scriptura

2095 3093 2098 3098 -
2132 3081 2318 3128 sancta
2349 3075 2563 3134 intimet
2597 3081 2893 3141 videamus.
2943 3087 3176 3148 Sanctus
3204 3093 3412 3152 Paulus
3455 3075 3740 3170 apostolus

2132 3165 2376 3223 scribens
2413 3171 2480 3225 ad
2517 3173 2808 3245 discipulos
2838 3179 2910 3234 ita
2943 3175 3060 3237 ait:
3107 3204 3124 3235 ι
3174 3185 3371 3258 Fugite
3413 3165 3739 3249 fornicatio-

2131 3274 2274 3314 nem.
2304 3259 2476 3319 Omne
2503 3276 2781 3335 peccatum
2812 3274 2955 3341 quod
2984 3280 3324 3336 commiserit
3355 3285 3556 3354 homo,
3585 3302 3736 3344 extra

2131 3366 2328 3423 corpus
2373 3364 2499 3412 est:
2545 3361 2637 3430 qui
2683 3373 2864 3418 autem
2896 3365 3214 3440 fornicatur,
3262 3375 3319 3429 in
3355 3392 3564 3450 corpus
3619 3400 3738 3454 pro-

2128 3443 2309 3512 prium
2345 3457 2539 3518 peccat
2584 3451 2636 3523 (I
2684 3451 2806 3508 Cor.
2840 3473 2922 3524 vi,
2957 3459 3065 3533 18).
3103 3481 3122 3514 ›
3173 3443 3536 3538 Exaggerare
3567 3443 3732 3529 voluit

2127 3535 2506 3599 fornicationis
2551 3547 2754 3603 malum
2800 3567 2964 3624 super
3013 3567 3208 3615 czetera
3248 3565 3444 3620 omnia
3485 3581 3728 3639 peccata,

2115 4192 2324 4242 tantum
2367 4198 2427 4244 ut
2454 4193 2585 4247 nihil
2625 4195 2768 4252 aliud
2809 4200 2928 4270 ipso
2959 4220 3232 4266 momento
3259 4224 3316 4268 et
3342 4222 3722 4288 experimenta

2113 4273 2272 4343 hujus
2298 4285 2406 4333 tam
2441 4286 2623 4354 magni
2663 4285 2850 4358 flagitii
2881 4295 3120 4364 cogitare
3150 4299 3358 4358 homini
3395 4307 3588 4376 liccat,
3631 4326 3721 4368 aut

2112 4365 2398 4455 intendere
2450 4374 2555 4429 nisi
2613 4381 2755 4449 quod
2805 4383 3022 4440 sibimet
3072 4390 3296 4460 addicit,
3361 4365 3720 4477 mentemque

2112 4465 2380 4534 captivam
2424 4470 2606 4526 subdit
2655 4473 2771 4544 ipsa
2811 4478 3156 4539 submersio:
3208 4496 3264 4542 et
3305 4465 3718 4561 quodammodo

2112 4555 2406 4614 absorbitio
2435 4561 2675 4621 libidinis
2718 4576 2772 4623 et
2816 4575 3266 4644 concupiscentia:
3290 4555 3555 4643 carnalis.
3594 4591 3716 4646 Idm

2109 4653 2216 4700 tam
2246 4664 2502 4719 magnum
2555 4655 2756 4712 malum
2787 4657 2950 4728 jussit
2991 4665 3280 4734 Apostolus
3333 4672 3550 4746 fugere,
3607 4699 3712 4737 non

2109 4747 2214 4792 tam
2253 4741 2504 4797 videlicet
2546 4745 2666 4801 loco
2715 4765 2878 4820 quam
2923 4754 3138 4824 affectu,
3170 4762 3295 4832 quia
3352 4741 3578 4826 difficile
3629 4783 3710 4828 est

2104 4827 2178 4881 illi
2209 4831 2484 4898 resistere.
2525 4847 2812 4908 postquam
2859 4859 2953 4900 cor
2980 4827 3334 4918 captiva—verit
3373 4873 3478 4928 per
3506 4879 3710 4920 concu-

2098 4920 2443 4989 piscentiam.
2478 4926 2613 4984 Hinc
2637 4931 2858 4990 humani
2882 4941 3094 5007 generis
3123 4956 3344 5002 creator
3369 4961 3426 5006 et
3451 4958 3706 5013 conditor

2101 5012 2244 5068 Deus
2269 5015 2470 5084 opificii
2505 5021 2587 5074 sui
2618 5032 2868 5081 naturam
2898 5043 3008 5098 prae
3052 5037 3306 5094 omnibus
3353 5049 3700 5106 emendatio-

2099 5118 2332 5175 nemque
2363 5123 2711 5180 cognoscens,
2743 5115 2853 5173 illic
2886 5135 3071 5178 curam
3103 5127 3354 5188 adhibuit
3383 5140 3698 5206 medicinz,

2099 5196 2241 5250 unde
2271 5213 2462 5256 causas
2500 5205 2673 5259 morbi
2703 5209 3078 5282 principaliter
3121 5233 3346 5280 noverat
3395 5243 3693 5299 emanare;

2103 5306 2120 5337 ι
2149 5285 2482 5360 Quicunque,
2527 5295 2799 5366 inquiens,
2839 5302 3034 5361 viderit
3073 5311 3355 5370 mulierem
3384 5319 3454 5372 ad
3486 5338 3695 5378 concu—

2093 5379 2408 5449 piscendum
2431 5400 2572 5453 eam,
2597 5389 2710 5460 jam
2739 5395 3042 5455 moechatus
3067 5412 3151 5458 est
3173 5419 3294 5461 eam
3319 5409 3377 5464 in
3400 5419 3574 5472 corde
3593 5436 3693 5475 suo

2098 5469 2313 5543 (Matth.
2343 5491 2398 5542 v,
2437 5477 2550 5552 28).
2590 5501 2606 5532 ι
2642 5482 2951 5545 Petulantes
2974 5495 3156 5551 oculos
3185 5509 3404 5569 notans,
3433 5523 3546 5564 non
3575 5522 3688 5568 tam

2096 5581 2190 5621 eos
2230 5570 2428 5640 arguit,
2466 5589 2626 5643 quam
2658 5577 2806 5635 illum
2836 5583 3147 5643 interiorem
3175 5607 3416 5662 sensum,
3443 5604 3541 5670 qui
3573 5603 3688 5658 olli-

2096 5662 2180 5717 cio
2210 5678 2396 5720 eorum
2431 5669 2572 5724 male
2619 5673 2791 5729 utitur
2838 5679 2904 5732 ad
2939 5681 3247 5741 videndum.
3287 5689 3397 5746 Cor
3443 5709 3686 5767 namque

2095 5771 2320 5825 aegrum,
2356 5768 2411 5814 et
2439 5765 2740 5821 sauciatum
2779 5770 3016 5829 libidinis
3047 5777 3173 5843 telo,
3205 5783 3352 5851 qud
3375 5788 3442 5842 ad
3474 5765 3680 5847 concu-

2094 5850 2412 5918 piscendum
2445 5856 2607 5922 videt,
2639 5861 2956 5919 beneficium
2989 5867 3188 5925 invitus
3215 5850 3366 5931 recte
3397 5880 3618 5938 sibimet
3641 5901 3674 5938 λ
