3956 6326
211 306 330 363 1249

1082 303 1173 362 DE
1211 302 1746 363 EGCLESIASTICA
1783 300 2186 362 DlSClPLlNA.
2223 330 2296 345 —
2332 300 2462 359 LIB.
2497 302 2592 360 Ill.

3325 301 3463 360 £250

209 417 446 474 Creatore
479 429 798 472 concessum
825 414 960 472 vitio
997 415 1067 473 ad
1095 433 1318 474 onerum
1340 433 1631 490 pravorum
1667 416 1770 472 mi-
1799 423 1853 484 Α
1876 415 2045 472 solam
2091 415 2372 486 conjugem
2417 430 2572 472 suam
2616 412 2936 488 legitimam,
2972 421 3028 471 et
3053 414 3250 472 mulier
3290 403 3464 474 solum

210 508 416 564 nisteria
465 515 866 577 contorquens,
907 516 962 562 et
1003 508 1059 563 in
1107 510 1399 580 semetipso
1441 509 1777 566 reconditum

209 600 644 672 concupiscentia
683 602 933 658 morbum
981 603 1454 674 contemplationis
1487 603 1778 660 occasione

209 692 512 763 producens.
548 691 757 748 idcirco
787 709 918 764 ergo
943 693 1071 749 huic
1110 695 1262 750 dedit
1294 694 1532 750 salutare
1557 694 1780 750 manda-

211 791 310 838 tum
339 802 352 839 :
383 783 537 853 cujus
565 784 754 839 vitium
781 785 1080 855 pessimum
1108 785 1337 856 languor
1360 771 1510 841 visus
1549 799 1781 855 occupa-

211 875 340 932 tione
358 876 618 948 procedit.
635 875 754 931 Non
775 877 922 932 enim
941 877 1165 932 dicitur:
1183 877 1341 932 Omni
1363 877 1607 933 custodia
1622 891 1780 932 serva

208 965 398 1032 oculos,
427 981 561 1036 quos
588 967 774 1036 utique
801 967 1040 1037 Oportuit
1086 966 1463 1038 principaliter
1493 966 1778 1032 custodiri,

212 1057 256 1113 si
278 1073 334 1111 ex
364 1057 495 1127 ipsis
521 1056 764 1127 prodiret
793 1057 1252 1128 concupiscentia:
1287 1057 1553 1124 affectus;
1582 1057 1678 1112 sed
1701 1057 1782 1112 di-

211 1147 338 1203 citur
359 1165 371 1201 :
396 1133 555 1204 omni
578 1147 820 1204 custodia
841 1163 997 1204 serva
1018 1165 1114 1205 cor
1143 1158 1315 1206 tuum.
1339 1149 1418 1205 llli
1441 1149 1780 1221 potissimum

214 1237 448 1309 imposita
495 1246 580 1294 est
608 1238 914 1294 medicina:
969 1241 1115 1311 quod
1162 1241 1364 1311 ubique
1408 1241 1560 1297 abuti
1606 1247 1786 1310 potest

210 1334 474 1390 oculorum
527 1335 850 1391 ministerio.
911 1337 1065 1394 Unde
1122 1339 1510 1410 cogitationum
1554 1339 1784 1396 lascivos

213 1436 378 1481 motus
406 1425 459 1481 in
488 1427 786 1497 primordio
810 1435 962 1483 ortus
993 1429 1076 1485 sui
1099 1436 1390 1500 antequam
1423 1430 1633 1486 fructus
1667 1446 1783 1502 ger-

212 1519 407 1573 minent
433 1527 804 1588 peccatorum,
833 1521 1148 1576 Studeamus
1175 1523 1540 1594 exstinguere,
1567 1532 1624 1578 et
1661 1522 1784 1578 filiae

208 1607 490 1680 Babylonis
528 1611 783 1681 parvulos
823 1611 1109 1669 allidamus
1157 1614 1225 1669 ad
1261 1623 1494 1684 petram,
1540 1616 1646 1671 hoc
1672 1623 1782 1682 est,

206 1699 572 1756 fornicationis
601 1703 974 1774 suggestiones
1018 1713 1072 1760 et
1109 1705 1466 1761 immunditiae
1491 1708 1777 1778 cogitatus,

1879 507 2136 562 maritum
2184 521 2343 562 suum
2391 506 2691 578 legitimum
2747 505 2980 562 noverit.
3034 505 3137 574 Qui
3191 521 3319 564 vero
3351 509 3467 564 haec

1879 601 2297 674 transgreditur,
2343 600 2462 656 sine
2504 599 2668 657 dubio
2697 597 2952 655 adulterii
2977 600 3206 657 crimine
3236 617 3362 658 reus
3390 611 3468 660 te-

1877 702 2054 749 netur.
2127 692 2194 748 Hi
2252 701 2433 749 autem
2479 693 2571 764 qui
2633 692 2984 749 matrimonio
3041 695 3281 750 nondum
3344 704 3472 752 sunt

1872 784 2074 854 juncti,
2111 793 2168 841 et
2190 785 2445 841 ctelebem
2479 785 2649 841 vitam
2683 786 2906 853 ducunt,
2939 785 3245 842 castitatem
3287 789 3470 844 obser-

1879 884 2202 948 ventusque
2227 877 2295 932 ad
2341 885 2555 947 tempus
2600 876 2916 948 nuptiarum
2953 887 3343 949 opportunum,
3372 895 3474 935 nec

1880 969 2260 1026 fornicationis
2301 969 2638 1039 turpitudine
2670 983 2729 1026 se
2757 969 3018 1039 polluant,
3051 969 3179 1040 quia
3209 971 3470 1041 scriptum

1881 1069 2019 1116 est:
2083 1080 2102 1112 ι
2157 1059 2541 1116 Fornicatores
2593 1068 2650 1115 et
2699 1058 2973 1115 adulteros
3017 1059 3283 1130 judicabit
3331 1061 3472 1116 Deus

1882 1151 2072 1225 (Hebr.
2092 1150 2305 1223 xm,4).
2320 1170 2338 1204 ι
2365 1150 2444 1206 llli
2468 1158 2648 1204 autem
2674 1149 2766 1220 qui
2788 1148 3116 1220 virginitatis
3136 1149 3473 1219 propositum

1881 1251 2090 1310 tenent,
2122 1243 2240 1299 sine
2281 1242 2390 1297 ulla
2432 1241 2855 1317 reprehensione
2883 1240 3015 1296 illud
3039 1241 3368 1306 custodiant,
3408 1256 3478 1296 ne

1883 1333 2026 1392 forte
2055 1336 2124 1391 ab
2149 1335 2338 1390 aeterni
2370 1336 2514 1406 regis
2561 1335 2767 1404 nuptiis
2811 1350 2935 1390 cum
2981 1334 3144 1390 fatuis
3171 1335 3474 1406 virginibus

1887 1424 2244 1494 repellantur,
2288 1425 2384 1481 sed
2426 1425 2598 1496 magis
2635 1441 2759 1480 cum
2787 1426 3144 1496 prudentibus
3173 1425 3477 1482 lucentibus

1882 1514 2148 1571 bonorum
2168 1531 2391 1586 operum
2408 1516 2638 1583 meritis,
2654 1526 2846 1573 ornate
2870 1518 2938 1573 ad
2963 1518 3270 1574 convivium
3289 1519 3478 1590 sponsi

1884 1607 2122 1664 cmlestis
2153 1608 2374 1662 intrent.
2400 1607 2662 1664 Similiter
2688 1619 2745 1665 et
2775 1610 2868 1680 qui
2898 1610 3166 1666 vidualem
3199 1613 3481 1667 continen-

1886 1700 2020 1754 tiam
2045 1698 2276 1770 professi
2299 1708 2448 1766 sunt,
2482 1717 2588 1756 non
2613 1702 2838 1756 redeant
2868 1710 3034 1770 retro,
3065 1703 3160 1759 sed
3188 1703 3255 1757 ad
3291 1719 3478 1774 super-

206 1789 571 1846 mandatorum
602 1792 803 1848 Christi
825 1796 1196 1852 recordatione
1217 1797 1398 1853 subito
1415 1807 1782 1856 conteramus.
1811 1786 1862 1847 Β
1889 1808 1972 1847 n33
2004 1792 2304 1848 νοεᾶιίοηίε
2341 1793 2626 1848 intendam
2654 1793 2964 1864 Praemium.
3013 1803 3072 1849 Ill
3120 1794 3253 1850 ὶιίυίι
3288 1811 3478 1852 Conse-

203 1880 351 1936 Nulla
387 1885 588 1939 etenim
630 1885 830 1942 virtute
861 1894 970 1941 tam
1001 1889 1222 1958 proprie
1249 1890 1497 1945 carnales
1537 1891 1785 1948 homines

200 1976 564 2045 spiritualibus
605 1978 811 2050 angelis
867 1980 1172 2037 imitatione
1219 1983 1648 2040 conversationis
1700 2000 1784 2040 se-

197 2078 452 2139 quuntur,
515 2087 679 2142 quam
733 2073 926 2130 merito
990 2083 1046 2129 et
1097 2075 1272 2146 gratia
1339 2077 1626 2142 castitatis,
1687 2053 1784 2148 ὣς

196 2177 358 2230 quam
391 2161 566 2217 adhuc
605 2162 659 2216 in
698 2171 840 2218 terra
889 2163 1170 2236 degentes,
1222 2167 1445 2234 habent,
1486 2169 1783 2224 secundum

193 2251 530 2321 Apostolum,
582 2255 970 2324 municipatum
1021 2257 1074 2311 in
1129 2257 1298 2324 cmlis,
1354 2259 1497 2328 quod
1540 2260 1783 2330 deposita

192 2343 498 2414 corruptela
527 2344 736 2399 carnali
783 2344 1066 2402 habituros
1092 2357 1314 2404 sanctos
1354 2351 1694 2420 promittitur
1728 2352 1783 2408 in

188 2433 396 2490 futuro.
441 2434 540 2491 Hic
574 2436 687 2508 jam
715 2436 968 2498 in,carne
998 2438 1173 2509 fragili
1221 2440 1583 2511 possidentes.
1629 2441 1784 2498 Unde

190 2529 430 2597 qualiter
459 2528 608 2583 illam
641 2529 931 2600 praadietus
963 2532 1206 2603 gentium
1232 2531 1525 2603 Apostolus
1552 2531 1786 2590 Thessa-

189 2621 567 2677 lonicensibus
603 2622 847 2678 scribens
893 2623 1184 2679 virtutibus
1217 2625 1517 2696 prmtulcrit
1563 2627 1782 2682 univer-

188 2714 273 2770 sis
321 2715 622 2780 audiamus,
664 2735 682 2766 t
739 2714 866 2771 Haec
909 2725 1012 2784 est,
1069 2718 1341 2788 inquiens,
1388 2719 1639 2775 voluntas
1688 2718 1784 2774 Dei

187 2805 556 2863 sanctificatio
599 2814 780 2862 vestra
819 2807 870 2880 (I
905 2806 1084 2863 Thess.
1137 2825 1213 2875 iv,
1245 2809 1321 2880 5).
1361 2829 1380 2859 ι
1427 2809 1494 2864 Et
1546 2825 1615 2864 ne
1647 2808 1784 2865 forte

187 2901 422 2956 dubium
469 2902 628 2958 nobis
673 2902 1004 2972 relinqueret
1033 2902 1119 2958 vel
1162 2904 1476 2969 obscurum,
1523 2905 1783 2974 quidnam

185 2993 684 3050 sanctificationem
707 2993 936 3050 voluerit
956 2995 1228 3066 appellare
1252 3013 1264 3049 :
1292 3004 1473 3050 utrum
1494 2995 1780 3066 justitiam,

185 3101 263 3139 an
307 3086 653 3154 charitatem,
703 3103 772 3142 an
814 3087 1194 3155 humilitatem,
1244 3104 1313 3143 an
1353 3089 1692 3160 patientiam,
1726 3089 1780 3144 in

185 3180 452 3235 omnibus
481 3180 625 3236 enim
656 3180 776 3236 istis
805 3180 1096 3236 virtutibus
1125 3181 1368 3236 creditur
1407 3182 1614 3252 acquiri
1661 3197 1785 3237 san-
1811 3157 1857 3222 (ἶ

183 3275 505 3331 ctificatio:
556 3275 720 3332 infert
752 3285 807 3332 et
853 3277 1137 3334 manifeste
1187 3275 1434 3348 designat
1473 3278 1622 3348 quid
1658 3293 1786 3348 pro-

181 3370 317 3439 prie
350 3370 833 3426 sanctificationem
870 3371 1100 3427 voluerit
1144 3371 1436 3442 appellare.
1470 3392 1489 3424 ‹
1528 3371 1652 3427 Ηωο
1681 3380 1788 3437 est,

184 3461 397 3530 inquit,
447 3462 696 3516 voluntas
738 3460 835 3514 Dei
881 3462 1241 3518 sanctificatio
1291 3473 1490 3529 vestra,
1534 3471 1592 3517 ut
1623 3463 1793 3518 absti-

179 3555 377 3609 neatis
412 3569 508 3608 vos
537 3569 569 3607 a
613 3553 967 3608 fornicatione
996 3573 1011 3608 :
1041 3563 1102 3608 ut
1137 3556 1273 3609 sciat
1299 3557 1668 3626 unusquisque
1701 3573 1792 3614 ve-

177 3657 377 3703 strum
416 3663 573 3701 suum
603 3662 701 3700 vas
742 3647 1023 3716 possidere
1059 3647 1114 3700 in
1158 3649 1591 3704 sanctificatione
1615 3659 1673 3705 et
1697 3650 1793 3706 ho-

177 3753 356 3802 nore,
402 3753 507 3791 non
543 3737 594 3791 in
625 3736 876 3806 passione
905 3737 1178 3803 desiderii,
1203 3739 1342 3793 sicut
1368 3748 1422 3793 et
1442 3749 1649 3810 gentes,
1674 3757 1793 3810 quae

181 3832 460 3902 ignorant
488 3830 677 3884 Deum.
715 3850 734 3882 ›
766 3829 970 3885 Videtis
1002 3830 1200 3900 quibus
1228 3846 1344 3885 eam
1378 3831 1632 3886 laudibus
1675 3847 1796 3902 pro.

180 3931 466 3991 sequatur
490 3922 773 3987 honorem,
808 3921 973 3988 vasis,
1006 3921 1060 3976 id
1101 3932 1204 3988 est,
1233 3923 1478 3993 corporis
1506 3923 1697 3988 nostri,
1742 3933 1797 3979 et

183 4014 691 4070 sanctificationem
732 4013 1010 4084 appellans
1053 4031 1195 4070 eam.
1232 4015 1400 4088 Igitur
1443 4033 1474 4072 e
1521 4017 1795 4072 contrario

185 4110 292 4179 qui
330 4108 385 4162 in
414 4109 666 4178 passione
695 4107 949 4162 desiderii
977 4117 1079 4174 est,
1111 4117 1165 4163 et
1193 4110 1246 4162 in
1277 4109 1572 4180 ignominia
1605 4119 1661 4164 et
1690 4110 1794 4164 im-

183 4201 470 4256 munditia
508 4201 773 4264 consistit,
812 4209 868 4256 et
911 4200 1120 4257 alienus
1166 4218 1197 4257 a
1227 4203 1658 4258 sanctiﬁcatione
1687 4218 1799 4258 ver-

181 4305 380 4350 satur.
421 4295 607 4350 Tertio
632 4309 845 4364 quoque
873 4302 997 4364 post
1023 4309 1196 4364 pauca
1224 4293 1406 4362 infert,
1443 4310 1635 4349 rursus
1677 4309 1795 4348 eam

183 4389 626 4445 sanctimoniam
651 4387 1006 4458 pronuntians
1033 4405 1046 4442 :
1087 4405 1105 4438 ι
1136 4385 1254 4442 Non
1283 4387 1428 4442 enim
1461 4387 1672 4442 vocavit
1698 4401 1796 4442 nos

1886 1893 2142 1958 quantur.
2176 1885 2345 1956 Igitur
2394 1902 2584 1942 onmes
2629 1886 2792 1941 simul
2842 1886 3004 1942 ﬁdem
3041 1887 3367 1943 catholicam
3407 1897 3482 1943 tc-

1885 1987 2099 2044 nentes,
2129 1977 2412 2034 audiamus
2437 1978 2757 2049 Apostolutn
2793 1980 2952 2035 nobis
2979 1981 3250 2037 dicentem
3277 2000 3290 2035 :
3324 2000 3342 2033 ι
3381 1982 3485 2037 De-

1885 2070 2137 2141 sponsavi
2183 2086 2280 2126 vos
2327 2071 2416 2125 uni
2473 2070 2591 2125 viro
2643 2070 2913 2142 virginem
2955 2080 3164 2128 castam
3219 2073 3482 2128 exhibere

1885 2159 2105 2217 Christo
2138 2158 2221 2232 (II
2251 2159 2378 2216 Cor.
2405 2176 2494 2229 ιι,
2526 2159 2606 2232 2).
2639 2179 2659 2213 ι

2507 2317 2587 2373 De
2623 2319 2862 2375 tristitia.

1955 2454 2065 2511 Nec
2090 2455 2268 2510 minus
2296 2468 2426 2526 ergo
2454 2462 2645 2510 contra
2679 2463 2890 2526 pestem
2937 2454 3176 2512 tristitia:
3206 2455 3485 2512 saecularis

1883 2546 2111 2618 vigilare
2141 2547 2419 2612 debemus,
2441 2547 2569 2617 quia
2591 2546 2710 2618 ipsa
2743 2547 3060 2602 certissimae
3089 2548 3282 2604 mortis
3308 2549 3482 2604 colla-

1885 2637 1994 2692 trix
2023 2645 2126 2702 est,
2153 2637 2198 2692 si
2227 2652 2336 2692 non
2366 2645 2643 2692 caveatur.
2679 2635 2832 2692 Unde
2857 2635 3150 2706 Apostolus
3176 2636 3482 2692 admonens

1885 2744 1986 2785 nos
2037 2728 2207 2784 dicit:
2241 2747 2260 2780 ‹
2315 2726 2557 2783 Gaudete
2602 2727 2655 2781 in
2710 2726 2941 2782 Domino
2992 2741 3224 2798 semper,
3285 2727 3482 2782 iterum

1884 2825 2007 2880 dico
2035 2824 2283 2895 gaudete,
2314 2821 2585 2878 modestia
2607 2829 2789 2876 vestra
2830 2828 2960 2875 nota
2991 2820 3062 2875 sit
3101 2819 3354 2875 omnibus
3382 2821 3484 2874 ho-

1885 2919 2120 2975 minibus
2145 2959 2159 2984 ,
2201 2916 2462 2972 Dominus
2503 2930 2673 2986 prope
2733 2922 2854 2980 est,
2903 2913 3038 2968 nihil
3081 2912 3298 2968 solliciti
3345 2914 3483 2979 sitis,

1886 3009 1982 3066 sed
2017 3009 2072 3064 in
2107 3008 2258 3064 omni
2286 3007 2554 3071 oratione,
2584 3014 2637 3062 et
2659 3004 3037 3060 obsecratione
3076 3004 3368 3075 petitiones
3393 3021 3480 3059 ve-

1887 3110 2016 3156 strae
2042 3099 2385 3156 innotescant
2411 3097 2553 3168 apud
2595 3097 2764 3150 Deum
2796 3092 3021 3167 (Philip.
3070 3111 3145 3160 tv,
3177 3094 3252 3165 4).
3293 3115 3310 3148 ι
3348 3095 3484 3150 Cum

1893 3209 2022 3264 ergo
2060 3193 2226 3248 Deum
2254 3190 2623 3262 quaerentibus
2651 3187 2876 3258 ejusque
2905 3188 3188 3258 promissis
3211 3188 3487 3242 credenti-

1892 3287 1995 3342 bus
2020 3285 2191 3340 iaetari
2225 3293 2386 3354 atque
2425 3283 2661 3354 gaudere
2692 3296 2908 3351 semper
2932 3279 3264 3350 praecipitur,
3295 3279 3486 3349 procul

1894 3379 2058 3434 dubio
2072 3375 2646 3432 lactalitereontristari
2661 3373 2998 3445 prohibetur.
3019 3372 3113 3426 Est
3131 3373 3296 3426 etiam
3317 3388 3486 3443 genus

1895 3473 2129 3528 tristitia:
2156 3470 2475 3543 pestiferum
2522 3484 2586 3525 ac
2615 3466 2974 3530 mortiferum,
3012 3465 3156 3536 quod
3185 3465 3340 3534 quasi
3373 3481 3488 3535 pas-

1896 3565 1999 3620 sim
2041 3581 2140 3634 per
2183 3562 2427 3634 singulos
2453 3577 2668 3626 cursus,
2701 3575 2766 3614 ac
2809 3558 2993 3613 varios
3019 3572 3182 3612 casus
3206 3555 3487 3610 obtinendi

1898 3657 2132 3711 animam
2162 3662 2403 3708 nostram
2433 3651 2685 3706 habuerit
2729 3649 3068 3713 facultatem,
3115 3649 3184 3702 ab
3212 3647 3360 3701 omni
3388 3662 3489 3700 nos

1897 3762 1995 3817 per
2015 3755 2286 3800 momenta
2313 3743 2526 3814 singula
2568 3749 2786 3812 reparat
2829 3740 3025 3795 divina:
3073 3739 3489 3809 contemplatio-

1899 3837 1985 3891 nis
2032 3835 2268 3899 intuitu,
2327 3835 2609 3903 ipsamque
2657 3839 2895 3885 mentem
2947 3830 3014 3884 ab
3040 3829 3296 3884 universo
3347 3837 3490 3883 statu

1898 3928 2149 4001 puritatis
2191 3926 2453 3996 dejectam
2488 3923 2730 3978 funditus
2770 3921 3062 3976 labefactat
3100 3929 3155 3975 et
3202 3920 3482 3990 deprimit.

1899 4019 2018 4075 Non
2047 4019 2321 4074 orationes
2370 4031 2492 4071 eam
2519 4013 2742 4084 explere
2784 4028 2907 4068 cum
2951 4011 3110 4066 solita
3161 4011 3342 4066 cordis
3383 4011 3492 4065 ala-

1899 4114 2095 4169 critate
2143 4108 2430 4180 permittit,
2465 4122 2572 4162 non
2618 4121 2895 4161 sacrarum
2922 4104 3214 4159 lectionum
3246 4104 3376 4158 sinit
3407 4119 3493 4157 re-

1900 4204 2092 4260 mediis
2121 4202 2396 4265 incubare,
2447 4197 2796 4268 tranquillam
2831 4211 3045 4266 quoque
3074 4204 3129 4251 et
3167 4195 3354 4250 mitem
3383 4193 3488 4248 fra-

1900 4297 2074 4352 tribus
2121 4309 2375 4349 essenon
2421 4291 2654 4362 patitur,
2683 4298 2740 4344 et
2781 4289 2849 4343 ad
2893 4295 3086 4344 cuncta
3115 4286 3491 4357 operationum

1896 4388 1984 4443 vel
2011 4384 2285 4456 religionis
2306 4381 2478 4438 ofﬁcia
2511 4381 2884 4452 impatientem
2913 4387 2969 4434 et
3006 4393 3259 4450 asperum
3285 4377 3482 4441 reddit,

183 4484 351 4538 Dens
396 4483 451 4537 in
485 4481 857 4554 ignominiam,
905 4481 998 4536 sed
1031 4481 1088 4535 in
1119 4480 1554 4536 sanctimoniam.
1608 4479 1796 4550 itaque
1823 4521 1876 4581 Ι)
1899 4480 2154 4550 omnique
2179 4476 2388 4547 perdito
2416 4474 2619 4530 salubri
2640 4473 2886 4536 consilio,
2932 4481 2988 4528 et
3028 4471 3208 4526 cordis
3243 4477 3494 4525 constan-

279 4579 289 4581 _
331 4579 343 4581 _
660 4576 670 4581 -
887 4577 900 4581 -
1021 4575 1030 4581 .
1377 4576 1388 4581 -
1557 4577 1569 4581 -
1604 4575 1634 4581 _
1929 4573 1939 4581 .
2107 4579 2113 4581 _
2191 4569 2202 4581 ι
2265 4576 2274 4581 -
2433 4566 2446 4581 ι
2493 4574 2504 4581 -
2551 4580 2556 4581 ,
2641 4579 2650 4581 μ
2704 4574 2748 4581 ,κ
2795 4580 2798 4581 ,
2842 4563 2963 4581 θίγοι
3019 4572 3060 4581 ,ι
3101 4562 3296 4581 _L_9_-__
3357 4559 3459 4581 Ω-..

184 4579 294 4648 qui
331 4579 450 4632 haec
492 4576 720 4648 Spernit,
747 4591 854 4630 non
887 4575 1164 4631 hominem
1210 4576 1436 4647 spernit,
1477 4577 1572 4631 sed
1603 4575 1794 4631 Deum.

183 4670 308 4738 Qui
346 4669 512 4724 etiam
562 4668 709 4724 dedit
745 4666 1009 4738 Spiritum
1058 4675 1306 4722 sanctum
1355 4683 1511 4722 suum
1553 4667 1608 4721 in
1643 4665 1800 4720 nobis

185 4759 252 4832 (Ι
287 4758 476 4814 Thess.
507 4775 582 4824 tv,
618 4759 698 4830 8),
732 4778 750 4810 ι
787 4757 1164 4813 auctoritatem
1205 4767 1474 4828 praecepto
1503 4771 1602 4812 suo
1637 4756 1800 4810 invio-

181 4849 430 4904 labilem
458 4849 651 4914 vinxit,
679 4848 866 4904 dicens
896 4867 907 4878 ·
941 4866 960 4898 ι
1006 4846 1107 4914 Qui
1140 4848 1256 4902 haec
1281 4845 1508 4916 spernit,
1540 4865 1558 4897 ι
1610 4845 1664 4900 id
1689 4854 1796 4912 est,

183 4958 333 5012 quae
365 4941 434 4996 de
461 4940 818 4997 sanctimonia
848 4939 1105 5011 praefatus
1142 4955 1284 5004 sum,
1325 4959 1343 4990 ‹
1389 4954 1495 4994 non
1525 4937 1797 4993 hominem

184 5034 445 5106 spernit,
485 5053 504 5086 ι
545 5035 599 5090 id
640 5043 746 5098 est,
787 5050 895 5088 non
937 5049 1023 5088 me
1051 5033 1144 5104 qui
1188 5033 1305 5087 haec
1331 5030 1604 5101 praecipio,
1644 5048 1664 5082 ‹
1703 5030 1800 5087 sed

181 5128 388 5183 Deum
419 5147 438 5180 ι
489 5128 579 5197 qui
627 5127 684 5181 in
725 5141 810 5181 me
841 5126 1098 5196 loquitur,
1131 5125 1223 5195 qui
1249 5124 1412 5180 etiam
1447 5121 1675 5194 Spiritui
1703 5136 1802 5179 suo

187 5225 412 5273 sancto
440 5234 535 5274 cor
563 5225 806 5272 nostrum
836 5215 1203 5271 habitaculum
1231 5214 1522 5284 deputavit.

284 5312 421 5368 [hnc
451 5328 581 5384 ergo
611 5312 893 5367 nobiscum
935 5320 1247 5377 tractemus,
1280 5312 1380 5365 hoc
1409 5318 1588 5365 mente
1612 5309 1807 5380 saepius

191 5406 587 5472 revolvamus,
633 5407 734 5461 hoc
781 5415 894 5462 toto
933 5407 1052 5461 nisu
1099 5405 1309 5460 ellicere
1360 5402 1698 5468 festinemus,
1747 5411 1808 5456 ut

193 5499 362 5554 casti
391 5515 620 5569 corpore
643 5499 709 5554 dc
746 5497 936 5568 spiritu
960 5495 1328 5552 habitaculum
1371 5493 1607 5564 Spiritus
1633 5492 1805 5550 sancti

201 5593 343 5648 fieri
378 5609 704 5650 mereamur.
751 5593 854 5661 Qui
884 5608 1014 5664 ergo
1053 5589 1399 5647 matrimonio
1439 5585 1614 5657 juncti
1659 5595 1807 5654 sunt,

203 5689 540 5742 castitatem
577 5686 910 5758 conjugalem
939 5694 1177 5751 servent,
1226 5698 1328 5739 nec
1369 5697 1427 5737 se
1464 5681 1809 5735 meretricum

204 5781 308 5837 vel
366 5783 796 5858 concubinarum
838 5781 1138 5855 prostibula
1185 5778 1561 5850 coinquinent,
1611 5776 1705 5834 sed
1733 5777 1814 5831 vir

1902 4573 1975 4626 tia
2001 4569 2339 4640 perturbata,
2364 4566 2511 4620 velut
2541 4574 2810 4619 amentem
2841 4563 2965 4618 facit
3011 4572 3066 4617 et
3092 4562 3323 4618 ebrium.
3357 4559 3492 4616 Sen-

1900 4679 2019 4719 sum
2050 4661 2278 4732 frangit,
2307 4667 2363 4714 et
2387 4657 2590 4722 obruit,
2623 4656 3003 4726 desperatione
3031 4655 3256 4726 poenali,
3299 4669 3484 4724 qnam-

1899 4756 2086 4811 ohrem
2133 4768 2240 4808 non
2288 4751 2483 4804 minori
2535 4757 2822 4820 prospecto
2861 4747 2906 4802 si
2954 4747 3251 4817 spiriwalis
3300 4746 3488 4817 agonis

1899 4847 2196 4905 certamina
2235 4844 2476 4914 legitime
2513 4856 2792 4906 curamus,
2827 4839 3094 4895 desudare
3139 4839 3227 4895 hic
3272 4851 3488 4908 quoque

1899 4940 2054 4996 nobis
2085 4937 2356 4994 curandus
2381 4943 2464 4991 est
2492 4933 2733 4988 morbus.
2778 4931 2931 4986 Sicut
2975 4931 3122 4987 enim
3151 4931 3293 4986 tinea
3329 4930 3489 4984 vesti-

1903 5039 2108 5095 mento,
2152 5038 2207 5085 et
2237 5028 2445 5082 vermis
2493 5025 2662 5096 ligno,
2710 5024 2784 5078 ita
2844 5021 3061 5078 tristitia
3107 5030 3288 5078 vestra
3332 5028 3492 5076 nocet

1905 5122 2074 5179 cordi.
2107 5120 2252 5176 Satis
2276 5118 2554 5174 evidenter
2594 5132 2658 5171 ac
2688 5115 2905 5186 proprie
2935 5113 3042 5168 vim
3073 5112 3220 5168 noxii
3255 5110 3414 5180 hujus
3437 5118 3493 5165 et

1906 5212 2199 5286 perniciosi
2229 5210 2345 5264 vitii
2379 5209 2603 5280 spiritus
2631 5207 2848 5263 divinus
2873 5206 3158 5277 expressit.
3197 5204 3493 5260 Vestimen-

1909 5316 2025 5362 tum
2055 5320 2289 5374 namque
2314 5318 2410 5357 esu
2438 5301 2708 5356 tinearum
2747 5300 2816 5354 ad
2859 5308 3061 5353 tactum
3109 5297 3305 5352 nullius
3332 5294 3493 5366 pretii

1910 5402 1996 5457 vel
2025 5397 2329 5455 honestatis
2356 5396 2554 5468 poterit
2581 5395 2808 5449 ulterius
2845 5394 3044 5449 habere
3079 5389 3490 5452 commercium,

1915 5494 2285 5563 tantidemque
2315 5490 2520 5562 lignum
2541 5486 2817 5544 vermibus
2841 5494 3123 5542 exaratum
3155 5496 3261 5536 non
3282 5480 3396 5550 jam
3426 5477 3498 5533 ad

1914 5599 2165 5646 ornatum
2205 5586 2289 5641 vel
2330 5583 2620 5640 mediocris
2654 5580 2890 5646 aediﬁcii,
2928 5578 3024 5634 sed
3067 5575 3135 5629 ad
3165 5570 3494 5630 combustio-

1915 5697 2042 5736 nem
2077 5678 2217 5751 ignis
2261 5677 2558 5734 merebitur
2587 5673 2854 5746 deputari.
2899 5671 2997 5725 Est
3035 5667 3198 5722 etiam
3237 5665 3369 5721 illud
3405 5664 3499 5719 de-

1919 5772 2222 5830 testabilius
2265 5771 2500 5828 tristitiae
2531 5784 2720 5839 genus,
2761 5763 2905 5834 quod
2954 5777 3060 5818 non
3105 5757 3496 5816 correctionem
