3956 6326
476 297 617 361 1251

1086 302 1149 360 Β.
1189 302 1441 369 RABAM
1478 302 1700 363 M081
1731 301 2052 365 ABCWP.
2090 300 2402 363 IOGUNT.
2442 300 2730 362 OPERIJI
2766 302 2949 361 PARS
2982 302 3071 360 Ill.

3624 304 3779 365 129.

476 419 624 487 vitae,
654 431 759 477 nec
792 416 1227 477 emendationem
1250 419 1525 485 vitiorum,
1573 418 1669 477 sed
1714 417 2135 493 perniciosis-A
2157 415 2422 474 inutiliter
2456 416 2622 474 faciat
2661 433 2790 474 am
2842 426 3080 489 torpere,
3134 425 3196 473 et
3240 416 3469 473 minime
3510 416 3576 472 in
3609 418 3779 476 bon

476 509 676 567 simam
732 509 1173 582 desperationem
1229 512 1424 573 anime
1477 510 1653 582 injicit
1707 512 2057 584 delinquenti.

479 602 635 673 Quod
668 617 774 659 nec
792 618 917 663 eam
945 601 1077 665 fecit
1102 612 1229 675 post
1254 603 1617 663 fratricidinm
1653 605 1938 676 ptenitere,
1960 619 2063 662 nec

476 690 675 749 Judam
719 702 845 764 post
887 694 1251 763 proditionem
1297 697 1364 755 ad
1392 694 1782 755 satisfacnottis
1824 697 2064 755 remedia

476 782 760 853 festinare,
790 783 885 840 sed
908 785 979 843 ad
1004 786 1356 855 suspendium
1378 785 1564 857 laquei
1586 800 1650 845 se
1682 802 1782 845 sua
1807 787 2064 859 despera-

478 875 624 931 tione
644 875 930 944 pertraxit.
966 875 1199 947 Ideoque
1220 877 1380 935 nobis
1392 877 1540 935 utilis
1555 892 1662 937 una
1678 894 1735 937 re
1746 888 1959 939 tantum
1972 881 2065 937 tri-

476 968 926 1041 stitiajudicanda
938 979 1024 1031 est
1039 990 1053 1027 :
1071 986 1194 1029 cum
1215 973 1357 1029 hanc
1381 974 1718 1044 paenitudine
1739 975 2062 1033 delictorum

476 1061 561 1117 vel
577 1061 846 1121 desiderio
868 1062 1220 1132 perfectionis
1233 1065 1448 1121 accensi
1464 1065 1549 1123 vel
1566 1065 1764 1123 futura
1773 1066 2063 1124 beatitudi-

474 1155 560 1211 nis
571 1155 1024 1227 contetnplatione
1045 1159 1314 1228 cupimus.
1334 1159 1415 1217 De
1436 1175 1547 1230 qua
1560 1167 1616 1215 et
1627 1162 1821 1217 beatus
1833 1163 2064 1231 Aposto-

473 1246 578 1313 lus,
599 1263 747 1318 tquze
758 1249 1055 1307 secundum
1066 1250 1235 1308 Deum
1249 1259 1335 1309 est
1350 1253 1595 1334 tristitia,
1608 1272 1628 1306 ι
1647 1253 1842 1323 inquit,
1864 1254 2064 1325 «pmi-

474 1341 643 1396 tentia
671 1341 741 1396 ad
777 1341 1004 1403 salutem
1034 1344 1284 1403 stabilem
1318 1353 1615 1418 operatur:
1652 1346 1834 1402 saeculi
1881 1356 2061 1415 autem

475 1436 695 1495 tristitia
719 1448 948 1496 mortem
974 1448 1231 1510 operatur
1251 1440 1339 1513 (II
1362 1441 1486 1497 Cor.
1510 1457 1610 1509 vn,
1634 1442 1745 1514 l0).
1784 1458 1805 1496 υ
1832 1440 1940 1497 Sed
1970 1440 2062 1497 illa

472 1528 692 1611 tristitia
718 1545 840 1601 quae
870 1532 1251 1601 ptenitentiam
1290 1542 1549 1605 operatur
1567 1535 1637 1589 ad
1652 1534 1881 1590 salutem
1896 1532 2064 1590 stabi-

466 1619 579 1681 lem
596 1623 856 1681 obediens
880 1632 987 1692 est,
1024 1624 1279 1693 ail'abilis,
1320 1624 1562 1694 humilis,
1594 1633 1897 1691 mansueta,
1929 1638 2060 1681 sua-

467 1713 551 1773 vis
575 1729 638 1771 ac
667 1715 904 1784 patiens,
938 1725 1127 1787 utpote
1160 1732 1233 1773 ex
1278 1717 1374 1773 Dei
1400 1718 1672 1775 charitate
1704 1716 2058 1783 descendens,

2161 511 2419 580 operibus
2462 511 2751 571 desudare.
2795 511 3001 567 Acedia
3041 510 3187 567 enim
3238 518 3327 567 est
3372 511 3599 581 pest'm,
3650 527 3780 583 qua:

2162 603 2275 661 Deo
2312 603 2700 661 famulantibus
2746 604 2979 660 multum
3020 616 3221 660 nocere
3264 603 3545 675 probauit
3582 620 3598 657 :
3644 604 3779 659 dum

2144 693 2369 751 otiosus
2421 694 2585 751 homo
2638 695 2902 765 torpescit
2954 693 3015 749 in
3062 693 3346 750 desideriis
3413 693 3777 761 carnalibus,

2160 800 2265 843 nec
2299 786 2358 842 in
2393 800 2558 857 opere
2585 787 2789 860 gaudet
2826 785 3097 857 φίτίωῶ
3130 801 3235 843 nec
3270 787 3326 842 in
3354 786 3547 843 salute
3578 789 3782 844 anima

2162 894 2275 935 sitat
2309 879 2549 946 laetatur,
2583 894 2686 936 nec
2712 878 2770 934 in
2798 876 3071 948 adiutorio
3092 877 3324 934 iratam
3372 876 3598 937 laboris
3640 879 3783 934 hila—

2162 970 2375 1027 rescit:
2410 971 2507 1028 sed
2536 977 2746 1027 tantum
2773 970 3112 1042 concupiscit
3145 978 3200 1027 ot
3242 970 3558 1037 desiderat,
3598 971 3783 1028 otiose

2162 1070 2428 1128 tractans,
2476 1076 2575 1134 per
2610 1061 2795 1117 omnia
2834 1061 3117 1119 discurrit.
3148 1060 3281 1129 Qua:
3304 1063 3441 1119 dm
3480 1063 3784 1119 miserabi-

2162 1153 2269 1209 lem
2315 1153 2527 1211 obsidet
2574 1162 2847 1220 mentem,
2875 1152 3065 1209 multis
3105 1168 3227 1209 ean
3275 1154 3453 1210 inﬁcit
3510 1156 3780 1222 miseriis,

2163 1261 2283 1316 quae
2317 1236 2486 1302 mlta
2522 1247 2719 1303 docent
2744 1247 2908 1302 mala.
2932 1248 3010 1303 De
3034 1263 3141 1318 qua
3170 1249 3423 1305 nascitur
3450 1250 3779 1306 somnoleno

2164 1342 2259 1407 tia,
2284 1341 2505 1412 pigritia
2526 1342 2710 1412 operis
2736 1342 2885 1407 boni,
2914 1340 3243 1397 instabilitas
3276 1340 3411 1407 loci,
3442 1344 3780 1414 pervagatis

2158 1432 2233 1490 de
2259 1433 2379 1488 loco
2402 1433 2455 1488 in
2505 1433 2704 1500 locum,
2748 1433 3003 1505 tepiditas
3033 1432 3340 1500 laborandi,
3384 1434 3631 1489 talium
3662 1450 3777 1489 cor-

2163 1523 2268 1589 dis,
2301 1525 2657 1583 murmuratio-
2696 1532 2751 1580 ct
2780 1523 3114 1596 adloquia,
3157 1539 3281 1595 qua
3310 1526 3511 1595 utique
3542 1542 3579 1580 a
3612 1526 3779 1580 milite

2164 1612 2369 1673 Christi
2403 1615 2639 1675 vincitur
2666 1629 2767 1686 per
2793 1616 3031 1671 studium
3058 1613 3332 1681 lectionis,
3352 1631 3462 1686 per
3485 1617 3781 1671 assiduita-

2165 1715 2275 1765 tem
2308 1707 2492 1780 operis
2514 1707 2665 1775 boni,
2688 1722 2789 1778 per
2814 1707 3146 1764 desiderium
3174 1711 3549 1781 pramiorum
3584 1710 3779 1768 futura

466 1814 524 1863 et
549 1808 618 1865 ad
644 1822 861 1867 omnem
901 1809 1143 1866 dolorem
1165 1812 1411 1882 corporis
1441 1825 1507 1866 ac
1529 1811 1751 1881 spiritus
1778 1809 2062 1866 contritio-
2088 1791 2139 1856 Β
2165 1797 2538 1867 beatitudinis,
2580 1814 2680 1871 per
2700 1797 3104 1856 confessionem
3138 1801 3471 1858 mutationis
3512 1818 3687 1875 quam
3726 1805 3775 1859 in

464 1914 592 1959 nem
637 1899 1048 1971 infatigabiliter
1075 1903 1429 1975 semetipsam
1460 1903 1732 1959 desiderio
1772 1900 2064 1974 perfectio-

462 1990 553 2051 nis
586 1992 907 2056 extendens.
937 2000 993 2048 et
1022 1993 1425 2063 quodammodo
1468 1992 1612 2057 laeta,
1641 2008 1708 2049 ac
1747 2008 1845 2064 spe
1870 2006 2062 2063 provo-

462 2090 590 2141 ctus
614 2084 698 2143 sui
724 2080 993 2155 vegetata.
1012 2092 1265 2145 cunctam
1297 2084 1632 2141 afahilitatis
1654 2096 1714 2142 et
1739 2085 2063 2157 longanimi-

465 2172 597 2229 tatis
630 2172 830 2229 retinet
854 2174 1200 2242 suavitatem,
1230 2177 1437 2233 habens
1463 2177 1519 2232 in
1548 2178 1839 2248 semetipsa
1870 2190 2063 2233 omnes

464 2264 674 2322 fructus
689 2266 926 2336 Spiritus
949 2269 1162 2323 sancti:
1187 2285 1325 2341 quos
1353 2280 1639 2326 enumerat
1656 2272 1801 2327 idem
1829 2272 2063 2342 Aposto-

466 2353 590 2410 lus:
621 2376 639 2408 ι
666 2356 901 2413 Fructus
923 2365 1105 2413 autem
1133 2358 1358 2429 spiritus
1383 2370 1468 2415 est
1493 2361 1751 2427 Charitas,
1778 2363 2058 2433 gaudium,

463 2448 894 2518 pax,patientia,
919 2447 1322 2521 longanimitas,
1351 2452 1588 2519 bonitas,
1614 2452 1770 2521 ﬁdes,
1808 2468 2064 2511 mansue-

467 2536 623 2613 tudo,
636 2538 964 2613 benignitas,
979 2540 1314 2611 continentia
1336 2541 1478 2614 (Gal.
1502 2560 1555 2612 ν,
1583 2544 1696 2616 22).
1731 2566 1752 2599 ι
1782 2545 1909 2605 Haec
1932 2563 2062 2607 vero

462 2628 785 2699 asperrima,
834 2631 1144 2703 impatiens,
1195 2633 1547 2702 infructuosa,
1606 2637 1765 2708 plena
1810 2656 2060 2710 rancore,

463 2729 519 2777 et
570 2721 783 2787 timore,
810 2723 965 2791 dura,
993 2740 1058 2783 ac
1087 2727 1461 2798 desperatione
1489 2730 1691 2800 potnali
1734 2745 1859 2791 eum
1898 2750 2062 2805 quem

463 2813 743 2887 complexa
785 2812 951 2885 fuerit
986 2816 1062 2873 ab
1089 2817 1357 2885 industria
1397 2826 1456 2877 et
1482 2820 1674 2879 salutis
1710 2821 1896 2881 dolore
1914 2821 2062 2883 fran-

464 2908 561 2979 git,
591 2924 656 2965 ac
683 2918 904 2966 revocat
949 2918 1137 2982 utpote
1174 2912 1569 2973 irrationabilis
1605 2921 1662 2973 et
1708 2915 2062 2988 intercipiant

465 3016 573 3059 non
620 3000 795 3057 solum
829 3002 1139 3061 orationum
1169 3003 1467 3063 etiicaciam
1499 3047 1515 3073 ,
1554 3008 1915 3069 verumotiam
1939 3010 2062 3067 uni-

470 3108 660 3150 versos
688 3108 825 3167 quos
845 3095 1195 3165 praediximus
1216 3096 1428 3159 fructus
1452 3098 1763 3171 spirituales
1788 3112 2061 3161 cvm

2163 1901 2345 1951 metite
2372 1892 2555 1961 habet,
2581 1908 2683 1964 per
2714 1893 3065 1951 stabilitatem
3104 1895 3208 1951 loci
3244 1902 3305 1951 et
3346 1898 3634 1967 propositi
3679 1899 3775 1961 sui,

2162 1996 2329 2061 atque
2364 1989 2689 2045 exerdtiuln
2708 1988 3005 2061 cujuslibet
3048 1990 3182 2045 artis
3206 1998 3266 2046 et
3295 1990 3516 2047 laboris
3548 1991 3638 2046 vel
3662 2008 3777 2047 ora-

2164 2048 2355 2148 ὥίιίε,
2390 2089 2449 2138 et
2471 2048 2799 2153 vigiliarum.
2830 2082 3186 2138 instantiam:
3216 2089 3276 2137 ut
3307 2099 3615 2155 nunquam
3644 2084 3777 2139 otio-

2160 2191 2260 2232 sus
2288 2175 2599 2231 inveniatur
2639 2190 2831 2233 servus
2863 2177 2982 2233 Dei.
3029 2175 3314 2233 Dillcilius
3348 2178 3513 2234 enim
3576 2180 3773 2234 invenit

2160 2268 2412 2327 diabolus
2456 2269 2699 2325 tentandi
2741 2269 2921 2327 locum
2954 2270 3009 2326 in
3062 2271 3284 2328 homine
3321 2287 3503 2344 quem
3528 2288 3591 2328 rn
3618 2289 3771 2345 opere

2162 2359 2373 2416 invenit
2416 2361 2598 2429 bono,
2638 2376 2802 2433 quam
2840 2377 2965 2419 eum
2994 2378 3154 2433 quem
3198 2363 3449 2419 Otiosum
3488 2366 3699 2437 reperit
3722 2376 3769 2423 et

2160 2451 2302 2510 nihil
2347 2453 2475 2509 boni
2516 2462 2786 2526 agentem.
2824 2454 2979 2523 Quod
3022 2456 3316 2512 otiositatis
3356 2456 3571 2512 vitium
3613 2458 3767 2513 etiam

2162 2545 2596 2617 sapientissimus
2632 2544 2891 2603 Salomon
2930 2547 3341 2604 et‘identissime
3360 2557 3529 2604 notat
3552 2549 3613 2605 in
3636 2548 3767 2604 mal-

2164 2637 2257 2705 tis,
2288 2637 2363 2693 ita
2390 2638 2613 2695 dicens:
2644 2657 2665 2690 ι
2692 2638 2795 2708 Qui
2818 2647 3057 2696 sectatur
3078 2641 3270 2708 otium,
3295 2639 3768 2712 imptebitnrpaa—

2162 2737 2375 2802 pertate
2418 2729 2505 2784 vel
2538 2731 2739 2787 visibili
2788 2731 2871 2788 vel
2907 2731 3183 2799 invisibili,
3235 2733 3368 2803 quia
3407 2747 3647 2789 necesse
3694 2744 3769 2788 est

2162 2823 2396 2879 otiosum
2417 2838 2688 2896 quemque
2708 2832 2764 2880 et
2784 2826 3053 2883 universis
3069 2825 3217 2882 vitiis
3237 2826 3555 2883 involutum
3580 2828 3766 2895 teneri,

2160 2925 2217 2972 et
2255 2916 2489 2973 alienum
2516 2932 2735 2991 semper
2769 2919 3002 2976 existere
3029 2920 3505 2993 contemplatione
3534 2921 3657 2988 Dei,
3686 2922 3765 2979 vel

2162 3008 2367 3065 divitiis
2398 3011 2775 3080 spiritualibus
2811 3010 2994 3084 (Prov.
3019 3029 3211 3078 xxvm,
3244 3013 3359 3085 l9).
3394 3034 3419 3068 ι
3465 3015 3545 3071 De
3574 3016 3767 3086 quibus

2161 3098 2354 3157 beatus
2378 3100 2673 3174 Apostolus
2697 3118 2713 3158 :
2744 3123 2764 3157 ε
2792 3103 2933 3173 Quia
2966 3105 3023 3160 in
3048 3106 3322 3173 omnibus,
3346 3106 3555 3178 inquit,
3580 3109 3767 3163 divites

469 3204 608 3259 quos
628 3188 781 3245 novit
808 3188 900 3245 illa
927 3189 1200 3251 conferre.
1232 3168 1575 3263 Quapropter
1600 3195 1805 3265 absque
1828 3194 1919 3251 illa
1936 3210 2058 3268 qua:
2092 3168 2136 3244 (ἶ
2161 3191 2293 3250 facti
2331 3168 2465 3253 estis
2507 3196 2562 3251 in
2583 3195 2693 3262 illo,
2744 3168 2976 3252 inomni
3000 3198 3187 3265 verbo,
3228 3168 3369 3254 etin
3398 3168 3563 3253 omni
3592 3201 3763 3255 scien-

462 3287 550 3343 vel
579 3301 678 3358 pro
703 3287 931 3345 salutari
973 3288 1293 3359 poenitentia
1314 3289 1399 3345 vel
1433 3306 1533 3361 pro
1557 3293 1735 3348 studio
1766 3292 2057 3364 perfectio-

466 3377 554 3432 nis
582 3391 678 3433 seu
703 3392 803 3448 pro
829 3377 1097 3437 desiderio
1146 3378 1473 3450 suscipietur
1510 3379 1835 3439 futurorum.
1869 3381 2059 3443 Omnis

464 3469 682 3527 tristitia
729 3478 987 3540 tauquam
1013 3470 1196 3529 saculi
1229 3481 1286 3527 et
1326 3488 1447 3543 qua:
1478 3483 1708 3531 mortem
1738 3474 1936 3535 inferat
1977 3490 2055 3533 8—

462 3561 699 3632 qualiter
740 3560 1045 3633 repellenda
1082 3571 1186 3631 est,
1218 3578 1284 3621 ac
1311 3565 1455 3621 sicut
1480 3564 1857 3625 fornicationis
1896 3568 2056 3639 spiri-

468 3662 560 3717 tus
596 3653 946 3726 philargyria!
970 3655 1058 3715 vel
1087 3654 1204 3723 ira,
1240 3657 1306 3715 de
1333 3658 1533 3715 nostris
1562 3658 1817 3716 cordibus
1842 3661 2058 3731 puitus

466 3749 820 3809 exstruends.
837 3748 991 3809 Hanc
1012 3751 1181 3824 igitur
1197 3755 1713 3833 perniciosissimam
1726 3757 2055 3829 passionem,

465 3841 545 3899 ita
568 3843 634 3899 de
658 3844 821 3901 nobis
842 3844 1118 3915 expellere
1137 3860 1445 3918 possum,
1480 3847 1530 3905 ei
1554 3857 1790 3905 tuentem
1813 3859 2058 3907 nostra.

463 3935 731 4007 spirituali
772 3938 1131 3996 meditatione
1157 3936 1364 4012 iugiter
1394 3949 1715 4013 occupatam
1744 3940 1926 3998 futura
1962 3958 2059 4015 spe

462 4037 523 4085 et
543 4030 1000 4100 contemplatione
1022 4032 1363 4104 repromissae
1386 4033 1738 4090 beatitudinis
1763 4035 2055 4108 erigamus.

464 4119 581 4177 Hoc
623 4121 768 4177 enim
807 4123 971 4179 modo
1016 4124 1271 4181 universa
1311 4125 1659 4181 tristitiarum
1696 4140 1897 4199 genera
1944 4127 2059 4184 sive

464 4228 587 4284 quae
613 4228 681 4270 ex
702 4215 1031 4285 praecedenti
1058 4216 1139 4272 ira
1178 4216 1531 4285 descendunt,
1580 4219 1695 4275 sive
1727 4235 1848 4291 quae
1892 4221 2059 4277 amis-

463 4306 620 4363 sione
665 4307 801 4365 lucri
848 4308 935 4364 vel
968 4308 1279 4366 detrimenti
1322 4310 1457 4366 illati
1498 4310 1657 4367 nobis
1692 4312 1935 4379 veniunt,
1961 4327 2059 4369 seu

465 4396 551 4453 vel
584 4398 825 4470 irrogata
852 4408 1184 4470 generantur
1216 4400 1437 4473 injuria,
1480 4403 1593 4459 sive
1626 4418 1748 4474 quae
1770 4403 2060 4460 irrationa-

462 4488 560 4545 bili
597 4489 799 4545 mentis
822 4489 1138 4548 confusione
1170 4493 1491 4564 procedunt,
1531 4510 1627 4551 seu
1656 4510 1778 4567 quae
1806 4495 2059 4553 lethalem

464 4582 900 4652 desperationem
926 4586 1084 4641 nobis
1118 4586 1396 4653 inducunt,
1426 4587 1726 4645 valebimus
1753 4604 2011 4659 superare
2036 4605 2052 4645 :

465 4689 589 4729 cum
617 4683 966 4733 externarum
990 4692 1175 4733 rerum
1200 4693 1263 4735 ac
1287 4675 1593 4735 futurarum
1616 4680 1813 4737 intuitu
1841 4695 2057 4752 semper

464 4763 574 4820 lani
610 4775 774 4838 atque
807 4769 1112 4826 immobiles
1136 4771 1516 4843 perdurantes,
1566 4788 1671 4829 nec
1705 4773 1922 4830 casibus
1963 4774 2058 4829 de—

460 4855 594 4927 iecti
620 4862 1003 4930 prmsentibus,
1031 4878 1132 4920 nec
1156 4864 1431 4936 prosperis
1454 4862 1717 4923 fuerimus
1735 4865 1882 4933 elati,
1909 4875 2058 4921 utra-

463 4964 573 5020 que
594 4949 743 5007 velut
767 4952 976 5010 caduca
998 4963 1055 5010 et
1078 4970 1206 5011 mox
1236 4957 1572 5013 transeuntis
1601 4958 2051 5029 contemplantes.

1108 5091 1193 5148 De
1213 5091 1414 5147 acedia.

532 5225 801 5283 Octavum
846 5240 980 5299 ergo
1006 5242 1075 5284 ac
1115 5226 1473 5284 novissimum
1506 5233 1632 5284 octo
1671 5227 2052 5301 principalium

466 5317 722 5375 uitiorum
759 5317 913 5374 virus
956 5328 1043 5374 est
1090 5319 1298 5387 acedia,
1337 5334 1439 5391 per
1467 5334 1633 5391 quam
1667 5327 1823 5392 tepor
1852 5323 2052 5378 mentis

470 5418 528 5466 et
551 5411 812 5483 segnities
842 5402 1004 5467 noxia
1030 5413 1227 5481 oritur,
1250 5429 1374 5484 quae
1397 5415 1672 5471 hominem
1702 5415 1947 5472 inutilem
1980 5417 2047 5473 ad

462 5514 629 5559 omne
666 5516 806 5574 opus
843 5502 1044 5558 bonum
1089 5518 1156 5560 ac
1185 5505 1479 5574 proclivem
1522 5508 1592 5563 ad
1624 5507 1903 5565 interitum
1930 5511 2052 5566 red-

463 5592 577 5650 dit.-
626 5593 783 5651 Unde
831 5594 1097 5667 scriptum
1137 5602 1221 5653 est
1257 5613 1272 5653 :
1332 5615 1352 5650 ι
1400 5596 1660 5658 Otiositas
1704 5602 1923 5660 inimica
1967 5611 2054 5661 est

463 5683 677 5750 anima,
726 5705 747 5737 ι
795 5699 956 5756 quam
1010 5686 1262 5743 inimicus
1290 5689 1455 5745 totius
1502 5690 1630 5746 boni
1663 5692 1909 5751 diabolus
1954 5710 2053 5766 per

464 5786 826 5832 memoratum
860 5778 1060 5834 acediar
1104 5779 1353 5835 morbum
1383 5780 1587 5836 homini
1626 5782 1858 5853 ingerit:
1890 5786 1964 5843 ita
1992 5796 2052 5844 ut

2164 3286 2241 3343 tia
2274 3285 2328 3359 (1
2346 3284 2474 3343 Cor.
2498 3303 2535 3353 ι,
2556 3287 2635 3353 ὃ).
2670 3306 2692 3341 s
2729 3286 2894 3344 Multa
2927 3288 3073 3345 enim
3110 3288 3253 3344 mala
3278 3288 3473 3345 docuit
3494 3290 3761 3347 «insitas.

2164 3376 2589 3446 Qumevidenter
2612 3378 2902 3450 Apostolus
2918 3381 3262 3437 enumeravit
3282 3381 3521 3438 dicens:
3552 3401 3575 3435 ι
3604 3384 3763 3438 Αιό-

2161 3468 2361 3536 vimus,
2383 3469 2580 3540 inquit,
2605 3472 2868 3540 quosdam
2895 3470 3037 3526 inter
3062 3485 3159 3527 vos
3182 3473 3473 3530 ambulare
3502 3474 3758 3546 inquieto,

2162 3559 2298 3617 unm
2316 3573 2628 3632 sperantes,
2647 3561 2743 3618 sed
2759 3562 2974 3619 curiose
2990 3572 3211 3634 agentes
3228 3564 3315 3637 (11
3344 3564 3538 3621 Thess.
3554 3566 3755 3635 ωλι.»

2161 3648 2406 3722 lluicque
2419 3651 2552 3707 vitio
2580 3650 2860 3721 subjunxit
2878 3651 3153 3723 quoddam
3171 3654 3361 3711 statim
3380 3655 3757 3712 medica-a-

2160 3751 2278 3799 tum
2305 3741 2536 3800 dicens:
2567 3761 2587 3796 ι
2624 3742 2900 3815 Rogamus
2928 3759 3044 3812 vos,
3075 3743 3294 3813 fratres,
3337 3749 3491 3817 quod
3544 3764 3759 3819 opem

2160 3835 2302 3891 detis
2325 3843 2386 3891 ut
2408 3836 2581 3906 quieti
2603 3836 2742 3902 sitis,
2768 3846 2828 3893 et
2850 3846 2909 3892 ut
2932 3846 3114 3894 vestra
3140 3839 3363 3911 negotia
3386 3850 3760 3913 agentesope—

2161 3929 2359 3986 remini
2398 3930 2649 3986 manibus
2669 3932 2871 3991 vestris
2896 3941 2954 3989 et
2984 3932 3213 3990 honeste
3252 3935 3559 3991 ambuletis
3586 3938 3653 3991 ad
3674 3950 3759 3989 eos

2160 4022 2256 4092 qui
2277 4020 2411 4079 foris
2436 4032 2564 4079 sunt
2585 4031 2643 4080 et
2660 4024 2861 4083 nullius
2889 4025 3093 4097 aliquid
3113 4028 3440 4085 desidentis
3472 4030 3563 4104 (ΙΙ
3588 4030 3756 4085 Thess.

2160 4128 2225 4180 ιι,
2256 4112 2333 4185 1).
2371 4133 2391 4168 ο
2427 4113 2562 4170 Nam
2590 4131 2731 4186 quos
2757 4117 2926 4173 etiam
2952 4119 3293 4177 inordinatos
3316 4136 3385 4177 ac
3408 4122 3653 4179 rebelles
3674 4140 3756 4177 no-

2162 4213 2260 4274 tat,
2298 4207 2369 4263 ab
2394 4206 2482 4264 his
2525 4208 2798 4265 studiosos
2832 4224 3077 4283 quosque
3122 4215 3406 4285 segregari
3440 4218 3759 4287 pra-cipias

2163 4298 2297 4354 dicit
2328 4316 2344 4354 :
2386 4317 2407 4355 ι
2438 4300 2831 4360 Denuntiamus
2870 4313 3053 4363 autem
3090 4307 3266 4375 vobis,
3310 4307 3549 4377 fratres,
3593 4311 3650 4365 in
3676 4327 3763 4364 no-

2162 4388 2309 4445 mine
2338 4388 2555 4446 Domini
2586 4394 2759 4449 nostri
2780 4391 2913 4449 lesu
2954 4394 3183 4462 Christi,
3212 4405 3274 4452 ut
3298 4400 3651 4455 subu-ahatis
3675 4417 3759 4455 vss

2165 4478 2234 4535 ab
2270 4481 2421 4538 omni
2466 4480 2638 4540 fratre
2680 4485 2987 4542 inordinate
3030 4498 3091 4543 et
3136 4488 3383 4560 inquiete
3424 4494 3757 4556 ambulante.

2082 4552 2216 4627 Det
2262 4587 2372 4629 non
2417 4575 2715 4633 secundum
2760 4576 3107 4634 traditionem
3158 4552 3325 4652 quam
3384 4584 3687 4653 accepistis

2156 4667 2318 4725 nobis
2358 4666 2446 4740 (ΙΙ
2472 4667 2650 4725 Thess.
2674 4685 2761 4737 ω,
2797 4669 2877 4743 6).
2912 4691 2931 4725 ι
2964 4671 3035 4727 Et
3060 4687 3184 4743 mia:
3224 4673 3395 4730 fuerit
3416 4675 3516 4730 illa
3548 4677 3761 4732 traditio

2156 4763 2407 4833 protinus
2443 4764 2723 4835 subiunxit
2750 4766 2975 4823 dicens:
3009 4786 3029 4820 ι
3060 4768 3167 4840 Ipsi
3204 4769 3353 4825 enim
3384 4772 3552 4828 scitis
3580 4789 3761 4843 quem-

2158 4853 2447 4909 admodum
2494 4863 2741 4925 oporteat
2782 4857 2985 4913 imitari
3021 4874 3161 4916 nos:
3209 4861 3473 4930 quoniam
3526 4880 3640 4920 non
3688 4866 3759 4918 in-

2157 4945 2329 5015 quieti
2355 4944 2557 5002 fuimus
2582 4946 2726 5003 inter
2761 4962 2881 5017 vos,
2910 4964 3087 5020 neque
3122 4966 3317 5021 panem
3347 4954 3531 5024 gratis
3573 4955 3646 5009 ab
3666 4956 3758 5009 a5-

2152 5052 2263 5109 quo
2296 5040 2769 5107 manducavimus,
2805 5042 2901 5105 sed
2931 5042 2989 5097 in
3019 5042 3205 5099 labore
3242 5054 3299 5099 et
3337 5044 3397 5099 in
3436 5044 3759 5119 fatigatione

2153 5139 2315 5188 nocte
2340 5140 2398 5187 et
2430 5131 2519 5188 die
2541 5141 2850 5202 operantes,
2899 5146 2971 5189 ne
3004 5134 3241 5207 aliquem
3272 5146 3526 5193 vestrum
3572 5154 3759 5212 grava-

2152 5239 2356 5290 remus,
2397 5240 2503 5280 non
2535 5227 2694 5296 quasi
2738 5240 2848 5283 non
2882 5228 3211 5284 haberemus
3248 5239 3613 5302 potestatem,
3664 5231 3756 5288 sed

2153 5325 2217 5374 ut
2253 5319 2617 5390 nosmetipsos
2660 5319 2891 5377 formam
2930 5322 3189 5377 daremus
3228 5324 3390 5379 vobis
3436 5324 3509 5381 ad
3542 5326 3757 5383 imitan-

2154 5413 2281 5471 dum
2308 5427 2410 5469 nos
2440 5411 2630 5486 (ltid.,
2655 5431 2705 5470 ν.
2734 5414 2812 5487 7).
2847 5434 2866 5468 ι
2898 5415 3085 5483 Qualis
3104 5431 3234 5487 ergo
3263 5416 3353 5473 ille
3380 5418 3755 5476 estChristia-

2153 5521 2259 5563 nos
2290 5507 2387 5578 qui
2410 5522 2536 5563 eum
2575 5523 2737 5563 mane
2781 5524 2813 5564 a
2843 5508 2987 5566 lecto
3015 5509 3299 5566 ebrietatis
3334 5526 3453 5568 sua:
3498 5526 3756 5568 sum

2152 5604 2245 5671 rit,
2292 5618 2402 5660 non
2443 5603 2625 5676 aliquo
2676 5604 2831 5675 operi
2871 5603 2991 5659 utili
3028 5602 3267 5671 insistit,
3310 5619 3422 5661 non
3472 5605 3547 5662 ad
3584 5605 3753 5663 eccle-

2154 5701 2290 5757 siam
2326 5699 2591 5756 orationis
2612 5713 2779 5756 causa
2799 5698 2965 5766 vadit,
3001 5712 3109 5754 non
3154 5698 3225 5755 ad
3253 5697 3591 5755 audiendo.
3640 5712 3753 5752 ver-

2122 5790 2284 5873 -bum
2313 5789 2409 5846 Dei
2439 5790 2738 5856 concurrit,
2776 5804 2885 5845 non
2919 5787 3297 5858 eleemosynas
3322 5802 3507 5858 ,και
3522 5786 3739 5858 satagit,
