3956 6326
258 256 403 321 £253

1155 252 1247 316 ne
1282 214 1816 319 ECCLESILSTICA
1851 250 2261 317 DISCIPLINA.
2298 290 2370 301 —
2403 258 2532 319 LIB.
2573 258 2661 323 ιιι.

3389 264 3524 327 1256

254 391 363 433 non
408 372 659 431 infirmos
712 372 958 440 visitare,
1012 373 1098 430 vel
1138 375 1469 432 calumniam
1512 375 1839 448 patientibus
1867 379 1919 443 Α
1943 374 2196 443 illustrat,
2228 386 2284 432 et
2321 378 2390 433 ab
2415 379 2561 434 omni
2599 379 2959 441 delectatione
2991 382 3169 441 noxia:
3195 382 3525 445 curiositatis

254 464 540 522 subvenire
586 463 867 520 contendit
894 481 908 519 :
939 464 1035 521 sed
1061 472 1154 521 aut
1179 464 1236 520 in
1266 475 1518 522 venatum
1548 464 1693 524 foras
1712 483 1837 539 per-

251 559 348 631 git,
383 566 477 612 aut
504 557 649 613 domi
675 555 798 613 lites
828 565 884 613 et
930 557 1302 615 contentiones
1333 560 1557 625 excitat,
1594 566 1687 613 aut
1706 559 1838 613 aleae

253 649 337 704 vel
383 647 580 705 fabulis
618 656 674 704 et
715 647 857 719 jocis
891 664 952 706 se
1000 648 1280 707 inutilibus
1324 650 1608 722 impendit,
1668 651 1838 707 donec

249 741 486 800 edulium
531 757 687 798 suum
732 759 764 797 a
819 743 994 799 servis
1040 742 1416 800 laborantibus
1482 754 1832 817 prteparetur.

246 833 367 891 Etsi
428 833 632 906 aliquid
685 834 865 890 minus
901 849 1000 905 per
1059 834 1545 906 impossibilitatem
1599 835 1837 907 aliquam

240 939 497 1003 paratum
543 944 575 983 a
637 926 994 985 servitoribus
1037 928 1106 983 ad
1150 943 1309 1003 suum
1356 927 1568 983 libitum
1623 926 1831 983 fuerit:

246 1022 426 1078 subito
467 1018 795 1087 exardescit,
832 1028 887 1075 et
923 1018 992 1075 ad
1021 1019 1316 1075 vindictam
1348 1017 1609 1091 agendam
1650 1020 1833 1075 statim

238 1112 457 1187 prosilit
499 1129 511 1167 :
541 1112 727 1183 sicque
753 1111 879 1166 dum
906 1109 996 1166 ille
1020 1110 1077 1165 in
1104 1110 1351 1166 convivio
1378 1110 1615 1177 lmtatur,
1644 1126 1834 1167 servus

243 1202 383 1262 foris
439 1203 810 1260 excruciatur.
859 1201 967 1258 Sed
1038 1202 1155 1259 haec
1218 1203 1362 1258 unde
1421 1201 1648 1270 faciunt,
1728 1204 1831 1259 nisi

241 1298 371 1370 quia
394 1296 462 1352 de
480 1295 684 1351 futuris
703 1310 810 1350 non
844 1294 1105 1366 cogitant,
1133 1309 1234 1351 nec
1248 1294 1515 1365 judicium
1538 1295 1632 1350 Dei
1656 1304 1834 1352 mente

238 1395 597 1461 pertractant.
638 1384 697 1442 Si
722 1386 869 1441 enim
907 1385 1050 1442 diem
1091 1387 1282 1442 mortis
1308 1402 1419 1444 suae
1451 1388 1552 1443 rite
1579 1388 1831 1460 provide-

239 1488 399 1547 rent,
433 1494 710 1552 nunquam
739 1478 831 1533 tali
865 1478 1133 1534 dementia
1166 1494 1227 1535 se
1256 1478 1551 1535 irretirent.
1580 1476 1832 1550 Nunquid

238 1588 348 1629 non
384 1574 601 1645 sapiens
639 1569 890 1627 similiter
935 1569 1165 1626 moritur
1206 1579 1266 1626 ut
1305 1571 1530 1636 stultus,
1593 1570 1743 1628 dives
1774 1579 1833 1626 ut

236 1683 465 1741 pauper,
497 1666 695 1725 nobilis
725 1674 786 1722 ut
815 1664 1100 1739 ignobilis?
1123 1664 1375 1736 Nunquid
1405 1680 1513 1721 non
1550 1682 1678 1723 caro
1700 1666 1833 1721 divi-

1938 483 2156 525 eversos
2185 469 2453 527 desiderio
2483 472 2912 544 contemplanda:
2949 477 3195 535 veritatis
3224 477 3522 549 illuminat,

1937 569 1999 616 ttt
2023 560 2380 617 humanarum
2411 579 2595 619 rerum
2631 565 3044 639 divinarumque
3078 572 3362 629 scientiam
3389 588 3521 630 con-

1937 654 2132 717 secuti,
2182 655 2477 725 prudentes
2519 671 2582 713 ac
2607 657 2879 727 sapientes
2913 663 3179 721 veraciter
3206 665 3355 723 ﬁant.
3392 666 3524 721 Pro-

1936 742 2167 813 spiciant
2202 743 2536 801 imminentia
2574 746 2739 815 mala,
2784 749 2946 807 simul
2993 760 3048 808 et
3092 766 3363 824 caveant,
3421 771 3523 812 nec

1934 841 2127 902 putent
2173 834 2281 891 ulla
2318 852 2441 893 esse
2477 837 2616 895 mala
2662 838 2765 893 nisi
2807 856 2870 896 ea
2899 857 3018 912 quae
3047 844 3216 900 malos
3244 843 3517 901 elliciant:

1935 923 2070 980 nihil
2099 924 2151 979 in
2174 925 2279 982 hoc
2304 928 2509 984 mundo
2535 944 2684 997 casu,
2716 939 2808 984 aut
2834 930 3056 1005 injuste,
3084 934 3178 991 sed
3202 937 3381 992 omnia
3408 936 3521 993 Deo

1933 1016 2148 1073 volente
2185 1018 2270 1073 vel
2313 1022 2659 1091 permittente
2705 1023 2824 1079 fieri
2872 1027 3168 1096 prudenter
3212 1029 3516 1100 accipiant:

1935 1104 2092 1161 aliter
2118 1107 2478 1180 intelligentes
2504 1122 2598 1167 aut
2617 1112 2846 1171 doceant
2865 1116 3141 1187 sapienter
3161 1128 3253 1174 aut
3266 1128 3517 1191 arguant,

1933 1216 2035 1255 nec
2070 1200 2172 1272 ip'si
2207 1202 2326 1258 aliis
2356 1212 2606 1270 noceant,
2646 1222 2750 1262 nec
2794 1207 2895 1262 sibi
2939 1225 3134 1268 nocere
3180 1212 3517 1283 promittant.

1932 1290 2094 1348 Tales
2138 1292 2397 1351 Dominus
2442 1296 2497 1351 in
2531 1295 2824 1371 Evangelio
2860 1299 2976 1356 ﬁeri
3004 1304 3259 1377 praecepit
3287 1304 3516 1361 dicens:

1939 1403 1958 1434 ε
1986 1382 2172 1441 Estote
2200 1389 2492 1458 prudentes
2518 1390 2658 1445 sicut
2685 1405 2984 1463 serpentes,
3011 1404 3065 1450 et
3087 1397 3358 1466 simplices
3378 1399 3522 1455 sicut

1933 1474 2196 1531 columba:
2214 1476 2429 1548 (Matth.
2450 1496 2505 1545 χ,
2532 1480 2673 1552 16).»
2706 1483 2832 1554 quia
2858 1499 2960 1540 nec
2988 1485 3259 1557 simplices
3288 1489 3522 1544 circum-

1932 1566 2119 1620 venire
2156 1567 2366 1639 aliquos
2417 1580 2667 1642 possunt,
2720 1590 2821 1630 nec
2875 1577 3170 1647 prudentes
3198 1594 3256 1635 se
3286 1579 3519 1635 circum-

1931 1661 2103 1716 veniri
2136 1664 2477 1733 permittunt.
2515 1664 2781 1723 Caeterum
2816 1670 2857 1725 si
2889 1671 2941 1724 in
2972 1681 3256 1728 contractu
3283 1672 3522 1742 Quolibet

236 1762 310 1817 tis
333 1760 587 1816 similiter
612 1760 883 1815 vermibus
910 1767 1083 1816 scatet
1114 1768 1174 1814 ut
1199 1759 1429 1831 mendici
1453 1760 1477 1813 ?
1505 1759 1648 1815 Ecce
1675 1760 1827 1816 dives
1858 1751 1903 1812 Β
1931 1755 2047 1809 sive
2072 1755 2340 1827 colloquio
2371 1757 2456 1813 vel
2484 1758 2539 1813 in
2569 1759 2673 1815 alia
2703 1776 2917 1832 quaque
2945 1778 3007 1817 re
3050 1778 3109 1819 se
3142 1763 3317 1834 decipi
3367 1764 3519 1835 quis-

235 1870 362 1909 cum
384 1868 581 1927 pompa
614 1852 682 1908 ad
721 1852 1029 1923 sepulcrum
1078 1852 1292 1907 ducitur
1320 1869 1334 1907 :
1362 1852 1457 1907 sed
1485 1867 1645 1907 nemo
1675 1852 1832 1908 obse-

234 1947 519 2018 quentium
548 1962 671 2001 cum
698 1961 763 2011 eo
806 1945 861 2000 in
890 1944 1139 2015 sepulcro
1168 1959 1389 1999 manere
1419 1943 1704 2018 dignatur;
1738 1944 1832 2018 sed

233 2042 382 2098 sicut
416 2039 563 2097 solus
593 2038 681 2095 hic
723 2048 883 2097 natus
923 2047 1026 2105 est,
1081 2038 1161 2095 sic
1184 2037 1333 2095 solus
1358 2016 1493 2093 hinc
1526 2037 1692 2093 exiet.
1716 2016 1832 2092 διι-

234 2135 381 2191 hoc?
408 2132 549 2190 Ante
582 2131 912 2205 sepulturam
948 2140 1139 2204 sponte
1165 2148 1196 2186 a
1220 2130 1542 2186 mortalibus
1575 2146 1682 2185 non
1707 2118 1832 2201 pro-

233 2230 484 2301 Spicitur,
522 2227 668 2299 quod
688 2235 811 2298 post
832 2234 1064 2283 mortem
1096 2222 1213 2280 lteri
1239 2223 1492 2279 omnibus
1522 2221 1829 2277 necessario

235 2330 479 2394 cogetur.
510 2320 648 2376 Ecce
667 2319 909 2391 quotidie
938 2317 1179 2374 volentes
1207 2315 1558 2387 nolentesque
1593 2314 1661 2369 ad
1686 2329 1831 2369 mor—

232 2426 348 2473 tem
380 2426 774 2488 properamus:
813 2420 871 2468 et
911 2410 1034 2485 quis
1059 2409 1184 2467 ﬁnis
1210 2416 1397 2466 noster
1423 2408 1492 2463 sit
1526 2415 1648 2479 post
1679 2421 1829 2463 mor-

235 2515 350 2565 tem
377 2522 485 2562 uon
515 2503 945 2561 consideramus.
979 2500 1181 2558 Omnes
1206 2501 1352 2555 enim
1380 2497 1698 2570 praesentari
1728 2511 1829 2552 nos

232 2608 450 2674 oportet
482 2606 607 2656 ante
631 2595 870 2653 tribunal
910 2593 1143 2661 Christi,
1185 2602 1246 2648 ut
1274 2592 1498 2663 recipiat
1536 2588 1829 2660 unusquis-

232 2710 342 2766 que
378 2692 601 2765 propria
647 2691 895 2762 corporis
934 2696 1095 2761 prout
1135 2688 1303 2759 gessit
1342 2686 1456 2742 sive
1485 2686 1686 2740 bonum
1714 2681 1830 2737 sive

232 2783 472 2849 malum;
499 2783 594 2839 sed
623 2782 750 2854 quia
779 2795 940 2837 nemo
966 2788 1157 2836 contra
1190 2777 1321 2832 vitia
1352 2776 1455 2831 rite
1482 2789 1721 2848 pugnare
1741 2789 1833 2844 po-

232 2886 362 2946 test,
384 2876 488 2941 nisi
505 2877 598 2949 qui
622 2891 901 2933 sacrarum
918 2875 1182 2931 virtutum
1204 2887 1363 2945 opem
1386 2870 1589 2926 habere
1610 2868 1822 2925 studet:

505 3014 584 3071 De
607 3024 839 3087 quatuor
864 3010 1242 3086 principalibus
1266 3008 1568 3065 virtutibus.

309 3152 599 3209 Sciendum
642 3160 729 3210 est
753 3148 895 3227 quod
922 3151 1005 3206 hac
1035 3158 1270 3222 quatuor
1303 3149 1513 3221 species
1554 3146 1828 3219 prittcipn-
1854 3128 1901 3192 Ο

232 3247 366 3303 lium
402 3247 660 3303 virtutum
705 3263 842 3318 quas
888 3261 1051 3318 supra
1083 3243 1543 3311 enumeravimus,
1570 3243 1675 3298 hoc
1723 3251 1828 3311 est,

230 3343 542 3417 prudentia,
575 3341 808 3411 justitia,
839 3340 1120 3407 fortitudo,
1149 3349 1206 3396 et
1240 3339 1618 3410 temperantia,
1653 3353 1685 3392 a
1710 3336 1830 3407 qui-

230 3436 338 3493 bus
366 3446 510 3495 totus
545 3437 679 3492 ordo
702 3430 760 3491 et.
788 3435 955 3491 series
977 3435 1238 3489 virtutum
1262 3433 1461 3499 oritur,
1485 3432 1631 3487 omni
1658 3431 1832 3487 homi-

233 3530 291 3585 ni
317 3528 625 3585 Christiano
656 3526 976 3582 necessariae
1009 3535 1154 3591 sunt,
1196 3524 1320 3595 quia
1348 3540 1456 3583 non
1483 3524 1639 3577 aliter
1671 3537 1831 3593 supe~

233 3626 432 3676 rantur
472 3617 647 3672 morbi
682 3615 924 3688 pestifcri
982 3616 1260 3681 vitiorum,
1314 3615 1415 3669 nisi
1449 3632 1547 3687 per
1594 3613 1831 3669 remedia

234 3708 601 3784 spiritualium
618 3707 1156 3763 medicamentorum.
1186 3703 1510 3775 Sanctarum
1526 3705 1669 3760 enim
1689 3703 1833 3760 Scri-

233 3812 523 3875 pturarum
561 3800 862 3856 auctoritas
888 3798 1043 3853 valde
1081 3797 1237 3852 nobis
1285 3798 1627 3853 commendat
1677 3795 1835 3851 celsi-

238 3896 482 3951 tudinem
510 3903 565 3949 et
600 3893 936 3949 nobilitatem
979 3890 1293 3945 earumdem
1341 3904 1621 3944 sacrarum
1664 3888 1837 3943 virtu-

241 3996 376 4055 tum,
408 3998 676 4057 quatenus
700 4001 797 4056 per
822 4000 1009 4039 carum
1041 3981 1371 4053 opulentiam
1401 3979 1607 4035 militiae
1631 3978 1837 4036 Christi

237 4081 351 4153 apti
405 4095 527 4136 esse
581 4080 915 4136 studeamus.
961 4078 1108 4144 Quas
1167 4074 1386 4147 quidem
1437 4085 1667 4145 quatuor
1716 4088 1859 4129 esse.

236 4172 567 4247 principales
606 4182 661 4229 et
689 4172 844 4242 quasi
880 4170 1141 4241 quosdam
1179 4168 1353 4223 fontes
1380 4182 1410 4220 a
1441 4166 1637 4237 quibus
1679 4176 1836 4221 cane-

238 4283 317 4324 ra:
335 4267 568 4323 virtutes
592 4264 882 4339 profluunt,
909 4279 1019 4319 non
1045 4262 1218 4317 solum
1246 4259 1551 4332 philosophi
1573 4259 1833 4324 sentiunt,

238 4365 336 4422 sed
370 4366 535 4423 etiam
592 4364 767 4419 nostri
808 4362 1175 4419 consentiunt.
1215 4359 1459 4427 Quarum
1496 4373 1714 4428 quoque
1740 4373 1837 4412 no-

237 4458 485 4524 mina,ut
506 4457 618 4529 jam
637 4455 992 4519 ostendimus,
1017 4451 1389 4525 prudentiam,
1403 4449 1695 4519 justitiam,
1724 4447 1837 4504 for-

240 4551 555 4617 titudinem,
600 4560 655 4607 et
696 4548 1105 4620 temperantiam
1152 4546 1258 4602 dici
1320 4547 1609 4601 voluerunt
1652 4557 1666 4597 :
1715 4557 1836 4613 qua:

240 4649 453 4696 tantum
482 4639 786 4697 sanctitatis
811 4636 1099 4694 conferunt
1136 4636 1317 4691 animo
1339 4635 1667 4695 Christiano.
1695 4633 1838 4704 quod

240 4734 382 4791 nihil
403 4734 750 4809 perfectionis
784 4748 957 4804 usque
990 4732 1080 4797 sit,
1113 4731 1259 4802 quod
1296 4731 1351 4785 in
1388 4730 1509 4785 istis
1549 4729 1839 4787 virtutibus

238 4846 354 4887 non
400 4831 490 4885 sit.
538 4829 673 4885 Nam
717 4828 763 4884 si
809 4827 941 4883 facit
966 4824 1251 4895 prudentia
1282 4822 1642 4893 prudentem,
1685 4820 1841 4894 justi-

242 4924 321 4977 tia
356 4920 598 4990 justum,
639 4919 902 4977 fortitudo
936 4918 1132 4975 fortem
1156 4957 1171 4982 ,
1200 4925 1256 4973 et
1295 4916 1653 4986 temperantia
1697 4925 1835 4971 tem-

242 5021 550 5087 perantem,
581 5028 647 5069 eo
672 5013 765 5083 qui
804 5011 1120 5082 prudenter,
1152 5008 1319 5079 juste,
1348 5008 1564 5065 fortiter
1588 5024 1652 5064 ac
1699 5017 1837 5064 tem-

244 5114 504 5178 peranter
523 5105 657 5175 agit,
679 5104 863 5159 nescio
882 5102 1013 5174 quid
1040 5101 1214 5172 possit
1240 5114 1364 5157 esse
1387 5100 1702 5171 perfectius.
1731 5100 1843 5155 Vir-

246 5208 338 5253 tus
364 5199 509 5254 enim
538 5206 623 5255 est
650 5197 816 5253 animi
842 5196 1081 5259 habitus,
1116 5202 1325 5251 natura:
1358 5194 1545 5260 decus,
1594 5194 1717 5249 vitae
1750 5207 1839 5247 ra-

246 5289 347 5354 tio,
381 5304 445 5345 ac
477 5303 689 5347 morum
721 5285 995 5345 nobilitas.
1038 5282 1203 5355 Cujus
1236 5284 1401 5341 etiam
1432 5291 1614 5353 partes
1641 5283 1843 5359 princi-

244 5380 398 5453 pales
425 5390 547 5438 sunt
584 5389 836 5452 quatuor,
866 5387 926 5435 ut
952 5391 1093 5449 saepe
1122 5376 1325 5433 dictum
1359 5384 1465 5449 est,
1487 5392 1714 5451 quarum
1737 5375 1844 5447 pri-

248 5490 341 5532 ma
368 5483 451 5531 est
470 5474 757 5547 prudentia
777 5473 832 5528 in
857 5470 1204 5545 indagatione
1228 5470 1341 5526 veri
1376 5478 1430 5526 et
1455 5469 1507 5525 in
1530 5470 1844 5527 inventione

248 5570 576 5626 consistens.
600 5566 727 5626 Haec
749 5565 1071 5626 memoriam
1097 5565 1280 5623 animo
1300 5563 1520 5629 excitat,
1546 5562 1846 5635 intelligen-

252 5662 384 5721 tiam
406 5662 625 5735 ingenio
651 5667 893 5734 praestat,
920 5657 1319 5732 providentiam
1345 5656 1572 5715 consilio
1590 5664 1837 5712 exornat.

252 5755 381 5815 Hrec
400 5754 705 5830 spirituales
733 5754 983 5813 homines
1012 5768 1045 5810 a
1070 5750 1381 5812 carnalibus
1407 5749 1553 5807 vitiis
1573 5748 1845 5807 detecttos

1862 4498 1915 4559 D

1932 1862 2038 1919 que
2066 1863 2177 1903 non
2208 1849 2370 1916 sinat,
2404 1857 2459 1905 et
2490 1849 2658 1906 alium
2691 1860 2874 1906 tamen
2904 1852 3018 1925 ipse
3050 1854 3313 1925 decipiat;
3344 1856 3391 1910 is
3416 1872 3522 1911 non

1932 1942 2095 1998 habet
2123 1943 2489 2014 prudentiam,
2521 1960 2642 2016 quae
2668 1945 2859 2003 salutis
2882 1940 3052 2021 magis
3079 1963 3243 2019 quam
3266 1948 3524 2020 perditio~

1930 2036 2018 2093 nis
2038 2044 2122 2092 est
2147 2052 2329 2097 causa.
2364 2038 2460 2094 sed
2481 2039 2722 2101 simulat.
2750 2040 3006 2113 quoniam
3033 2041 3251 2111 quidem
3278 2042 3383 2098 hoc
3412 2044 3521 2099 vir-

1932 2140 2019 2187 tus
2067 2147 2097 2185 a
2120 2131 2254 2187 vitio
2299 2132 2484 2199 distat,
2534 2133 2680 2204 quod
2719 2132 2851 2189 illud
2890 2135 3192 2205 corrumpit
3219 2151 3374 2203 sana,
3410 2136 3526 2192 haec

1932 2231 2089 2278 sanat
2124 2223 2238 2278 vitii
2275 2224 2596 2280 accensioue
2641 2234 2918 2297 corrupta.
2976 2225 3110 2282 Nam
3140 2228 3185 2283 si
3232 2231 3433 2301 cogitat
3460 2229 3527 2285 de

1928 2316 2231 2389 perditione
2258 2316 2556 2388 cujuSpiam
2573 2316 2658 2372 vel
2682 2317 2749 2372 de
2778 2333 2909 2372 casu
2937 2318 3218 2389 pereuntis
3249 2319 3523 2387 exsultat,

1931 2424 2152 2465 necesse
2178 2416 2263 2465 est
2294 2420 2351 2464 ut
2377 2409 2585 2480 primus
2611 2417 2798 2480 pereat
2828 2409 2962 2482 ipse,
2991 2426 3154 2481 quam
3184 2410 3352 2467 alium
3396 2428 3526 2484 per-

1931 2500 2040 2566 dat,
2085 2510 2140 2556 et
2174 2501 2240 2557 ab
2266 2501 2383 2573 ipso
2427 2515 2491 2557 ea
2519 2501 2754 2572 perditio
2791 2516 2914 2572 quas
2956 2502 3137 2573 perire
3182 2502 3349 2559 alium
3378 2503 3527 2575 cupit

1931 2589 2174 2660 incipiat.
2216 2588 2438 2645 Justitia
2467 2606 2596 2645 vero
2627 2606 2745 2661 quae
2778 2591 3013 2647 secunda
3044 2607 3173 2662 pars
3208 2592 3529 2665 principalis

1930 2682 2147 2737 virtutis
2163 2690 2265 2749 est,
2298 2683 2413 2753 ipsa
2430 2692 2512 2737 est
2538 2682 2756 2739 habitus
2777 2684 2966 2749 animi,
2984 2684 3277 2755 unicuique
3304 2684 3385 2739 rei
3401 2699 3528 2754 pro-

1930 2777 2104 2850 priam
2138 2778 2381 2833 tribuens
2415 2778 2749 2848 dignitatem.
2783 2777 2840 2833 In
2874 2778 2973 2834 hac
3005 2778 3304 2834 divinitatis
3326 2779 3525 2848 cultus,

1931 2877 1989 2925 et
2014 2869 2368 2925 humanitatis
2390 2867 2516 2939 jura
2543 2878 2598 2924 et
2618 2869 2848 2941 aequitas
2870 2869 3036 2925 totius
3054 2870 3181 2925 vitae
3206 2885 3530 2926 conservan-

1936 2966 2044 3014 tur.
2093 2958 2434 3033 Quapropter
2482 2959 2611 3015 siin
2644 2959 2747 3015 hac
2793 2960 2903 3014 vita
2941 2960 3210 3032 justitiam
3265 2976 3529 3017 conamur

1933 3055 2178 3127 implere,
2206 3055 2363 3125 cujus
2393 3055 2617 3128 justitite
2641 3071 2778 3126 opus
2800 3062 2883 3112 est
2908 3057 3187 3129 proprium
3211 3071 3307 3112 sua
3334 3058 3531 3127 cuique

1937 3148 2174 3205 tribuere
2205 3167 2217 3202 :
2248 3149 2359 3203 Deo
2382 3163 2480 3204 nos
2508 3164 2539 3202 a
2562 3163 2670 3218 quo
2699 3163 2883 3203 sumus
2916 3146 3066 3215 facti,
3096 3148 3404 3216 reddamus,
3429 3162 3530 3204 nec

1933 3242 2200 3298 dominari
2229 3242 2384 3298 nobis
2409 3256 2474 3298 ea
2500 3242 2696 3314 quibus
2723 3258 2911 3299 sumus
2934 3242 3253 3301 naturaliter
3279 3242 3531 3315 praeposi-

1932 3336 1994 3403 ti,
2038 3336 2439 3407 permittamus.
2473 3336 2794 3393 Dominetur
2818 3337 2967 3393 vitiis
2992 3338 3170 3407 ratio;
3209 3337 3532 3410 subjiciatur

1932 3449 2130 3504 corpus
2174 3435 2377 3499 animo,
2424 3435 2638 3491 animus
2668 3434 2799 3500 Deo,
2830 3442 2885 3489 et
2912 3433 3135 3505 impleta
3173 3445 3255 3490 est
3284 3434 3549 3491 hominis

1932 3536 2047 3583 tota
2076 3526 2362 3599 perfectio.
2388 3527 2508 3582 Duo
2533 3534 2657 3581 sunt
2678 3525 2985 3581 econtrario
3010 3523 3289 3594 iniustitia:
3309 3540 3526 3599 genera,

1934 3633 2101 3674 unum
2124 3619 2265 3688 quod
2284 3615 2516 3686 injurias
2544 3616 2868 3685 irrogamus,
2898 3614 3126 3670 alterum
3155 3616 3298 3685 quod
3321 3616 3389 3671 ab
3410 3614 3532 3670 aliis

1932 3710 2198 3779 irrogatas
2212 3724 2333 3764 cum
2357 3725 2641 3779 possumus
2659 3707 2971 3779 pr0pulsare
2997 3706 3338 3779 negligimus,
3355 3723 3529 3779 quan-

1934 3799 2005 3856 do
2028 3815 2317 3870 oppressos
2333 3799 2624 3855 defendere
2646 3815 2767 3855 cum
2784 3798 3057 3868 possimus
3082 3798 3155 3853 ab
3181 3798 3532 3871 oppressione

1938 3892 2374 3947 contemnimus:
2423 3906 2525 3946 nec
2566 3890 2701 3945 mihi
2732 3889 2934 3960 aliquid
2977 3889 3215 3959 prodest,
3262 3890 3533 3959 quodnon

1942 3981 2315 4037 circumvenio
2359 3981 2593 4051 aliquem
2642 3995 2818 4050 neque
2854 3978 3086 4051 decipio,
3137 3978 3181 4035 si
3228 3978 3405 4049 decipi
3440 3987 3535 4034 aut

1937 4073 2320 4130 circumveniri
2363 4073 2639 4145 permitto.
2673 4071 2787 4127 Hoc
2818 4072 2961 4127 idem
3010 4071 3078 4129 de
3116 4070 3356 4142 peccatis
3408 4071 3534 4127 licet

1938 4165 2163 4235 intelligi
2194 4182 2207 4219 :
2238 4165 2363 4237 quia
2388 4165 2432 4219 si
2462 4172 2777 4237 peccantem
2801 4163 2977 4229 video,
3007 4172 3064 4219 et
3091 4180 3198 4221 non
3225 4163 3400 4218 solum
3426 4180 3532 4219 non

1936 4272 2124 4329 arguo,
2159 4256 2252 4312 sed
2283 4257 2446 4319 etiam
2478 4256 2527 4311 ei
2566 4254 2814 4327 peccanti
2856 4255 3159 4321 consentio,
3206 4255 3529 4325 participem
3592 4240 3593 4243 “

1938 4366 2026 4407 me
2047 4349 2412 4406 damnationis
2436 4346 2629 4414 cilicio,
2662 4356 2717 4404 et
2736 4349 2791 4403 in
2806 4347 3061 4404 omnibus
3080 4346 3320 4421 peccatis
3342 4362 3530 4417 pecco,

1938 4444 2157 4516 quando
2183 4459 2277 4499 eos
2306 4460 2443 4513 quos
2472 4443 2585 4498 scio
2609 4456 2862 4513 peccasse
2891 4440 3004 4497 sive
3042 4455 3271 4510 peccare
3300 4440 3531 4509 quedam

1942 4533 2175 4592 crudelis
2194 4534 2359 4590 animi
2374 4533 2709 4607 malignitate
2729 4549 2834 4589 non
2851 4532 3090 4601 increpo.
3107 4530 3391 4589 Fortitudo
3403 4545 3534 4600 ergo

1944 4642 2063 4699 qua:
2089 4626 2247 4683 tertia
2273 4634 2358 4683 est
2386 4627 2440 4681 in
2469 4627 2661 4682 ordine
2697 4622 3077 4697 principalium
3102 4622 3385 4688 virtutum,
3418 4622 3532 4677 lucc

1942 4735 2139 4791 magno
2170 4718 2354 4775 animo
2384 4718 2745 4790 periculorum
2776 4726 2831 4771 et
2857 4716 3101 4771 laborum
3130 4724 3215 4771 est
3234 4715 3532 4787 perpessio,

1942 4816 2166 4887 ejusque
2186 4824 2368 4886 partes
2394 4822 2524 4869 sunt
2548 4813 2963 4889 magniﬁcentia,
2990 4810 3231 4880 ﬁdentia,
3254 4810 3530 4880 patientia,

1941 4905 2342 4977 perseverantia.
2382 4903 2776 4976 Magniﬁcentia
2815 4917 2945 4977 ergo
2982 4910 3065 4958 est
3090 4917 3273 4957 rerum
3305 4916 3531 4973 magna-

1944 5016 2065 5055 rum
2097 5009 2153 5055 et
2198 4997 2537 5054 excelsarum
2563 5036 2577 5061 ,
2624 5010 2749 5051 cum
2779 4995 2947 5051 animi
2990 4993 3165 5065 ampla
3194 4993 3428 5067 quadam
3478 4999 3535 5047 et

1946 5091 2221 5163 splendida
2247 5088 2617 5161 propositione
2646 5087 2901 5163 cogitatio
2920 5095 3083 5159 atque
3111 5084 3527 5145 administratio.

1945 5184 2195 5240 Fidentia
2225 5194 2326 5249 est,
2358 5199 2456 5255 per
2475 5198 2639 5253 quam
2670 5183 2876 5255 magnis
2901 5190 2955 5237 et
2985 5178 3265 5237 honoratis
3287 5178 3342 5232 in
3372 5176 3532 5231 rebus

1946 5278 2174 5335 multum
2201 5278 2414 5333 animus
2446 5278 2499 5331 in
2530 5290 2589 5332 se
2615 5273 2827 5330 fiducia;
2856 5281 3000 5330 certa
3032 5289 3155 5329 cum
3188 5284 3283 5343 spe
3302 5267 3534 5325 colloca-

1948 5371 2043 5426 vit.
2074 5370 2339 5426 Patientia
2364 5377 2445 5425 est
2462 5367 2760 5423 honestatis
2778 5376 2874 5423 aut
2896 5364 3147 5419 utilitatis
3167 5376 3329 5417 causa
3351 5373 3533 5417 rerum

1945 5463 2237 5519 arduarum
2262 5468 2357 5517 aut
2383 5458 2675 5517 difﬁcilium
2702 5458 3006 5517 voluntaria
3041 5471 3106 5511 ac
3130 5454 3384 5511 diuturna
3409 5465 3532 5522 per-

1944 5557 2147 5631 peSSio.
2187 5552 2587 5611 Perseverantia
2631 5553 2795 5610 estin
2846 5551 3057 5609 ratione
3098 5550 3238 5605 bene
3285 5545 3534 5603 conside-

1948 5659 2065 5708 rata
2104 5648 2313 5705 stabilis
2349 5664 2414 5706 ac
2465 5656 2723 5723 perpetua
2772 5641 3101 5717 permansio.
3145 5638 3272 5694 Haec
3319 5652 3535 5713 quoque

1947 5766 2041 5817 eos
2070 5746 2306 5803 maxime
2346 5744 2549 5801 habere
2577 5739 2852 5807 convenit,
2889 5737 2979 5809 qui
3010 5736 3213 5827 honore
3241 5729 3534 5791 Christiani
