3956 6326
417 313 558 372 1255

1082 306 1148 362 Β.
1193 301 1453 362 MBAN!
1489 299 1713 360 MAURI
1748 297 2071 359 ARCHIEP.
2110 294 2422 357 MOGUNT.
2461 289 2755 353 OPERUM
2787 286 2971 347 PARS
3004 287 3096 346 Ill.

3570 278 3717 340 ιω

415 423 655 486 nominis
688 420 913 495 pollent,
949 425 1012 475 ut
1043 422 1182 475 bene
1212 416 1427 488 incepta
1459 416 1552 488 pio
1581 424 1637 472 et
1665 414 1897 472 discreto
1918 429 2012 470 co-
2035 424 2089 481 Α
2112 419 2296 467 ruunt.
2341 409 2508 479 Quasi
2544 423 2676 481 ergo
2711 413 2899 478 aperte
2932 404 3134 462 feriens
3152 401 3310 458 hasta
3346 408 3433 495 est
3454 398 3631 469 culpa
3654 400 3723 454 de

418 516 635 575 namine
663 513 734 569 ad
758 514 963 579 bonum
988 508 1152 565 ﬂnem
1175 509 1494 579 perducant.
1808 578 1813 589 _

493 608 856 682 Temperantia
883 605 1082 678 quippe
1110 611 1301 675 quarta
1337 602 1545 674 species
1564 600 1784 656 virtutis
1811 607 1895 657 est
1916 615 2010 654 ra-

421 704 693 764 tionabilis
738 702 796 759 in
840 699 1141 766 libidinem,
1189 707 1355 769 atque
1387 696 1442 752 in
1494 695 1628 753 alios
1668 711 1776 752 non
1832 702 2012 751 rectos

422 797 589 854 animi
631 794 787 850 ﬂrma
828 801 884 848 et
916 791 1193 847 moderata
1238 788 1577 845 dominatio:
1631 788 1855 859 ejusque
1883 801 2010 856 par-

422 900 506 947 tes
540 894 666 946 sunt
700 884 1042 949 continentia,
1091 879 1385 946 clementia,
1430 878 1704 934 modestia.
1734 876 2014 934 Continen-

423 983 499 1037 tia
526 981 669 1037 enim
700 986 784 1035 est
809 993 907 1049 per
944 990 1108 1047 quam
1134 973 1312 1030 omnis
1347 971 1489 1028 mala
1530 970 1795 1043 cupiditas
1821 985 2014 1042 magna

424 1072 634 1131 consilii
659 1068 1053 1145 gubernatione
1081 1065 1288 1137 regitur
1318 1072 1375 1122 et
1402 1063 1742 1134 deprimitur.
1778 1059 2017 1117 Clemen-

425 1165 503 1220 tia
531 1172 632 1225 est,
662 1177 762 1234 per
787 1174 951 1232 quam
972 1156 1150 1230 jurgia
1186 1165 1242 1211 et
1262 1154 1384 1211 odia
1414 1153 1533 1210 miti
1567 1153 1750 1208 animo
1773 1152 2014 1208 retinen-

425 1265 533 1313 tur.
586 1255 845 1312 Modestia
878 1259 979 1316 est,
1023 1266 1123 1322 per
1149 1264 1312 1321 quam
1354 1246 1518 1303 totius
1545 1246 1672 1302 vita:
1700 1245 1890 1302 modus
1920 1260 2017 1300 seu

427 1347 596 1403 animi
624 1362 719 1403 seu
757 1346 813 1402 in
849 1342 1094 1414 corporis
1130 1341 1366 1396 motibus
1400 1339 1599 1409 ubique
1627 1337 1842 1393 honesti
1886 1352 2016 1393 cura

426 1446 699 1496 servatur.
738 1436 924 1494 Honor
954 1434 1187 1491 eximius
1214 1441 1298 1488 est
1342 1447 1525 1488 coram
1568 1430 1876 1487 hominibus
1902 1431 2018 1485 haec

429 1530 688 1596 servanti,
717 1537 775 1585 et
800 1527 919 1582 laus
955 1525 1098 1596 apud
1126 1525 1316 1579 Deum.
1360 1521 1702 1593 Quapropter
1738 1520 1881 1575 bono
1903 1528 2019 1575 stu-

429 1621 519 1678 dio
546 1629 603 1678 et
649 1620 740 1691 pio
768 1618 956 1675 labore
999 1614 1413 1679 contendamus,
1466 1621 1525 1668 ut
1569 1613 1685 1668 haec
1722 1612 2017 1668 observan-

428 1725 513 1772 tes
553 1713 711 1786 digne
734 1712 937 1769 Christi
980 1709 1258 1766 servitium
1295 1721 1542 1779 agamus,
1588 1714 1646 1762 et
1666 1708 1922 1772 maxime,
1956 1714 2019 1761 ut

2108 504 2259 571 vitio,
2301 512 2359 559 et
2384 502 2541 575 quasi
2570 517 2637 558 ex
2677 500 2893 557 occulto
2920 498 3214 557 vulnerans
3234 495 3303 551 de
3332 494 3611 565 pharetra
3640 509 3725 547 sa-

2110 598 2246 667 gitta
2283 607 2389 663 est,
2427 594 2587 667 culpa
2634 592 2926 650 devirtute
2980 588 3090 646 Sed
3121 594 3438 645 sanctorum
3488 582 3727 654 provida

2111 689 2363 747 discretio
2399 687 2527 744 dum
2564 684 2795 743 sollicite
2831 683 3257 753 circumquaque
3306 677 3620 747 conspicit.
3674 675 3728 729 iu

2112 782 2281 839 altum
2314 781 2491 854 posita
2543 780 2864 853 priusquam
2904 775 3090 832 veniat
3127 772 3281 844 culpa
3328 769 3731 842 deprehenﬁt,

2112 890 2342 947 eamque
2373 889 2481 945 quo
2500 872 2789 945 vigilanter
2815 874 3098 939 praenatat,
3125 880 3190 920 eo
3215 861 3437 918 fortiter
3459 858 3717 917 declinat

2111 965 2295 1023 Primo
2352 967 2501 1023 enim
2543 963 2753 1020 militia:
2796 959 3002 1016 Christi
3045 954 3445 1029 providendum
3503 960 3621 1017 est,
3669 965 3737 1005 ne

2112 1059 2255 1115 mala
2300 1056 2552 1128 quaelibet
2583 1062 2747 1123 agat:
2776 1051 3014 1108 secundo
3042 1063 3174 1104 vero
3216 1046 3338 1102 loco
3383 1043 3737 1107 consideret,

2112 1167 2185 1207 ne
2216 1152 2361 1208 bona
2389 1149 2603 1204 incaute
2647 1145 2832 1212 faciat,
2859 1152 2914 1199 et
2940 1152 3226 1214 postquam
3261 1155 3437 1211 prava
3473 1137 3741 1207 subiece-

2116 1244 2228 1310 rit,
2269 1242 2388 1313 ipsa
2433 1239 2598 1296 etiam
2644 1237 2745 1293 sibi
2794 1234 3060 1305 subjicere
3098 1241 3250 1289 recta
3282 1229 3645 1288 contendat:
3677 1245 3743 1285 ue

2115 1333 2162 1389 si
2208 1331 2408 1388 mentis
2461 1328 2759 1386 dominium
2800 1334 3110 1393 transeunt,
3152 1325 3209 1380 in
3249 1322 3525 1380 elationis
3580 1322 3743 1393 culpa

2115 1433 2421 1483 vertantur.
2438 1422 2574 1491 Quia
2596 1422 2761 1489 enim,
2792 1421 2932 1477 sicut
2959 1420 3208 1491 superius
3233 1418 3451 1474 dictum
3484 1425 3607 1481 est,
3632 1417 3745 1487 ple-

2117 1534 2349 1590 rumque
2367 1534 2436 1574 ex
2464 1516 2621 1573 bonis
2640 1531 2739 1588 per
2764 1513 2987 1570 incuriae
3009 1514 3201 1569 vitium
3226 1511 3379 1568 mala
3404 1520 3740 1575 nascuntur,

2117 1611 2362 1684 vigilanti
2409 1609 2588 1667 studio
2618 1606 3037 1677 contemplatur,
3067 1605 3345 1676 quomodo
3371 1619 3447 1660 ex
3478 1604 3741 1660 doctrina

2119 1704 2454 1775 arrogantia,
2491 1718 2558 1757 ex
2576 1698 2791 1770 justitia
2831 1698 3148 1763 crudelitas,
3189 1713 3258 1753 ex
3289 1697 3515 1766 pietate
3550 1698 3744 1751 remis-

429 1804 486 1861 in
507 1805 594 1860 via
614 1802 907 1875 justitiaeet
929 1800 1176 1857 veritatis
1204 1797 1575 1854 ambulemus:
1608 1797 1736 1868 quia
1757 1798 2020 1869 scriptum
2048 1801 2096 1862 Β
2123 1798 2225 1863 sio,
2278 1811 2343 1851 ex
2390 1794 2508 1851 zelo
2549 1794 2654 1861 ira,
2686 1810 2753 1849 ex
2801 1793 3215 1849 mansuetudine
3263 1800 3467 1863 torpor
3507 1804 3739 1847 onatur.

430 1902 550 1952 est:
586 1913 606 1947 ι
640 1892 826 1950 Justus
867 1891 1128 1947 Dominus
1177 1897 1233 1946 et
1253 1887 1523 1958 justitiam
1553 1887 1765 1953 dilexit,
1795 1888 2020 1958 asquita-

430 1995 540 2045 tem
568 1987 700 2043 vidit
722 1984 901 2041 vultus
930 1985 1046 2055 ejus
1072 1980 1226 2056 (Psa.
1254 1998 1309 2048 ιι,
1336 1981 1416 2054 7).
1452 2000 1471 2034 ι
1503 1980 1571 2036 Et
1595 1978 1721 2035 alibi
1749 1997 1763 2033 :
1801 1998 1819 2032 ι
1854 1978 2022 2036 Justi-

430 2081 506 2137 tia
537 2079 784 2136 liberavit
812 2094 842 2133 a
868 2085 1045 2133 morte
1083 2074 1265 2147 (Prov.
1292 2090 1346 2139 x,
1369 2072 1447 2146 2).
1488 2092 1508 2126 ι
1541 2072 1608 2127 Ει
1635 2072 1765 2129 item
1793 2089 1807 2127 :
1847 2090 1866 2123 ι
1919 2072 2021 2140 Qui

430 2172 676 2244 sequitur
705 2169 973 2241 justitiam
1001 2175 1054 2223 et
1095 2167 1407 2232 veritatem,
1446 2165 1685 2222 inveniet
1733 2164 1920 2231 vitam,
1967 2171 2026 2220 et

424 2264 713 2336 justitiam,
739 2272 795 2320 et
816 2264 1063 2336 gloriam.
1099 2280 1119 2314 ι
1149 2260 1425 2316 Habemus
1451 2275 1582 2330 ergo
1608 2261 1678 2315 ad
1701 2260 1806 2315 hoc
1826 2259 2022 2315 fortem

431 2355 755 2426 adjutorem,
785 2361 839 2409 et
862 2352 1009 2423 pium
1054 2359 1442 2421 protectorem,
1488 2348 1839 2405 Mediatorem
1876 2350 2025 2406 vide-

430 2445 560 2501 licet
602 2444 696 2500 Dei
722 2451 778 2498 et
808 2442 1110 2507 hominum,
1152 2441 1218 2496 de
1251 2456 1360 2511 quo
1389 2440 1655 2510 scriptum
1702 2449 1788 2497 est
1816 2458 1830 2495 :
1865 2459 1885 2492 (
1918 2442 2026 2496 Ve-

432 2537 569 2593 ritas
609 2535 676 2591 de
704 2542 851 2589 terra
881 2541 1002 2589 orta
1029 2538 1133 2597 est,
1173 2539 1228 2584 et
1245 2529 1458 2600 justitia
1487 2530 1554 2587 de
1578 2531 1719 2587 cmlo
1747 2532 2026 2602 prospexit

431 2627 552 2703 (Ps.
574 2642 794 2693 Lxxnv,
823 2624 934 2698 12).
987 2642 1009 2678 ι
1053 2623 1395 2695 Quapropter
1427 2623 1483 2678 in
1518 2622 1666 2679 nullo
1695 2622 2021 2690 diﬂidamus,

431 2719 570 2777 nihil
617 2721 987 2790 desperemus,
1034 2716 1129 2772 sed
1156 2715 1210 2770 in
1252 2715 1403 2771 illum
1439 2723 1605 2771 totam
1656 2731 1808 2788 spem
1833 2716 2025 2773 salutis

431 2826 632 2874 nostrae
688 2830 973 2886 ponamus,
1013 2814 1142 2884 quia
1188 2814 1255 2869 de
1288 2828 1356 2869 eo
1403 2812 1663 2883 scriptum
1704 2819 1822 2867 est:
1855 2829 1874 2863 ι
1908 2809 2027 2866 Νοιι

433 2908 768 2979 derelinquet
794 2923 985 2964 omnes
1004 2906 1098 2977 qui
1125 2913 1347 2977 sperant
1375 2905 1431 2961 in
1460 2920 1521 2961 se
1545 2902 1664 2976 (Ps.
1689 2920 1884 2969 χχχιιι,
1906 2903 2023 2976 25).

432 3000 502 3059 Ει
544 3000 916 3057 misericordia
941 2999 1059 3069 ejus
1092 3014 1124 3053 a
1150 2997 1411 3070 progenie
1435 2997 1492 3053 in
1520 2995 1805 3069 progenies
1834 2994 2027 3050 timen-

433 3095 579 3152 tibus
598 3110 742 3151 eum.
778 3114 799 3147 ι
832 3092 929 3149 llis
951 3108 1080 3149 vero
1107 3092 1182 3147 ita
1206 3090 1479 3148 veraciter
1504 3089 1885 3155 existentibus,
1909 3086 2025 3157 jam

2123 1888 2368 1959 Cumque
2406 1889 2545 1944 bona
2573 1888 2690 1943 haec
2718 1886 2878 1959 agit?
2918 1886 3063 1957 quod
3087 1895 3282 1942 contra
3320 1901 3393 1942 se
3420 1884 3631 1940 hostes
3654 1900 3745 1955 per

2123 1982 2267 2045 hanc
2295 1995 2591 2050 exsurgere
2616 1979 2833 2035 valeant
2861 1978 3143 2051 conspicit.
3175 1976 3314 2034 Nam
3362 1992 3503 2033 cum
3546 1976 3744 2046 adipis-

2124 2072 2310 2155 cendis
2333 2072 2595 2129 doctrinae
2625 2071 2820 2128 studiis
2844 2071 3107 2137 elaborat,
3147 2078 3395 2125 mentem
3445 2067 3741 2123 sollicitam

2124 2172 2315 2219 contra
2349 2172 2627 2219 certamen
2672 2161 2997 2233 arrogantia:
3027 2168 3322 2233 praeparat.
3368 2158 3528 2219 Cum
3558 2158 3742 2230 culpas

2126 2256 2556 2327 delinquentium
2600 2255 2750 2327 juste
2787 2254 2973 2310 ulcisci
3019 2253 3335 2311 desiderat:
3370 2255 3742 2325 sagacissime

2124 2349 2293 2406 evitat
2336 2363 2407 2405 ne
2434 2347 2654 2405 modum
2682 2346 2908 2417 justitia:
2938 2346 3227 2404 crudelitas
3258 2347 3536 2404 vindictae
3570 2359 3743 2403 trans-

2125 2422 2339 2497 cendat.
2362 2439 2496 2496 Cum
2528 2440 2731 2510 pietate
2754 2437 2972 2496 frenare
3003 2456 3063 2496 se
3096 2440 3310 2505 nititur,
3344 2440 3608 2497 solerter
3624 2458 3740 2512 pro-

2124 2537 2319 2607 spiciat
2354 2549 2423 2591 ne
2450 2550 2558 2606 qua
2584 2533 2881 2605 disciplinae
2905 2533 3259 2590 dissolutione
3286 2533 3584 2590 vincatur.
3610 2532 3739 2590 Cura

2126 2626 2262 2682 recti
2310 2625 2411 2681 zeli
2472 2625 2721 2682 stimulos
2765 2626 2988 2692 excitat,
3049 2641 3406 2697 summopere
3465 2629 3737 2699 providet,

2125 2732 2195 2774 ne
2222 2716 2510 2789 plusquam
2552 2732 2778 2774 necesse
2812 2726 2898 2774 est
2937 2719 3032 2773 ira:
3060 2734 3120 2774 se
3144 2718 3368 2774 ﬂamma
3410 2722 3735 2777 succendat.

2126 2810 2262 2866 Cum
2286 2825 2485 2883 magna
2524 2811 2954 2869 mansuetudinis
3000 2812 3405 2883 tranquillitate
3431 2830 3497 2872 se
3526 2824 3735 2888 tempe-

2126 2915 2244 2974 rat,
2266 2906 2579 2977 vigilantem
2602 2909 2875 2973 observat,
2905 2922 2973 2963 ne
3003 2914 3223 2977 torpore
3249 2906 3546 2982 frigescat.
3590 2908 3730 2977 Quia

2127 3013 2260 3071 ergo
2273 2997 2571 3070 spiritualis
2585 2997 2773 3054 militis
2799 2998 3122 3071 cogitatione
3140 3015 3305 3056 omne
3326 3002 3532 3057 vitium
3554 3002 3732 3073 prius-

2128 3108 2289 3163 quam
2318 3092 2593 3163 surripere
2623 3091 2796 3162 possit
2822 3091 3099 3163 asplcitur,
3126 3107 3275 3150 recte
3321 3094 3397 3151 de
3442 3095 3645 3153 eodem
3680 3098 3732 3152 iu

434 3204 579 3245 nunc
610 3188 676 3244 de
714 3185 904 3242 fraude
942 3184 1151 3256 antiqui
1190 3183 1365 3241 hostis
1408 3190 1465 3239 et
1504 3181 1810 3238 necessaria
1844 3188 2026 3235 vestra
2052 3164 2098 3227 (ἶ
2130 3185 2380 3242 libroJob
2401 3185 2633 3242 dicitur:
2664 3204 2684 3238 ι
2712 3185 2908 3242 Procul
2927 3186 3119 3243 odorat
3142 3187 3345 3243 bellum
3368 3188 3733 3261 (lob.xxxlx,

434 3279 644 3337 cautela
675 3286 863 3333 contra
897 3275 1121 3331 insidias
1154 3275 1272 3346 ejus
1296 3274 1583 3330 dicendum
1626 3290 1748 3331 esse
1794 3272 2026 3328 arbitra-

434 3386 577 3428 mur.
599 3370 825 3440 Oportet
839 3376 1020 3422 autem
1048 3380 1486 3436 unumquemque
1510 3365 1605 3437 qui
1632 3367 1685 3421 in
1714 3364 2025 3422 Christiana

436 3460 624 3516 militia
658 3459 985 3515 constitutus
1015 3465 1119 3523 est,
1171 3466 1229 3511 ut
1256 3465 1414 3513 caute
1442 3465 1629 3511 contra
1667 3457 1877 3528 antiqui
1923 3457 2023 3512 ho-

436 3552 537 3608 stis
582 3550 880 3621 nequitiam
927 3550 1193 3604 instanter
1231 3547 1474 3619 vigilent,
1524 3564 1593 3603 ne
1642 3547 1779 3603 forte
1826 3548 2026 3604 dolosis

437 3642 746 3698 ﬁctionibus
775 3641 893 3712 ejus
939 3641 1250 3708 reducatur,
1289 3639 1416 3711 quia
1439 3639 1612 3695 hostis
1639 3639 1865 3696 callidus
1896 3654 2026 3696 con-

435 3744 522 3792 tra
551 3734 825 3792 caelestem
858 3733 1082 3789 militem
1109 3733 1322 3789 diversa
1361 3733 1770 3805 percussionum
1802 3732 2025 3788 vulnera

436 3827 752 3898 exquirens,
769 3826 929 3882 modo
942 3840 1009 3881 ex
1028 3825 1283 3896 pharetra
1308 3840 1406 3896 per
1428 3825 1652 3881 insidias
1677 3840 1800 3880 eum
1828 3825 2024 3897 sagitta

435 3920 708 3986 vulnerat,
757 3918 919 3976 modo
968 3927 1095 3974 ante
1145 3916 1265 3988 ejus
1312 3918 1511 3975 fa‘ciem
1545 3920 1755 3974 hastam
1805 3916 2021 3973 vibrat:

438 4013 565 4083 quia
591 4009 844 4067 videlicet
873 4009 1025 4075 vitia,
1056 4015 1114 4064 et
1138 4009 1244 4065 alia
1269 4011 1371 4067 sub
1395 4010 1656 4066 virtutum
1685 4010 1865 4081 specie
1888 4025 2023 4066 con-

439 4103 592 4174 tegit,
638 4112 693 4158 et
736 4102 841 4157 alia
884 4109 949 4156 ut
994 4108 1121 4157 sunt
1164 4109 1353 4173 aperta
1405 4100 1523 4173 ejus
1568 4100 1740 4157 oculis
1778 4100 2020 4173 opponit.

440 4193 543 4251 Ubi
563 4194 706 4250 enim
734 4192 999 4248 inﬁrmari
1037 4191 1131 4248 Dei
1169 4192 1399 4249 militem
1424 4193 1711 4265 conspicit,
1742 4193 1851 4249 illic
1874 4192 2025 4249 frau-

440 4286 522 4342 dis
559 4283 823 4339 velamina
848 4298 957 4339 non
981 4283 1224 4353 requirit.
1271 4282 1373 4339 Ubi
1416 4293 1599 4341 autem
1634 4285 1893 4361 resistere
1919 4286 2023 4342 sibi

441 4376 635 4433 fortem
681 4374 1008 4441 considerat,
1055 4373 1165 4431 illic
1215 4382 1405 4430 contra
1447 4375 1591 4433 vires
1641 4377 1826 4447 procul
1861 4377 2024 4434 dubio

441 4467 592 4524 dolos
632 4476 807 4538 parat.
844 4464 980 4521 Nam
1019 4480 1144 4520 cum
1173 4464 1446 4521 inﬁrmum
1487 4469 1792 4538 quempiam
1821 4468 1876 4523 in
1904 4485 2024 4525 car-

439 4561 527 4617 nis
556 4558 805 4615 illecebra
826 4558 994 4624 videt,
1018 4567 1204 4630 aperte
1228 4559 1464 4629 speciem
1490 4561 1733 4632 corporis
1752 4577 1873 4633 qua:
1895 4578 2024 4618 con-

441 4652 644 4722 cupisci
687 4651 865 4706 valeat
901 4648 1018 4719 eius
1045 4649 1317 4706 obtutibus
1360 4648 1564 4719 objicit.
1599 4650 1658 4706 Si
1693 4662 1874 4707 autem
1915 4653 2026 4710 for-

442 4751 589 4800 tasse
634 4743 868 4800 validum
909 4752 1099 4800 contra
1151 4742 1436 4798 avaritiam
1477 4743 1672 4811 cernit,
1717 4745 2024 4816 importune

442 4832 562 4904 ejus
607 4835 1022 4908 cogitationibus
1062 4834 1486 4890 domesticorum
1526 4849 1747 4889 suorum
1786 4836 2022 4906 inopiam

441 4929 698 5002 suggerit,
734 4937 796 4986 ut
831 4929 959 4986 dum
998 4943 1151 4984 mens
1186 4928 1254 4984 ad
1283 4927 1609 5000 provisionis
1636 4942 1821 4984 curam
1866 4932 2024 5001 quasi

441 5020 531 5094 pie
556 5021 813 5087 ﬂectitur,
834 5020 1057 5076 seducta
1083 5017 1272 5074 furtim
1306 5019 1361 5074 in
1392 5034 1575 5076 rerum
1608 5018 1814 5076 ambitu
1839 5020 2025 5092 inique

443 5112 706 5182 rapiatur.
750 5110 905 5181 Saepe
944 5110 1090 5166 enim
1127 5109 1483 5166 teutationem
1520 5111 1771 5182 proponit
1805 5111 1873 5166 (le
1904 5111 2027 5169 libi-

443 5205 600 5272 dine,
642 5213 698 5261 et
746 5204 922 5260 subito
968 5202 1361 5259 fraudulentius
1415 5219 1674 5271 cessans,
1735 5204 2027 5263 elationem

443 5295 683 5368 suggerit
710 5295 777 5351 de
804 5303 1016 5351 servata
1043 5294 1314 5349 castitate.
1347 5293 1415 5349 Et
1457 5302 1584 5349 sunt
1622 5294 1892 5362 nonnulli,
1930 5297 2024 5366 qui

445 5392 571 5448 dum
618 5392 819 5448 multos
860 5406 930 5447 ex
968 5392 1233 5448 castitatis
1263 5407 1390 5447 arce
1434 5392 1489 5447 in
1519 5392 1771 5450 elationis
1811 5394 2022 5451 foveam

444 5482 704 5540 cecidisse
726 5481 1082 5557 conspiciunt,
1130 5480 1254 5537 vitae
1287 5497 1398 5538 sua:
1421 5484 1725 5540 custodiam
1754 5485 2026 5559 negligen-

445 5582 529 5633 tes
548 5576 604 5632 in
625 5577 1022 5633 immunditiam
1048 5574 1288 5632 libidinis
1312 5577 1716 5649 demerguntur.
1747 5578 2026 5635 Suntvero

448 5678 482 5721 e
520 5667 737 5725 diverso
772 5667 1036 5736 nonnulli,
1064 5667 1157 5738 qui
1197 5668 1326 5722 dum
1362 5667 1602 5724 libidinis
1630 5669 2025 5727 immunditiam

452 5753 662 5826 fugiunt
679 5775 776 5830 per
802 5760 1070 5819 castitatis
1094 5760 1308 5817 culmen
1350 5759 1406 5816 in
1434 5760 1748 5831 voraginem
1778 5764 2028 5823 elationis

2126 3276 2240 3349 25).
2274 3296 2292 3327 ι
2324 3275 2613 3332 lnduamus
2656 3292 2757 3332 nos
2782 3276 3076 3333 secundum
3101 3277 3426 3349 Apostolum
3458 3280 3641 3337 loria
3660 3284 3736 3354 ju-

2128 3368 2291 3423 stitia:
2323 3376 2378 3423 et
2403 3368 2556 3439 galea
2597 3368 2787 3424 salutis
2815 3410 2830 3435 ,
2884 3369 3149 3424 habentes
3196 3380 3411 3427 scutum
3462 3372 3627 3439 ﬁdei,
3684 3376 3734 3429 in

2128 3475 2236 3531 quo
2257 3459 2531 3530 possimus
2555 3461 2737 3515 omnia
2759 3460 2867 3514 tela
2894 3460 3212 3530 nequissimi
3232 3461 3391 3534 ignea
3414 3465 3736 3535 exstingue-

2128 3568 2225 3607 re:
2278 3560 2335 3606 et
2387 3550 2626 3623 gladium
2667 3552 2937 3624 spiritum,
2988 3551 3133 3623 quod
3181 3561 3265 3608 est
3315 3555 3555 3610 verbum
3618 3553 3729 3611 Dei.

2124 3646 2512 3702 Contineanms
2548 3661 2647 3702 nos
2689 3661 2720 3700 a
2748 3645 2931 3716 pravis
2973 3646 3302 3713 actionibus,
3351 3650 3731 3705 custodiamus

2126 3756 2189 3797 os
2230 3748 2477 3795 nostrum
2516 3755 2547 3794 a
2576 3739 2755 3795 noxiis
2799 3747 2854 3795 et
2892 3739 3081 3796 otiosis
3125 3741 3510 3810 sermonibus,
3558 3753 3617 3799 et
3657 3745 3731 3799 sic

2127 3847 2415 3888 caveamus
2444 3847 2516 3888 ne
2544 3831 2802 3888 laedamur
2828 3849 2858 3887 a
2886 3832 3043 3888 malis
3066 3832 3528 3904 cogitationibus,
3558 3853 3629 3892 ne
3658 3838 3731 3891 vi-

2126 3928 2354 3981 ctoriam
2380 3941 2544 3995 quam
2570 3925 2959 3996 acquisivimus
2980 3941 3076 3997 per
3105 3927 3507 3995 constantiam,
3539 3930 3729 4000 perda-

2126 4030 2247 4070 mus
2273 4030 2369 4087 per
2394 4014 2646 4070 elationis
2669 4014 2996 4071 vecordiam.

2198 4104 2525 4162 Studeamus
2555 4122 2770 4177 quoque
2808 4116 2865 4162 ut
2897 4107 2950 4163 in
2983 4109 3236 4166 omnibus
3289 4110 3731 4167 adversitatibus

2126 4216 2247 4271 qua:
2271 4198 2429 4256 nobis
2456 4200 2751 4256 adveniunt
2797 4201 3115 4271 patientiam
3147 4218 3436 4262 servemus
3465 4225 3482 4261 :
3514 4209 3645 4279 quia
3678 4211 3731 4264 in

2126 4293 2270 4349 nulla
2299 4293 2405 4349 alia
2442 4308 2501 4348 re
2527 4293 2721 4349 melius
2750 4293 2925 4350 hostis
2967 4302 3152 4351 noster
3175 4296 3435 4363 vincitur,
3466 4301 3567 4371 qui
3594 4316 3729 4370 quo-

2129 4384 2260 4441 tidie
2282 4384 2552 4454 quomodo
2583 4400 2681 4440 nos
2706 4385 2901 4456 perdat
2927 4386 3285 4459 machinatur.
3319 4388 3413 4445 Ait
3444 4392 3602 4446 enim
3636 4392 3733 4449 Do-

2129 4478 2307 4533 minus
2328 4485 2514 4533 noster
2544 4495 2557 4530 :
2598 4494 2618 4528 ι
2644 4475 2701 4532 lu
2728 4478 2986 4549 patientia
3014 4488 3193 4535 vestra
3223 4482 3589 4551 possidebitis
3610 4488 3729 4541 ani-

2127 4584 2247 4625 mas
2291 4578 2504 4626 vestras
2551 4568 2704 4643 (Luc.
2759 4587 2877 4638 xxi,
2922 4571 3033 4644 t9).
3080 4593 3101 4628 ›
3160 4572 3431 4630 Patientia
3482 4593 3623 4635 vero
3650 4590 3733 4635 est

2126 4660 2301 4716 aliena
2331 4660 2473 4716 mala
2502 4662 2880 4731 (equanimiter
2902 4665 3110 4735 perpeti
3136 4681 3153 4720 :
3195 4676 3386 4723 contra
3408 4674 3729 4741 proximum

2126 4768 2341 4824 quoque
2397 4753 2491 4824 qui
2555 4753 2698 4809 mala
2749 4755 2957 4828 irrogat
3014 4757 3163 4813 nullo
3211 4758 3403 4817 dolore
3457 4766 3727 4821 morderi.

2128 4842 2418 4899 Sciendum
2460 4851 2640 4900 tamen
2697 4854 2782 4901 est
2825 4846 2970 4917 quod
3016 4847 3191 4906 tribus
3231 4852 3413 4907 modis
3456 4856 3729 4924 patientia

2126 4937 2370 4993 exerceri
2415 4938 2573 4993 solet.
2606 4936 2724 4994 Alia
2752 4955 2988 5010 namque
3013 4951 3155 5007 sunt,
3203 4959 3322 5014 qua:
3347 4961 3382 5001 a
3426 4947 3575 5015 Deo,
3621 4951 3729 5007 alia

2127 5043 2248 5099 qua:
2284 5027 2353 5083 ab
2377 5028 2600 5099 antiquo
2625 5029 2954 5095 adversario,
2999 5032 3102 5088 alia
3129 5049 3249 5104 qua":
3269 5051 3302 5091 a
3323 5038 3591 5107 proximo
3612 5057 3729 5098 sus-

2126 5119 2380 5177 tinemus.
2443 5118 2491 5174 A
2560 5120 2808 5190 proximo
2863 5136 3099 5194 namque
3168 5127 3585 5196 persecutiones
3608 5175 3623 5197 ,
3672 5142 3727 5188 et

2125 5212 2348 5277 damna,
2375 5219 2431 5268 et
2470 5210 2863 5279 contumelias;
2917 5214 2986 5270 ab
3028 5215 3250 5286 antiquo
3278 5217 3431 5273 enim
3462 5220 3726 5278 adrem-

2126 5303 2209 5359 rio
2236 5311 2590 5369 tentamenta,
2621 5319 2653 5358 a
2682 5302 2794 5360 Deo
2818 5312 2998 5361 autem
3026 5304 3234 5380 ﬂagella
3262 5308 3581 5370 toleramus.
3619 5308 3725 5365 Sed

2126 5395 2184 5451 in
2203 5394 2455 5452 omnibus
2487 5396 2660 5453 tribus
2684 5395 2771 5452 his
2800 5398 2973 5454 modis
2997 5399 3236 5471 vigilanti
3283 5404 3447 5459 oculo
3498 5401 3731 5456 semcti-

2125 5488 2302 5559 ipsam
2340 5489 2502 5546 debet
2530 5505 2684 5546 mens
2711 5489 3167 5562 circumspicere:
3220 5509 3289 5548 ne
3328 5503 3527 5551 contra
3578 5500 3723 5552 mata

2125 5582 2357 5652 proximi
2384 5582 2734 5652 pertrabatur
2756 5583 2823 5637 ad
2854 5584 3265 5642 retributionem
3294 5586 3450 5653 mali,
3495 5601 3571 5641 ne
3592 5602 3723 5643 con-

2129 5681 2213 5730 tra
2244 5684 2579 5732 tentamenta
2623 5676 2920 5735 adversarii
2958 5675 3249 5733 seducatur
3289 5678 3357 5732 ad
3392 5678 3687 5734 delectatio

2129 5768 2257 5823 hem
2284 5765 2371 5823 vel
2395 5781 2718 5825 consensum
2745 5766 2964 5833 delicti;
3010 5780 3081 5825 ne
3123 5778 3312 5826 contra
3358 5767 3573 5825 ﬂagella
3599 5770 3717 5829 oni.
