3956 6326
105 386 252 446 1357

996 378 1088 434 DE
1120 375 1653 436 ECCLESIASTICA
1691 373 2094 432 DlSClPLlNA.
2135 406 2206 419 —
2242 377 2371 435 LIB.
2411 377 2500 433 ιιι.

3243 381 3380 438 1258

103 504 230 562 ﬁcis
251 501 323 559 ad
343 514 628 559 excessum
668 505 896 572 proruat
927 497 1396 556 murmurationis.
1447 495 1696 554 Perfecte
1719 502 1777 564 Α
1799 495 2005 552 scelera
2045 513 2175 564 sua,
2228 515 2334 556 non
2385 499 2644 570 dirigetur
2665 515 2679 528 '
2728 499 2822 567 qui
2868 509 3048 558 autem
3104 502 3386 560 confessus

105 599 254 655 enim
280 595 623 652 adversarius
647 593 882 650 vincitur
901 632 918 659 ,
970 593 1187 663 quando
1219 607 1376 648 mens
1421 597 1609 646 nostra
1640 597 1698 646 et

107 690 250 745 inter
270 694 605 743 tentamenta
630 683 749 755 eius
777 699 808 738 a
836 683 1194 740 delectatione
1219 690 1381 753 atque
1406 695 1693 748 consensu,

107 790 168 837 et
213 780 354 836 inter
405 775 761 835 contumelias
799 774 1036 848 proximi
1079 773 1381 829 custoditur
1422 771 1491 828 ab
1530 771 1655 828 odio
1678 809 1695 838 ,

108 879 170 929 et
201 873 344 928 inter
367 868 575 941 ﬂagella
600 867 696 923 Dei
721 867 1088 938 compescitur
1115 881 1148 921 a
1173 864 1624 931 murmuratione.

479 985 559 1042 De
582 985 907 1056 confessione
934 993 983 1040 et
1005 984 1330 1056 pauitantia.

183 1098 290 1156 Sed
313 1106 495 1155 tamen
521 1096 682 1152 militi
711 1094 946 1162 Christi,
986 1095 1033 1152 si
1063 1094 1245 1164 aliquo
1265 1093 1426 1151 modo
1450 1109 1484 1150 a
1511 1092 1700 1150 doloso

109 1189 332 1246 inimico
361 1187 659 1253 seducitur,
707 1185 794 1242 vel
825 1185 1007 1241 carnis
1031 1181 1324 1256 fragilitate
1366 1191 1654 1255 superatur
1680 1223 1696 1252 ,

111 1295 222 1337 non
244 1288 330 1338 est
356 1261 773 1350 desperandum,
803 1277 899 1333 sed
942 1276 1116 1348 magis
1147 1276 1470 1332 studendum
1495 1283 1557 1331 ut
1600 1291 1701 1347 per

110 1385 296 1427 veram
325 1367 720 1426 confessionem
769 1367 1203 1438 condignamque
1241 1367 1616 1438 paenitentiam
1645 1375 1703 1424 et

110 1460 584 1532 compunctionem
627 1460 994 1532 lacrymarum
1038 1459 1389 1530 semetipsum
1418 1466 1704 1531 recuperet

107 1555 430 1624 veniamque
459 1552 776 1608 delictorum
817 1568 848 1606 a
899 1551 1250 1608 misericorde
1291 1548 1479 1620 iudice
1523 1549 1698 1620 impe-

109 1654 240 1712 tret,
269 1659 470 1717 perque
503 1645 771 1700 bonorum
798 1651 1017 1700 actuum
1060 1650 1342 1698 strenuum
1378 1641 1701 1699 exercitium

111 1735 182 1792 ad
206 1733 402 1806 prioris
427 1733 552 1789 vitae
571 1740 796 1800 statum,
831 1742 886 1789 et
905 1733 973 1788 ad
1001 1731 1286 1804 praemium
1309 1731 1593 1804 promissa:
1613 1746 1701 1790 re-

110 1825 424 1884 tributionis
449 1825 737 1898 pervenire
761 1832 1056 1882 mereatur.

640 1938 721 1997 De
755 1936 1169 2010 commutatione.

181 2051 535 2124 Compunctio
588 2051 754 2126 igitur
803 2051 985 2108 cordis
1023 2065 1092 2107 ex
1137 2049 1461 2108 humilitatis
1501 2051 1706 2108 virtute

110 2145 373 2204 nascitur.
423 2145 500 2200 De
545 2144 962 2214 compunctione
1006 2141 1279 2201 confessio
1329 2150 1702 2216 peccatorum,

110 2238 182 2294 de
212 2233 554 2293 confessione
593 2233 936 2305 paenitentia,
963 2233 1033 2290 de
1058 2233 1381 2305 paenitentia
1413 2245 1545 2290 vero
1572 2249 1704 2305 pro-

109 2329 293 2384 veniet
339 2325 661 2382 delictorum
703 2323 1057 2395 indulgentia.
1123 2323 1482 2395 Compunctio
1524 2325 1706 2381 cordis

110 2427 196 2476 est
224 2415 499 2474 humilitas
550 2416 750 2472 mentis
774 2431 898 2472 cum
938 2414 1197 2487 lacrymis
1228 2425 1286 2472 et
1327 2417 1706 2474 recordatione

107 2520 481 2584 peccatorum,
535 2517 591 2566 et
634 2508 832 2564 timore
873 2507 1084 2578 iudicii.
1140 2507 1221 2563 Ex
1273 2508 1508 2581 genuino
1557 2507 1707 2566 fonte

109 2602 550 2676 compunctionis
605 2601 783 2659 solent
844 2599 1112 2672 proﬂuere
1162 2599 1447 2672 lacrymat,
1493 2600 1550 2657 id
1600 2609 1702 2667 est,

110 2697 242 2752 dum
271 2709 425 2749 mens
449 2707 671 2764 operum
702 2706 926 2748 suorum
951 2690 1262 2763 diligentius
1289 2689 1431 2746 mala
1459 2690 1707 2747 conside-

109 2797 224 2852 rat,
253 2793 344 2840 aut
369 2785 498 2840 dum
527 2782 797 2840 desiderio
836 2791 1054 2838 eterna:
1083 2781 1209 2837 vitae
1238 2781 1497 2852 suspirat.
1553 2780 1708 2837 Unde

109 2889 168 2937 et
196 2879 466 2950 Propheta
489 2876 592 2932 ait:
618 2896 636 2928 ι
664 2875 848 2932 Sitivit
867 2875 1048 2930 anima
1073 2889 1196 2930 mea
1216 2875 1283 2930 ad
1309 2874 1705 2944 Deumyivum,

109 2971 334 3044 quando
349 2969 589 3036 veniam,
605 2976 662 3024 et
675 2967 947 3040 apparebo
967 2973 1094 3021 ante
1109 2964 1305 3022 faciem
1317 2966 1413 3022 Dei
1429 2967 1452 3019 ?
1465 2964 1709 3021 Fuerunt

108 3063 252 3120 mihi
286 3063 540 3133 lacryma:
587 3074 722 3117 mea:
753 3073 922 3129 panes
964 3058 1052 3113 die
1091 3072 1158 3114 ac
1181 3065 1342 3113 nocte
1385 3055 1559 3128 (Paul.
1592 3072 1704 3123 xu,

107 3157 193 3226 3).
235 3174 254 3208 ι
309 3154 558 3223 Quatuor
577 3153 707 3208 item
734 3159 860 3207 sunt
886 3149 1172 3221 qualitates
1195 3147 1559 3215 aﬂ'ectionum,
1591 3148 1709 3218 qui-

1798 586 1982 653 fuerit,
2030 596 2087 643 ct
2114 588 2395 660 reliquerit
2421 605 2508 655 ea,
2563 590 2991 646 misericordiam
3021 604 3388 665 consequetur

1799 675 1982 749 (Prov.
2021 694 2215 745 xxvnt,
2267 679 2377 751 15).
2415 699 2434 733 ›
2488 679 2738 750 Magnum
2787 691 2871 736 est
2917 680 3104 738 salutis
3151 685 3387 740 medica-

1797 777 2043 824 mentum
2068 785 2177 826 uon
2204 770 2406 826 iterare
2432 785 2553 841 qua:
2583 771 2747 843 impie
2775 772 3063 844 gessimus,
3099 789 3201 830 nec
3233 777 3386 847 prio-

1797 873 1913 915 rem
1963 859 2276 916 cicatricem
2331 859 2618 917 vulnerum
2667 863 2995 919 resauciare.
3057 863 3211 921 Unde
3241 865 3388 939 ,dicit

1795 950 2033 1008 Joannes
2065 951 2432 1024 evangelista:
2481 972 2501 1005 ι
2535 951 2593 1009 Si
2640 954 2994 1010 confiteamur
3023 964 3247 1026 peccata
3287 972 3387 1012 no-

1798 1048 1938 1107 stra,
1961 1038 2134 1096 ﬁdelis
2161 1049 2246 1097 est
2270 1041 2413 1098 Deus
2441 1051 2498 1098 et
2517 1041 2697 1113 iustus
2721 1051 2780 1098 ut
2810 1044 3052 1099 remittat
3079 1044 3236 1102 nobis
3257 1061 3386 1118 pec-

1798 1139 1944 1199 cata,
1972 1140 2027 1188 et
2056 1133 2279 1189 mundet
2304 1148 2403 1190 nos
2441 1135 2511 1190 ab
2543 1135 2688 1190 omni
2733 1135 3019 1208 iniquitate
3059 1136 3114 1209 (l
3146 1137 3307 1194 Joan.
3343 1155 3389 1210 ι,

1798 1222 1876 1295 9).
1913 1243 1935 1278 ι
1968 1221 2232 1280 Similiter
2277 1231 2334 1279 et
2359 1223 2650 1282 Psalmista
2681 1226 2796 1281 ait:
2835 1247 2854 1280 ‹
2883 1228 3034 1297 Dixi,
3075 1228 3391 1288 Confitebor

1800 1316 2089 1372 adversum
2121 1329 2211 1372 me
2259 1316 2576 1388 iniustitiam
2610 1334 2787 1376 meam
2818 1320 3069 1389 Domino,
3121 1332 3180 1380 et
3207 1333 3265 1380 tu
3299 1339 3389 1382 re-

1800 1409 2000 1468 misisti
2029 1410 2361 1482 impietatem
2383 1413 2597 1482 peccati
2624 1413 2732 1468 mei
2761 1411 2937 1486 (Psal.
2966 1432 3117 1483 XXXI,
3145 1417 3223 1488 5).
3259 1437 3277 1471 ι

2063 1539 2138 1596 De
2163 1557 2269 1597 non
2297 1541 2559 1598 tardando
2587 1545 2812 1600 converti
2837 1545 2908 1600 ad
2934 1545 3124 1602 Deum.

1873 1675 2071 1730 Vivens
2095 1675 2424 1731 conﬁteatur
2462 1685 2717 1746 peccator
2755 1694 2877 1750 quae
2917 1680 3064 1749 fecit,
3111 1685 3237 1754 quia
3284 1699 3393 1740 non

1800 1775 1886 1823 est
1909 1765 2189 1824 fructuosa
2219 1769 2489 1825 confessio
2519 1771 2660 1841 apud
2685 1770 2908 1838 inferos,
2939 1789 3040 1829 nec
3073 1777 3395 1846 paenitentia

1728 1879 1778 1940 Β
1805 1862 1872 1917 ad
1921 1861 2153 1918 salutem
2192 1861 2500 1932 proficiens.
2553 1863 2696 1919 Ecce
2731 1880 2875 1920 nunc
2922 1872 3134 1938 tempus
3182 1868 3393 1934 salutis,

1803 1968 1931 2010 ecce
1960 1968 2105 2009 nunc
2127 1962 2340 2024 tempus
2373 1954 2706 2025 acceptabile
2727 1955 2858 2012 Deo.
2885 1956 3122 2028 Tempus
3141 1968 3226 2015 est
3253 1976 3396 2017 nunc

1804 2045 2142 2102 remissionis
2166 2045 2577 2116 paenitentibus,
2609 2047 2703 2102 sed
2739 2055 2950 2119 tempus
2974 2049 3079 2104 erit
3103 2059 3227 2121 post
3255 2067 3400 2107 mu-

1803 2147 1916 2195 tem
1973 2138 2226 2194 vindictae
2276 2138 2674 2211 negligentibus
2724 2141 2973 2198 confiteri
3021 2144 3224 2200 scelera
3277 2161 3395 2201 sua.

1804 2229 2005 2286 Omnes
2031 2230 2176 2286 enim
2212 2230 2364 2300 impii
2413 2247 2657 2287 amaram
2681 2233 2882 2290 habent
2919 2236 2975 2292 in
3008 2238 3188 2308 pmnis
3218 2239 3397 2308 poeni-

1805 2323 2055 2390 tentiam,
2105 2323 2201 2379 sed
2240 2339 2351 2379 non
2397 2323 2614 2395 proﬁcit
2654 2326 2734 2382 eis
2760 2328 3078 2398 poenitentia
3107 2332 3174 2386 ad
3202 2333 3397 2388 remis-

1805 2415 2016 2471 sionem
2042 2433 2055 2469 :
2095 2415 2192 2471 sed
2219 2415 2554 2472 conscientia
2584 2425 2801 2489 torquet
2835 2433 2930 2476 eos
2959 2422 3026 2476 ad
3051 2433 3400 2494 augmentum

1805 2520 2091 2577 paenarum
2115 2521 2236 2579 quae
2260 2506 2560 2578 patiuntur.
2604 2507 2903 2565 Potuerunt
2933 2511 3034 2567 sibi
3058 2528 3158 2584 per
3182 2513 3400 2569 confes-

1807 2598 2017 2654 sionem
2076 2612 2386 2670 praecavere
2439 2607 2833 2655 tormentorum
2886 2601 3299 2671 immanitatem,
3348 2614 3402 2660 et

1809 2692 2186 2764 neglexerunt.
2239 2691 2319 2747 lta
2347 2693 2489 2748 sicut
2519 2691 2666 2749 foras
2692 2693 2944 2761 flammis,
2973 2695 3048 2750 ita
3089 2697 3237 2752 intus
3265 2713 3399 2753 con-

1810 2782 2044 2844 scientia
2066 2782 2286 2852 propria
2317 2791 2660 2852 torquentur.
2710 2784 2991 2852 Quomodo
3025 2795 3205 2856 potest
3226 2789 3401 2843 medi-

1809 2892 1905 2932 cus
1931 2890 2126 2931 sanare
2149 2875 2294 2946 quod
2321 2883 2558 2946 aegrotus
2587 2876 2876 2932 ostendere
2901 2877 3220 2933 erubescit?
3256 2879 3400 2934 Deus

1809 2969 1952 3026 enim
1973 2967 2246 3024 desiderat
2273 2966 2671 3024 confessionem
2701 2977 2967 3036 nostram,
2995 2979 3055 3024 ut
3072 2969 3278 3040 justam
3310 2971 3404 3025 ha-

1807 3065 1936 3120 beat
1971 3077 2191 3118 causam
2242 3062 2577 3133 ignoscendi.
2611 3063 2713 3130 Qui
2759 3072 2982 3136 peccata
3031 3081 3127 3120 sua
3168 3065 3405 3122 occultat

1810 3165 1866 3213 et
1891 3155 2164 3212 erubescit
2194 3154 2486 3211 salubriter
2509 3155 2780 3223 confiteri,
2810 3157 3000 3223 Deum,
3027 3172 3188 3227 quem
3215 3166 3404 3213 testem

107 3248 221 3303 bus
246 3245 499 3318 cogitatio
521 3243 653 3316 iusti
701 3243 861 3300 utKlio
907 3241 1112 3299 salubri
1138 3241 1535 3313 compungunt.
1589 3239 1704 3296 Hoc
1729 3237 1778 3304 ο
1807 3249 1990 3312 habet,
2031 3247 2228 3302 iterum
2258 3246 2479 3302 habebit
2503 3262 2626 3302 eum
2649 3247 2904 3304 ultorem.
2935 3246 3149 3320 Optime
3177 3265 3236 3304 se
3267 3247 3406 3318 iudi-

107 3348 202 3396 est
251 3338 512 3395 memoria
557 3336 958 3408 praeteritorum
1015 3334 1338 3402 facinorum,
1397 3335 1702 3392 recordatio

107 3431 422 3486 futurarum
469 3442 794 3500 pmnarum,
846 3425 1211 3483 consideratio
1253 3426 1709 3498 peregrinationis

108 3539 231 3580 suae
284 3523 342 3578 in
368 3519 530 3592 huius
553 3520 680 3575 vitae
709 3518 954 3585 miseria,
981 3518 1308 3576 desiderium
1347 3533 1594 3589 supernae
1611 3535 1709 3590 pa-

109 3619 264 3684 triae,
314 3623 584 3686 quatenus
628 3613 696 3668 ad
739 3626 861 3667 eam
896 3611 1262 3682 quantocitius
1296 3611 1474 3667 valeat
1518 3625 1711 3682 perve-

111 3710 263 3766 nire.
298 3707 523 3774 Quando
550 3721 680 3778 ergo
706 3707 807 3762 ista
838 3706 892 3761 in
913 3708 1076 3762 corde
1103 3707 1336 3762 hominis
1355 3707 1510 3774 ﬁunt,
1542 3707 1714 3762 scien-

112 3805 250 3861 dum
281 3810 368 3858 est
396 3811 523 3858 tunc
564 3815 686 3860 esse
710 3802 880 3858 Deum
921 3817 1018 3873 per
1042 3803 1273 3874 gratiam
1301 3803 1538 3859 humano
1564 3803 1715 3860 cordi

112 3903 469 3967 praesentem.
503 3893 659 3951 Unde
687 3902 744 3951 et
773 3894 830 3950 in
849 3892 1070 3950 Psalmo
1097 3894 1336 3950 dicitur:
1378 3913 1396 3946 ι
1429 3895 1596 3962 Deus,
1626 3895 1714 3950 vi-

115 4000 239 4045 tam
268 4003 445 4044 meam
469 3987 714 4044 nuntiavi
749 3988 872 4055 tibi,
909 3988 1141 4060 posuisti
1170 3987 1442 4061 lacrymas
1469 4004 1619 4046 meas
1658 3989 1719 4064 in

118 4090 421 4154 conspectu
457 4090 569 4150 tuo,
619 4081 762 4139 sicut
789 4082 845 4137 in
893 4081 1256 4153 promissione
1284 4091 1375 4138 tua
1407 4080 1579 4152 (Psal.
1624 4098 1712 4149 ιν,

120 4177 203 4248 9).
243 4193 263 4226 ι
314 4173 610 4231 Promissio
639 4172 1009 4245 indulgentiae,
1037 4188 1203 4244 quam
1227 4173 1489 4229 habemus
1521 4188 1552 4228 a
1582 4172 1716 4238 Deo,

119 4269 400 4338 lacrymas
421 4264 752 4337 pmnitentiae
778 4263 982 4320 excitat
1007 4263 1156 4320 cordi
1186 4270 1406 4330 nostro,
1456 4264 1551 4319 sed
1591 4271 1720 4318 tunc

123 4356 365 4414 salubris
391 4364 476 4412 est
512 4357 627 4426 ipsa
659 4354 1001 4426 compunctio
1051 4354 1267 4424 quando
1298 4353 1572 4410 hominem
1596 4368 1720 4425 pro-

123 4455 291 4506 vocat
320 4447 387 4502 ad
411 4446 806 4504 confessionem
826 4454 1193 4517 peccatorum,
1235 4455 1288 4502 et
1315 4446 1384 4501 ad
1406 4444 1718 4502 conversio-

1809 3351 1896 3398 cat
1924 3343 2088 3399 homo
2109 3343 2163 3396 in
2185 3342 2286 3396 hac
2321 3341 2454 3406 vita,
2486 3357 2555 3397 ne
2576 3340 2855 3410 iudicetur
2877 3359 2906 3398 a
2927 3344 3038 3399 Deo
3059 3344 3405 3400 damnatione

1807 3443 2086 3508 perpetua.
2140 3434 2420 3506 Duplicem
2469 3434 2674 3490 habere
2711 3435 2869 3491 debet
2894 3434 3077 3491 ﬂetum
3124 3437 3178 3492 in
3228 3437 3403 3508 poeni-

1811 3529 1982 3584 tentia
2013 3528 2192 3584 omnis
2218 3535 2516 3598 peccator:
2567 3526 2681 3582 sive
2722 3527 2848 3598 quia
2877 3542 2976 3598 per
3020 3528 3402 3600 negligentiam

1811 3619 2013 3675 bonum
2062 3634 2170 3675 non
2223 3619 2376 3685 fecit,
2433 3633 2528 3674 seu
2565 3619 2691 3689 quia
2739 3618 2938 3674 malum
2977 3635 3074 3690 per
3122 3621 3406 3676 audaciam

1811 3712 2184 3783 perpetravit;
2216 3711 2361 3782 quod
2402 3720 2706 3781 opportune
2739 3727 2848 3768 non
2889 3713 3094 3784 gessit,
3126 3715 3270 3782 quod
3288 3732 3405 3770 non

1814 3803 2055 3875 Oportuit
2075 3803 2204 3875 egit.
2226 3803 2362 3859 Nam
2385 3803 2639 3859 Salvator
2663 3804 2718 3859 in
2751 3803 3040 3877 Evangelio
3073 3808 3410 3878 paenitentia:

1815 3893 2072 3949 virtutem
2101 3894 2340 3950 ostendit
2369 3893 2594 3950 dicens:
2622 3914 2642 3946 ι
2680 3893 3068 3950 Paenitentiam
3099 3898 3265 3968 agite,
3311 3915 3408 3970 ap-

1817 3984 2201 4057 propinquabit
2249 3985 2396 4040 enim
2446 3999 2674 4054 regnum
2737 3985 2999 4041 caelorum
3046 3986 3264 4057 (Matth.
3319 4004 3404 4055 ιιι,

1820 4076 1898 4146 2).
1936 4095 1955 4128 ι
2011 4075 2079 4131 Et
2121 4074 2357 4132 Joannes
2390 4075 2675 4147 Baptista:
2737 4097 2755 4129 ι
2787 4076 3006 4144 Facite,
3055 4081 3153 4145 ait,
3197 4078 3406 4136 fructus

1819 4169 2009 4240 dignos
2035 4168 2369 4240 poenitentiae
2398 4169 2588 4242 (Ibid.,
2612 4187 2658 4226 υ.
2686 4169 2764 4239 8).
2792 4190 2812 4222 θ
2844 4169 3078 4228 Fructus
3105 4171 3298 4243 dignus
3325 4184 3412 4228 est

1819 4262 2150 4334 paenitentia:
2175 4270 2446 4318 transacta
2473 4261 2604 4318 ﬂere
2627 4271 2872 4334 peccata,
2917 4271 2972 4319 et
2992 4262 3180 4319 eadem
3210 4264 3410 4320 iterum

1821 4370 1930 4411 non
1944 4370 2126 4428 agere,
2141 4355 2283 4411 sicut
2297 4354 2579 4427 Scriptura
2593 4357 2704 4411 ait:
2724 4375 2746 4408 ‹
2767 4355 2846 4412 Ne
2871 4357 3099 4428 adiicias
3121 4365 3408 4428 peccatum

1823 4463 1985 4520 super
2016 4455 2318 4519 peccatum,
2354 4455 2411 4504 et
2445 4449 2617 4514 dicas,
2642 4448 2914 4505 Miseratio
2946 4447 3039 4504 Dei
3076 4464 3273 4522 magna
3299 4456 3406 4514 est,

127 4554 258 4594 nem
289 4536 528 4593 melioris
554 4537 696 4592 vitae.
730 4535 990 4592 Hortatur
1022 4535 1205 4606 itaque
1232 4550 1333 4592 nos
1371 4534 1566 4605 saapius
1591 4550 1718 4590 sano
1822 4541 2082 4613 quoniam
2096 4540 2469 4597 misericordia
2510 4549 2566 4595 et
2601 4540 2679 4595 ira
2697 4539 2765 4596 ab
2789 4539 2882 4596 illo
2895 4548 2978 4594 est
2993 4538 3346 4613 (Eccti.v,5).
3383 4557 3403 4593 ο

128 4639 220 4686 cta
266 4628 546 4698 Scriptura
590 4627 660 4682 ad
706 4625 1098 4682 medicamenta
1137 4627 1321 4699 fugere
1346 4624 1721 4693 confessionis,
1745 4617 1805 4681 D
1833 4651 1852 4684 ι
1888 4632 2196 4697 Lavamini,
2234 4652 2254 4686 ι
2281 4632 2411 4688 dicit
2434 4632 2696 4688 Dominus
2718 4646 2816 4701 per
2841 4630 3035 4687 Isaiam
3066 4631 3409 4701 prophetam,

128 4737 244 4778 non
267 4719 409 4790 quod
430 4719 572 4775 Deus
595 4717 834 4788 indigeat
857 4717 1212 4774 confessionis
1236 4727 1459 4784 nostra),
1489 4718 1577 4774 cui
1607 4733 1726 4774 om-

129 4815 226 4870 nia
273 4819 473 4883 praesto
518 4818 790 4881 suntquae
833 4813 1162 4883 cogitamus,
1205 4811 1495 4884 loquimur,
1526 4820 1583 4867 et
1607 4811 1723 4882 agi-

129 4919 287 4968 mus;
326 4903 422 4960 sed
464 4918 564 4960 nos
589 4902 747 4958 aliter
788 4902 922 4960 salvi
961 4901 1076 4959 ﬁeri
1124 4919 1232 4960 non
1271 4918 1577 4976 possumus,
1622 4904 1727 4960 nisi

131 4996 497 5055 conﬁteamur
518 4995 842 5067 pmnitentes
887 4995 1030 5066 quod
1060 4994 1244 5067 inique
1267 4997 1531 5068 gessimus
1558 4996 1728 5069 negli-

130 5098 352 5164 gentes.
402 5085 504 5154 Qui
530 5086 768 5159 seipsum
789 5095 1011 5143 accusat
1051 5087 1106 5143 in
1132 5088 1370 5159 peccatis
1411 5089 1544 5156 suis,
1582 5089 1727 5146 hunc

129 5178 388 5239 diabolus
411 5193 520 5234 non
545 5177 711 5234 habet
735 5177 929 5233 iterum
953 5191 1212 5234 accusare
1238 5177 1294 5233 in
1319 5178 1405 5234 die
1431 5177 1642 5249 iudicii,
1679 5178 1728 5234 si

129 5286 327 5333 tamen
377 5270 640 5328 conﬁtens
686 5270 999 5341 pmnitendo
1048 5270 1205 5327 diluit
1257 5285 1376 5342 quae
1426 5270 1574 5338 fecit,
1627 5286 1727 5327 nec

127 5367 343 5423 iterum
369 5371 593 5419 renovat
621 5376 742 5432 qua:
789 5360 919 5433 egit.
967 5379 987 5412 ί
1013 5358 1378 5429 Conﬁtemini,
1413 5381 1432 5416 ›
1471 5361 1603 5418 dicit
1630 5361 1724 5418 Ja-

125 5459 313 5519 cobus
357 5455 653 5528 apostolus,
712 5473 732 5506 ‹
769 5454 1090 5510 alterutrum
1135 5464 1356 5526 peccata
1406 5464 1618 5522 vestra,
1669 5465 1726 5513 et

125 5557 300 5610 orate
328 5561 428 5618 pro
453 5546 706 5612 invicem,
736 5554 798 5601 ut
824 5545 1110 5603 salvemini
1140 5547 1284 5619 (Jac.
1312 5563 1367 5616 v,
1401 5547 1513 5620 16).
1549 5566 1568 5602 ι
1593 5548 1727 5604 Item

125 5643 340 5700 beatus
378 5635 650 5708 apostolus
669 5635 906 5692 Paulus:
944 5654 963 5688 ι
998 5635 1105 5692 Ore
1128 5647 1338 5704 autem,
1376 5638 1569 5710 inquit,
1600 5653 1729 5696 con-

127 5729 316 5790 fessio
347 5726 408 5782 ﬁt
434 5727 503 5782 ad
524 5726 748 5783 salutem
775 5725 953 5798 (Rom.
990 5743 1046 5794 x,
1069 5727 1178 5800 10).
1215 5748 1233 5780 ι
1270 5727 1375 5784 Sed
1399 5738 1455 5785 et
1474 5728 1729 5786 Salomon

130 5824 205 5881 de
249 5817 596 5875 confessione
641 5823 987 5887 peccatorum
1021 5819 1190 5876 dixit:
1242 5839 1261 5872 ι
1296 5821 1397 5889 Qui
1446 5821 1731 5879 abscondit

556 5921 826 5983 Panos.
862 5917 1064 5982 CXII.

1831 4745 1852 4778 ι
1889 4734 1945 4782 et
1971 4724 2156 4781 mundi
2181 4733 2356 4780 estote
2386 4722 2520 4796 (ha.
2550 4739 2590 4790 ι,
2621 4722 2733 4794 l6).
2772 4741 2791 4776 ι
2844 4721 3082 4777 Lavatur
3123 4722 3304 4794 itaque
3358 4733 3414 4778 et

1827 4816 2062 4872 mundus
2102 4822 2222 4879 est,
2269 4814 2362 4886 qui
2410 4823 2466 4869 et
2513 4813 2785 4884 praeterita
2829 4812 3069 4884 plangit,
3123 4822 3180 4869 et
3213 4814 3408 4870 iterum

1827 4907 2001 4964 ﬂenda
2023 4921 2132 4962 non
2158 4904 2416 4960 admittit.
2445 4904 2681 4960 Lavatur
2701 4912 2758 4960 et
2782 4919 2890 4961 non
2913 4915 2998 4960 est
3020 4903 3272 4970 mundus,
3317 4904 3412 4975 qui

1826 4999 2034 5070 plangit
2071 4997 2216 5068 quod
2244 4997 2429 5067 gessit,
2464 5012 2564 5053 nec
2595 4996 2837 5063 deserit,
2885 5005 2940 5053 et
2979 5003 3101 5067 post
3143 4995 3414 5066 lacrymas

1829 5093 1948 5148 hac
1972 5107 2093 5162 qua:
2115 5090 2340 5146 ﬂeverat
2380 5089 2594 5159 repetit.
2640 5089 2715 5144 De
2743 5088 2829 5144 bis
2865 5088 2959 5160 qui
2998 5095 3121 5158 post
3144 5087 3415 5158 lacrymas

1829 5185 1898 5240 ad
1919 5183 2117 5239 delicta
2155 5189 2505 5238 revertuntur
2549 5179 2754 5250 priora,
2796 5179 2992 5236 beatus
3017 5177 3211 5234 Petrus
3247 5176 3410 5232 terri-

1828 5276 2010 5332 biliter
2035 5275 2110 5330 ait
2138 5292 2152 5329 :
2208 5293 2226 5325 ι
2259 5271 2421 5329 Canis
2447 5285 2696 5326 reversus
2724 5270 2793 5327 ad
2817 5270 3078 5327 vomitum
3121 5283 3279 5323 suum
3322 5264 3413 5336 (11

1829 5367 1975 5424 Patr.
2011 5383 2072 5432 ll,
2102 5364 2217 5437 21).
2250 5383 2270 5418 ι
2311 5363 2480 5434 «λιτίιί,
2513 5363 2557 5418 si
2595 5363 2856 5433 peccasti,
2893 5381 2912 5416 ι
2955 5361 3152 5417 dicitur
3175 5359 3229 5414 in
3261 5358 3411 5415 Scri-

1827 5470 1987 5533 ptura
2014 5466 2222 5523 sancta,
2256 5473 2278 5508 ι
2308 5470 2379 5511 ne
2406 5453 2627 5524 adiicias
2653 5455 2870 5520 iterum,
2903 5452 2997 5508 sed
3028 5453 3096 5508 de
3122 5447 3412 5522 praeteritis

1829 5552 2124 5622 deprecare
2151 5556 2212 5608 ut
2241 5547 2590 5603 remittantur
2618 5546 2711 5602 tibi
2757 5544 2946 5618 (Eccli.
2972 5557 3088 5606 xxi,
3115 5537 3192 5611 ί).
3233 5558 3252 5591 ι
3283 5538 3411 5593 Pce-

1828 5642 2056 5698 nitentia
2097 5656 2225 5697 vera
2265 5654 2374 5696 non
2423 5653 2688 5712 annorum
2723 5651 2950 5692 numero
2989 5637 3265 5697 censetur,
3317 5628 3413 5684 sed

1831 5734 2190 5792 amaritudine
2213 5733 2399 5788 animi.
2451 5731 2606 5790 Unde
2650 5732 2840 5788 beatus
2865 5728 3060 5783 Petrus
3088 5738 3210 5778 mox
3243 5738 3274 5777 a
3301 5721 3409 5775 Do-

1832 5827 1980 5884 mino
2004 5824 2392 5898 indulgentiam
2438 5823 2663 5895 recepit,
2707 5821 2835 5892 quia
2879 5815 3217 5874 amarissime
3267 5813 3414 5870 ﬂevit
