3956 6326
526 405 676 480 ηδε),

1166 408 1228 464 Β.
1268 407 1524 466 RABANI
1571 407 1794 465 MAURI
1831 405 2150 463 ARCHIEP.
2189 400 2500 461 MOGUNT.
2540 384 2829 460 OPERUM
2860 397 3042 457 PARS
3079 399 3167 456 III.

3688 405 3825 461 1260

517 520 675 576 trina:
719 519 1021 592 negationis
1067 519 1301 590 culpam.
1363 519 1688 575 Paenitentia
1744 520 1992 590 quamvis
2037 519 2108 574 sit
2133 521 2186 583 Α
2211 525 2553 588 contemptus
2579 517 2832 572 dominus
2856 516 2975 585 ejus
2999 515 3306 586 superbiam
3341 516 3561 586 feriret,
3595 521 3825 577 vulnera

519 610 699 682 exigui
729 610 1005 680 temporis,
1028 610 1073 664 si
1101 610 1292 664 inti-ma
1313 611 1493 666 cordis
1516 609 1881 664 amaritudine
1907 610 2104 680 agitur,

519 719 628 758 non
656 702 950 771 despicitur
978 701 1118 770 apud
1137 701 1374 770 judicem
1400 701 1608 771 justum
1643 702 1828 765 Deum,
1862 704 1956 770 qui
1988 717 2110 757 cor-

521 793 604 847 dis
642 803 852 848 secreta
877 791 1204 848 considerat.
1243 791 1362 846 Non
1392 792 1534 846 enim
1557 791 1948 862 longitudinem
1975 801 2112 846 tem-

496 886 670 955 ‘poris
703 895 908 940 tantum
960 884 1187 953 requirit
1214 884 1377 950 Deus,
1429 893 1688 953 quantum
1719 884 1968 939 affectum
2000 885 2112 939 sin-

517 977 764 1033 ueritatis
790 986 981 1046 pensat
1031 976 1366 1047 paenitentis.
1417 976 1520 1043 Qui
1551 976 1694 1030 enim
1737 977 1790 1030 in
1835 975 2109 1031 Christum

524 1076 637 1122 tota
666 1077 846 1122 mente
895 1066 1138 1132 conﬁdit,
1182 1066 1393 1121 etiamsi
1425 1066 1608 1120 multis
1634 1066 1896 1120 moriatur
1920 1080 2111 1136 pecca~

524 1159 613 1224 tis,
646 1157 778 1214 ﬁdes
805 1174 902 1213 sua
927 1158 1062 1212 vivit
1109 1159 1162 1212 in
1192 1166 1493 1212 :eternum:
1530 1158 1673 1211 sicut
1702 1157 1818 1225 ipse
1850 1156 2112 1212 Dom'inus

522 1252 598 1306 ait
631 1251 686 1306 in
713 1251 1032 1322 Evangelio:
1071 1269 1088 1300 ‹
1119 1250 1233 1320 Ego
1258 1265 1380 1305 sum
1419 1250 1746 1306 resurrectio
1767 1258 1822 1304 et
1845 1251 1950 1305 vita
1977 1269 1989 1304 :
2019 1252 2110 1320 qui

521 1343 694 1400 credit
725 1343 777 1396 in
821 1357 924 1406 me,
957 1342 1170 1396 etiamsi
1195 1350 1442 1396 mortuus
1463 1340 1627 1395 fuerit
1647 1341 1810 1406 vivet,
1859 1348 1913 1396 et
1937 1343 2111 1398 omnis

523 1435 614 1504 qui
639 1433 771 1488 vivit
799 1443 854 1488 et
893 1431 1068 1488 credit
1095 1432 1149 1486 in
1181 1447 1298 1496 me,
1336 1447 1444 1488 non
1472 1432 1736 1487 morietur
1769 1433 1821 1486 in
1850 1441 2111 1488 aeternum

525 1524 706 1598 (Joan.
733 1541 812 1590 ιι,
834 1522 946 1594 25).
979 1543 997 1575 ι
1030 1524 1106 1578 De
1132 1532 1305 1578 morte
1332 1524 1524 1578 animae
1552 1523 1706 1589 dixit,
1749 1539 1867 1594 quae
1896 1534 2114 1596 propter

524 1609 868 1688 peccatorum
903 1617 1276 1688 mgritudinem
1301 1617 1450 1671 venit
1485 1617 1578 1672 illi.
1627 1617 1770 1672 Deus
1791 1628 1981 1673 natura
2013 1620 2112 1673 mi-

521 1708 754 1763 sericors
800 1715 902 1762 est.
943 1706 1172 1760 Paratus
1200 1715 1287 1760 est
1315 1707 1526 1761 salvare
1556 1721 1656 1776 per
1682 1707 2111 1762 misericordiam

519 1813 656 1868 quos
683 1813 790 1852 non
815 1797 964 1852 venit
1007 1795 1219 1851 salvare
1255 1813 1352 1867 per
1391 1796 1684 1865 justitiam,
1723 1798 1816 1867 qui
1850 1798 1966 1852 vult
1989 1813 2108 1853 om-

2211 610 2476 665 districtze
2521 608 3011 662 animadversionis
3071 608 3358 679 indigeret.
3388 611 3539 667 Ecce
3563 628 3677 668 nos
3711 629 3828 684 pee-

2209 702 2386 757 cando
2430 699 2637 755 auctori
2669 707 2860 754 nostro
2909 707 3061 770 terga
3106 699 3161 754 in
3214 699 3413 756 faciem
3451 703 3750 768 dedimus,
3783 720 3828 762 et

2212 801 2396 847 tamen
2423 793 2775 855 sustinemur,
2800 792 3032 860 superbe
3049 804 3268 846 aversos
3296 793 3539 864 benigne
3565 805 3824 852 revocat:

2212 893 2267 938 et
2303 883 2396 953 qui
2447 881 2612 938 ferire
2657 897 2757 936 nos
2786 891 3102 937 aversantes
3131 884 3326 952 potuit,
3383 896 3446 939 ut
3475 899 3828 945 revertamur

2211 989 2438 1030 munera
2488 974 2773 1046 promittit.
2830 974 3002 1029 Tanta
3033 975 3260 1030 obsecro
3290 977 3616 1033 conditoris
3663 979 3827 1035 nostri

2213 1067 2583 1122 misericordia
2637 1066 2894 1122 duritiam
2947 1067 3124 1122 nostri
3171 1076 3358 1136 reatus
3405 1069 3728 1124 emolliat:
3781 1082 3829 1126 et

2213 1155 2376 1213 homo
2403 1158 2496 1228 qui
2523 1157 2725 1212 malum
2768 1157 2912 1226 quod
2940 1157 3070 1212 fecit
3117 1159 3359 1228 experiri
3392 1175 3718 1230 percussus
3745 1179 3826 1232 po-

2213 1257 2374 1314 terat,
2400 1248 2592 1303 saltem
2622 1257 2968 1318 exspcctatus
3012 1249 3320 1304 erubescat.
3345 1250 3682 1307 Habeamus
3707 1270 3825 1324 ergo

2213 1338 2466 1393 ﬁduciam
2504 1339 2571 1394 de
2599 1339 2969 1394 misericordia
3023 1339 3323 1394 conditoris
3353 1342 3536 1396 nostri
3571 1362 3588 1396 :
3627 1347 3822 1414 cogite»

2214 1446 2335 1486 mus
2360 1445 2479 1500 qua:
2503 1427 2750 1495 facimus,
2785 1429 3148 1499 recogitemus
3173 1445 3293 1499 qua:
3316 1430 3584 1487 fecimus.
3640 1434 3822 1506 Largi-

2215 1528 2381 1574 tatem
2413 1533 2658 1589 superna:
2683 1518 2900 1588 pietatis
2928 1519 3276 1588 aspiciamus,
3313 1530 3370 1576 et
3395 1523 3472 1577 ad
3508 1523 3821 1581 misericor-

2217 1611 2337 1666 dem
2353 1609 2610 1682 judicem,
2636 1609 2763 1664 dum
2785 1609 2961 1664 adhuc
2978 1619 3279 1680 exspectat,
3293 1627 3420 1667 cum
3443 1613 3713 1686 lacrymis
3736 1633 3818 1672 ve-

2216 1701 2448 1755 niamus.
2477 1698 2895 1755 Consideremus
2921 1715 3155 1770 namque
3177 1703 3324 1772 quod
3342 1703 3539 1769 justus
3563 1706 3674 1771 sit,
3699 1723 3815 1776 pec—

2216 1787 2337 1846 cata
2390 1799 2574 1845 nostra
2623 1806 2731 1846 uon
2790 1787 3146 1860 negligamus.
3208 1792 3648 1849 Consideremus
3691 1812 3814 1868 ergo

521 1905 617 1945 nes
644 1889 891 1944 homines
915 1888 1092 1944 salvos
1113 1887 1234 1943 ﬁeri
1257 1896 1312 1942 et
1336 1888 1608 1942 neminem
1634 1889 1834 1959 perire,
1870 1890 1962 1960 qui
2013 1903 2105 1958 per

2213 1881 2355 1952 quod
2380 1881 2502 1950 pius
2525 1880 2616 1946 sit,
2666 1895 2772 1934 non
2799 1880 3169 1950 desperemus.
3209 1879 3427 1938 Praebet
3467 1885 3620 1953 apud
3659 1885 3807 1941 Deum

519 1980 851 2050 Prophetam
873 1979 951 2033 ait
982 1997 992 2030 :
1034 1996 1052 2028 ‹
1079 1978 1136 2033 In
1164 1993 1487 2049 quacunque
1511 1979 1599 2033 die
1621 1991 1922 2034 conversus
1951 1979 2112 2034 fuerit

518 2079 790 2142 peccator,
815 2070 924 2125 vita
957 2071 1122 2136 vivet,
1157 2077 1211 2123 et
1238 2085 1348 2125 non
1374 2069 1637 2124 morietur
1661 2069 1878 2140 (Επειδὴ.
1911 2085 2108 2137 xxxnt,

521 2165 634 2236 l2).
673 2185 693 2218 ›
729 2164 988 2231 Quamvis
1015 2163 1246 2233 quisque
1269 2163 1340 2218 sit
1364 2173 1636 2233 peccator,
1669 2174 1726 2218 et
1751 2163 1946 2233 impius
1974 2165 2019 2219 si
2043 2163 2110 2218 ad

519 2255 896 2325 paenitentiam
925 2263 1293 2318 convertatur,
1322 2254 1582 2324 consequi
1621 2269 1680 2309 se
1707 2267 1867 2324 posse
1892 2255 2110 2309 veniam

518 2361 619 2417 per
661 2346 755 2401 Dei
780 2344 1210 2401 misericordiam
1257 2360 1366 2399 non
1397 2345 1626 2400 dubitet.
1677 2344 1736 2398 ln
1771 2345 1876 2399 hoc
1911 2345 2111 2399 saeculo

519 2439 896 2510 paenitentiam
941 2435 1264 2491 facientibus
1298 2436 1394 2492 Dei
1435 2435 1809 2492 misericordia
1837 2435 2108 2502 subvenit,

519 2531 576 2585 in
605 2529 791 2586 futuro
837 2537 1019 2584 autem
1055 2527 1374 2598 paenitentia
1423 2543 1530 2582 non
1559 2527 1792 2597 proﬁcit,
1826 2529 1919 2584 sed
1948 2529 2113 2582 ratim

520 2637 646 2678 nem
694 2629 1008 2677 nostrorum
1058 2635 1283 2690 operum
1330 2620 1593 2676 reddituri
1641 2635 1846 2676 sumus.
1899 2621 1958 2676 In
2009 2623 2111 2676 hac

518 2714 628 2768 vita
661 2722 870 2768 tantum
900 2711 1228 2783 pmnitentite
1273 2720 1422 2782 patet
1446 2711 1702 2779 libertas;
1735 2721 1858 2783 post
1882 2721 2108 2769 mortem

518 2819 648 2860 vero
675 2803 1030 2860 correctionis
1051 2810 1139 2858 est
1165 2803 1404 2858 licentia.
1457 2803 1798 2874 Quapropter
1845 2804 2109 2860 festinare

519 2897 677 2952 debet
721 2896 1094 2966 unusquisque
1123 2903 1368 2950 nostrum
1416 2895 1484 2950 ad
1515 2895 1682 2950 Deum
1739 2897 2109 2952 convertendo

518 2988 646 3043 dum
677 2995 855 3058 potest
880 3006 892 3041 :
927 3003 995 3042 ne
1021 2989 1066 3043 si
1095 2989 1220 3044 dum
1234 2996 1418 3064 potest
1447 2989 1699 3053 noluerit,
1718 2990 1959 3053 omnino,
1983 3005 2108 3045 cum

518 3078 672 3133 tarde
707 3077 956 3144 voluerit,
984 3094 1092 3134 non
1117 3079 1307 3148 possit.
1364 3078 1590 3150 Semper
1633 3095 1763 3150 ergo
1801 3089 2104 3136 extremum

2215 1974 2420 2030 homini
2447 1973 2719 2039 ﬁduciam,
2770 1971 2914 2028 Deus
2945 1971 3108 2029 homo
3138 1981 3222 2030 est
3249 1975 3408 2031 nobis
3461 1992 3598 2046 spes
3629 1995 3804 2050 magna

2211 2061 2606 2135 pmnitentibus
2630 2103 2644 2128 ,
2685 2061 2834 2131 quia
2861 2063 3156 2118 advocatus
3194 2072 3384 2119 noster
3417 2064 3610 2121 factus
3635 2077 3715 2121 est
3733 2065 3806 2135 ju-

2214 2155 2318 2211 dex
2347 2162 2549 2210 noster.
2596 2153 2750 2210 Unde
2775 2165 3000 2210 necesse
3025 2164 3110 2210 est
3135 2163 3195 2210 ut
3238 2156 3541 2212 audiamus
3563 2161 3693 2230 quia
3717 2161 3804 2214 mi-

2214 2245 2448 2300 sericors
2499 2252 2602 2310 est,
2635 2252 3020 2300 convertamur
3061 2263 3091 2300 a
3137 2250 3377 2318 peccatis
3403 2291 3421 2315 ,
3467 2252 3800 2308 recordantes

2212 2337 2357 2406 quod
2379 2336 2561 2407 justus
2581 2345 2684 2404 est,
2736 2339 3185 2408 pertimescamus
3231 2343 3504 2400 recedere
3538 2362 3570 2399 a
3591 2347 3794 2416 jusﬁtia,

2212 2443 2282 2483 ne
2310 2428 2628 2484 inchoantes
2655 2431 2796 2485 bona
2841 2443 3028 2500 opera,
3060 2433 3176 2487 sine
3202 2433 3556 2503 perfectione
3599 2439 3688 2493 illa
3723 2441 3800 2494 de

2212 2533 2479 2587 seramus,
2527 2535 2597 2576 ne
2634 2522 2729 2576 ﬁat
2753 2525 2896 2592 quod
2945 2525 3204 2595 scriptum
3235 2538 3358 2582 est:
3419 2548 3440 2580 ι
3479 2530 3688 2588 Omnes
3723 2535 3798 2604 qui

2212 2613 2449 2671 viderint
2475 2617 2735 2687 incipiant
2763 2618 2986 2673 illudere
3007 2619 3053 2675 el
3078 2621 3320 2677 dicentes
3345 2643 3357 2676 :
3384 2623 3498 2681 Hic
3525 2629 3690 2685 homo
3708 2646 3799 2686 Cit-

2210 2705 2293 2775 pit
2317 2706 2608 2772 aediﬁcare,
2649 2715 2704 2762 et
2731 2723 2838 2763 non
2869 2710 3043 2778 potuit
3089 2715 3486 2772 consummare
3523 2719 3680 2788 (Lac.
3705 2739 3797 2786 ιη,

2210 2795 2324 2867 29),
2363 2816 2383 2849 ι
2418 2797 2566 2866 quia,
2610 2797 2766 2866 juxta
2813 2799 2964 2854 Pauli
3000 2815 3206 2866 vocem,
3258 2809 3648 2874 spectaculum
3690 2813 3797 2870 faui

2212 2903 2398 2944 sumus
2451 2889 2654 2944 mundo
2683 2899 2742 2944 et
2785 2892 2990 2963 angelis
3016 2901 3070 2948 et
3101 2894 3439 2964 hominibus,
3475 2913 3537 2955 et
3563 2903 3621 2957 in
3663 2920 3796 2960 omne

2210 2982 2354 3050 quod
2403 2981 2612 3052 agimus
2642 2984 2992 3041 considerare
3037 2988 3280 3044 occultos
3332 2991 3687 3051 adversarios
3719 3016 3796 3052 rio-

2211 3082 2354 3129 stros
2405 3075 2682 3143 debemus,
2742 3078 2834 3147 qui
2865 3063 3078 3150 semper
3106 3083 3310 3138 nostris
3359 3089 3632 3155 operibus

517 3169 661 3224 diem
722 3170 979 3225 debemus
1033 3178 1273 3225 metuere
1299 3209 1313 3234 ,
1373 3185 1749 3241 quemcunque
1817 3187 2110 3242 possumus
2141 3175 2378 3232 ustum,
2415 3181 2630 3238 semper
2656 3181 2723 3224 ex
2749 3177 2937 3226 nostro
2981 3171 3193 3227 defectu
3241 3175 3618 3244 gratulantur.

517 3260 834 3329 prmvidere.
881 3260 1020 3315 Ecce
1058 3275 1202 3315 nunc
1231 3260 1406 3330 ipsum
1432 3261 1575 3316 diem
1599 3261 1654 3315 in
1684 3276 1792 3331 quo
1833 3262 2108 3332 loquimur
2133 3252 2178 3316 C
2209 3256 2477 3329 Propheta
2529 3261 2744 3317 intuens
2789 3263 2866 3316 ait
2899 3281 2910 3315 :
2951 3281 2970 3314 ι
3012 3265 3153 3320 Deus
3189 3281 3370 3334 meus,
3407 3271 3470 3324 in
3504 3283 3558 3328 te
3583 3275 3788 3336 conﬁdo.

518 3350 586 3403 ad
613 3350 855 3404 inducias
888 3349 1261 3404 conversionis
1287 3349 1594 3418 accepimus
1619 3367 1632 3402 :
1669 3358 1726 3404 et
1752 3359 1936 3406 tamen
1958 3352 2104 3406 mala

518 3455 638 3509 quzc
670 3439 898 3495 fecimus
935 3439 1063 3496 ﬁere
1091 3456 1424 3495 recusamus.
1458 3439 1575 3494 Non
1606 3441 1780 3496 solum
1812 3442 2102 3498 commissa

520 3547 626 3584 non
650 3529 974 3600 plangimus,
1022 3531 1113 3585 sed
1144 3533 1306 3585 etiam
1335 3546 1454 3601 qua:
1499 3529 1796 3586 deﬂeantur
1825 3547 2102 3602 augemus.

519 3621 583 3673 At
618 3619 662 3673 si
689 3620 868 3690 aliqua
894 3635 993 3675 nos
1035 3621 1294 3692 aegritudo
1323 3620 1604 3690 corripiat,
1635 3621 1683 3676 si
1710 3621 1863 3692 signa
1891 3622 2105 3691 azgritu-

520 3709 662 3763 dinis
693 3709 927 3764 vicinam
960 3720 1190 3764 mortem
1221 3711 1568 3775 denuntient,
1612 3711 1860 3768 inducias
1888 3713 2103 3770 vivendi

518 3803 833 3872 quaerimus,
879 3810 939 3857 ut
965 3811 1185 3872 peccata
1213 3813 1398 3858 nostra
1424 3803 1734 3869 deﬂeamus,
1782 3814 1840 3860 et
1859 3821 1954 3861 eas
1979 3823 2104 3862 cum

520 3908 713 3964 magno
747 3902 880 3949 aestu
909 3894 1157 3950 desiderii
1201 3895 1458 3964 petimus,
1507 3910 1628 3965 quae
1676 3905 1914 3968 accepta:
1943 3898 2106 3954 modo

518 4001 616 4055 pro
643 3985 812 4041 nihilo
843 3984 1130 4040 habentur.
1158 3985 1456 4042 Pensemus
1487 4004 1630 4041 nunc
1655 4004 1816 4058 super
1851 4005 1950 4044 nos
1972 3990 2106 4046 divi—

523 4080 624 4132 tias
651 4079 946 4133 conditoris
987 4078 1178 4143 nostri,
1202 4094 1429 4147 peccare
1474 4095 1573 4134 nos
1599 4080 1732 4135 vidit
1774 4089 1828 4135 et
1855 4083 2099 4150 pertulit.

523 4169 625 4236 Qui
658 4185 756 4224 nos
784 4179 906 4225 ante
933 4169 1143 4238 culpam
1174 4184 1402 4240 peccare
1428 4171 1724 4240 prohibuit,
1772 4173 1940 4227 etiam
1983 4183 2106 4242 post

520 4260 729 4330 culpam
761 4269 1076 4331 exspectare
1105 4259 1173 4314 ad
1195 4260 1402 4314 veniam
1425 4277 1530 4315 non
1555 4262 1786 4318 desistit.
1821 4263 1962 4319 Ecce
1986 4265 2102 4334 ipse

521 4367 618 4407 nos
647 4367 804 4422 quem
831 4351 1172 4422 despeximus
1201 4360 1377 4418 vocat,
1409 4353 1582 4408 aversi
1615 4355 1684 4408 ab
1713 4355 1803 4410 illo
1831 4371 2020 4411 sumus
2047 4367 2104 4413 et

521 4453 696 4498 tamen
735 4459 842 4499 non
878 4443 1092 4499 avertit.
1147 4443 1300 4499 Unde
1341 4458 1439 4513 per
1465 4443 1659 4499 Isaiam
1710 4447 1944 4501 dicitur;
1982 4467 2001 4499 ι
2035 4449 2103 4504 Et

519 4543 679 4590 erunt
707 4535 847 4590 oculi
877 4535 956 4589 tui
983 4535 1227 4591 videntes
1254 4544 1640 4606 praeceptorem
1668 4545 1839 4604 tuum,
1866 4547 1921 4594 et
1940 4555 2100 4596 aures

523 4636 626 4682 tum
651 4628 873 4683 audient
908 4641 1094 4683 vocem
1123 4638 1245 4698 post
1272 4637 1481 4700 tergum
1511 4632 1780 4688 monentis
1805 4633 1940 4705 (Isa.
1968 4651 2102 4700 xxx,
2127 4615 2194 4678 Β

521 4721 633 4791 20).
676 4740 694 4771 ι
751 4720 917 4788 Quasi
955 4721 1009 4775 in
1035 4720 1225 4776 faciem
1254 4723 1416 4778 homo
1455 4723 1692 4780 monitus
1731 4735 1815 4780 est
1838 4767 1854 4791 ,
1888 4729 2104 4796 quando

523 4813 589 4866 ad
613 4811 876 4882 justitiam
907 4812 1174 4878 conditus,
1206 4823 1475 4884 praecepta
1503 4815 1844 4871 rectitudinis
1871 4820 2100 4889 accepit.

524 4903 631 4960 Sed
667 4923 790 4962 cum
836 4909 952 4964 haec
995 4909 1183 4964 eadem
1231 4919 1498 4981 prrecepta
1551 4913 1899 4982 contempsit,
1949 4917 2104 4984 quasi

523 4998 788 5054 conditori
812 5016 909 5056 suo
939 5002 1156 5058 dorsum
1186 5002 1383 5058 mentis
1431 5003 1486 5058 in
1533 5003 1729 5059 faciem
1772 5005 1936 5062 dedit.
1995 5005 2100 5062 Sed

523 5105 650 5147 ecce
693 5091 870 5150 adhuc
913 5106 1036 5166 post
1075 5106 1283 5167 tergum
1316 5097 1578 5167 sequitur,
1627 5107 1682 5153 et
1710 5107 1926 5164 monet,
1973 5101 2100 5170 quia

515 5185 629 5256 jam
655 5194 711 5241 et
735 5201 765 5241 a
791 5187 946 5242 nobis
968 5197 1310 5257 contemptus
1339 5196 1440 5254 est,
1484 5197 1537 5242 et
1566 5196 1745 5244 tamen
1799 5205 1899 5245 nos
1924 5191 2100 5246 adhuc

521 5293 719 5335 vocare
744 5294 849 5335 non
876 5288 1074 5336 cessat.
1106 5278 1270 5346 Quasi
1307 5278 1524 5333 dorsum
1553 5279 1604 5334 ei
1638 5280 1693 5334 in
1721 5278 1915 5334 faciem
1947 5280 2101 5336 dedi-

520 5387 666 5439 mus,
711 5372 862 5442 cujus
888 5370 1052 5426 verba
1077 5370 1422 5439 despicimus,
1449 5370 1602 5440 cujus
1625 5381 1891 5443 praecepta
1918 5372 2097 5428 calca-

521 5479 666 5522 mus.
713 5463 822 5520 Sed
864 5472 1017 5518 stans
1047 5471 1168 5532 post
1213 5471 1423 5534 tergum
1468 5478 1566 5518 nos
1593 5477 1812 5520 aversos
1861 5472 2096 5530 revocat,

522 5557 692 5629 quiet
717 5556 863 5612 videt
901 5555 1044 5625 quod
1081 5555 1393 5626 despicitur,
1430 5565 1485 5612 et
1505 5564 1684 5614 tamen
1715 5573 1812 5628 per
1833 5566 2100 5628 praecepta

522 5652 742 5715 clamat,
786 5664 882 5717 per
905 5648 1220 5717 patientiam
1251 5659 1546 5719 exspectat.
1580 5649 1874 5706 Pensemus
1899 5665 2028 5722 ergo
2053 5650 2100 5706 si

525 5740 749 5796 cuilibet
797 5747 1042 5792 nostrum
1079 5739 1317 5808 loquenti
1365 5738 1602 5796 famulus
1633 5753 1763 5796 suus
1801 5741 1980 5796 subito
2011 5756 2101 5796 su-

526 5829 800 5899 perbiret,
851 5837 1002 5897 terga
1045 5830 1097 5884 in
1149 5829 1343 5885 faciem
1393 5831 1664 5896 mitteret,
1706 5831 1948 5902 nunquid
1993 5845 2101 5888 non

2207 3367 2315 3406 non
2365 3353 2704 3420 erubescam,
2759 3371 2934 3424 neque
2985 3357 3252 3412 irrideant
3299 3375 3388 3416 me
3445 3366 3658 3421 inimici
3703 3371 3787 3422 mei

2207 3439 2378 3512 (Paul.
2407 3457 2554 3510 xxiv,
2579 3444 2660 3516 2).
2688 3464 2708 3496 ι
2742 3444 2799 3500 In
2825 3446 2980 3502 bonis
3006 3448 3151 3504 enim
3185 3453 3452 3519 operibus
3488 3457 3683 3513 intenti
3703 3461 3786 3513 nisi

2206 3545 2394 3592 contra
2418 3539 2682 3610 malignos
2707 3539 2930 3610 spiritus
2954 3542 3185 3600 sollicite
3213 3545 3538 3616 vigilemus,
3733 3554 3786 3606 ir-

2205 3629 2410 3685 risores
2458 3632 2696 3701 patimur
2723 3647 2860 3702 quos
2904 3634 2968 3688 ad
3005 3635 3203 3690 malum
3255 3638 3552 3700 habemus.
3599 3643 3660 3697 Et
3687 3647 3782 3699 ide:

2206 3723 2438 3778 sollicite
2458 3726 2804 3782 considerare
2839 3727 3117 3793 debemus,
3153 3744 3222 3783 ne
3251 3745 3353 3798 per
3378 3734 3778 3802 pusillanimita-

2205 3821 2315 3871 tem
2343 3831 2649 3887 pereamus,
2666 3835 2733 3873 ne
2761 3821 2943 3876 hostes
2969 3822 3296 3890 spirituales,
3322 3839 3468 3894 quos
3501 3828 3780 3882 innumera-

2204 3909 2342 3966 biles
2385 3911 2667 3977 habemus,
2701 3927 2824 3968 cum
2868 3913 3098 3968 viderint
3145 3929 3244 3969 nos
3291 3917 3364 3970 de
3394 3927 3548 3974 statu
3587 3921 3781 3989 justiti:

2204 4002 2493 4068 corruisse,
2542 4018 2758 4060 omnem
2789 4006 3028 4061 laborem
3057 4015 3306 4063 nostrum
3338 4010 3394 4065 in
3421 4014 3716 4070 novissimo
3737 4017 3778 4069 in

2204 4092 2442 4148 derisum
2469 4093 2570 4149 sibi
2603 4096 2806 4151 ducant
2835 4097 2998 4152 vitam
3029 4105 3292 4166 nostram,
3347 4112 3404 4157 et
3433 4107 3599 4161 nobis
3627 4109 3675 4162 in
3699 4124 3778 4178 ap-

2201 4186 2482 4258 probrium
2498 4197 2730 4244 vertant.
2750 4190 2948 4258 Quales
2959 4191 3102 4247 enim
3123 4195 3442 4264 egredicnle
3465 4199 3650 4254 anima
3664 4203 3782 4255 inve

2202 4277 2417 4333 niemur
2435 4279 2681 4349 profecto
2691 4282 2760 4337 ab
2786 4289 3006 4339 auctore
3027 4293 3232 4351 nostro,
3257 4286 3397 4342 tales
3411 4289 3776 4358 judicabiunn.

2204 4370 2356 4425 Unde
2378 4372 2642 4442 scriptum
2673 4383 2756 4430 est
2781 4392 2794 4430 :
2848 4393 2868 4426 ε
2895 4377 3157 4433 Dominus
3175 4376 3452 4446 judicabit
3481 4381 3622 4439 ﬁnes
3651 4397 3780 4440 terra

2202 4460 2255 4532 (1
2279 4459 2401 4532 Reg.
2433 4479 2493 4529 ιι,
2520 4463 2628 4537 10).
2662 4484 2681 4518 ι
2716 4465 2826 4522 Nec
2849 4483 2948 4524 nos
2967 4470 3122 4540 juvat
3145 4471 3284 4527 bene
3307 4475 3573 4544 coepisse,
3606 4478 3652 4533 si
3677 4495 3781 4533 eas-

2205 4552 2386 4624 tigerit
2407 4555 2552 4612 male
2574 4556 2752 4612 ﬁnire.

2656 4690 2735 4746 De
2762 4691 2898 4746 bona
2934 4695 3340 4764 perseverantia.

2275 4822 2345 4879 Ut
2365 4837 2496 4891 ergo
2521 4825 2858 4896 longanimes
2880 4839 3234 4895 perseverare
3273 4829 3558 4896 possimus
3583 4834 3638 4886 in
3663 4832 3780 4886 bona

2201 4914 2343 4984 quod
2371 4915 2636 4984 cmpimus
2656 4956 2673 4981 ,
2716 4917 3049 4986 imploranda
3073 4925 3158 4972 est
3183 4918 3569 4974 misericordia
3598 4922 3778 4976 divina.

2201 5011 2264 5057 ut
2301 5003 2670 5058 misericordia
2695 5020 2815 5074 qua:
2861 5020 2960 5060 nos
2988 5006 3250 5075 praevenit
3292 5007 3670 5078 subsequatur
3699 5024 3782 5062 nos

2207 5095 2457 5151 omnibus
2502 5096 2690 5150 diebus
2734 5097 2859 5150 vitae
2912 5106 3127 5153 nostrae.
3180 5096 3554 5169 Cogitandum
3603 5104 3786 5171 quippe

2206 5186 2362 5240 valde
2392 5195 2476 5240 est
2523 5195 2784 5256 quantum
2814 5188 2971 5244 nobis
2997 5189 3104 5243 erit
3144 5189 3408 5246 terribilis
3435 5192 3577 5247 hora
3603 5205 3788 5248 ωεστ

2207 5278 2566 5344 resolutionis,
2618 5280 2709 5349 qui
2739 5295 2906 5351 pavor
2944 5283 3212 5346 maeroris,
3250 5294 3458 5352 quanta
3511 5297 3640 5343 tunc
3687 5305 3788 5342 om-

2207 5371 2356 5426 nium
2394 5371 2658 5440 malorum
2685 5373 2968 5438 memoria,
2998 5388 3117 5444 qua:
3156 5373 3356 5430 oblivio
3391 5381 3690 5434 transacta
3719 5378 3790 5432 fe

2207 5460 2447 5526 licitatis,
2475 5477 2595 5531 qua:
2628 5462 2862 5518 formido
2890 5472 2946 5518 et
2973 5464 3338 5520 consideratio
3375 5467 3608 5536 judicls.
3664 5468 3792 5536 Quid

2202 5566 2332 5622 ergo
2357 5567 2478 5608 esse
2501 5553 2656 5610 nobis
2683 5553 2752 5607 de
2771 5553 3126 5622 praesentibus
3156 5554 3222 5607 ad
3251 5554 3678 5613 delectationem
3705 5557 3790 5612 dr-

2202 5643 2316 5709 bet,
2361 5645 2578 5714 quando
2617 5646 2826 5702 cunctis
2871 5645 3030 5701 simul
3061 5647 3474 5703 transeuntibus
3517 5664 3627 5704 non
3657 5649 3792 5703 vale!

2204 5735 2434 5790 transire
2459 5735 2602 5804 quod
2633 5736 2878 5791 imminet
2895 5777 2910 5802 ,
2948 5733 3167 5805 quando
3193 5745 3251 5791 et
3274 5737 3380 5793 hoc
3408 5738 3662 5796 funditus
3689 5739 3792 5794 in?-

2203 5835 2292 5882 tur
2320 5827 2464 5897 quod
2491 5828 2750 5898 diligitur,
2799 5835 2855 5882 et
2899 5827 3027 5882 illud
3057 5827 3314 5899 incipitur
3340 5830 3437 5886 ubi
3467 5831 3632 5889 dolor
3655 5847 3786 5886 ma-
