3956 6326
131 369 290 428 1261

1421 365 1512 424 DE
1545 366 1844 425 VIDENDO
1881 364 2095 423 DEUM.

127 500 314 560 quam
372 481 603 539 ﬁnitur?
641 480 792 540 Tunc
858 482 1077 555 maligni
1117 483 1356 555 spiritus,
1419 482 1725 554 egrediente
1750 488 1806 549 Α
1827 480 2093 536 veraciter
2117 474 2369 544 fatemur,
2397 475 2522 548 quia
2546 475 2796 546 princeps
2831 474 2991 545 hujus
3013 475 3200 535 mundi
3233 477 3404 538 habet

129 582 350 645 anima,
367 594 464 634 sua
484 592 648 649 opera
671 577 968 648 requirunt,
988 587 1114 634 tunc
1140 579 1280 633 mala
1301 593 1421 648 quae
1441 583 1724 632 suaserunt

128 672 429 743 replicant,
479 678 539 724 ut
563 670 764 726 sociam
807 670 876 724 ad
911 677 1179 724 tormenta
1208 670 1446 723 trahant.
1495 667 1603 723 Sed
1629 667 1746 722 cur'

126 761 251 816 hoc
273 761 339 816 de
360 774 616 830 perversa
658 757 992 827 solummodo
1019 760 1196 813 anima
1222 759 1474 826 dicimus,
1505 775 1628 814 cum
1656 757 1725 813 ad

125 851 352 909 electos
376 867 620 922 quosque
641 842 978 924 egredientes
999 852 1238 916 veniant,
1270 859 1326 907 et
1355 865 1518 906 suum'
1537 850 1592 904 in
1618 849 1725 906 illis

125 941 182 999 si
217 941 549 1014 praevaleant
573 941 774 1011 aliquid
805 941 1099 1011 requirant.
1136 939 1284 995 Unus
1312 941 1454 994 enim
1481 939 1534 993 in
1556 940 1725 995 omni-

123 1034 246 1089 bus
279 1032 504 1097 exstitit,
549 1033 641 1103 qui
678 1039 803 1086 ante
839 1032 1143 1103 passionem
1191 1047 1343 1087 suam
1393 1031 1562 1087 libera
1591 1047 1725 1087 voce

124 1123 320 1180 dixit:
355 1143 373 1176 σ
401 1123 517 1184 Jam
547 1139 653 1178 non
676 1124 840 1178 multa
863 1123 1053 1194 loquar
1075 1123 1368 1178 vobiscum.
1400 1121 1558 1178 Venit
1577 1122 1723 1178 enim

122 1216 396 1284 princeps
423 1213 607 1268 mundi
633 1213 810 1284 hujus,
843 1222 898 1268 et
922 1215 974 1268 in
1001 1229 1084 1268 me
1115 1228 1222 1269 non
1252 1213 1414 1268 habet
1431 1213 1720 1284 quidquam

127 1303 330 1375 (Joan.
360 1321 471 1369 xxv,
502 1303 613 1376 30).
648 1324 667 1357 ι
710 1305 843 1374 Quia
873 1306 1017 1360 enim
1053 1307 1198 1361 hunc
1241 1306 1521 1361 mortalem
1551 1306 1721 1361 homi-

127 1409 269 1448 nem
293 1393 447 1460 vidit,
494 1407 653 1448 suum
697 1395 750 1448 in
794 1394 885 1449 illo
915 1396 1095 1449 mundi
1128 1395 1378 1466 princeps
1405 1396 1608 1465 aliquid
1634 1397 1718 1450 in-

129 1486 331 1541 venire
373 1499 531 1555 posse
559 1500 617 1540 se
643 1485 890 1540 credidit.
952 1485 1060 1542 Sed
1106 1487 1224 1542 sine
1274 1487 1382 1542 ullo
1416 1495 1640 1557 peccato
1688 1503 1720 1541 a

133 1574 330 1629 mundi
359 1573 701 1644 corruptione
743 1576 904 1641 exiit,
952 1577 1042 1646 qui
1083 1576 1199 1631 sine
1228 1586 1450 1646 peccato
1479 1579 1532 1632 in
1558 1594 1718 1633 mun-

131 1667 273 1722 dum
299 1667 466 1722 venit.
502 1666 614 1722 Hoc
643 1667 709 1722 de
752 1683 810 1723 se
835 1676 1020 1724 contra
1049 1668 1233 1723 mundi
1273 1669 1573 1740 principem
1620 1683 1720 1725 nec

131 1759 335 1816 Petrus
357 1759 537 1816 dicere
553 1761 915 1833 praesumpsit,
939 1761 1028 1832 qui
1051 1761 1236 1818 audire
1258 1763 1492 1817 meruit:
1522 1783 1539 1814 ι
1570 1762 1722 1832 Qua:-

1826 572 1880 627 in
1908 570 2064 626 nobis
2099 568 2284 624 multa.
2332 565 2440 623 Sed
2481 574 2662 622 tamen
2708 567 2896 622 mortis
2922 575 3123 623 nostra:
3151 576 3399 642 tempore

1818 662 1934 732 jam
1959 675 2060 716 nos
2083 673 2274 731 rapere
2295 675 2403 715 non
2430 658 2590 724 valet,
2638 657 2765 727 quia
2805 656 2922 726 ejus
2945 659 3186 714 membra
3211 673 3402 720 sumus

1825 752 1882 808 in
1903 765 2011 822 quo
2039 765 2147 805 non
2167 750 2330 804 habet
2356 747 2667 818 quidquam.
2711 745 2817 802 Sed
2839 747 2967 817 quid
3006 748 3226 818 prodest
3251 750 3398 821 quod

1826 843 2001 899 eidem
2030 840 2357 910 redemptori
2386 849 2572 896 nostro
2599 854 2698 909 per
2725 837 2884 894 fidem
2907 838 3224 911 jungimur:
3253 842 3300 898 si
3325 843 3398 900 ab

1826 949 1892 990 eo
1916 932 2156 988 moribus
2201 929 2610 1002 disjungamur?
2641 930 2758 1000 Ipse
2786 931 2988 986 etenim
3025 932 3194 990 dicit:
3230 951 3250 987 ι
3276 934 3397 992 Νοιι

1824 1031 1970 1086 enim
1995 1029 2086 1098 qui
2114 1017 2244 1082 dicit
2267 1026 2398 1081 mihi
2422 1025 2478 1080 in
2505 1024 2596 1079 illa
2624 1024 2731 1089 die,
2763 1023 3009 1090 Domine,
3034 1024 3284 1093 Domine,
3314 1027 3399 1082 in-

1825 1121 1991 1178 trabit
2015 1120 2070 1176 in
2098 1135 2323 1192 regnum
2351 1119 2611 1176 calorum
2646 1117 2860 1190 (Matth.
2893 1131 2994 1184 vn,
3023 1117 3137 1191 21).
3170 1136 3192 1172 ι
3222 1118 3396 1176 Recta

1825 1227 1954 1284 ergo
1981 1227 2144 1282 opera
2169 1210 2292 1266 ﬁdei
2318 1210 2764 1280 recttejungenda
2791 1217 2937 1265 sunt.
2959 1207 3094 1264 Mala
3121 1223 3240 1280 qua
3263 1209 3396 1266 feci-

1823 1319 1946 1361 mus
1977 1319 2077 1374 per
2105 1302 2412 1373 quotidiana
2461 1301 2692 1356 lamenta
2721 1298 3013 1357 defleamus
3038 1341 3054 1367 ,
3097 1309 3400 1358 transactas

1823 1403 2040 1451 nostras
2063 1393 2331 1464 nequitias
2357 1392 2631 1464 surgentia
2657 1391 2726 1446 ab
2753 1405 2938 1448 amore
2967 1392 3062 1448 Dei
3085 1400 3141 1447 et
3161 1393 3397 1464 proximi

1823 1493 1972 1542 recta
1997 1499 2162 1555 opera
2204 1493 2479 1556 superent,
2510 1483 2654 1539 nulla
2681 1498 2801 1554 quae
2829 1497 3116 1554 possumus
3136 1484 3398 1543 fratribus

1824 1577 2134 1648 impendere
2161 1577 2303 1631 bona
2349 1591 2680 1632 recusemus.
2717 1575 2918 1646 “Neque
2945 1578 3091 1632 enim
3117 1577 3272 1633 aliter
3312 1594 3400 1635 re-

1821 1667 2118 1740 demptoris
2155 1669 2327 1724 nostri
2365 1669 2606 1724 membra
2630 1667 2913 1740 efﬁcimur,
2955 1670 3060 1725 nisi
3088 1670 3399 1727 inhaerendo

1824 1759 1969 1824 Deo,
2015 1768 2070 1814 et
2094 1758 2468 1829 compatiendo
2505 1758 2769 1830 proximo.
2824 1759 2918 1814 Ille
2959 1759 3216 1815 nimirum
3243 1769 3402 1831 aptus

130 1867 354 1922 cunque
396 1851 645 1923 ligaveris
688 1866 850 1923 super
891 1861 1091 1907 terram
1114 1893 1129 1918 ,
1169 1852 1331 1924 ligata
1359 1863 1519 1908 erunt
1563 1861 1618 1908 et
1661 1854 1716 1908 in
1746 1845 1796 1908 Β
1821 1858 1908 1906 est
1933 1863 2101 1919 regno
2129 1847 2411 1914 calorum,
2458 1849 2550 1922 qui
2580 1848 2922 1905 dilectionem
2950 1849 3044 1905 Dei
3073 1851 3129 1906 in
3155 1852 3400 1908 custodia

132 1944 332 2000 malis:
381 1953 436 2000 et
462 1944 818 2016 quodcunque
861 1945 1086 2001 solveris
1133 1960 1295 2014 super
1327 1955 1566 2010 terram,
1614 1945 1718 2000 erit

133 2034 375 2090 solutum
398 2043 452 2089 et
473 2033 528 2088 in
552 2035 703 2090 cadis
730 2034 942 2107 (Matth.
979 2050 1094 2102 xvr,
1122 2035 1232 2106 19).
1264 2055 1283 2088 ι
1320 2033 1434 2091 Hoc
1458 2050 1559 2089 nec
1583 2036 1721 2090 Pau—

131 2123 226 2181 lus
245 2125 422 2180 dicere
441 2126 801 2197 praisumpsit,
817 2126 910 2198 qui
935 2112 1248 2196 priusquam
1270 2126 1461 2181 mortis
1480 2124 1719 2180 debitum

135 2217 394 2283 solveret,
420 2216 487 2271 ad
534 2215 657 2272 coeli
696 2217 841 2272 tertii
889 2226 1098 2273 secreta
1147 2217 1435 2288 pervenit;
1472 2219 1575 2273 hoc
1620 2233 1719 2273 nec

133 2309 376 2365 Joannes
412 2299 591 2366 dicere
619 2325 784 2364 ausus
808 2318 910 2376 est,
966 2309 1058 2380 qui
1108 2326 1206 2380 pro
1234 2323 1419 2364 amore
1448 2310 1720 2379 przecipuo

135 2402 194 2456 in
239 2402 592 2473 redemptoris
620 2401 700 2459 sui
745 2411 964 2474 pectore
999 2402 1052 2456 in
1083 2415 1238 2458 caena
1266 2402 1530 2458 recubuit.
1584 2400 1720 2456 Nam

133 2508 265 2548 cum
314 2492 580 2562 Propheta
623 2493 803 2550 dicat:
855 2512 872 2545 ‹
904 2493 1044 2548 Ecce
1070 2493 1216 2548 enim
1244 2492 1299 2548 in
1344 2493 1721 2564 iniquitatibus

135 2592 433 2655 conceptus
461 2600 599 2650 sum,
632 2593 688 2640 et
715 2586 770 2639 in
800 2585 1010 2641 delictis
1035 2586 1243 2656 peperit
1282 2601 1369 2652 me
1399 2595 1571 2642 mater
1600 2602 1719 2642 mea

140 2675 320 2753 (Paul.
353 2694 406 2746 ι,
432 2677 511 2750 7),
539 2697 558 2730 ι
594 2676 712 2733 sine
737 2678 892 2749 culpa
923 2679 977 2734 in
1007 2678 1206 2734 mundo
1241 2693 1362 2734 esse
1389 2695 1498 2733 non
1525 2681 1722 2749 potuit,

138 2770 238 2842 qui
264 2771 318 2824 in
346 2767 603 2825 mundum
623 2785 749 2825 cum
776 2770 933 2841 culpa
960 2771 1130 2826 venit.
1151 2771 1288 2826 Hinc
1317 2787 1553 2842 namque
1581 2773 1722 2827 idem

141 2860 412 2930 Propheta
438 2860 514 2916 ait
541 2879 554 2915 :
590 2878 609 2912 ι
631 2855 748 2917 Νοη
776 2861 921 2916 enim
938 2859 1324 2930 iustiﬁcabitur
1351 2863 1406 2917 in
1430 2871 1723 2932 conspectu

143 2960 241 3006 tuo
265 2952 436 3007 omnis
461 2952 647 3007 vivens
695 2950 869 3024 (Psal.
897 2968 1064 3019 chn,
1090 2953 1168 3024 2).
1198 2972 1218 3005 ι
1282 2953 1420 3008 Hinc
1467 2952 1722 3008 Salomon

142 3042 222 3095 ait
250 3059 262 3093 :
316 3061 334 3094 ‹
371 3040 487 3097 Νοη
514 3050 598 3097 est
625 3042 784 3109 homo
833 3043 887 3096 in
922 3051 1067 3098 terra
1102 3044 1193 3115 qui
1225 3043 1390 3100 faciat
1419 3045 1621 3100 bonum
1668 3051 1724 3098 et

144 3150 255 3188 non
293 3143 492 3205 peccet.
531 3153 550 3187 ›
592 3133 728 3190 Hinc
770 3133 1005 3193 Joannes
1039 3137 1204 3192 dicit:
1268 3157 1286 3188 ‹
1325 3136 1383 3192 Si
1429 3137 1724 3192 dixerimus

1820 1941 2201 1996 mandatorum
2242 1938 2357 2009 ejus
2383 1948 2508 1995 ante
2549 1939 2732 1996 omnia
2761 1951 2934 2011 usque
2974 1941 3043 1996 ad
3084 1939 3246 1997 finem
3275 1942 3401 1998 vita:

1822 2031 2022 2087 habere
2047 2031 2263 2103 satagit,
2285 2041 2340 2086 et
2365 2031 2706 2088 dilectionem
2743 2033 3000 2104 proximi,
3027 2034 3080 2088 in
3107 2035 3400 2090 necessita-

1801 2123 1966 2180 tibus
2007 2123 2124 2192 ejus
2153 2132 2414 2194 quantum
2458 2125 2720 2196 prmvalet‘
2740 2125 3087 2193 consulendo,
3113 2125 3402 2184 manifeste

1819 2230 1921 2286 per
1942 2230 2106 2286 opera
2135 2217 2389 2271 ostendit.
2441 2215 2566 2272 Haec
2597 2233 2726 2287 ergo
2767 2215 3172 2274 considerantes
3196 2219 3398 2275 bonum

1820 2315 2096 2362 certamen
2122 2315 2408 2374 certemus,
2461 2323 2678 2363 cursum
2717 2308 2906 2382 agonis
2949 2311 3122 2367 nostri
3147 2325 3400 2366 consum-

1821 2411 1972 2451 mare
2021 2395 2350 2465 Studeamus,
2407 2399 2564 2454 [idem
2617 2414 2837 2455 scrvare
2884 2411 3155 2457 curemus.
3209 2400 3404 2458 Nullus

1821 2503 2066 2546 nostrum
2095 2489 2159 2545 de
2180 2489 2391 2560 justitia
2413 2507 2510 2547 sua
2533 2501 2860 2563 praesumat:
2893 2494 2989 2548 sed
3017 2507 3082 2550 ea
3103 2509 3224 2566 quae
3249 2501 3398 2550 retro

1821 2592 1947 2640 sunt
1965 2585 2288 2640 obliviscens
2317 2586 2372 2640 in
2401 2587 2670 2642 anteriora
2695 2599 2754 2641 se
2775 2599 2990 2656 semper
3011 2587 3283 2654 extendat,
3316 2602 3403 2643 se-
3429 2599 3444 2612 '

1822 2689 1993 2744 quens
2047 2691 2292 2745 supernae
2345 2677 2646 2732 vocationis
2690 2679 2994 2747 praemium,
3044 2679 3398 2750 quoadusque

1821 2764 1954 2820 illud
1979 2775 2360 2836 consequatur.
2397 2766 2565 2822 Nemo
2593 2781 2722 2838 ergo
2751 2767 2856 2822 scit
2879 2767 3008 2836 quid
3040 2768 3106 2822 de
3147 2782 3204 2824 se
3229 2769 3284 2824 in
3307 2783 3398 2824 oc-

1823 2857 1982 2912 eultis
2009 2858 2103 2911 Dei
2126 2855 2344 2925 iudiciis
2371 2858 2568 2928 agitur,
2618 2857 2934 2928 quia'multi
2971 2859 3146 2913 vocati
3172 2899 3190 2924 ,
3241 2860 3399 2929 pauci

1821 2961 1952 3002 vero
1979 2947 2155 3003 electi.
2207 2947 2342 3017 Quia
2375 2948 2539 3020 igitur
2583 2949 2714 3003 nulli
2763 2950 2829 3005 de
2859 2963 2918 3004 se
2945 2958 3152 3004 certum
3181 2957 3267 3004 est
3290 2949 3400 3005 ele-

1823 3049 1967 3096 ctum
1995 3055 2051 3096 se
2077 3055 2215 3107 esse,
2267 3047 2436 3096 restat
2481 3049 2542 3094 ut
2566 3055 2754 3096 omnes
2783 3040 3068 3111 trepident,
3121 3053 3310 3095 omnes
3333 3042 3400 3094 de

1825 3149 1920 3192 sua
1948 3137 2162 3192 actione
2201 3133 2514 3202 formident,
2546 3149 2735 3192 omnes
2788 3137 2842 3192 in
2871 3137 2983 3192 sola
3029 3137 3206 3192 divina
3237 3137 3401 3192 misea

141 3225 274 3296 quia
312 3238 588 3298 peccatum
617 3243 722 3283 non
750 3228 1033 3296 habemus,
1079 3231 1180 3300 ipsi
1210 3245 1307 3286 nos
1336 3229 1640 3286 seducimus
1669 3238 1725 3284 et
1750 3211 1795 3275 C
1827 3225 2061 3282 ricordia
2101 3228 2392 3297 gaudeant,
2449 3226 2630 3282 nullus
2684 3228 2752 3282 de
2795 3227 2907 3282 suis
2952 3226 3158 3284 viribus
3201 3243 3405 3298 praesu-

141 3317 348 3373 veritas
378 3318 430 3372 in
475 3319 628 3374 nobis
653 3335 758 3375 non
787 3328 871 3375 est
903 3319 956 3393 (I
1007 3319 1168 3376 Joan.
1221 3338 1261 3388 ι,
1293 3321 1369 3393 8).
1409 3341 1428 3374 ι
1462 3320 1600 3376 Hinc
1633 3317 1722 3374 Ja-

139 3411 313 3467 cobus
336 3414 412 3468 ait
437 3431 449 3467 :
489 3433 506 3465 σ
544 3413 600 3469 ln
628 3415 810 3470 multis
835 3414 979 3470 enim
1007 3412 1331 3471 offendimus
1357 3429 1545 3470 omnes
1577 3413 1719 3486 (Jac.

142 3517 232 3568 ιιι,
263 3502 338 3574 2).
371 3521 392 3556 ι
446 3503 670 3560 Constat
716 3507 859 3562 enim
904 3520 1003 3562 nec
1043 3521 1240 3579 negare
1286 3522 1593 3578 possumus,
1628 3505 1723 3562 sed

1825 3325 1958 3372 mat.
2010 3317 2104 3373 Est
2140 3319 2232 3388 qui
2281 3318 2528 3390 perﬁciat
2559 3317 2810 3373 fiduciam
2854 3326 3132 3374 nostram:
3182 3318 3274 3376 ille
3299 3319 3404 3375 sci-

1825 3405 1951 3462 licet
1976 3407 2066 3477 qui
2093 3409 2148 3463 in
2178 3423 2237 3464 se
2283 3407 2537 3465 dignatus
2578 3415 2664 3464 est
2690 3420 2967 3465 assumere
3009 3417 3256 3464 naturam
3301 3424 3403 3465 no-

1826 3505 1997 3560 stram

157 3683 2856 3711 ———-———-—i———————_————_—————_n_

747 3845 1314 3974 BEATI
1386 3861 1722 3974 BA]

1824 3861 2133 3977 IN!
2205 3858 2823 3973 MAURI

879 4093 1264 4153 FULDENSIS
1298 4091 1588 4152 ABBATIS
1629 4094 1719 4151 ET
1759 4092 2142 4153 MOGUNTINI
2177 4095 2716 4163 ARCHIEPISCOPI,

147 4291 747 4424 0001001000
777 4295 1092 4441 000M,
1125 4294 1258 4425 DE
1295 4295 1826 4425 PURITATE
1865 4295 2223 4425 0011018
2252 4300 2384 4428 ET
2409 4299 2690 4430 M000
2728 4295 3418 4430 PtENITENTIE

1450 4539 1754 4614 LIBRI
1809 4525 2110 4631 TRES,

1287 4717 1398 4778 AD
1441 4695 1828 4779 BONOSUM'
1870 4716 2276 4780 ABBATEM.

647 5029 881 5092 LIBER
919 5026 1235 5091 PRIMUS.

617 5188 701 5230 DE
744 5185 1024 5231 VIDBNDO
1067 5185 1269 5232 DEUII.

223 5301 526 5376 Apostolica
566 5317 664 5358 nos
710 5301 962 5357 admonet
1001 5300 1267 5378 sententia
1303 5298 1482 5374 (Rom.
1516 5315 1618 5368 xu,
1668 5302 1727 5374 '5)

149 5407 213 5454 ut
241 5416 259 5449 ‹
293 5409 397 5453 non
422 5397 540 5469 plus
565 5395 791 5452 velimus
816 5407 1005 5466 sapere
1027 5409 1188 5465 quam
1212 5402 1426 5465 oportet
1451 5409 1665 5466 sapere,
1700 5415 1719 5448 ι

151 5491 250 5549 sed
283 5503 470 5561 sapere
513 5489 579 5544 ad
624 5486 1004 5551 sobrietatem,
1035 5494 1090 5540 et
1120 5487 1414 5541 secundum
1459 5486 1726 5543 rationem

155 5581 323 5646 fidei;
383 5588 440 5635 et
469 5579 609 5635 idem
654 5579 903 5634 hortatur
944 5591 1044 5633 nos
1091 5585 1152 5632 ut
1194 5577 1452 5647 quidquid
1503 5591 1728 5648 agamus

153 5669 447 5744 prudenter
476 5681 527 5726 et
555 5671 844 5726 secundum
877 5670 1136 5726 rationem
1167 5668 1347 5723 facere.
1370 5669 1687 5725 Studeamus
1709 5712 1722 5736 ,

158 5767 230 5825 ita
278 5764 464 5823 dicens
500 5783 512 5820 :
569 5786 586 5816 ‹
623 5763 813 5822 Omnia
842 5774 1020 5823 vestra
1059 5767 1283 5822 honeste
1331 5773 1385 5820 et
1432 5766 1724 5824 secundum

1745 5033 1800 5095 D
1824 5031 2072 5088 ordinem
2101 5029 2233 5085 [lant
2272 5027 2323 5102 (Ι
2351 5028 2476 5084 Cor.
2506 5042 2618 5096 xxv,
2643 5025 2761 5102 40).
2814 5046 2836 5082 ι
2868 5026 3024 5086 Unde
3059 5029 3231 5087 miror
3258 5033 3404 5103 quod

1833 5124 2053 5193 quidam
2087 5137 2155 5178 ex
2176 5121 2399 5188 nostris,
2433 5135 2540 5178 non
2579 5129 2791 5192 tempus
2827 5137 2930 5180 nec
2962 5123 3180 5180 modum
3211 5127 3404 5183 obser-

1833 5225 2041 5278 vantes,
2084 5214 2150 5269 de
2193 5213 2417 5270 secretis
2446 5212 2542 5268 Dei
2577 5220 2634 5268 et
2677 5212 2984 5271 caelestibus
3029 5215 3303 5287 mysteriis
3349 5215 3404 5271 in

1833 5307 2098 5364 conviviis
2125 5307 2238 5362 suis
2271 5307 2414 5362 inter
2441 5305 2632 5376 pocula
2675 5306 2980 5377 disputant,
3029 5307 3263 5378 qualiter
3285 5315 3409 5378 post

1833 5399 1975 5454 hanc
2025 5398 2192 5454 vitam
2244 5397 2400 5452 electi
2427 5397 2598 5452 visuri
2644 5402 2770 5453 sunt
2813 5397 3100 5454 Dominum
3143 5397 3202 5453 in
3235 5411 3411 5469 regno

1835 5491 2073 5556 ctelesti;
2105 5489 2261 5559 quasi
2291 5489 2434 5545 idem
2453 5487 2780 5546 omnium'sit
2799 5491 3062 5561 cauponis
3086 5500 3143 5546 et
3168 5497 3412 5546 conte-

1833 5584 2110 5654 plationis,
2139 5591 2194 5640 et
2217 5583 2370 5654 quasi
2394 5583 2642 5652 poculum
2669 5583 2781 5638 vini
2807 5581 3148 5638 amatoribus
3169 5581 3285 5637 suis
3306 5581 3411 5636 hoc

1833 5673 1940 5730 una
1989 5675 2120 5731 hora
2171 5676 2341 5747 possit
2381 5674 2627 5730 conferre
2656 5674 2799 5745 quod
2845 5671 2922 5728 illi
2963 5681 3123 5728 antea
3163 5671 3324 5742 longe
3353 5671 3407 5727 in

1833 5766 2129 5834 Scripturis
2165 5769 2334 5824 sacris
2377 5768 2580 5824 intente
2620 5767 2910 5823 noluerunt
2944 5764 3228 5823 meditari?
3266 5777 3409 5840 pra:-
