3956 6326
1750 275 1766 294 ι
1781 275 1858 292 ··
1873 273 2069 315 .ε.ο;τ-·ν·;.;εεν

1305 354 1367 410 Β.
1407 353 1658 411 RABANI
1696 353 1913 410 MAURI
1949 352 2266 410 ARCHIEP.
2305 349 2612 410 MOGUNT.
2651 346 2937 408 OPERUM
2971 347 3148 406 PARS
3183 350 3264 407 Ill.

3675 363 3765 425 ml

671 472 862 529 sertim
909 482 1032 526 cum
1091 465 1378 524 Psalmista
1424 465 1544 522 illos
1593 466 1782 522 beatos
1829 474 2100 537 nuncupet
2150 465 2243 535 qui
2269 465 2490 530 Aniam
2512 463 2613 534 ipsi
2631 463 2797 520 Deum
2818 463 3074 519 videbunt
3091 463 3295 538 (Matth.
3316 467 3767 544 v.8).isedquonim

676 581 696 614 σ
735 559 1068 618 immaculati
1113 559 1169 614 in
1212 559 1296 612 via
1340 557 1616 614 ambulant
1643 559 1697 612 in
1737 557 1854 630 lege
1902 559 2147 624 Domini,
2190 565 2246 614 et

670 654 762 725 qui
793 660 1100 708 scrutantes
1128 649 1434 706 testimonia
1459 648 1604 718 ejus,
1633 650 1688 704 in
1731 658 1844 704 toto
1869 651 2029 704 corde
2050 651 2240 720 exqui-

672 754 801 801 runt
843 761 966 800 eum
997 741 1171 816 (Psal.
1201 757 1386 807 cxvm,
1417 741 1492 814 1).
1539 761 1557 793 ι
1593 741 1662 797 Ει
1705 757 1774 798 ne
1823 743 1999 798 subito
2026 742 2111 797 vel
2137 743 2242 797 im-

665 837 963 906 prudenter
985 834 1105 905 quis
1144 835 1210 890 de
1255 833 1508 890 invisibili
1532 831 1863 888 etinetl‘abili
1893 832 2001 888 Deo
2036 847 2242 903 praesu-

668 937 784 982 mat
823 927 1119 997 disputare,
1173 926 1316 982 idem
1350 927 1610 996 propheta
1645 942 1712 980 ex
1749 940 1979 997 persona
2029 924 2242 980 Domini

669 1020 800 1075 dicit
836 1038 848 1073 :
902 1039 920 1071 ‹
960 1019 1163 1076 Vacate
1204 1028 1260 1073 et
1285 1019 1463 1074 videte
1505 1018 1774 1088 quomodo
1815 1033 1914 1090 ego
1954 1032 2072 1073 sum
2101 1017 2241 1072 Deus

667 1107 842 1179 (Psal.
868 1125 992 1174 ην,
1018 1109 1126 1179 ll).
1161 1127 1180 1160 ›
1209 1107 1265 1163 Si
1289 1109 1503 1179 quidem
1524 1112 1615 1179 qui
1636 1124 1829 1163 vacare
1857 1109 1968 1163 Deo
1996 1107 2237 1178 negligit,

665 1213 764 1254 suo
803 1198 904 1254 sibi
927 1196 1131 1266 judicio
1179 1198 1362 1252 lumen
1395 1195 1510 1266 ejus
1539 1197 1760 1253 visionis
1804 1197 2112 1263 abscondit;
2148 1197 2240 1266 qui

665 1297 845 1343 autem
870 1288 1363 1358 perturbationibus
1389 1289 1678 1344 indiscrete
1705 1302 1763 1344 se
1792 1289 2156 1355 intermiscet,
2185 1298 2240 1345 et

663 1381 928 1438 tumultus
971 1396 1150 1437 rerum
1191 1381 1563 1452 temporalium
1608 1382 1750 1436 intra
1789 1391 2027 1438 mentem
2085 1398 2239 1438 suam

662 1473 870 1527 versari
893 1471 1175 1542 permittit,
1198 1472 1418 1527 omnino
1437 1480 1646 1528 secreta
1667 1473 1950 1528 invisibilis
1968 1473 2063 1528 Dei
2091 1489 2241 1529 scru-

663 1562 765 1616 tari
784 1562 1036 1617 inhabilis
1053 1561 1134 1628 ﬁt,
1162 1563 1379 1632 quando
1392 1563 1483 1633 qui
1504 1563 1809 1619 didicerunt
1826 1579 1856 1618 a
1875 1563 2103 1619 Domino
2125 1564 2237 1621 Deo

660 1650 786 1708 Jesu
814 1650 1032 1708 Christo
1080 1652 1240 1708 mites
1265 1667 1387 1708 esse
1413 1660 1469 1707 et
1491 1651 1721 1710 humiles
1747 1651 1910 1708 corde
1945 1651 2066 1723 plus
2087 1654 2237 1724 cogi-

659 1745 829 1801 tando
855 1754 911 1801 et
937 1745 1177 1812 orando,
1208 1746 1548 1817 simplicique
1573 1746 1735 1802 corde
1762 1747 1910 1802 illum
1948 1749 2238 1817 quaerendo

2346 557 2534 613 amicis
2563 557 2763 612 nostris
2791 557 3103 627 rogantibus
3127 566 3182 614 et
3222 560 3434 616 maxime
3456 563 3667 625 Ludovico
3690 591 3767 646 rege

2344 655 2692 719 exhortante,
2742 653 2809 708 de
2853 653 3031 708 futura
3072 654 3275 710 visione
3310 655 3395 711 Dei
3421 659 3584 729 aliquid
3614 667 3766 724 scribere

2345 751 2566 799 coactus
2601 758 2742 810 sum,
2793 743 2896 798 hoc
2948 745 3123 813 ipsum
3168 760 3270 800 non
3296 749 3550 804 secundum
3587 760 3765 824 propriam

2345 835 2672 906 opinionem,
2709 836 2804 890 sed
2838 838 3131 890 secundum
3174 846 3460 893 sanctorum
3502 841 3708 900 doctorum
3735 860 3767 904 et

2343 926 2730 982 catholicorum
2773 925 2993 982 Patrum
3027 927 3359 984 traditionem
3384 932 3568 1002 aggredi
3604 939 3765 1007 tentaho,

2341 1025 2396 1073 et
2426 1016 2512 1072 vel
2541 1031 2728 1072 eorum
2758 1019 3056 1073 sententias
3077 1020 3334 1090 ponendo,
3364 1021 3464 1076 sive
3487 1023 3668 1092 ipsorum
3693 1043 3766 1082 seu-

2341 1121 2460 1160 sum
2503 1106 2738 1175 propriis
2774 1107 2973 1174 verbis,
3019 1108 3296 1163 brevitatis
3331 1124 3494 1174 causa,
3525 1112 3763 1184 explicando,

2341 1206 2605 1269 quantum
2631 1200 2826 1264 sentio,
2853 1199 3142 1256 ostendere
3176 1201 3384 1256 curabo.
3411 1200 3594 1271 Scripsit
3616 1208 3764 1262 enimd:

2340 1289 2444 1344 hoc
2470 1289 2660 1344 beatus
2685 1290 3019 1359 Augustinus
3040 1290 3095 1344 in
3119 1291 3383 1362 plerisque
3400 1291 3530 1356 locis,
3554 1303 3596 1348 et
3617 1298 3762 1354 maxime

2339 1379 2396 1434 in
2438 1379 2664 1449 epistola
2696 1379 2765 1435 ad
2800 1380 3084 1436 Paulinam
3125 1382 3192 1437 de
3219 1383 3435 1438 videndo
3474 1384 3584 1448 Deo,
3608 1388 3671 1440 ubi
3687 1391 3760 1456 quid

2339 1470 2454 1542 ipse
2480 1472 2739 1536 senserit,
2763 1471 2847 1527 vel
2869 1472 3000 1542 quid
3021 1473 3204 1528 caeteri
3233 1474 3395 1528 sancti
3415 1473 3568 1530 Patres
3588 1485 3674 1531 ante
3689 1492 3758 1531 eum

2339 1564 2672 1635 scripserint,
2699 1580 2806 1620 non
2831 1573 2991 1620 tacet.
3020 1564 3165 1620 Dicit
3193 1566 3332 1621 enim
3354 1569 3403 1620 in
3429 1569 3580 1622 eadem
3599 1570 3754 1638 epistoti:

2340 1653 2431 1710 Sic
2470 1654 2738 1710 credimus
2763 1654 2948 1710 videre
2992 1655 3200 1720 Deum,
3249 1671 3352 1710 non
3389 1657 3500 1726 quia
3523 1657 3684 1711 vidimus
3711 1658 3755 1711 vel

2339 1760 2435 1816 per
2463 1744 2652 1801 oculos
2677 1745 2946 1814 corporis,
2972 1745 3115 1800 sicut
3140 1745 3375 1802 videmus
3396 1747 3519 1802 hunc
3537 1747 3680 1810 solem,
3709 1749 3754 1802 vel

657 1838 991 1907 proﬁciunt,
1063 1852 1225 1908 quam
1299 1839 1650 1909 supervacuis
1695 1838 2236 1896 sermocinationibus
2261 1820 2312 1883 Β
2338 1838 2537 1893 mentis
2558 1836 2791 1903 obtuitu,
2818 1837 2958 1892 sicut
2986 1852 3047 1893 se
3069 1838 3298 1908 quisque
3318 1838 3516 1894 interius
3531 1839 3636 1894 videt
3650 1841 3752 1893 viven-

661 1925 985 1996 disputando
1007 1933 1171 1995 atque
1195 1925 1539 1982 decertando.
1567 1926 1718 1994 Quod
1744 1935 1924 1983 autem
1953 1928 2032 1984 sic
2059 1929 2233 1984 cautis

657 2018 1045 2088 quaestionibus
1071 2034 1178 2074 non
1201 2019 1274 2074 sit
1321 2018 1734 2075 deserviendum
1755 2060 1771 2086 ,
1795 2019 1995 2076 Paulus
2024 2021 2092 2076 ad
2117 2020 2230 2076 dis-

519 2077 526 2092 .
583 2105 588 2109 ”
656 2077 894 2183 έίριιιιιω
930 2111 1004 2167 ita
1045 2111 1328 2183 inquiens,
1354 2112 1630 2175 scribens,
1659 2112 1929 2167 ostendit:
1967 2130 1986 2164 ι
2026 2112 2232 2170 Stultas

657 2211 713 2258 et
755 2202 872 2257 sine
921 2202 1204 2274 disciplina
1249 2202 1574 2274 quaestiones
1623 2203 1830 2268 devita,
1881 2204 2057 2260 sciens
2104 2205 2232 2276 quia

657 2303 920 2365 generant
965 2295 1087 2351 lites
1120 2313 1133 2349 :
1165 2310 1383 2351 servum
1414 2303 1594 2350 autem
1620 2293 1833 2350 Domini
1871 2311 1979 2352 non
2023 2304 2234 2367 oportet

657 2388 893 2460 litigare,
922 2389 1015 2444 sed
1056 2397 1400 2444 mansuetum
1424 2403 1544 2444 esse
1571 2388 1636 2443 ad
1668 2403 1888 2454 omnes,
1912 2388 2195 2445 docibilem
2212 2429 2228 2458 ,

655 2479 947 2556 patientem
975 2478 1062 2550 (II
1093 2478 1228 2534 Tim.
1263 2495 1332 2546 ιι,
1361 2479 1475 2548 25).
1512 2497 1530 2529 ι
1572 2479 1805 2535 Proinde
1831 2480 1987 2536 decet
2017 2490 2078 2536 ut
2108 2481 2230 2552 qui-

661 2583 875 2638 cunque
924 2568 990 2623 de
1036 2568 1308 2639 mysteriis
1355 2567 1665 2624 coelestibus
1690 2568 1806 2624 vult
1843 2571 2108 2635 scrutari,
2148 2571 2232 2628 vel

657 2659 936 2730 disputare
957 2699 973 2726 ,
1015 2660 1228 2715 studeat
1259 2659 1410 2732 prius
1452 2675 1546 2716 eor
1569 2676 1600 2715 a
1636 2661 1922 2717 mundanis
1953 2662 2233 2720 desideriis

656 2760 713 2805 et
741 2750 993 2805 vitiorum
1030 2749 1277 2806 sordibus
1301 2765 1630 2823 expurgare,
1663 2761 1719 2807 et
1755 2752 1833 2808 sic
1861 2753 2076 2808 demum
2107 2769 2230 2825 spe-

657 2849 742 2896 ret
765 2856 824 2896 se
866 2855 966 2912 per
989 2841 1085 2897 Dei
1130 2842 1358 2913 gratiam
1389 2843 1647 2913 spiritalia
1693 2843 1831 2900 dona
1879 2859 2039 2915 posse
2075 2844 2232 2915 plane

653 2934 956 3004 percipere.
984 2934 1137 2990 Unde
1163 2944 1491 2993 memoratus
1521 2936 1797 3008 apostolus
1827 2938 1985 2994 docet
2004 2938 2190 2994 dicens
2214 2956 2227 2993 :

661 3049 680 3081 ‹
722 3029 1074 3086 Renovamini
1097 3030 1288 3100 spiritu
1303 3031 1500 3086 mentis
1523 3038 1716 3086 vestra:
1737 3039 1794 3086 et
1809 3031 2013 3087 induite
2033 3047 2232 3087 novum

657 3123 954 3188 hominem,
979 3122 1071 3192 qui
1105 3122 1401 3178 secundum
1436 3125 1604 3180 Deum
1633 3133 1850 3182 creatus
1889 3134 1973 3182 est
1999 3127 2053 3181 in
2075 3124 2233 3197 justi-

657 3216 731 3270 tia
761 3223 815 3270 et
838 3218 1123 3273 sanctitate
1144 3219 1392 3275 veritatis
1417 3219 1632 3292 (Ephcs.
1665 3235 1740 3288 Iv,
1762 3219 1876 3293 25).
1909 3241 1929 3274 ι
1962 3220 2030 3277 Et
2058 3221 2225 3278 item:

661 3326 679 3356 ι
723 3306 1063 3373 Mortiﬁcate,
1082 3309 1274 3378 inquit,
1297 3311 1538 3365 membra
1561 3318 1764 3376 vestra,
1786 3326 1904 3381 quae
1925 3319 2051 3367 sunt
2069 3326 2230 3382 super

659 3409 890 3463 terram,
945 3397 1387 3465 fornicationem,
1438 3399 1866 3467 immunditiam,
1919 3399 2227 3468 libidinem,

656 3489 1146 3557 concupiscentiam
1176 3489 1374 3544 malam
1395 3499 1453 3545 et
1473 3491 1778 3557 avaritiam,
1811 3505 1932 3560 quae
1957 3499 2042 3546 est
2065 3491 2233 3548 simu-

655 3579 924 3634 lacrorum
967 3579 1231 3647 servitus,
1259 3588 1481 3652 propter
1505 3597 1627 3652 qua:
1657 3581 1804 3636 venit
1829 3582 1911 3636 ira
1941 3582 2037 3637 Dei
2067 3597 2231 3653 super

654 3671 796 3732 ﬁlios
850 3672 1280 3738 incredulitatis,
1329 3674 1383 3729 in
1432 3675 1628 3744 quibus
1673 3682 1730 3729 et
1769 3690 1866 3730 vos
1915 3665 2229 3730 ambul'astis

655 3765 945 3834 aliquando
981 3781 1104 3821 cum
1132 3766 1391 3822 viveretis
1419 3767 1473 3822 in
1504 3767 1630 3822 illis.
1665 3766 1817 3822 Nunc
1844 3775 2024 3823 autem
2061 3768 2227 3838 depo-

653 3856 767 3911 nite
797 3865 850 3911 et
875 3873 971 3912 vos
1013 3857 1194 3913 omnia
1225 3875 1238 3913 :
1268 3859 1424 3924 iram,
1455 3859 1875 3930 indignationem
1895 3901 1910 3927 ,
1941 3861 2226 3927 malitiam,

653 3946 1045 4018 blasphemiam
1073 3991 1088 4016 ,
1148 3959 1355 4020 turpem
1412 3965 1716 4007 sermonem
1765 3952 1831 4008 dc
1881 3968 1977 4008 ore
2025 3964 2226 4011 vestro.

654 4036 829 4094 Nolite
851 4041 1068 4095 mentiri
1098 4041 1348 4106 invicem,
1373 4043 1733 4113 exspoliantes
1754 4059 1849 4099 vos
1869 4052 2108 4100 veterem
2128 4047 2228 4102 ho-

653 4130 853 4185 minem
884 4146 1005 4185 cum
1032 4133 1242 4188 actibus
1271 4131 1407 4201 ejus,
1431 4141 1488 4188 et
1517 4134 1802 4190 induentes
1832 4151 2028 4191 novum
2049 4177 2065 4201 ,
2105 4153 2229 4193 eum

653 4223 743 4292 qui
775 4232 1067 4278 renovatur
1097 4225 1148 4278 in
1173 4225 1444 4295 agnitione
1474 4225 1766 4282 secundum
1799 4228 2086 4299 imaginem
2113 4229 2230 4299 ejus

653 4313 742 4382 qui
773 4314 980 4368 creavit
1001 4329 1143 4376 eum,
1174 4316 1264 4369 ubi
1289 4331 1393 4371 non
1431 4323 1514 4370 est
1543 4317 1758 4385 gentilis
1783 4325 1838 4371 et
1853 4315 2101 4381 Iudaeus,
2124 4319 2232 4372 cir-

653 4404 914 4460 cumcisio
933 4413 986 4460 et
1007 4405 1346 4476 praeputium,
1364 4406 1628 4462 barbarus
1652 4416 1709 4462 et
1731 4406 1952 4478 Scytha,
1975 4416 2030 4463 et
2044 4423 2232 4464 servus

2257 3177 2304 3242 C

2335 1936 2465 1994 tem,
2496 1927 2642 1984 videt
2670 1927 2963 1994 volentem,
2992 1928 3144 1984 videt
3165 1938 3500 2000 quaarenlem,
3525 1929 3631 1984 videt
3651 1931 3749 1984 scien-

2333 2024 2476 2083 ῑεῐιπ,
2513 2017 2659 2072 videt
2705 2017 3059 2073 nescientem.
3113 2018 3196 2074 Tu
3237 2019 3408 2090 itaque
3442 2019 3536 2088 ipsa
3577 2019 3678 2073 lectis
3706 2019 3749 2071 his

2333 2104 2560 2172 litteris,
2610 2105 2776 2162 solem
2807 2107 3029 2177 quidem
3055 2107 3257 2164 vidisse
3301 2117 3352 2163 te
3385 2109 3548 2164 recolis
3569 2109 3747 2180 peromlu

2333 2196 2598 2267 corporis,
2638 2207 2792 2266 potes
2815 2197 2982 2252 etiam
3014 2197 3204 2253 statim
3230 2198 3425 2265 videre,
3466 2199 3504 2253 si
3526 2206 3589 2253 est
3610 2199 3645 2252 id
3673 2208 3745 2250 tem-

2331 2291 2499 2362 poris,
2527 2299 2582 2345 et
2627 2303 2692 2346 eo
2727 2289 2830 2346 loci
2872 2307 2931 2346 es
2973 2291 3069 2346 ubi
3118 2305 3186 2346 ex
3235 2307 3296 2347 ea
3335 2300 3472 2363 parte
3493 2289 3743 2347 ccelumoculis

2334 2381 2441 2438 tuis
2480 2395 2650 2451 usque
2676 2382 2742 2436 ad
2773 2383 2940 2437 solem
2973 2383 3336 2438 contuendum
3367 2391 3513 2454 patet.
3532 2381 3743 2436 Adillavem

2333 2473 2561 2527 videnda
2581 2487 2700 2542 quae
2729 2482 2909 2528 mente
2933 2475 3179 2546 conspici
3204 2475 3332 2542 dixi,
3361 2476 3407 2530 id
3431 2483 3516 2540 est,
3537 2472 3635 2544 quod
3651 2471 3741 2532 vim

2333 2567 2476 2635 quod
2501 2565 2686 2621 videre
2728 2567 2899 2621 Deum
2927 2567 3088 2633 velis,
3120 2572 3263 2639 quod
3290 2568 3342 2622 id
3364 2568 3590 2637 requiras,
3611 2565 3695 2636 quod
3715 2578 3740 2614 te

2331 2658 2513 2712 vivere
2558 2665 2613 2712 et
2640 2657 2777 2712 velle
2824 2666 2880 2712 et
2907 2673 3155 2729 quaerere
3197 2659 3366 2726 scias,
3409 2657 3616 2730 quomodo
3645 2663 3741 2708 autem

2333 2748 2476 2804 Deus
2496 2749 2746 2804 videatur
2779 2750 3032 2817 nescias;
3063 2752 3134 2806 ad
3159 2751 3294 2817 haec,
3324 2752 3536 2820 inquam,
3570 2747 3682 2801 omnia
3702 2742 3741 2793 ii-

2334 2842 2526 2908 dcnda,
2552 2858 2660 2897 non
2682 2843 2868 2898 oculos
2887 2845 3138 2913 corporis
3159 2843 3398 2911 adhibes,
3429 2858 3511 2899 nec
3533 2836 3738 2896 intervallum

2334 2934 2456 2999 loci,
2485 2949 2583 3004 per
2600 2935 2743 3004 quod
2771 2935 3086 2989 intendatur
3107 2935 3361 2999 obtuitus,
3382 2942 3434 2987 ut
3454 2932 3508 2986 ad
3524 2946 3571 2984 ea
3587 2926 3738 2983 cernenda

2332 3025 2630 3094 perveniat,
2667 3025 2834 3081 sentis
2862 3035 2954 3079 aut
2978 3024 3226 3096 qumris.'
3255 3025 3341 3080 Sic
3367 3025 3495 3080 vides
3515 3023 3628 3076 vitam
3647 3027 3737 3076 tuam.

2333 3115 2683 3181 voluntatem,
2707 3116 3140 3187 inquisitionem,
3171 3119 3452 3182 scientiam,
3486 3112 3736 3187 ignorantiam,
3822 3119 3823 3159 γ

2333 3207 2458 3278 quia
2481 3223 2582 3264 nec
2603 3209 2716 3280 ipsa
2736 3219 2820 3264 est
2847 3210 3245 3266 contemnenda
3272 3209 3400 3266 visio
3431 3210 3574 3263 videre
3594 3203 3736 3275 quodne
3820 3255 3821 3261 η

2335 3300 2476 3356 scias
2495 3317 2510 3366 ;
2529 3301 2622 3365 sic,
2651 3300 2895 3369 inquam,
2921 3301 3074 3356 vides
3105 3303 3219 3358 haec
3245 3302 3435 3366 omnia,
3455 3300 3557 3354 utin
3574 3308 3610 3351 te
3622 3293 3734 3350 videas.

2327 3391 2474 3469 apud
2495 3399 2548 3447 te
2572 3393 2774 3448 habeas
2801 3411 2813 3446 :
2846 3407 2911 3448 ac
2940 3393 3057 3450 sine
3080 3393 3205 3450 ullis
3228 3394 3492 3465 ﬁgurarum
3516 3382 3732 3443 liniamwm.

2332 3483 2680 3552 colorumque
2695 3484 2982 3551 nitoribus,
3001 3493 3158 3540 tanto
3184 3483 3376 3539 clarius
3400 3489 3446 3537 et
3467 3478 3732 3544 oertiusqmw

2332 3572 2628 3644 simplicius
2670 3573 3002 3644 interiusque
3044 3575 3368 3646 conspicias.
3412 3571 3521 3627 Cum
3555 3567 3728 3637 igitur“!c

2331 3667 2504 3723 oculis
2552 3667 2795 3737 corporis
2820 3708 2835 3733 ,
2885 3667 3027 3723 sicut
3050 3683 3282 3738 corpora
3325 3667 3427 3723 sive
3460 3658 3650 3718 caelestia.
3673 3653 3728 3704 Si"

2332 3759 2608 3814 terrestria
2627 3799 2642 3825 ,
2675 3774 2774 3815 nec
2801 3759 3000 3815 mentis
3022 3768 3243 3830 aspectu
3270 3760 3399 3814 sicut
3423 3771 3477 3810 ea
3498 3759 3587 3808 sunt
3604 3752 3726 3816 quor“

2332 3847 2586 3902 nonnulla
2618 3849 3060 3916 commemoravi,
3090 3864 3218 3920 qua
3233 3847 3366 3920 apud
3402 3841 3646 3910 temetipsam
3670 3842 3728 3883 σα·
3808 3875 3809 3881 η

2331 3939 2538 3994 tissime
2559 3939 2806 4005 intueris,
2835 3956 2979 3996 nunc
2995 3941 3277 3996 videamus
3302 3923 3728 4000 Deum;curciedims
3806 3953 3807 3985 η

2332 4044 2457 4083 cum
2509 4028 2716 4094 videri,
2771 4029 2874 4085 nisi
2921 4031 3045 4100 quia
3094 4029 3382 4100 Scriptura:
3424 4014 3727 4114 accommoimf“?
3803 4043 3805 4089 λ

2333 4128 2494 4183 fidem
2539 4129 2630 4184 ubi
2661 4129 2894 4201 legitur:
2941 4150 2959 4182 ι
2996 4131 3150 4189 Beati
3197 4129 3389 4186 mundo
3410 4125 3559 4185 corde.
3587 4109 3726 4206 illm?!“

2333 4217 2499 4272 Deum
2522 4219 2812 4286 videbunt;
2843 4241 2862 4272 ι
2897 4228 2954 4276 et
2993 4221 3038 4276 si
3061 4237 3170 4291 qua
3197 4221 3297 4276 alia
3322 4221 3372 4275 iu
3397 4219 3508 4273 hanc
3538 4209 3725 4266 sentem“

2332 4311 2519 4367 eadem
2567 4312 2750 4367 divina
2793 4313 3115 4368 auctoritate
3165 4312 3448 4379 conscripta
3483 4294 3724 4362 suut,cinol
3797 4315 3799 4379 ἲ

2333 4403 2552 4458 credere
2579 4403 2733 4459 nefas
2759 4405 3024 4470 ducimus,
3051 4406 3273 4462 credere
3315 4412 3471 4458 autem
3500 4391 3647 4468 pietatis
3667 4396 3726 4438 αεὶ

652 4505 707 4552 et
738 4496 900 4562 liber,
928 4497 1023 4552 sed
1053 4475 1233 4552 omnia
1268 4506 1325 4554 et
1353 4498 1407 4553 in
1438 4498 1694 4554 omnibus
1737 4475 1986 4554 Christus
2029 4496 2228 4570 (Catos.

2334 4492 2557 4547 minime
2585 4493 2934 4550 dubitamus?
2969 4493 3116 4551 Inter
3155 4494 3333 4550 videre
3358 4491 3586 4590 quoquest

652 4602 736 4653 ιιι,
761 4587 838 4656 5).
871 4605 889 4638 ι
915 4587 1096 4657 Imago
1121 4587 1266 4642 enim
1292 4586 1383 4642 Dei
1407 4588 1499 4656 qui
1536 4587 1884 4658 incorporeus
1909 4596 1995 4644 est
2019 4604 2127 4644 non
2150 4597 2234 4644 est
2254 4573 2307 4590 ”
2332 4583 2436 4640 hoc
2466 4583 2669 4639 distare
2700 4583 2973 4651 dicamus,
3004 4586 3131 4656 quia
3154 4583 3422 4656 pmsentia
3449 4577 3641 4633 videnlur,
3662 4573 3721 4656 (τέ

651 4677 708 4732 in
737 4692 964 4746 corpore
1000 4677 1236 4732 humano
1256 4717 1271 4742 ,
1316 4678 1458 4747 quod
1486 4678 1851 4747 corrumpitur
1875 4685 1931 4733 et
1974 4686 2231 4749 gravatur
2333 4675 2533 4729 duntur
2554 4675 2820 4743 absentia,
2843 4675 3002 4746 plane
3025 4677 3251 4733 forsitan
3277 4674 3400 4731 satis
3412 4659 3720 4734 est,me
3789 4715 3791 4749 ἰ

652 4771 945 4824 secundum
979 4768 1245 4824 desideria
1265 4769 1489 4836 erroris,
1525 4770 1619 4825 sed
1648 4770 1701 4823 in
1723 4769 1917 4838 spiritu
1941 4777 1996 4824 et
2026 4769 2225 4836 anima,

652 4858 778 4927 quia
801 4858 1020 4928 spiritus
1038 4867 1122 4914 est
1141 4859 1283 4914 Deus
1305 4860 1397 4930 qui
1419 4859 1599 4914 omnia
1621 4867 1913 4924 scrutatur,
1940 4873 2042 4914 nec
2062 4860 2230 4930 possi-

651 4949 759 5004 bile
783 4960 866 5005 est
893 4959 952 5006 ut
982 4960 1256 5008 terrenum
1287 4961 1340 5008 et
1361 4951 1549 5023 fragile
1569 4953 1770 5023 aliquid
1791 4952 2227 5023 celsitudiniejus

653 5048 815 5110 atque
835 5042 1122 5099 aeternitati
1143 5054 1512 5114 comparetur,
1534 5045 1660 5114 quia
1692 5044 1806 5114 ipse
1829 5040 1914 5099 est
1935 5045 2045 5099 vita
2061 5085 2076 5110 ,
2104 5061 2225 5116 qua:

650 5129 888 5188 viviﬁcat
918 5133 1130 5198 omnia,
1177 5133 1268 5204 qui
1299 5133 1445 5189 solus
1493 5134 1654 5190 habet
1679 5134 2142 5189 immortalitatem
2171 5143 2226 5190 et

650 5219 826 5275 lucem
874 5221 1083 5276 habitat
1129 5221 1576 5278 inaccessibilem.
1631 5221 1749 5292 Ipse
1802 5231 1888 5278 est
1933 5223 2078 5278 enim
2129 5223 2224 5278 lux

650 5327 777 5367 vera
808 5330 829 5368 ς
859 5329 981 5385 quae
1006 5314 1274 5370 illuminat
1301 5330 1513 5370 omnem
1539 5315 1814 5370 hominem
1839 5315 2142 5370 venientem
2167 5315 2222 5370 in

653 5402 796 5459 hunc
817 5403 1074 5460 mundum
1108 5424 1153 5472 ι,
1181 5412 1237 5460 et
1259 5405 1378 5461 ideo
1396 5405 1642 5476 quisquis
1662 5404 1806 5460 illius
1828 5404 1966 5461 lucis
1985 5415 2226 5462 contem-

647 5489 885 5559 platione
899 5491 1006 5550 frui
1022 5494 1299 5550 desiderat
1320 5492 1376 5548 in
1405 5501 1606 5548 aeterna
1627 5494 1986 5561 beatitudine,
2004 5509 2226 5552 necesse

649 5588 734 5634 est
759 5589 821 5636 ut
846 5583 1072 5638 mundet
1093 5597 1190 5638 cor
1211 5583 1266 5637 in
1290 5582 1450 5653 hujus
1470 5583 1596 5639 vita:
1617 5585 2074 5656 peregrinatione,
2098 5587 2224 5657 quia

650 5684 758 5724 non
804 5671 962 5726 aliter
989 5671 1057 5726 ad
1108 5670 1224 5739 ejus
1270 5671 1533 5728 visionem
1560 5674 1871 5745 pertingere
1899 5675 2129 5746 poterit,
2157 5676 2224 5733 de

650 5776 760 5830 Quo
785 5761 904 5833 ipsa
929 5761 1144 5820 Veritas
1183 5763 1261 5822 ait
1302 5779 1317 5818 :
1354 5782 1372 5815 ι
1409 5763 1559 5824 Beati
1602 5766 1804 5831 mundo
1849 5766 2046 5834 corde,
2091 5775 2261 5840 quo-°

2331 4765 2421 4821 illa
2464 4767 2564 4822 hoc
2611 4767 2732 4823 loco
2777 4769 3141 4838 intelligamus
3184 4771 3351 4832 dicta,
3397 4778 3495 4835 qua!
3514 4749 3720 4830 9mm”

2330 4857 2599 4921 sensibus,
2629 4857 2744 4914 sive
2767 4859 2933 4914 animi
2959 4860 3074 4915 sive
3102 4859 3354 4930 corporis,
3377 4853 3496 4910 unde
3511 4850 3623 4942 ea?“
3785 4927 3787 4936 ,

2328 4948 2591 5004 vocabulo
2632 4950 2920 5020 praesentia
2970 4927 3330 5007 nominantur.
3389 4944 3465 5001 Sic
3515 4936 3614 4993 enim

2331 5038 2506 5094 lucem
2529 5042 2772 5110 corporis
2801 5056 2983 5108 sensu,
3009 5043 3087 5099 sic
3109 5052 3166 5098 et
3189 5033 3354 5098 meam
3374 5014 3716 5091 voluntame

2331 5130 2506 5195 video,
2539 5131 2664 5201 quia
2712 5141 2910 5202 praesto
2949 5144 3034 5189 est
3077 5134 3240 5188 animi
3272 5131 3368 5186 mei
3395 5111 3714 5208 sensibuscltli':

2330 5189 2503 5276 intus.
2525 5189 2655 5276 mihi
2686 5189 2924 5292 praesens
2971 5232 3072 5279 est.
3105 5222 3162 5277 Si
3197 5222 3311 5292 quis
3345 5230 3455 5271 vero
3491 5205 3584 5264 mihi

2329 5312 2664 5368 voluntatem
2687 5329 2861 5381 suam,
2889 5313 3041 5384 cujus
3067 5329 3126 5369 os
3155 5323 3209 5369 et
3231 5327 3326 5366 vox
3351 5304 3460 5363 mihi
3483 5285 3712 5384 Ρτπδθωξῗ

2334 5365 2664 5472 amem;
2688 5365 3291 5473 ~ipsavolt-iiiis}.—q'umm
3314 5395 3429 5452 mihi
3462 5365 3618 5444 malai.

2333 5507 2551 5548 sensum
2591 5493 2836 5565 corporis
2882 5502 2937 5550 et
2985 5494 3144 5550 animi
3175 5491 3298 5554 mei,
3325 5483 3480 5543 credo.

2332 5595 2427 5641 aut
2449 5587 2494 5642 si
2532 5601 2656 5642 eum
2687 5587 2904 5641 mentiri
2931 5587 3195 5649 existimo,
3221 5597 3319 5637 non
3341 5575 3499 5634 credo;
3518 5573 3556 5620 εί

2331 5688 2390 5735 ut
2441 5681 2592 5745 dicit,
2627 5681 2700 5734 ita
2733 5679 2824 5734 sit.
2859 5679 3159 5735 Creduntur
3182 5647 3317 5746 ergo
3353 5647 3676 5746 ἱΙΙιίῐ¹¹²³Ῑ¹¹⁵ῗιιι

2331 5771 2580 5828 senilibus
2608 5771 2832 5837 "OSlI'iS.
2881 5771 2927 5826 si
2954 5771 3159 5826 Videtur
3187 5767 3388 5823 idoneus
3431 5752 3503 5825 qui
3543 5735 3705 5800 de?”
