  <div class='ocr_page' id='page_1' title='image "/cluster/home/n/w/nwhite01/storage/ocr_20150623/112/hvd.32044015685407/638.png"; bbox 0 0 3956 6326; ppageno 0'>
   <div class='ocr_carea' id='block_1_1' title="bbox 248 415 376 470">
    <p class='ocr_par' dir='ltr' id='par_1_1' title="bbox 248 415 376 470">
     <span class='ocr_line' id='line_1_1' title="bbox 248 415 376 470; baseline -0.008 0"><span class='ocrx_word' id='word_1_1' title='bbox 248 415 376 470; x_wconf 68' lang='grc'><strong>1265</strong></span> 
     </span>
    </p>
   </div>
   <div class='ocr_carea' id='block_1_2' title="bbox 1530 411 2203 474">
    <p class='ocr_par' dir='ltr' id='par_1_2' title="bbox 1530 411 2203 474">
     <span class='ocr_line' id='line_1_2' title="bbox 1530 411 2203 474; baseline -0.006 0"><span class='ocrx_word' id='word_1_2' title='bbox 1530 416 1618 474; x_wconf 89' lang='lat' dir='ltr'><strong>DE</strong></span> <span class='ocrx_word' id='word_1_3' title='bbox 1659 414 1957 474; x_wconf 79' lang='lat' dir='ltr'><strong>VIDENDO</strong></span> <span class='ocrx_word' id='word_1_4' title='bbox 1993 415 2127 473; x_wconf 88' lang='lat' dir='ltr'><strong>DEU</strong></span> <span class='ocrx_word' id='word_1_5' title='bbox 2136 411 2203 472; x_wconf 84' lang='lat' dir='ltr'><strong>M.</strong></span> 
     </span>
    </p>
   </div>
   <div class='ocr_carea' id='block_1_3' title="bbox 3338 413 3474 476">
    <p class='ocr_par' dir='ltr' id='par_1_3' title="bbox 3338 413 3474 476">
     <span class='ocr_line' id='line_1_3' title="bbox 3338 413 3474 476; baseline 0.007 -1"><span class='ocrx_word' id='word_1_6' title='bbox 3338 413 3362 475; x_wconf 73' lang='lat' dir='ltr'><strong>I</strong></span> <span class='ocrx_word' id='word_1_7' title='bbox 3372 418 3474 476; x_wconf 67' lang='grc'><strong>966</strong></span> 
     </span>
    </p>
   </div>
   <div class='ocr_carea' id='block_1_4' title="bbox 248 523 3471 602">
    <p class='ocr_par' dir='ltr' id='par_1_4' title="bbox 248 523 3471 602">
     <span class='ocr_line' id='line_1_4' title="bbox 248 523 3471 602; baseline 0.003 -22"><span class='ocrx_word' id='word_1_8' title='bbox 248 523 547 580; x_wconf 90' lang='lat' dir='ltr'><strong>stimonium</strong></span> <span class='ocrx_word' id='word_1_9' title='bbox 564 523 832 593; x_wconf 76' lang='lat' dir='ltr'><strong>perhibet,</strong></span> <span class='ocrx_word' id='word_1_10' title='bbox 856 523 1105 583; x_wconf 87' lang='lat' dir='ltr'><strong>videntur</strong></span> <span class='ocrx_word' id='word_1_11' title='bbox 1117 539 1294 586; x_wconf 90' lang='lat' dir='ltr'><strong>autem</strong></span> <span class='ocrx_word' id='word_1_12' title='bbox 1315 544 1434 599; x_wconf 82' lang='lat' dir='ltr'><strong>quae</strong></span> <span class='ocrx_word' id='word_1_13' title='bbox 1454 539 1648 601; x_wconf 66' lang='lat' dir='ltr'><strong>praesto</strong></span> <span class='ocrx_word' id='word_1_14' title='bbox 1661 539 1806 598; x_wconf 90' lang='lat' dir='ltr'><strong>sunt,</strong></span> <span class='ocrx_word' id='word_1_15' title='bbox 1834 532 1886 592; x_wconf 82' lang='grc' dir='ltr'>Α</span> <span class='ocrx_word' id='word_1_16' title='bbox 1912 532 2141 587; x_wconf 89' lang='lat' dir='ltr'><strong>videndo</strong></span> <span class='ocrx_word' id='word_1_17' title='bbox 2166 531 2277 586; x_wconf 89' lang='lat' dir='ltr'><strong>Deo</strong></span> <span class='ocrx_word' id='word_1_18' title='bbox 2303 529 2432 597; x_wconf 90' lang='lat' dir='ltr'><strong>sint,</strong></span> <span class='ocrx_word' id='word_1_19' title='bbox 2453 547 2559 586; x_wconf 86' lang='lat' dir='ltr'><strong>non</strong></span> <span class='ocrx_word' id='word_1_20' title='bbox 2594 531 2658 588; x_wconf 90' lang='lat' dir='ltr'><strong>de</strong></span> <span class='ocrx_word' id='word_1_21' title='bbox 2689 531 2829 600; x_wconf 90' lang='lat' dir='ltr'><strong>viso,</strong></span> <span class='ocrx_word' id='word_1_22' title='bbox 2858 533 2962 602; x_wconf 90' lang='lat' dir='ltr'><strong>Ipsi</strong></span> <span class='ocrx_word' id='word_1_23' title='bbox 3007 534 3152 589; x_wconf 91' lang='lat' dir='ltr'><strong>enim</strong></span> <span class='ocrx_word' id='word_1_24' title='bbox 3195 535 3364 590; x_wconf 85' lang='lat' dir='ltr'><strong>Deum</strong></span> <span class='ocrx_word' id='word_1_25' title='bbox 3389 539 3471 592; x_wconf 89' lang='lat' dir='ltr'><strong>vi—</strong></span> 
     </span>
    </p>
   </div>
   <div class='ocr_carea' id='block_1_5' title="bbox 247 616 1810 692">
    <p class='ocr_par' dir='ltr' id='par_1_5' title="bbox 247 616 1810 692">
     <span class='ocr_line' id='line_1_5' title="bbox 247 616 1810 692; baseline 0.005 -22"><span class='ocrx_word' id='word_1_26' title='bbox 247 616 380 670; x_wconf 89' lang='lat' dir='ltr'><strong>unde</strong></span> <span class='ocrx_word' id='word_1_27' title='bbox 400 624 456 670; x_wconf 91' lang='lat' dir='ltr'><strong>et</strong></span> <span class='ocrx_word' id='word_1_28' title='bbox 476 616 764 686; x_wconf 87' lang='lat' dir='ltr'><strong>praesentia</strong></span> <span class='ocrx_word' id='word_1_29' title='bbox 785 619 1158 687; x_wconf 79' lang='lat' dir='ltr'><strong>nominantur,</strong></span> <span class='ocrx_word' id='word_1_30' title='bbox 1173 621 1258 677; x_wconf 91' lang='lat' dir='ltr'><strong>vel</strong></span> <span class='ocrx_word' id='word_1_31' title='bbox 1278 623 1442 676; x_wconf 89' lang='lat' dir='ltr'><strong>animi</strong></span> <span class='ocrx_word' id='word_1_32' title='bbox 1465 623 1548 677; x_wconf 88' lang='lat' dir='ltr'><strong>vel</strong></span> <span class='ocrx_word' id='word_1_33' title='bbox 1568 623 1810 692; x_wconf 87' lang='lat' dir='ltr'><strong>corporis</strong></span> 
     </span>
    </p>
   </div>
   <div class='ocr_carea' id='block_1_6' title="bbox 246 704 1809 780">
    <p class='ocr_par' dir='ltr' id='par_1_6' title="bbox 246 704 1809 780">
     <span class='ocr_line' id='line_1_6' title="bbox 246 704 1809 780; baseline 0.006 -19"><span class='ocrx_word' id='word_1_34' title='bbox 246 705 503 761; x_wconf 87' lang='lat' dir='ltr'><strong>sensibus.</strong></span> <span class='ocrx_word' id='word_1_35' title='bbox 532 704 760 762; x_wconf 78' lang='lat' dir='ltr'><strong>Constat</strong></span> <span class='ocrx_word' id='word_1_36' title='bbox 782 708 944 780; x_wconf 77' lang='lat' dir='ltr'><strong>igitur</strong></span> <span class='ocrx_word' id='word_1_37' title='bbox 961 719 1144 767; x_wconf 89' lang='lat' dir='ltr'><strong>nostra</strong></span> <span class='ocrx_word' id='word_1_38' title='bbox 1168 712 1390 766; x_wconf 90' lang='lat' dir='ltr'><strong>scientia</strong></span> <span class='ocrx_word' id='word_1_39' title='bbox 1414 727 1479 768; x_wconf 86' lang='lat' dir='ltr'><strong>ex</strong></span> <span class='ocrx_word' id='word_1_40' title='bbox 1497 713 1626 768; x_wconf 86' lang='lat' dir='ltr'><strong>visis</strong></span> <span class='ocrx_word' id='word_1_41' title='bbox 1649 713 1809 770; x_wconf 86' lang='lat' dir='ltr'><strong>rebus</strong></span> 
     </span>
    </p>
   </div>
   <div class='ocr_carea' id='block_1_7' title="bbox 243 796 1809 871">
    <p class='ocr_par' dir='ltr' id='par_1_7' title="bbox 243 796 1809 871">
     <span class='ocr_line' id='line_1_7' title="bbox 243 796 1809 871; baseline 0.006 -19"><span class='ocrx_word' id='word_1_42' title='bbox 243 804 299 852; x_wconf 92' lang='lat' dir='ltr'><strong>et</strong></span> <span class='ocrx_word' id='word_1_43' title='bbox 325 796 564 863; x_wconf 86' lang='lat' dir='ltr'><strong>creditis,</strong></span> <span class='ocrx_word' id='word_1_44' title='bbox 596 798 692 854; x_wconf 90' lang='lat' dir='ltr'><strong>sed</strong></span> <span class='ocrx_word' id='word_1_45' title='bbox 721 798 777 853; x_wconf 89' lang='lat' dir='ltr'><strong>in</strong></span> <span class='ocrx_word' id='word_1_46' title='bbox 812 799 898 856; x_wconf 91' lang='lat' dir='ltr'><strong>his</strong></span> <span class='ocrx_word' id='word_1_47' title='bbox 923 817 1041 871; x_wconf 67' lang='lat' dir='ltr'><strong>qua:</strong></span> <span class='ocrx_word' id='word_1_48' title='bbox 1065 802 1294 858; x_wconf 86' lang='lat' dir='ltr'><strong>vidimus</strong></span> <span class='ocrx_word' id='word_1_49' title='bbox 1313 802 1398 858; x_wconf 80' lang='lat' dir='ltr'><strong>vel</strong></span> <span class='ocrx_word' id='word_1_50' title='bbox 1418 803 1684 871; x_wconf 81' lang='lat' dir='ltr'><strong>videmus,</strong></span> <span class='ocrx_word' id='word_1_51' title='bbox 1709 819 1809 861; x_wconf 90' lang='lat' dir='ltr'><strong>nos</strong></span> 
     </span>
    </p>
   </div>
   <div class='ocr_carea' id='block_1_8' title="bbox 242 886 1808 964">
    <p class='ocr_par' dir='ltr' id='par_1_8' title="bbox 242 886 1808 964">
     <span class='ocr_line' id='line_1_8' title="bbox 242 886 1808 964; baseline 0.006 -22"><span class='ocrx_word' id='word_1_52' title='bbox 242 886 340 956; x_wconf 88' lang='lat' dir='ltr'><strong>ipsi</strong></span> <span class='ocrx_word' id='word_1_53' title='bbox 365 897 530 945; x_wconf 84' lang='lat' dir='ltr'><strong>testes</strong></span> <span class='ocrx_word' id='word_1_54' title='bbox 561 905 746 946; x_wconf 86' lang='lat' dir='ltr'><strong>sumus</strong></span> <span class='ocrx_word' id='word_1_55' title='bbox 771 907 786 955; x_wconf 92' lang='lat'><strong>;</strong></span> <span class='ocrx_word' id='word_1_56' title='bbox 834 891 887 945; x_wconf 92' lang='lat' dir='ltr'><strong>in</strong></span> <span class='ocrx_word' id='word_1_57' title='bbox 911 893 997 948; x_wconf 88' lang='lat' dir='ltr'><strong>his</strong></span> <span class='ocrx_word' id='word_1_58' title='bbox 1023 901 1200 948; x_wconf 90' lang='lat' dir='ltr'><strong>autem</strong></span> <span class='ocrx_word' id='word_1_59' title='bbox 1222 909 1341 964; x_wconf 66' lang='lat' dir='ltr'><strong>quae</strong></span> <span class='ocrx_word' id='word_1_60' title='bbox 1365 895 1654 961; x_wconf 87' lang='lat' dir='ltr'><strong>credimus,</strong></span> <span class='ocrx_word' id='word_1_61' title='bbox 1685 895 1808 952; x_wconf 88' lang='lat' dir='ltr'><strong>aliis</strong></span> 
     </span>
    </p>
   </div>
   <div class='ocr_carea' id='block_1_9' title="bbox 242 979 1806 1059">
    <p class='ocr_par' dir='ltr' id='par_1_9' title="bbox 242 979 1806 1059">
     <span class='ocr_line' id='line_1_9' title="bbox 242 979 1806 1059; baseline 0.009 -29"><span class='ocrx_word' id='word_1_62' title='bbox 242 979 464 1034; x_wconf 82' lang='lat' dir='ltr'><strong>testibus</strong></span> <span class='ocrx_word' id='word_1_63' title='bbox 491 995 769 1035; x_wconf 88' lang='lat' dir='ltr'><strong>movemur</strong></span> <span class='ocrx_word' id='word_1_64' title='bbox 792 982 858 1036; x_wconf 89' lang='lat' dir='ltr'><strong>ad</strong></span> <span class='ocrx_word' id='word_1_65' title='bbox 889 981 1068 1049; x_wconf 79' lang='lat' dir='ltr'><strong>fidem,</strong></span> <span class='ocrx_word' id='word_1_66' title='bbox 1093 1001 1212 1039; x_wconf 92' lang='lat' dir='ltr'><strong>cum</strong></span> <span class='ocrx_word' id='word_1_67' title='bbox 1249 1001 1435 1040; x_wconf 87' lang='lat' dir='ltr'><strong>earum</strong></span> <span class='ocrx_word' id='word_1_68' title='bbox 1462 1001 1640 1042; x_wconf 88' lang='lat' dir='ltr'><strong>rerum</strong></span> <span class='ocrx_word' id='word_1_69' title='bbox 1669 1004 1806 1059; x_wconf 89' lang='lat' dir='ltr'><strong>quas</strong></span> 
     </span>
    </p>
   </div>
   <div class='ocr_carea' id='block_1_10' title="bbox 237 1067 1804 1149">
    <p class='ocr_par' dir='ltr' id='par_1_10' title="bbox 237 1067 1804 1149">
     <span class='ocr_line' id='line_1_10' title="bbox 237 1067 1804 1149; baseline 0.009 -30"><span class='ocrx_word' id='word_1_70' title='bbox 237 1082 334 1121; x_wconf 89' lang='lat' dir='ltr'><strong>nec</strong></span> <span class='ocrx_word' id='word_1_71' title='bbox 363 1067 566 1124; x_wconf 87' lang='lat' dir='ltr'><strong>vidisse</strong></span> <span class='ocrx_word' id='word_1_72' title='bbox 594 1084 692 1125; x_wconf 90' lang='lat' dir='ltr'><strong>nos</strong></span> <span class='ocrx_word' id='word_1_73' title='bbox 722 1071 1009 1127; x_wconf 88' lang='lat' dir='ltr'><strong>recolimus</strong></span> <span class='ocrx_word' id='word_1_74' title='bbox 1033 1090 1134 1130; x_wconf 88' lang='lat' dir='ltr'><strong>nec</strong></span> <span class='ocrx_word' id='word_1_75' title='bbox 1161 1075 1633 1141; x_wconf 90' lang='lat' dir='ltr'><strong>videmus,dantur</strong></span> <span class='ocrx_word' id='word_1_76' title='bbox 1651 1078 1804 1149; x_wconf 81' lang='lat' dir='ltr'><strong>signa</strong></span> 
     </span>
    </p>
   </div>
   <div class='ocr_carea' id='block_1_11' title="bbox 236 1155 1804 1240">
    <p class='ocr_par' dir='ltr' id='par_1_11' title="bbox 236 1155 1804 1240">
     <span class='ocr_line' id='line_1_11' title="bbox 236 1155 1804 1240; baseline 0.011 -31"><span class='ocrx_word' id='word_1_77' title='bbox 236 1155 314 1209; x_wconf 87' lang='lat' dir='ltr'><strong>vel</strong></span> <span class='ocrx_word' id='word_1_78' title='bbox 346 1157 399 1211; x_wconf 93' lang='lat' dir='ltr'><strong>in</strong></span> <span class='ocrx_word' id='word_1_79' title='bbox 439 1160 681 1226; x_wconf 80' lang='lat' dir='ltr'><strong>vocibus,</strong></span> <span class='ocrx_word' id='word_1_80' title='bbox 713 1162 798 1215; x_wconf 88' lang='lat' dir='ltr'><strong>vel</strong></span> <span class='ocrx_word' id='word_1_81' title='bbox 844 1162 897 1216; x_wconf 92' lang='lat' dir='ltr'><strong>in</strong></span> <span class='ocrx_word' id='word_1_82' title='bbox 926 1163 1152 1232; x_wconf 86' lang='lat' dir='ltr'><strong>litteris,</strong></span> <span class='ocrx_word' id='word_1_83' title='bbox 1178 1167 1263 1221; x_wconf 86' lang='lat' dir='ltr'><strong>vel</strong></span> <span class='ocrx_word' id='word_1_84' title='bbox 1294 1168 1347 1222; x_wconf 91' lang='lat' dir='ltr'><strong>in</strong></span> <span class='ocrx_word' id='word_1_85' title='bbox 1382 1169 1683 1240; x_wconf 82' lang='lat' dir='ltr'><strong>quibusque</strong></span> <span class='ocrx_word' id='word_1_86' title='bbox 1709 1171 1804 1226; x_wconf 92' lang='lat' dir='ltr'><strong>do-</strong></span> 
     </span>
    </p>
   </div>
   <div class='ocr_carea' id='block_1_12' title="bbox 232 1249 1802 1319">
    <p class='ocr_par' dir='ltr' id='par_1_12' title="bbox 232 1249 1802 1319">
     <span class='ocr_line' id='line_1_12' title="bbox 232 1249 1802 1319; baseline 0.011 -19"><span class='ocrx_word' id='word_1_87' title='bbox 232 1249 541 1316; x_wconf 90' lang='lat' dir='ltr'><strong>cumentis,</strong></span> <span class='ocrx_word' id='word_1_88' title='bbox 591 1251 786 1319; x_wconf 88' lang='lat' dir='ltr'><strong>quibus</strong></span> <span class='ocrx_word' id='word_1_89' title='bbox 832 1254 964 1308; x_wconf 90' lang='lat' dir='ltr'><strong>visis</strong></span> <span class='ocrx_word' id='word_1_90' title='bbox 1009 1271 1116 1311; x_wconf 90' lang='lat' dir='ltr'><strong>non</strong></span> <span class='ocrx_word' id='word_1_91' title='bbox 1162 1258 1278 1312; x_wconf 89' lang='lat' dir='ltr'><strong>visa</strong></span> <span class='ocrx_word' id='word_1_92' title='bbox 1325 1259 1635 1315; x_wconf 87' lang='lat' dir='ltr'><strong>credantur.</strong></span> <span class='ocrx_word' id='word_1_93' title='bbox 1685 1261 1802 1317; x_wconf 89' lang='lat' dir='ltr'><strong>Non</strong></span> 
     </span>
    </p>
   </div>
   <div class='ocr_carea' id='block_1_13' title="bbox 231 1342 1802 1408">
    <p class='ocr_par' dir='ltr' id='par_1_13' title="bbox 231 1342 1802 1408">
     <span class='ocr_line' id='line_1_13' title="bbox 231 1342 1802 1408; baseline 0.011 -17"><span class='ocrx_word' id='word_1_94' title='bbox 231 1348 408 1393; x_wconf 87' lang='lat' dir='ltr'><strong>autem</strong></span> <span class='ocrx_word' id='word_1_95' title='bbox 456 1342 728 1398; x_wconf 89' lang='lat' dir='ltr'><strong>immerito</strong></span> <span class='ocrx_word' id='word_1_96' title='bbox 756 1343 896 1399; x_wconf 88' lang='lat' dir='ltr'><strong>scire</strong></span> <span class='ocrx_word' id='word_1_97' title='bbox 942 1361 1041 1402; x_wconf 91' lang='lat' dir='ltr'><strong>nos</strong></span> <span class='ocrx_word' id='word_1_98' title='bbox 1094 1347 1322 1405; x_wconf 89' lang='lat' dir='ltr'><strong>dicimus</strong></span> <span class='ocrx_word' id='word_1_99' title='bbox 1372 1366 1479 1406; x_wconf 90' lang='lat' dir='ltr'><strong>non</strong></span> <span class='ocrx_word' id='word_1_100' title='bbox 1519 1351 1690 1406; x_wconf 91' lang='lat' dir='ltr'><strong>solum</strong></span> <span class='ocrx_word' id='word_1_101' title='bbox 1736 1367 1802 1408; x_wconf 85' lang='lat' dir='ltr'><strong>ea</strong></span> 
     </span>
    </p>
   </div>
   <div class='ocr_carea' id='block_1_14' title="bbox 229 1429 1803 1512">
    <p class='ocr_par' dir='ltr' id='par_1_14' title="bbox 229 1429 1803 1512">
     <span class='ocr_line' id='line_1_14' title="bbox 229 1429 1803 1512; baseline 0.011 -32"><span class='ocrx_word' id='word_1_102' title='bbox 229 1442 346 1496; x_wconf 64' lang='lat' dir='ltr'><strong>quae</strong></span> <span class='ocrx_word' id='word_1_103' title='bbox 371 1429 602 1486; x_wconf 90' lang='lat' dir='ltr'><strong>vidimus</strong></span> <span class='ocrx_word' id='word_1_104' title='bbox 629 1440 720 1487; x_wconf 90' lang='lat' dir='ltr'><strong>aut</strong></span> <span class='ocrx_word' id='word_1_105' title='bbox 745 1433 1009 1500; x_wconf 89' lang='lat' dir='ltr'><strong>videmus,</strong></span> <span class='ocrx_word' id='word_1_106' title='bbox 1040 1451 1227 1493; x_wconf 90' lang='lat' dir='ltr'><strong>verum</strong></span> <span class='ocrx_word' id='word_1_107' title='bbox 1248 1449 1302 1494; x_wconf 90' lang='lat' dir='ltr'><strong>et</strong></span> <span class='ocrx_word' id='word_1_108' title='bbox 1332 1441 1419 1495; x_wconf 86' lang='lat' dir='ltr'><strong>illa</strong></span> <span class='ocrx_word' id='word_1_109' title='bbox 1449 1457 1568 1512; x_wconf 72' lang='lat' dir='ltr'><strong>quae</strong></span> <span class='ocrx_word' id='word_1_110' title='bbox 1594 1441 1803 1499; x_wconf 90' lang='lat' dir='ltr'><strong>idoneis</strong></span> 
     </span>
    </p>
   </div>
   <div class='ocr_carea' id='block_1_15' title="bbox 228 1519 1800 1591">
    <p class='ocr_par' dir='ltr' id='par_1_15' title="bbox 228 1519 1800 1591">
     <span class='ocr_line' id='line_1_15' title="bbox 228 1519 1800 1591; baseline 0.011 -21"><span class='ocrx_word' id='word_1_111' title='bbox 228 1519 296 1572; x_wconf 87' lang='lat' dir='ltr'><strong>ad</strong></span> <span class='ocrx_word' id='word_1_112' title='bbox 325 1536 596 1591; x_wconf 85' lang='lat' dir='ltr'><strong>quamque</strong></span> <span class='ocrx_word' id='word_1_113' title='bbox 642 1528 755 1577; x_wconf 89' lang='lat' dir='ltr'><strong>re&#39;m</strong></span> <span class='ocrx_word' id='word_1_114' title='bbox 807 1527 1065 1582; x_wconf 88' lang='lat' dir='ltr'><strong>commoti</strong></span> <span class='ocrx_word' id='word_1_115' title='bbox 1113 1530 1436 1587; x_wconf 89' lang='lat' dir='ltr'><strong>testimoniis</strong></span> <span class='ocrx_word' id='word_1_116' title='bbox 1467 1532 1549 1587; x_wconf 92' lang='lat' dir='ltr'><strong>vel</strong></span> <span class='ocrx_word' id='word_1_117' title='bbox 1575 1532 1800 1589; x_wconf 87' lang='lat' dir='ltr'><strong>testibus</strong></span> 
     </span>
    </p>
   </div>
   <div class='ocr_carea' id='block_1_16' title="bbox 227 1612 1801 1691">
    <p class='ocr_par' dir='ltr' id='par_1_16' title="bbox 227 1612 1801 1691">
     <span class='ocr_line' id='line_1_16' title="bbox 227 1612 1801 1691; baseline 0.01 -27"><span class='ocrx_word' id='word_1_118' title='bbox 227 1612 498 1668; x_wconf 83' lang='lat' dir='ltr'><strong>credimus</strong></span> <span class='ocrx_word' id='word_1_119' title='bbox 527 1633 539 1667; x_wconf 92' lang='lat'>:</span> <span class='ocrx_word' id='word_1_120' title='bbox 571 1630 734 1685; x_wconf 90' lang='lat' dir='ltr'><strong>porro</strong></span> <span class='ocrx_word' id='word_1_121' title='bbox 762 1617 806 1670; x_wconf 91' lang='lat' dir='ltr'><strong>si</strong></span> <span class='ocrx_word' id='word_1_122' title='bbox 837 1617 977 1672; x_wconf 88' lang='lat' dir='ltr'><strong>scire</strong></span> <span class='ocrx_word' id='word_1_123' title='bbox 998 1634 1104 1673; x_wconf 90' lang='lat' dir='ltr'><strong>non</strong></span> <span class='ocrx_word' id='word_1_124' title='bbox 1133 1620 1549 1691; x_wconf 86' lang='lat' dir='ltr'><strong>incongruenter</strong></span> <span class='ocrx_word' id='word_1_125' title='bbox 1571 1623 1801 1679; x_wconf 88' lang='lat' dir='ltr'><strong>dicimur</strong></span> 
     </span>
    </p>
   </div>
   <div class='ocr_carea' id='block_1_17' title="bbox 226 1706 1798 1780">
    <p class='ocr_par' dir='ltr' id='par_1_17' title="bbox 226 1706 1798 1780">
     <span class='ocr_line' id='line_1_17' title="bbox 226 1706 1798 1780; baseline 0.008 -21"><span class='ocrx_word' id='word_1_126' title='bbox 226 1706 390 1760; x_wconf 88' lang='lat' dir='ltr'><strong>etiam</strong></span> <span class='ocrx_word' id='word_1_127' title='bbox 421 1707 549 1762; x_wconf 91' lang='lat' dir='ltr'><strong>illud</strong></span> <span class='ocrx_word' id='word_1_128' title='bbox 572 1709 715 1778; x_wconf 90' lang='lat' dir='ltr'><strong>quod</strong></span> <span class='ocrx_word' id='word_1_129' title='bbox 741 1711 1105 1766; x_wconf 90' lang='lat' dir='ltr'><strong>certissimum</strong></span> <span class='ocrx_word' id='word_1_130' title='bbox 1134 1715 1424 1780; x_wconf 87' lang='lat' dir='ltr'><strong>credimus,</strong></span> <span class='ocrx_word' id='word_1_131' title='bbox 1448 1715 1575 1771; x_wconf 91' lang='lat' dir='ltr'><strong>hinc</strong></span> <span class='ocrx_word' id='word_1_132' title='bbox 1596 1715 1798 1772; x_wconf 88' lang='lat' dir='ltr'><strong>factum</strong></span> 
     </span>
    </p>
   </div>
   <div class='ocr_carea' id='block_1_18' title="bbox 223 1803 1794 1873">
    <p class='ocr_par' dir='ltr' id='par_1_18' title="bbox 223 1803 1794 1873">
     <span class='ocr_line' id='line_1_18' title="bbox 223 1803 1794 1873; baseline 0.008 -23"><span class='ocrx_word' id='word_1_133' title='bbox 223 1804 308 1850; x_wconf 86' lang='lat' dir='ltr'><strong>est</strong></span> <span class='ocrx_word' id='word_1_134' title='bbox 334 1805 392 1850; x_wconf 92' lang='lat' dir='ltr'><strong>ut</strong></span> <span class='ocrx_word' id='word_1_135' title='bbox 421 1805 583 1852; x_wconf 78' lang='lat' dir='ltr'><strong>etiam</strong></span> <span class='ocrx_word' id='word_1_136' title='bbox 611 1809 779 1866; x_wconf 88' lang='lat' dir='ltr'><strong>recte,</strong></span> <span class='ocrx_word' id='word_1_137' title='bbox 804 1809 858 1855; x_wconf 93' lang='lat' dir='ltr'><strong>et</strong></span> <span class='ocrx_word' id='word_1_138' title='bbox 887 1803 930 1857; x_wconf 88' lang='lat' dir='ltr'><strong>si</strong></span> <span class='ocrx_word' id='word_1_139' title='bbox 964 1818 1069 1856; x_wconf 90' lang='lat' dir='ltr'><strong>non</strong></span> <span class='ocrx_word' id='word_1_140' title='bbox 1101 1805 1277 1859; x_wconf 82' lang='lat' dir='ltr'><strong>adsint</strong></span> <span class='ocrx_word' id='word_1_141' title='bbox 1301 1805 1548 1862; x_wconf 88' lang='lat' dir='ltr'><strong>sensibus</strong></span> <span class='ocrx_word' id='word_1_142' title='bbox 1572 1808 1794 1873; x_wconf 88' lang='lat' dir='ltr'><strong>nostris,</strong></span> 
     </span>
    </p>
   </div>
   <div class='ocr_carea' id='block_1_19' title="bbox 1909 622 3471 692">
    <p class='ocr_par' dir='ltr' id='par_1_19' title="bbox 1909 622 3471 692">
     <span class='ocr_line' id='line_1_19' title="bbox 1909 622 3471 692; baseline 0.002 -14"><span class='ocrx_word' id='word_1_143' title='bbox 1909 623 2134 687; x_wconf 90' lang='lat' dir='ltr'><strong>debunt,</strong></span> <span class='ocrx_word' id='word_1_144' title='bbox 2149 623 2351 677; x_wconf 90' lang='lat' dir='ltr'><strong>dictum</strong></span> <span class='ocrx_word' id='word_1_145' title='bbox 2377 629 2488 687; x_wconf 89' lang='lat' dir='ltr'><strong>est;</strong></span> <span class='ocrx_word' id='word_1_146' title='bbox 2515 637 2646 688; x_wconf 91' lang='lat' dir='ltr'><strong>non,</strong></span> <span class='ocrx_word' id='word_1_147' title='bbox 2669 622 2961 690; x_wconf 83' lang='lat' dir='ltr'><strong>Viderunt;</strong></span> <span class='ocrx_word' id='word_1_148' title='bbox 2981 632 3185 692; x_wconf 91' lang='lat' dir='ltr'><strong>etnon,</strong></span> <span class='ocrx_word' id='word_1_149' title='bbox 3207 623 3471 692; x_wconf 78' lang='lat' dir='ltr'><strong>Vidimus,</strong></span> 
     </span>
    </p>
   </div>
   <div class='ocr_carea' id='block_1_20' title="bbox 1909 711 3474 783">
    <p class='ocr_par' dir='ltr' id='par_1_20' title="bbox 1909 711 3474 783">
     <span class='ocr_line' id='line_1_20' title="bbox 1909 711 3474 783; baseline 0.003 -15"><span class='ocrx_word' id='word_1_150' title='bbox 1909 711 2345 779; x_wconf 87' lang='lat' dir='ltr'><strong>sed,Videbimus</strong></span> <span class='ocrx_word' id='word_1_151' title='bbox 2369 726 2492 766; x_wconf 91' lang='lat' dir='ltr'><strong>eum</strong></span> <span class='ocrx_word' id='word_1_152' title='bbox 2514 712 2672 768; x_wconf 88' lang='lat' dir='ltr'><strong>sicuti</strong></span> <span class='ocrx_word' id='word_1_153' title='bbox 2698 719 2780 768; x_wconf 89' lang='lat' dir='ltr'><strong>est</strong></span> <span class='ocrx_word' id='word_1_154' title='bbox 2799 730 2814 768; x_wconf 87' lang='lat'><strong>:</strong></span> <span class='ocrx_word' id='word_1_155' title='bbox 2836 713 3061 783; x_wconf 89' lang='lat' dir='ltr'><strong>proinde</strong></span> <span class='ocrx_word' id='word_1_156' title='bbox 3086 713 3171 769; x_wconf 90' lang='lat' dir='ltr'><strong>his</strong></span> <span class='ocrx_word' id='word_1_157' title='bbox 3191 715 3474 772; x_wconf 77' lang='lat' dir='ltr'><strong>sententiis</strong></span> 
     </span>
    </p>
   </div>
   <div class='ocr_carea' id='block_1_21' title="bbox 1906 804 3473 877">
    <p class='ocr_par' dir='ltr' id='par_1_21' title="bbox 1906 804 3473 877">
     <span class='ocr_line' id='line_1_21' title="bbox 1906 804 3473 877; baseline 0.003 -19"><span class='ocrx_word' id='word_1_158' title='bbox 1906 818 2015 858; x_wconf 90' lang='lat' dir='ltr'><strong>non</strong></span> <span class='ocrx_word' id='word_1_159' title='bbox 2038 811 2122 858; x_wconf 90' lang='lat' dir='ltr'><strong>est</strong></span> <span class='ocrx_word' id='word_1_160' title='bbox 2151 804 2483 859; x_wconf 89' lang='lat' dir='ltr'><strong>contrarium</strong></span> <span class='ocrx_word' id='word_1_161' title='bbox 2525 822 2538 858; x_wconf 89' lang='lat'><strong>:</strong></span> <span class='ocrx_word' id='word_1_162' title='bbox 2591 821 2609 856; x_wconf 74' lang='grc' dir='ltr'><strong>ι</strong></span> <span class='ocrx_word' id='word_1_163' title='bbox 2651 805 2820 861; x_wconf 90' lang='lat' dir='ltr'><strong>Deum</strong></span> <span class='ocrx_word' id='word_1_164' title='bbox 2866 821 3025 862; x_wconf 89' lang='lat' dir='ltr'><strong>nemo</strong></span> <span class='ocrx_word' id='word_1_165' title='bbox 3058 806 3194 861; x_wconf 84' lang='lat' dir='ltr'><strong>vidit</strong></span> <span class='ocrx_word' id='word_1_166' title='bbox 3235 821 3473 877; x_wconf 85' lang='lat' dir='ltr'><strong>unquam</strong></span> 
     </span>
    </p>
   </div>
   <div class='ocr_carea' id='block_1_22' title="bbox 1907 892 3469 966">
    <p class='ocr_par' dir='ltr' id='par_1_22' title="bbox 1907 892 3469 966">
     <span class='ocr_line' id='line_1_22' title="bbox 1907 892 3469 966; baseline 0.003 -19"><span class='ocrx_word' id='word_1_167' title='bbox 1907 892 2088 964; x_wconf 85' lang='lat' dir='ltr'><strong>(Joan.</strong></span> <span class='ocrx_word' id='word_1_168' title='bbox 2112 909 2152 959; x_wconf 87' lang='grc' dir='ltr'>ι,</span> <span class='ocrx_word' id='word_1_169' title='bbox 2187 894 2296 965; x_wconf 82' lang='grc'><strong>18).</strong></span> <span class='ocrx_word' id='word_1_170' title='bbox 2334 913 2354 946; x_wconf 78' lang='grc' dir='ltr'><strong>ι</strong></span> <span class='ocrx_word' id='word_1_171' title='bbox 2392 894 2661 950; x_wconf 85' lang='lat' dir='ltr'><strong>Videbunt</strong></span> <span class='ocrx_word' id='word_1_172' title='bbox 2685 895 2829 951; x_wconf 91' lang='lat' dir='ltr'><strong>enim</strong></span> <span class='ocrx_word' id='word_1_173' title='bbox 2855 910 3015 966; x_wconf 88' lang='lat' dir='ltr'><strong>quem</strong></span> <span class='ocrx_word' id='word_1_174' title='bbox 3040 911 3147 952; x_wconf 90' lang='lat' dir='ltr'><strong>non</strong></span> <span class='ocrx_word' id='word_1_175' title='bbox 3186 895 3469 965; x_wconf 87' lang='lat' dir='ltr'><strong>viderunt,</strong></span> 
     </span>
    </p>
   </div>
   <div class='ocr_carea' id='block_1_23' title="bbox 1904 983 3476 1055">
    <p class='ocr_par' dir='ltr' id='par_1_23' title="bbox 1904 983 3476 1055">
     <span class='ocr_line' id='line_1_23' title="bbox 1904 983 3476 1055; baseline 0.005 -18"><span class='ocrx_word' id='word_1_176' title='bbox 1904 983 1996 1052; x_wconf 91' lang='lat' dir='ltr'><strong>qui</strong></span> <span class='ocrx_word' id='word_1_177' title='bbox 2023 984 2224 1039; x_wconf 91' lang='lat' dir='ltr'><strong>mundo</strong></span> <span class='ocrx_word' id='word_1_178' title='bbox 2255 984 2418 1039; x_wconf 92' lang='lat' dir='ltr'><strong>corde</strong></span> <span class='ocrx_word' id='word_1_179' title='bbox 2453 983 2549 1038; x_wconf 84' lang='lat' dir='ltr'><strong>filii</strong></span> <span class='ocrx_word' id='word_1_180' title='bbox 2585 985 2678 1039; x_wconf 91' lang='lat' dir='ltr'><strong>Dei</strong></span> <span class='ocrx_word' id='word_1_181' title='bbox 2727 999 2848 1042; x_wconf 89' lang='lat' dir='ltr'><strong>esse</strong></span> <span class='ocrx_word' id='word_1_182' title='bbox 2877 987 3181 1042; x_wconf 89' lang='lat' dir='ltr'><strong>voluerunt.</strong></span> <span class='ocrx_word' id='word_1_183' title='bbox 3211 985 3349 1055; x_wconf 85' lang='lat' dir='ltr'><strong>Quid</strong></span> <span class='ocrx_word' id='word_1_184' title='bbox 3390 996 3476 1045; x_wconf 87' lang='lat' dir='ltr'><strong>est</strong></span> 
     </span>
    </p>
   </div>
   <div class='ocr_carea' id='block_1_24' title="bbox 1905 1072 3474 1145">
    <p class='ocr_par' dir='ltr' id='par_1_24' title="bbox 1905 1072 3474 1145">
     <span class='ocr_line' id='line_1_24' title="bbox 1905 1072 3474 1145; baseline 0.006 -19"><span class='ocrx_word' id='word_1_185' title='bbox 1905 1072 2069 1144; x_wconf 81' lang='lat' dir='ltr'><strong>igitur</strong></span> <span class='ocrx_word' id='word_1_186' title='bbox 2113 1091 2126 1126; x_wconf 88' lang='lat'><strong>:</strong></span> <span class='ocrx_word' id='word_1_187' title='bbox 2161 1092 2180 1124; x_wconf 86' lang='grc'><strong><em>‹</em></strong></span> <span class='ocrx_word' id='word_1_188' title='bbox 2215 1073 2336 1127; x_wconf 87' lang='lat' dir='ltr'><strong>Vidi</strong></span> <span class='ocrx_word' id='word_1_189' title='bbox 2366 1074 2532 1128; x_wconf 92' lang='lat' dir='ltr'><strong>Deum</strong></span> <span class='ocrx_word' id='word_1_190' title='bbox 2560 1073 2696 1130; x_wconf 86' lang='lat' dir='ltr'><strong>facie</strong></span> <span class='ocrx_word' id='word_1_191' title='bbox 2725 1076 2792 1130; x_wconf 89' lang='lat' dir='ltr'><strong>ad</strong></span> <span class='ocrx_word' id='word_1_192' title='bbox 2820 1074 3036 1145; x_wconf 81' lang='lat' dir='ltr'><strong>faciem,</strong></span> <span class='ocrx_word' id='word_1_193' title='bbox 3063 1084 3120 1132; x_wconf 90' lang='lat' dir='ltr'><strong>et</strong></span> <span class='ocrx_word' id='word_1_194' title='bbox 3151 1077 3300 1134; x_wconf 84' lang='lat' dir='ltr'><strong>salva</strong></span> <span class='ocrx_word' id='word_1_195' title='bbox 3329 1077 3474 1134; x_wconf 79' lang='lat' dir='ltr'><strong>facta</strong></span> 
     </span>
    </p>
   </div>
   <div class='ocr_carea' id='block_1_25' title="bbox 1903 1162 3474 1237">
    <p class='ocr_par' dir='ltr' id='par_1_25' title="bbox 1903 1162 3474 1237">
     <span class='ocr_line' id='line_1_25' title="bbox 1903 1162 3474 1237; baseline 0.004 -19"><span class='ocrx_word' id='word_1_196' title='bbox 1903 1171 1988 1218; x_wconf 90' lang='lat' dir='ltr'><strong>est</strong></span> <span class='ocrx_word' id='word_1_197' title='bbox 2008 1165 2187 1218; x_wconf 90' lang='lat' dir='ltr'><strong>anima</strong></span> <span class='ocrx_word' id='word_1_198' title='bbox 2211 1180 2332 1220; x_wconf 88' lang='lat' dir='ltr'><strong>mea</strong></span> <span class='ocrx_word' id='word_1_199' title='bbox 2369 1162 2520 1237; x_wconf 85' lang='lat' dir='ltr'><strong>(Gen.</strong></span> <span class='ocrx_word' id='word_1_200' title='bbox 2553 1181 2726 1232; x_wconf 71' lang='lat' dir='ltr'><strong>xxxii,</strong></span> <span class='ocrx_word' id='word_1_201' title='bbox 2754 1164 2880 1236; x_wconf 74' lang='lat'><strong>50)?</strong></span> <span class='ocrx_word' id='word_1_202' title='bbox 2901 1185 2919 1218; x_wconf 71' lang='grc' dir='ltr'><strong>ι</strong></span> <span class='ocrx_word' id='word_1_203' title='bbox 2950 1166 3032 1221; x_wconf 86' lang='lat' dir='ltr'><strong>An</strong></span> <span class='ocrx_word' id='word_1_204' title='bbox 3055 1168 3231 1224; x_wconf 88' lang='lat' dir='ltr'><strong>ethoc</strong></span> <span class='ocrx_word' id='word_1_205' title='bbox 3255 1176 3474 1224; x_wconf 86' lang='lat' dir='ltr'><strong>contra-</strong></span> 
     </span>
    </p>
   </div>
   <div class='ocr_carea' id='block_1_26' title="bbox 1905 1253 3469 1322">
    <p class='ocr_par' dir='ltr' id='par_1_26' title="bbox 1905 1253 3469 1322">
     <span class='ocr_line' id='line_1_26' title="bbox 1905 1253 3469 1322; baseline 0.005 -16"><span class='ocrx_word' id='word_1_206' title='bbox 1905 1253 2044 1307; x_wconf 92' lang='lat' dir='ltr'><strong>rium</strong></span> <span class='ocrx_word' id='word_1_207' title='bbox 2084 1253 2159 1308; x_wconf 93' lang='lat' dir='ltr'><strong>illi</strong></span> <span class='ocrx_word' id='word_1_208' title='bbox 2213 1253 2354 1322; x_wconf 88' lang='lat' dir='ltr'><strong>quod</strong></span> <span class='ocrx_word' id='word_1_209' title='bbox 2383 1254 2586 1309; x_wconf 89' lang='lat' dir='ltr'><strong>dictum</strong></span> <span class='ocrx_word' id='word_1_210' title='bbox 2630 1263 2736 1320; x_wconf 89' lang='lat' dir='ltr'><strong>est,</strong></span> <span class='ocrx_word' id='word_1_211' title='bbox 2765 1273 2783 1304; x_wconf 86' lang='grc'><em>‹</em></span> <span class='ocrx_word' id='word_1_212' title='bbox 2817 1253 2983 1310; x_wconf 89' lang='lat' dir='ltr'><strong>Deum</strong></span> <span class='ocrx_word' id='word_1_213' title='bbox 3013 1270 3171 1311; x_wconf 91' lang='lat' dir='ltr'><strong>nemo</strong></span> <span class='ocrx_word' id='word_1_214' title='bbox 3199 1256 3336 1313; x_wconf 85' lang='lat' dir='ltr'><strong>vidit</strong></span> <span class='ocrx_word' id='word_1_215' title='bbox 3365 1273 3469 1315; x_wconf 88' lang='lat' dir='ltr'><strong>un-</strong></span> 
     </span>
    </p>
   </div>
   <div class='ocr_carea' id='block_1_27' title="bbox 1903 1343 3470 1416">
    <p class='ocr_par' dir='ltr' id='par_1_27' title="bbox 1903 1343 3470 1416">
     <span class='ocr_line' id='line_1_27' title="bbox 1903 1343 3470 1416; baseline 0.004 -19"><span class='ocrx_word' id='word_1_216' title='bbox 1903 1345 2101 1412; x_wconf 86' lang='lat' dir='ltr'><strong>quam?</strong></span> <span class='ocrx_word' id='word_1_217' title='bbox 2122 1363 2138 1394; x_wconf 75' lang='grc' dir='ltr'><strong>ι</strong></span> <span class='ocrx_word' id='word_1_218' title='bbox 2165 1343 2232 1398; x_wconf 85' lang='grc' dir='ltr'>Ει</span> <span class='ocrx_word' id='word_1_219' title='bbox 2255 1343 2382 1398; x_wconf 93' lang='lat' dir='ltr'><strong>illud</strong></span> <span class='ocrx_word' id='word_1_220' title='bbox 2404 1343 2544 1412; x_wconf 90' lang='lat' dir='ltr'><strong>quod</strong></span> <span class='ocrx_word' id='word_1_221' title='bbox 2568 1344 2633 1398; x_wconf 93' lang='lat' dir='ltr'><strong>de</strong></span> <span class='ocrx_word' id='word_1_222' title='bbox 2663 1343 2846 1416; x_wconf 84' lang='lat' dir='ltr'><strong>Moyse</strong></span> <span class='ocrx_word' id='word_1_223' title='bbox 2874 1345 3137 1414; x_wconf 91' lang='lat' dir='ltr'><strong>scriptum</strong></span> <span class='ocrx_word' id='word_1_224' title='bbox 3157 1355 3262 1412; x_wconf 88' lang='lat' dir='ltr'><strong>est,</strong></span> <span class='ocrx_word' id='word_1_225' title='bbox 3294 1365 3314 1400; x_wconf 75' lang='grc' dir='ltr'><strong>ι</strong></span> <span class='ocrx_word' id='word_1_226' title='bbox 3343 1347 3470 1416; x_wconf 88' lang='lat' dir='ltr'><strong>quia</strong></span> 
     </span>
    </p>
   </div>
   <div class='ocr_carea' id='block_1_28' title="bbox 1901 1433 3473 1509">
    <p class='ocr_par' dir='ltr' id='par_1_28' title="bbox 1901 1433 3473 1509">
     <span class='ocr_line' id='line_1_28' title="bbox 1901 1433 3473 1509; baseline 0.004 -21"><span class='ocrx_word' id='word_1_227' title='bbox 1901 1433 2224 1504; x_wconf 88' lang='lat' dir='ltr'><strong>loquebatur</strong></span> <span class='ocrx_word' id='word_1_228' title='bbox 2270 1449 2392 1490; x_wconf 91' lang='lat' dir='ltr'><strong>cum</strong></span> <span class='ocrx_word' id='word_1_229' title='bbox 2434 1435 2560 1488; x_wconf 88' lang='lat' dir='ltr'><strong>Deo-</strong></span> <span class='ocrx_word' id='word_1_230' title='bbox 2594 1433 2730 1490; x_wconf 85' lang='lat' dir='ltr'><strong>facie</strong></span> <span class='ocrx_word' id='word_1_231' title='bbox 2781 1436 2849 1491; x_wconf 90' lang='lat' dir='ltr'><strong>ad</strong></span> <span class='ocrx_word' id='word_1_232' title='bbox 2888 1435 3115 1502; x_wconf 84' lang='lat' dir='ltr'><strong>faciem,</strong></span> <span class='ocrx_word' id='word_1_233' title='bbox 3167 1437 3309 1494; x_wconf 87' lang='lat' dir='ltr'><strong>sicut</strong></span> <span class='ocrx_word' id='word_1_234' title='bbox 3350 1439 3473 1509; x_wconf 83' lang='lat' dir='ltr'><strong>quis</strong></span> 
     </span>
    </p>
   </div>
   <div class='ocr_carea' id='block_1_29' title="bbox 1901 1525 3474 1600">
    <p class='ocr_par' dir='ltr' id='par_1_29' title="bbox 1901 1525 3474 1600">
     <span class='ocr_line' id='line_1_29' title="bbox 1901 1525 3474 1600; baseline 0.004 -20"><span class='ocrx_word' id='word_1_235' title='bbox 1901 1525 2143 1595; x_wconf 89' lang='lat' dir='ltr'><strong>loquitur</strong></span> <span class='ocrx_word' id='word_1_236' title='bbox 2168 1526 2234 1582; x_wconf 91' lang='lat' dir='ltr'><strong>ad</strong></span> <span class='ocrx_word' id='word_1_237' title='bbox 2262 1526 2496 1581; x_wconf 86' lang='lat' dir='ltr'><strong>amicum</strong></span> <span class='ocrx_word' id='word_1_238' title='bbox 2525 1540 2681 1580; x_wconf 90' lang='lat' dir='ltr'><strong>suum</strong></span> <span class='ocrx_word' id='word_1_239' title='bbox 2722 1525 2920 1597; x_wconf 75' lang='lat' dir='ltr'><strong>(Exod.</strong></span> <span class='ocrx_word' id='word_1_240' title='bbox 2974 1543 3168 1594; x_wconf 82' lang='lat' dir='ltr'><strong>xxxm,</strong></span> <span class='ocrx_word' id='word_1_241' title='bbox 3208 1530 3328 1600; x_wconf 78' lang='lat' dir='ltr'><strong>II);</strong></span> <span class='ocrx_word' id='word_1_242' title='bbox 3367 1550 3388 1583; x_wconf 73' lang='grc' dir='ltr'><strong>ι</strong></span> <span class='ocrx_word' id='word_1_243' title='bbox 3417 1541 3474 1586; x_wconf 92' lang='lat' dir='ltr'><strong>et</strong></span> 
     </span>
    </p>
   </div>
   <div class='ocr_carea' id='block_1_30' title="bbox 1902 1615 3467 1686">
    <p class='ocr_par' dir='ltr' id='par_1_30' title="bbox 1902 1615 3467 1686">
     <span class='ocr_line' id='line_1_30' title="bbox 1902 1615 3467 1686; baseline 0 -16"><span class='ocrx_word' id='word_1_244' title='bbox 1902 1615 2032 1671; x_wconf 91' lang='lat' dir='ltr'><strong>illud</strong></span> <span class='ocrx_word' id='word_1_245' title='bbox 2083 1616 2226 1684; x_wconf 89' lang='lat' dir='ltr'><strong>quod</strong></span> <span class='ocrx_word' id='word_1_246' title='bbox 2271 1615 2532 1685; x_wconf 88' lang='lat' dir='ltr'><strong>propheta</strong></span> <span class='ocrx_word' id='word_1_247' title='bbox 2559 1615 2726 1670; x_wconf 89' lang='lat' dir='ltr'><strong>Isaias</strong></span> <span class='ocrx_word' id='word_1_248' title='bbox 2755 1615 2822 1670; x_wconf 92' lang='lat' dir='ltr'><strong>de</strong></span> <span class='ocrx_word' id='word_1_249' title='bbox 2852 1616 3030 1686; x_wconf 90' lang='lat' dir='ltr'><strong>seipso</strong></span> <span class='ocrx_word' id='word_1_250' title='bbox 3057 1615 3281 1686; x_wconf 91' lang='lat' dir='ltr'><strong>loquens</strong></span> <span class='ocrx_word' id='word_1_251' title='bbox 3329 1618 3406 1672; x_wconf 88' lang='lat' dir='ltr'><strong>ait</strong></span> <span class='ocrx_word' id='word_1_252' title='bbox 3453 1635 3467 1670; x_wconf 89' lang='lat'><strong>:</strong></span> 
     </span>
    </p>
   </div>
   <div class='ocr_carea' id='block_1_31' title="bbox 1907 1707 3466 1780">
    <p class='ocr_par' dir='ltr' id='par_1_31' title="bbox 1907 1707 3466 1780">
     <span class='ocr_line' id='line_1_31' title="bbox 1907 1707 3466 1780; baseline 0.001 -19"><span class='ocrx_word' id='word_1_253' title='bbox 1907 1727 1926 1761; x_wconf 77' lang='grc' dir='ltr'><strong>ι</strong></span> <span class='ocrx_word' id='word_1_254' title='bbox 1969 1707 2084 1763; x_wconf 82' lang='lat' dir='ltr'><strong>Vidi</strong></span> <span class='ocrx_word' id='word_1_255' title='bbox 2117 1707 2404 1762; x_wconf 88' lang='lat' dir='ltr'><strong>Dominum</strong></span> <span class='ocrx_word' id='word_1_256' title='bbox 2434 1707 2672 1763; x_wconf 82' lang='lat' dir='ltr'><strong>Sabaoth</strong></span> <span class='ocrx_word' id='word_1_257' title='bbox 2700 1707 2976 1763; x_wconf 87' lang='lat' dir='ltr'><strong>sedentem</strong></span> <span class='ocrx_word' id='word_1_258' title='bbox 3007 1708 3062 1763; x_wconf 89' lang='lat' dir='ltr'><strong>in</strong></span> <span class='ocrx_word' id='word_1_259' title='bbox 3091 1708 3284 1764; x_wconf 82' lang='lat' dir='ltr'><strong>throno</strong></span> <span class='ocrx_word' id='word_1_260' title='bbox 3309 1708 3466 1780; x_wconf 79' lang='lat' dir='ltr'><strong>(Isai.</strong></span> 
     </span>
    </p>
   </div>
   <div class='ocr_carea' id='block_1_32' title="bbox 1899 1797 3470 1871">
    <p class='ocr_par' dir='ltr' id='par_1_32' title="bbox 1899 1797 3470 1871">
     <span class='ocr_line' id='line_1_32' title="bbox 1899 1797 3470 1871; baseline 0 -18"><span class='ocrx_word' id='word_1_261' title='bbox 1899 1815 1978 1865; x_wconf 82' lang='lat' dir='ltr'><strong>vt,</strong></span> <span class='ocrx_word' id='word_1_262' title='bbox 2008 1797 2082 1871; x_wconf 80' lang='lat' dir='ltr'><strong>l),</strong></span> <span class='ocrx_word' id='word_1_263' title='bbox 2125 1818 2142 1849; x_wconf 75' lang='grc' dir='ltr'><strong>ι</strong></span> <span class='ocrx_word' id='word_1_264' title='bbox 2172 1807 2227 1853; x_wconf 93' lang='lat' dir='ltr'><strong>et</strong></span> <span class='ocrx_word' id='word_1_265' title='bbox 2271 1799 2317 1853; x_wconf 89' lang='lat' dir='ltr'><strong>si</strong></span> <span class='ocrx_word' id='word_1_266' title='bbox 2349 1813 2453 1867; x_wconf 90' lang='lat' dir='ltr'><strong>qua</strong></span> <span class='ocrx_word' id='word_1_267' title='bbox 2483 1797 2588 1852; x_wconf 90' lang='lat' dir='ltr'><strong>alia</strong></span> <span class='ocrx_word' id='word_1_268' title='bbox 2632 1797 2808 1853; x_wconf 88' lang='lat' dir='ltr'><strong>solent</strong></span> <span class='ocrx_word' id='word_1_269' title='bbox 2833 1798 3033 1854; x_wconf 87' lang='lat' dir='ltr'><strong>similia</strong></span> <span class='ocrx_word' id='word_1_270' title='bbox 3062 1799 3368 1854; x_wconf 89' lang='lat' dir='ltr'><strong>testimonia</strong></span> <span class='ocrx_word' id='word_1_271' title='bbox 3404 1814 3470 1853; x_wconf 78' lang='lat' dir='ltr'><strong>ex</strong></span> 
     </span>
    </p>
   </div>
   <div class='ocr_carea' id='block_1_33' title="bbox 223 1884 1795 1966">
    <p class='ocr_par' dir='ltr' id='par_1_33' title="bbox 223 1887 1795 1966">
     <span class='ocr_line' id='line_1_33' title="bbox 223 1887 1795 1966; baseline 0.012 -31"><span class='ocrx_word' id='word_1_272' title='bbox 223 1887 407 1942; x_wconf 69' lang='lat' dir='ltr'><strong>videre</strong></span> <span class='ocrx_word' id='word_1_273' title='bbox 455 1897 635 1944; x_wconf 90' lang='lat' dir='ltr'><strong>mente</strong></span> <span class='ocrx_word' id='word_1_274' title='bbox 680 1892 940 1947; x_wconf 89' lang='lat' dir='ltr'><strong>dicamur.</strong></span> <span class='ocrx_word' id='word_1_275' title='bbox 984 1893 1219 1950; x_wconf 88' lang='lat' dir='ltr'><strong>Scientia</strong></span> <span class='ocrx_word' id='word_1_276' title='bbox 1253 1897 1451 1966; x_wconf 86' lang='lat' dir='ltr'><strong>quippe</strong></span> <span class='ocrx_word' id='word_1_277' title='bbox 1494 1899 1795 1954; x_wconf 65' lang='lat' dir='ltr'><strong>menti‘tri-</strong></span> 
     </span>
    </p>
   </div>
   <div class='ocr_carea' id='block_1_34' title="bbox 1899 1884 3469 1966">
    <p class='ocr_par' dir='ltr' id='par_1_34' title="bbox 1904 1887 3469 1958">
     <span class='ocr_line' id='line_1_34' title="bbox 1904 1887 3469 1958; baseline -0.001 -15"><span class='ocrx_word' id='word_1_278' title='bbox 1904 1889 2094 1944; x_wconf 90' lang='lat' dir='ltr'><strong>eadem</strong></span> <span class='ocrx_word' id='word_1_279' title='bbox 2123 1887 2444 1944; x_wconf 86' lang='lat' dir='ltr'><strong>auctoritate</strong></span> <span class='ocrx_word' id='word_1_280' title='bbox 2467 1887 2720 1958; x_wconf 81' lang='lat' dir='ltr'><strong>proferri,</strong></span> <span class='ocrx_word' id='word_1_281' title='bbox 2749 1887 3018 1958; x_wconf 91' lang='lat' dir='ltr'><strong>quomodo</strong></span> <span class='ocrx_word' id='word_1_282' title='bbox 3046 1904 3154 1943; x_wconf 91' lang='lat' dir='ltr'><strong>non</strong></span> <span class='ocrx_word' id='word_1_283' title='bbox 3183 1896 3308 1944; x_wconf 89' lang='lat' dir='ltr'><strong>sunt</strong></span> <span class='ocrx_word' id='word_1_284' title='bbox 3338 1903 3469 1944; x_wconf 91' lang='lat' dir='ltr'><strong>con-</strong></span> 
     </span>
    </p>
   </div>
   <div class='ocr_carea' id='block_1_35' title="bbox 217 1974 1796 2060">
    <p class='ocr_par' dir='ltr' id='par_1_35' title="bbox 217 1974 1796 2060">
     <span class='ocr_line' id='line_1_35' title="bbox 217 1974 1796 2060; baseline 0.011 -32"><span class='ocrx_word' id='word_1_285' title='bbox 217 1974 426 2042; x_wconf 90' lang='lat' dir='ltr'><strong>buitur,</strong></span> <span class='ocrx_word' id='word_1_286' title='bbox 486 1979 599 2034; x_wconf 90' lang='lat' dir='ltr'><strong>sive</strong></span> <span class='ocrx_word' id='word_1_287' title='bbox 648 1995 745 2050; x_wconf 91' lang='lat' dir='ltr'><strong>per</strong></span> <span class='ocrx_word' id='word_1_288' title='bbox 789 1983 1033 2052; x_wconf 89' lang='lat' dir='ltr'><strong>corporis</strong></span> <span class='ocrx_word' id='word_1_289' title='bbox 1088 2000 1299 2052; x_wconf 91' lang='lat' dir='ltr'><strong>sensus,</strong></span> <span class='ocrx_word' id='word_1_290' title='bbox 1324 1987 1437 2042; x_wconf 85' lang='lat' dir='ltr'><strong>sive</strong></span> <span class='ocrx_word' id='word_1_291' title='bbox 1478 2004 1576 2060; x_wconf 91' lang='lat' dir='ltr'><strong>per</strong></span> <span class='ocrx_word' id='word_1_292' title='bbox 1623 1990 1796 2060; x_wconf 90' lang='lat' dir='ltr'><strong>ipsum</strong></span> 
     </span>
    </p>
   </div>
   <div class='ocr_carea' id='block_1_36' title="bbox 218 2066 1794 2149">
    <p class='ocr_par' dir='ltr' id='par_1_36' title="bbox 218 2066 1794 2149">
     <span class='ocr_line' id='line_1_36' title="bbox 218 2066 1794 2149; baseline 0.012 -31"><span class='ocrx_word' id='word_1_293' title='bbox 218 2066 462 2121; x_wconf 90' lang='lat' dir='ltr'><strong>animum</strong></span> <span class='ocrx_word' id='word_1_294' title='bbox 499 2069 700 2140; x_wconf 89' lang='lat' dir='ltr'><strong>aliquid</strong></span> <span class='ocrx_word' id='word_1_295' title='bbox 753 2082 1066 2144; x_wconf 88' lang='lat' dir='ltr'><strong>perceptum</strong></span> <span class='ocrx_word' id='word_1_296' title='bbox 1096 2078 1480 2149; x_wconf 83' lang='lat' dir='ltr'><strong>cognitumque</strong></span> <span class='ocrx_word' id='word_1_297' title='bbox 1531 2081 1794 2149; x_wconf 91' lang='lat' dir='ltr'><strong>retineat,</strong></span> 
     </span>
    </p>
   </div>
   <div class='ocr_carea' id='block_1_37' title="bbox 215 2156 1799 2239">
    <p class='ocr_par' dir='ltr' id='par_1_37' title="bbox 215 2156 1799 2239">
     <span class='ocr_line' id='line_1_37' title="bbox 215 2156 1799 2239; baseline 0.013 -29"><span class='ocrx_word' id='word_1_298' title='bbox 215 2165 275 2210; x_wconf 91' lang='lat' dir='ltr'><strong>et</strong></span> <span class='ocrx_word' id='word_1_299' title='bbox 302 2156 436 2213; x_wconf 81' lang='lat' dir='ltr'><strong>fides</strong></span> <span class='ocrx_word' id='word_1_300' title='bbox 467 2159 581 2228; x_wconf 85' lang='lat' dir='ltr'><strong>ipsa</strong></span> <span class='ocrx_word' id='word_1_301' title='bbox 609 2170 788 2218; x_wconf 87' lang='lat' dir='ltr'><strong>mente</strong></span> <span class='ocrx_word' id='word_1_302' title='bbox 813 2163 996 2234; x_wconf 87' lang='lat' dir='ltr'><strong>itaque</strong></span> <span class='ocrx_word' id='word_1_303' title='bbox 1034 2167 1267 2234; x_wconf 91' lang='lat' dir='ltr'><strong>videtur,</strong></span> <span class='ocrx_word' id='word_1_304' title='bbox 1295 2169 1542 2239; x_wconf 89' lang='lat' dir='ltr'><strong>quamvis</strong></span> <span class='ocrx_word' id='word_1_305' title='bbox 1566 2171 1670 2228; x_wconf 89' lang='lat' dir='ltr'><strong>hoc</strong></span> <span class='ocrx_word' id='word_1_306' title='bbox 1693 2173 1799 2230; x_wconf 79' lang='lat' dir='ltr'><strong>fide</strong></span> 
     </span>
    </p>
   </div>
   <div class='ocr_carea' id='block_1_38' title="bbox 215 2248 1798 2328">
    <p class='ocr_par' dir='ltr' id='par_1_38' title="bbox 215 2248 1798 2328">
     <span class='ocr_line' id='line_1_38' title="bbox 215 2248 1798 2328; baseline 0.013 -30"><span class='ocrx_word' id='word_1_307' title='bbox 215 2248 478 2302; x_wconf 89' lang='lat' dir='ltr'><strong>credatur</strong></span> <span class='ocrx_word' id='word_1_308' title='bbox 505 2250 648 2319; x_wconf 89' lang='lat' dir='ltr'><strong>quod</strong></span> <span class='ocrx_word' id='word_1_309' title='bbox 693 2267 799 2306; x_wconf 90' lang='lat' dir='ltr'><strong>non</strong></span> <span class='ocrx_word' id='word_1_310' title='bbox 829 2253 1059 2309; x_wconf 88' lang='lat' dir='ltr'><strong>videtur.</strong></span> <span class='ocrx_word' id='word_1_311' title='bbox 1103 2256 1254 2313; x_wconf 91' lang='lat' dir='ltr'><strong>Unde</strong></span> <span class='ocrx_word' id='word_1_312' title='bbox 1290 2260 1565 2328; x_wconf 87' lang='lat' dir='ltr'><strong>apostolus</strong></span> <span class='ocrx_word' id='word_1_313' title='bbox 1605 2261 1798 2318; x_wconf 91' lang='lat' dir='ltr'><strong>Petrus</strong></span> 
     </span>
    </p>
   </div>
   <div class='ocr_carea' id='block_1_39' title="bbox 214 2335 1793 2424">
    <p class='ocr_par' dir='ltr' id='par_1_39' title="bbox 214 2335 1793 2424">
     <span class='ocr_line' id='line_1_39' title="bbox 214 2335 1793 2424; baseline 0.013 -35"><span class='ocrx_word' id='word_1_314' title='bbox 214 2335 381 2390; x_wconf 87' lang='lat' dir='ltr'><strong>dicit:</strong></span> <span class='ocrx_word' id='word_1_315' title='bbox 413 2356 431 2388; x_wconf 81' lang='grc' dir='ltr'><strong>ι</strong></span> <span class='ocrx_word' id='word_1_316' title='bbox 462 2338 518 2392; x_wconf 91' lang='lat' dir='ltr'><strong>In</strong></span> <span class='ocrx_word' id='word_1_317' title='bbox 547 2355 704 2409; x_wconf 87' lang='lat' dir='ltr'><strong>quem</strong></span> <span class='ocrx_word' id='word_1_318' title='bbox 732 2343 890 2399; x_wconf 91' lang='lat' dir='ltr'><strong>modo</strong></span> <span class='ocrx_word' id='word_1_319' title='bbox 920 2361 1025 2400; x_wconf 89' lang='lat' dir='ltr'><strong>non</strong></span> <span class='ocrx_word' id='word_1_320' title='bbox 1048 2347 1292 2404; x_wconf 86' lang='lat' dir='ltr'><strong>videntes</strong></span> <span class='ocrx_word' id='word_1_321' title='bbox 1320 2351 1543 2406; x_wconf 88' lang='lat' dir='ltr'><strong>creditis</strong></span> <span class='ocrx_word' id='word_1_322' title='bbox 1572 2351 1623 2424; x_wconf 84' lang='grc'><strong>(1</strong></span> <span class='ocrx_word' id='word_1_323' title='bbox 1646 2351 1793 2410; x_wconf 88' lang='lat' dir='ltr'><strong>Petr.</strong></span> 
     </span>
    </p>
   </div>
   <div class='ocr_carea' id='block_1_40' title="bbox 212 2426 1796 2513">
    <p class='ocr_par' dir='ltr' id='par_1_40' title="bbox 212 2426 1796 2513">
     <span class='ocr_line' id='line_1_40' title="bbox 212 2426 1796 2513; baseline 0.013 -34"><span class='ocrx_word' id='word_1_324' title='bbox 212 2441 258 2490; x_wconf 87' lang='grc' dir='ltr'>ι,</span> <span class='ocrx_word' id='word_1_325' title='bbox 297 2426 379 2498; x_wconf 88' lang='grc'><strong>8),</strong></span> <span class='ocrx_word' id='word_1_326' title='bbox 413 2447 432 2479; x_wconf 75' lang='grc' dir='ltr'><strong>ι</strong></span> <span class='ocrx_word' id='word_1_327' title='bbox 481 2439 538 2484; x_wconf 91' lang='lat' dir='ltr'><strong>et</strong></span> <span class='ocrx_word' id='word_1_328' title='bbox 572 2430 686 2502; x_wconf 91' lang='lat' dir='ltr'><strong>ipse</strong></span> <span class='ocrx_word' id='word_1_329' title='bbox 715 2431 974 2490; x_wconf 91' lang='lat' dir='ltr'><strong>Dominus</strong></span> <span class='ocrx_word' id='word_1_330' title='bbox 1003 2453 1016 2490; x_wconf 92' lang='lat'>:</span> <span class='ocrx_word' id='word_1_331' title='bbox 1058 2457 1075 2489; x_wconf 81' lang='grc' dir='ltr'><strong>ι</strong></span> <span class='ocrx_word' id='word_1_332' title='bbox 1114 2438 1290 2506; x_wconf 84' lang='lat' dir='ltr'><strong>Beati,</strong></span> <span class='ocrx_word' id='word_1_333' title='bbox 1321 2442 1527 2512; x_wconf 87' lang='lat' dir='ltr'><strong>inquit,</strong></span> <span class='ocrx_word' id='word_1_334' title='bbox 1559 2443 1651 2513; x_wconf 91' lang='lat' dir='ltr'><strong>qui</strong></span> <span class='ocrx_word' id='word_1_335' title='bbox 1688 2461 1796 2502; x_wconf 91' lang='lat' dir='ltr'><strong>non</strong></span> 
     </span>
    </p>
   </div>
   <div class='ocr_carea' id='block_1_41' title="bbox 210 2519 1796 2608">
    <p class='ocr_par' dir='ltr' id='par_1_41' title="bbox 210 2519 1796 2608">
     <span class='ocr_line' id='line_1_41' title="bbox 210 2519 1796 2608; baseline 0.016 -36"><span class='ocrx_word' id='word_1_336' title='bbox 210 2519 474 2576; x_wconf 82' lang='lat' dir='ltr'><strong>viderunt</strong></span> <span class='ocrx_word' id='word_1_337' title='bbox 501 2531 557 2578; x_wconf 91' lang='lat' dir='ltr'><strong>et</strong></span> <span class='ocrx_word' id='word_1_338' title='bbox 599 2525 944 2583; x_wconf 89' lang='lat' dir='ltr'><strong>crediderunt</strong></span> <span class='ocrx_word' id='word_1_339' title='bbox 969 2529 1150 2602; x_wconf 85' lang='lat' dir='ltr'><strong>(Joan.</strong></span> <span class='ocrx_word' id='word_1_340' title='bbox 1183 2550 1282 2600; x_wconf 82' lang='lat' dir='ltr'><strong>xx,</strong></span> <span class='ocrx_word' id='word_1_341' title='bbox 1313 2536 1425 2608; x_wconf 66' lang='lat'><strong>‘29).</strong></span> <span class='ocrx_word' id='word_1_342' title='bbox 1483 2558 1502 2590; x_wconf 73' lang='grc' dir='ltr'><strong>ι</strong></span> <span class='ocrx_word' id='word_1_343' title='bbox 1531 2538 1624 2595; x_wconf 89' lang='lat' dir='ltr'><strong>Illa</strong></span> <span class='ocrx_word' id='word_1_344' title='bbox 1651 2543 1796 2597; x_wconf 89' lang='lat' dir='ltr'><strong>enim</strong></span> 
     </span>
    </p>
   </div>
   <div class='ocr_carea' id='block_1_42' title="bbox 211 2613 1793 2703">
    <p class='ocr_par' dir='ltr' id='par_1_42' title="bbox 211 2613 1793 2703">
     <span class='ocr_line' id='line_1_42' title="bbox 211 2613 1793 2703; baseline 0.016 -39"><span class='ocrx_word' id='word_1_345' title='bbox 211 2626 341 2680; x_wconf 69' lang='lat' dir='ltr'><strong>quae</strong></span> <span class='ocrx_word' id='word_1_346' title='bbox 365 2613 544 2680; x_wconf 86' lang='lat' dir='ltr'><strong>videt,</strong></span> <span class='ocrx_word' id='word_1_347' title='bbox 575 2617 770 2672; x_wconf 86' lang='lat' dir='ltr'><strong>adsunt</strong></span> <span class='ocrx_word' id='word_1_348' title='bbox 795 2621 1062 2690; x_wconf 88' lang='lat' dir='ltr'><strong>sensibus,</strong></span> <span class='ocrx_word' id='word_1_349' title='bbox 1094 2625 1177 2680; x_wconf 90' lang='lat' dir='ltr'><strong>vel</strong></span> <span class='ocrx_word' id='word_1_350' title='bbox 1199 2627 1365 2682; x_wconf 89' lang='lat' dir='ltr'><strong>animi</strong></span> <span class='ocrx_word' id='word_1_351' title='bbox 1405 2629 1488 2684; x_wconf 95' lang='lat' dir='ltr'><strong>vel</strong></span> <span class='ocrx_word' id='word_1_352' title='bbox 1523 2634 1793 2703; x_wconf 89' lang='lat' dir='ltr'><strong>corporis;</strong></span> 
     </span>
    </p>
   </div>
   <div class='ocr_carea' id='block_1_43' title="bbox 210 2707 1798 2778">
    <p class='ocr_par' dir='ltr' id='par_1_43' title="bbox 210 2707 1798 2778">
     <span class='ocr_line' id='line_1_43' title="bbox 210 2707 1798 2778; baseline 0.016 -25"><span class='ocrx_word' id='word_1_353' title='bbox 210 2716 341 2771; x_wconf 85' lang='lat' dir='ltr'><strong>quae</strong></span> <span class='ocrx_word' id='word_1_354' title='bbox 365 2713 546 2760; x_wconf 90' lang='lat' dir='ltr'><strong>autem</strong></span> <span class='ocrx_word' id='word_1_355' title='bbox 572 2707 775 2774; x_wconf 90' lang='lat' dir='ltr'><strong>credit,</strong></span> <span class='ocrx_word' id='word_1_356' title='bbox 802 2711 999 2768; x_wconf 86' lang='lat' dir='ltr'><strong>absunt</strong></span> <span class='ocrx_word' id='word_1_357' title='bbox 1019 2730 1048 2768; x_wconf 91' lang='lat' dir='ltr'><strong>a</strong></span> <span class='ocrx_word' id='word_1_358' title='bbox 1072 2717 1318 2773; x_wconf 91' lang='lat' dir='ltr'><strong>sensibus</strong></span> <span class='ocrx_word' id='word_1_359' title='bbox 1339 2727 1394 2773; x_wconf 92' lang='lat' dir='ltr'><strong>et</strong></span> <span class='ocrx_word' id='word_1_360' title='bbox 1414 2721 1577 2776; x_wconf 90' lang='lat' dir='ltr'><strong>animi</strong></span> <span class='ocrx_word' id='word_1_361' title='bbox 1601 2732 1656 2778; x_wconf 92' lang='lat' dir='ltr'><strong>et</strong></span> <span class='ocrx_word' id='word_1_362' title='bbox 1677 2740 1798 2778; x_wconf 87' lang='lat' dir='ltr'><strong>cor-</strong></span> 
     </span>
    </p>
   </div>
   <div class='ocr_carea' id='block_1_44' title="bbox 209 2793 1798 2878">
    <p class='ocr_par' dir='ltr' id='par_1_44' title="bbox 209 2793 1798 2878">
     <span class='ocr_line' id='line_1_44' title="bbox 209 2793 1798 2878; baseline 0.016 -33"><span class='ocrx_word' id='word_1_363' title='bbox 209 2793 391 2860; x_wconf 88' lang='lat' dir='ltr'><strong>poris,</strong></span> <span class='ocrx_word' id='word_1_364' title='bbox 410 2797 656 2864; x_wconf 87' lang='lat' dir='ltr'><strong>quamvis</strong></span> <span class='ocrx_word' id='word_1_365' title='bbox 674 2807 729 2854; x_wconf 91' lang='lat' dir='ltr'><strong>et</strong></span> <span class='ocrx_word' id='word_1_366' title='bbox 749 2801 999 2860; x_wconf 86' lang='lat' dir='ltr'><strong>voluntas</strong></span> <span class='ocrx_word' id='word_1_367' title='bbox 1029 2803 1144 2873; x_wconf 86' lang='lat' dir='ltr'><strong>ejus</strong></span> <span class='ocrx_word' id='word_1_368' title='bbox 1165 2823 1195 2862; x_wconf 92' lang='lat' dir='ltr'><strong>a</strong></span> <span class='ocrx_word' id='word_1_369' title='bbox 1217 2823 1324 2878; x_wconf 90' lang='lat' dir='ltr'><strong>quo</strong></span> <span class='ocrx_word' id='word_1_370' title='bbox 1351 2811 1504 2866; x_wconf 92' lang='lat' dir='ltr'><strong>audit</strong></span> <span class='ocrx_word' id='word_1_371' title='bbox 1532 2821 1591 2867; x_wconf 92' lang='lat' dir='ltr'><strong>ut</strong></span> <span class='ocrx_word' id='word_1_372' title='bbox 1609 2816 1798 2870; x_wconf 89' lang='lat' dir='ltr'><strong>credat</strong></span> 
     </span>
    </p>
   </div>
   <div class='ocr_carea' id='block_1_45' title="bbox 212 2887 1795 2974">
    <p class='ocr_par' dir='ltr' id='par_1_45' title="bbox 212 2887 1795 2974">
     <span class='ocr_line' id='line_1_45' title="bbox 212 2887 1795 2974; baseline 0.015 -37"><span class='ocrx_word' id='word_1_373' title='bbox 212 2899 327 2939; x_wconf 90' lang='lat' dir='ltr'><strong>non</strong></span> <span class='ocrx_word' id='word_1_374' title='bbox 360 2887 429 2940; x_wconf 90' lang='lat' dir='ltr'><strong>sit</strong></span> <span class='ocrx_word' id='word_1_375' title='bbox 454 2890 747 2958; x_wconf 63' lang='lat' dir='ltr'><strong>praeterita,</strong></span> <span class='ocrx_word' id='word_1_376' title='bbox 783 2895 876 2950; x_wconf 92' lang='lat' dir='ltr'><strong>sed</strong></span> <span class='ocrx_word' id='word_1_377' title='bbox 900 2907 1116 2953; x_wconf 90' lang='lat' dir='ltr'><strong>maneat</strong></span> <span class='ocrx_word' id='word_1_378' title='bbox 1153 2899 1207 2954; x_wconf 93' lang='lat' dir='ltr'><strong>in</strong></span> <span class='ocrx_word' id='word_1_379' title='bbox 1239 2901 1523 2971; x_wconf 88' lang='lat' dir='ltr'><strong>loquente,</strong></span> <span class='ocrx_word' id='word_1_380' title='bbox 1557 2921 1716 2974; x_wconf 90' lang='lat' dir='ltr'><strong>quam</strong></span> <span class='ocrx_word' id='word_1_381' title='bbox 1741 2907 1795 2961; x_wconf 92' lang='lat' dir='ltr'><strong>in</strong></span> 
     </span>
    </p>
   </div>
   <div class='ocr_carea' id='block_1_46' title="bbox 209 2976 1796 3064">
    <p class='ocr_par' dir='ltr' id='par_1_46' title="bbox 209 2976 1796 3064">
     <span class='ocr_line' id='line_1_46' title="bbox 209 2976 1796 3064; baseline 0.014 -35"><span class='ocrx_word' id='word_1_382' title='bbox 209 2976 403 3047; x_wconf 83' lang='lat' dir='ltr'><strong>seipso</strong></span> <span class='ocrx_word' id='word_1_383' title='bbox 425 2979 564 3036; x_wconf 90' lang='lat' dir='ltr'><strong>idem</strong></span> <span class='ocrx_word' id='word_1_384' title='bbox 589 2983 702 3052; x_wconf 91' lang='lat' dir='ltr'><strong>ipse</strong></span> <span class='ocrx_word' id='word_1_385' title='bbox 725 2985 816 3054; x_wconf 91' lang='lat' dir='ltr'><strong>qui</strong></span> <span class='ocrx_word' id='word_1_386' title='bbox 839 2985 1076 3057; x_wconf 88' lang='lat' dir='ltr'><strong>loquitur</strong></span> <span class='ocrx_word' id='word_1_387' title='bbox 1093 2991 1257 3046; x_wconf 88' lang='lat' dir='ltr'><strong>videt.</strong></span> <span class='ocrx_word' id='word_1_388' title='bbox 1276 2993 1367 3048; x_wconf 90' lang='lat' dir='ltr'><strong>Ille</strong></span> <span class='ocrx_word' id='word_1_389' title='bbox 1389 3010 1516 3050; x_wconf 90' lang='lat' dir='ltr'><strong>vero</strong></span> <span class='ocrx_word' id='word_1_390' title='bbox 1535 2997 1624 3064; x_wconf 91' lang='lat' dir='ltr'><strong>qui</strong></span> <span class='ocrx_word' id='word_1_391' title='bbox 1647 2997 1796 3053; x_wconf 88' lang='lat' dir='ltr'><strong>audit</strong></span> 
     </span>
    </p>
   </div>
   <div class='ocr_carea' id='block_1_47' title="bbox 111 3066 1794 3144">
    <p class='ocr_par' dir='ltr' id='par_1_47' title="bbox 111 3066 1794 3144">
     <span class='ocr_line' id='line_1_47' title="bbox 111 3066 1794 3144; baseline 0.014 -23"><span class='ocrx_word' id='word_1_392' title='bbox 111 3066 114 3070; x_wconf 83' lang='grc'><em>’</em></span> <span class='ocrx_word' id='word_1_393' title='bbox 209 3085 328 3124; x_wconf 89' lang='lat' dir='ltr'><strong>non</strong></span> <span class='ocrx_word' id='word_1_394' title='bbox 359 3086 478 3126; x_wconf 91' lang='lat' dir='ltr'><strong>eam</strong></span> <span class='ocrx_word' id='word_1_395' title='bbox 507 3075 674 3142; x_wconf 90' lang='lat' dir='ltr'><strong>videt,</strong></span> <span class='ocrx_word' id='word_1_396' title='bbox 689 3077 783 3132; x_wconf 88' lang='lat' dir='ltr'><strong>sed</strong></span> <span class='ocrx_word' id='word_1_397' title='bbox 813 3081 1002 3136; x_wconf 86' lang='lat' dir='ltr'><strong>credit.</strong></span> <span class='ocrx_word' id='word_1_398' title='bbox 1029 3081 1378 3140; x_wconf 78' lang='lat' dir='ltr'><strong>Resurrectio</strong></span> <span class='ocrx_word' id='word_1_399' title='bbox 1399 3096 1578 3142; x_wconf 88' lang='lat' dir='ltr'><strong>autem</strong></span> <span class='ocrx_word' id='word_1_400' title='bbox 1592 3087 1794 3144; x_wconf 86' lang='lat' dir='ltr'><strong>Christi</strong></span> 
     </span>
    </p>
   </div>
   <div class='ocr_carea' id='block_1_48' title="bbox 207 3165 1870 3264">
    <p class='ocr_par' dir='ltr' id='par_1_48' title="bbox 207 3165 1870 3264">
     <span class='ocr_line' id='line_1_48' title="bbox 207 3165 1870 3264; baseline 0.014 -49"><span class='ocrx_word' id='word_1_401' title='bbox 207 3165 629 3264; x_wconf 50' lang='lat' dir='ltr'><strong>praeteritaest,</strong></span> <span class='ocrx_word' id='word_1_402' title='bbox 646 3185 806 3264; x_wconf 83' lang='lat' dir='ltr'><strong>quam</strong></span> <span class='ocrx_word' id='word_1_403' title='bbox 824 3188 924 3229; x_wconf 89' lang='lat' dir='ltr'><strong>nec</strong></span> <span class='ocrx_word' id='word_1_404' title='bbox 946 3174 1020 3229; x_wconf 85' lang='lat' dir='ltr'><strong>illi</strong></span> <span class='ocrx_word' id='word_1_405' title='bbox 1043 3176 1291 3232; x_wconf 84' lang='lat' dir='ltr'><strong>viderunt</strong></span> <span class='ocrx_word' id='word_1_406' title='bbox 1305 3179 1547 3236; x_wconf 91' lang='lat' dir='ltr'><strong>homines</strong></span> <span class='ocrx_word' id='word_1_407' title='bbox 1563 3183 1652 3250; x_wconf 91' lang='lat' dir='ltr'><strong>qui</strong></span> <span class='ocrx_word' id='word_1_408' title='bbox 1670 3191 1797 3239; x_wconf 90' lang='lat' dir='ltr'><strong>tunc</strong></span> <span class='ocrx_word' id='word_1_409' title='bbox 1824 3201 1870 3264; x_wconf 77' lang='grc' dir='ltr'>ο</span> 
     </span>
    </p>
   </div>
   <div class='ocr_carea' id='block_1_49' title="bbox 205 3249 1795 3341">
    <p class='ocr_par' dir='ltr' id='par_1_49' title="bbox 205 3249 1795 3341">
     <span class='ocr_line' id='line_1_49' title="bbox 205 3249 1795 3341; baseline 0.013 -36"><span class='ocrx_word' id='word_1_410' title='bbox 205 3249 612 3336; x_wconf 81' lang='lat' dir='ltr'><strong>fuerunt.Nam</strong></span> <span class='ocrx_word' id='word_1_411' title='bbox 634 3260 727 3341; x_wconf 82' lang='lat' dir='ltr'><strong>qui</strong></span> <span class='ocrx_word' id='word_1_412' title='bbox 749 3261 998 3318; x_wconf 73' lang='lat' dir='ltr'><strong>viderunt</strong></span> <span class='ocrx_word' id='word_1_413' title='bbox 1021 3265 1289 3322; x_wconf 89' lang='lat' dir='ltr'><strong>viventem</strong></span> <span class='ocrx_word' id='word_1_414' title='bbox 1315 3249 1610 3334; x_wconf 67' lang='lat' dir='ltr'><strong>Christum,</strong></span> <span class='ocrx_word' id='word_1_415' title='bbox 1636 3286 1795 3341; x_wconf 90' lang='lat' dir='ltr'><strong>quem</strong></span> 
     </span>
    </p>
   </div>
   <div class='ocr_carea' id='block_1_50' title="bbox 209 3337 1792 3431">
    <p class='ocr_par' dir='ltr' id='par_1_50' title="bbox 209 3337 1792 3431">
     <span class='ocr_line' id='line_1_50' title="bbox 209 3337 1792 3431; baseline 0.015 -34"><span class='ocrx_word' id='word_1_416' title='bbox 209 3343 468 3402; x_wconf 84' lang='lat' dir='ltr'><strong>viderant</strong></span> <span class='ocrx_word' id='word_1_417' title='bbox 507 3337 847 3420; x_wconf 76' lang='lat' dir='ltr'><strong>morientem,</strong></span> <span class='ocrx_word' id='word_1_418' title='bbox 895 3355 1068 3425; x_wconf 89' lang='lat' dir='ltr'><strong>ipsam</strong></span> <span class='ocrx_word' id='word_1_419' title='bbox 1093 3365 1274 3415; x_wconf 88' lang='lat' dir='ltr'><strong>tamen</strong></span> <span class='ocrx_word' id='word_1_420' title='bbox 1309 3337 1792 3431; x_wconf 78' lang='lat' dir='ltr'><strong>resurrectionem,</strong></span> 
     </span>
    </p>
   </div>
   <div class='ocr_carea' id='block_1_51' title="bbox 206 3438 1794 3514">
    <p class='ocr_par' dir='ltr' id='par_1_51' title="bbox 206 3438 1794 3514">
     <span class='ocr_line' id='line_1_51' title="bbox 206 3438 1794 3514; baseline 0.013 -23"><span class='ocrx_word' id='word_1_421' title='bbox 206 3452 342 3492; x_wconf 90' lang='lat' dir='ltr'><strong>cum</strong></span> <span class='ocrx_word' id='word_1_422' title='bbox 375 3438 549 3508; x_wconf 81' lang='lat' dir='ltr'><strong>fieret,</strong></span> <span class='ocrx_word' id='word_1_423' title='bbox 574 3458 685 3500; x_wconf 89' lang='lat' dir='ltr'><strong>non</strong></span> <span class='ocrx_word' id='word_1_424' title='bbox 709 3445 982 3514; x_wconf 88' lang='lat' dir='ltr'><strong>viderunt,</strong></span> <span class='ocrx_word' id='word_1_425' title='bbox 1013 3449 1108 3504; x_wconf 93' lang='lat' dir='ltr'><strong>sed</strong></span> <span class='ocrx_word' id='word_1_426' title='bbox 1133 3465 1254 3506; x_wconf 89' lang='lat' dir='ltr'><strong>eam</strong></span> <span class='ocrx_word' id='word_1_427' title='bbox 1279 3453 1581 3509; x_wconf 89' lang='lat' dir='ltr'><strong>certissime</strong></span> <span class='ocrx_word' id='word_1_428' title='bbox 1617 3455 1794 3511; x_wconf 74' lang='lat' dir='ltr'><strong>credi-</strong></span> 
     </span>
    </p>
   </div>
   <div class='ocr_carea' id='block_1_52' title="bbox 205 3531 1797 3617">
    <p class='ocr_par' dir='ltr' id='par_1_52' title="bbox 205 3531 1797 3617">
     <span class='ocr_line' id='line_1_52' title="bbox 205 3531 1797 3617; baseline 0.012 -32"><span class='ocrx_word' id='word_1_429' title='bbox 205 3531 434 3599; x_wconf 90' lang='lat' dir='ltr'><strong>derunt,</strong></span> <span class='ocrx_word' id='word_1_430' title='bbox 462 3536 715 3604; x_wconf 92' lang='lat' dir='ltr'><strong>videndo,</strong></span> <span class='ocrx_word' id='word_1_431' title='bbox 746 3548 800 3594; x_wconf 88' lang='lat' dir='ltr'><strong>et</strong></span> <span class='ocrx_word' id='word_1_432' title='bbox 831 3543 1096 3610; x_wconf 88' lang='lat' dir='ltr'><strong>tangendo</strong></span> <span class='ocrx_word' id='word_1_433' title='bbox 1131 3544 1312 3600; x_wconf 89' lang='lat' dir='ltr'><strong>vivum</strong></span> <span class='ocrx_word' id='word_1_434' title='bbox 1341 3561 1501 3617; x_wconf 90' lang='lat' dir='ltr'><strong>quem</strong></span> <span class='ocrx_word' id='word_1_435' title='bbox 1529 3559 1797 3604; x_wconf 89' lang='lat' dir='ltr'><strong>noverant</strong></span> 
     </span>
    </p>
   </div>
   <div class='ocr_carea' id='block_1_53' title="bbox 203 3623 1794 3704">
    <p class='ocr_par' dir='ltr' id='par_1_53' title="bbox 203 3623 1794 3704">
     <span class='ocr_line' id='line_1_53' title="bbox 203 3623 1794 3704; baseline 0.011 -29"><span class='ocrx_word' id='word_1_436' title='bbox 203 3631 514 3678; x_wconf 88' lang='lat' dir='ltr'><strong>mortuum.</strong></span> <span class='ocrx_word' id='word_1_437' title='bbox 530 3623 643 3681; x_wconf 86' lang='lat' dir='ltr'><strong>Nos</strong></span> <span class='ocrx_word' id='word_1_438' title='bbox 668 3635 837 3682; x_wconf 85' lang='lat' dir='ltr'><strong>totum</strong></span> <span class='ocrx_word' id='word_1_439' title='bbox 863 3630 1152 3698; x_wconf 89' lang='lat' dir='ltr'><strong>credimus,</strong></span> <span class='ocrx_word' id='word_1_440' title='bbox 1177 3642 1232 3688; x_wconf 89' lang='lat' dir='ltr'><strong>et</strong></span> <span class='ocrx_word' id='word_1_441' title='bbox 1251 3635 1392 3704; x_wconf 92' lang='lat' dir='ltr'><strong>quod</strong></span> <span class='ocrx_word' id='word_1_442' title='bbox 1415 3639 1794 3703; x_wconf 85' lang='lat' dir='ltr'><strong>resurrexerit,</strong></span> 
     </span>
    </p>
   </div>
   <div class='ocr_carea' id='block_1_54' title="bbox 201 3714 1798 3794">
    <p class='ocr_par' dir='ltr' id='par_1_54' title="bbox 201 3714 1798 3794">
     <span class='ocr_line' id='line_1_54' title="bbox 201 3714 1798 3794; baseline 0.009 -26"><span class='ocrx_word' id='word_1_443' title='bbox 201 3721 268 3768; x_wconf 83' lang='lat' dir='ltr'><strong>et</strong></span> <span class='ocrx_word' id='word_1_444' title='bbox 301 3714 448 3782; x_wconf 88' lang='lat' dir='ltr'><strong>quod</strong></span> <span class='ocrx_word' id='word_1_445' title='bbox 483 3715 551 3770; x_wconf 91' lang='lat' dir='ltr'><strong>ab</strong></span> <span class='ocrx_word' id='word_1_446' title='bbox 577 3716 885 3775; x_wconf 90' lang='lat' dir='ltr'><strong>hominibus</strong></span> <span class='ocrx_word' id='word_1_447' title='bbox 916 3727 1042 3776; x_wconf 90' lang='lat' dir='ltr'><strong>tunc</strong></span> <span class='ocrx_word' id='word_1_448' title='bbox 1066 3723 1214 3778; x_wconf 90' lang='lat' dir='ltr'><strong>visus</strong></span> <span class='ocrx_word' id='word_1_449' title='bbox 1235 3732 1292 3779; x_wconf 90' lang='lat' dir='ltr'><strong>et</strong></span> <span class='ocrx_word' id='word_1_450' title='bbox 1321 3734 1584 3783; x_wconf 89' lang='lat' dir='ltr'><strong>tractatus</strong></span> <span class='ocrx_word' id='word_1_451' title='bbox 1609 3729 1709 3794; x_wconf 88' lang='lat' dir='ltr'><strong>sit,</strong></span> <span class='ocrx_word' id='word_1_452' title='bbox 1742 3737 1798 3784; x_wconf 91' lang='lat' dir='ltr'><strong>et</strong></span> 
     </span>
    </p>
   </div>
   <div class='ocr_carea' id='block_1_55' title="bbox 203 3806 1797 3882">
    <p class='ocr_par' dir='ltr' id='par_1_55' title="bbox 203 3806 1797 3882">
     <span class='ocr_line' id='line_1_55' title="bbox 203 3806 1797 3882; baseline 0.01 -24"><span class='ocrx_word' id='word_1_453' title='bbox 203 3806 366 3873; x_wconf 87' lang='lat' dir='ltr'><strong>quod</strong></span> <span class='ocrx_word' id='word_1_454' title='bbox 396 3821 537 3862; x_wconf 91' lang='lat' dir='ltr'><strong>nunc</strong></span> <span class='ocrx_word' id='word_1_455' title='bbox 565 3807 710 3861; x_wconf 88' lang='lat' dir='ltr'><strong>vivat</strong></span> <span class='ocrx_word' id='word_1_456' title='bbox 734 3809 790 3863; x_wconf 92' lang='lat' dir='ltr'><strong>in</strong></span> <span class='ocrx_word' id='word_1_457' title='bbox 818 3811 990 3878; x_wconf 72' lang='lat' dir='ltr'><strong>cmlis,</strong></span> <span class='ocrx_word' id='word_1_458' title='bbox 1018 3827 1118 3868; x_wconf 91' lang='lat' dir='ltr'><strong>nec</strong></span> <span class='ocrx_word' id='word_1_459' title='bbox 1138 3811 1251 3882; x_wconf 87' lang='lat' dir='ltr'><strong>jam</strong></span> <span class='ocrx_word' id='word_1_460' title='bbox 1277 3816 1542 3871; x_wconf 89' lang='lat' dir='ltr'><strong>moriatur</strong></span> <span class='ocrx_word' id='word_1_461' title='bbox 1565 3828 1620 3872; x_wconf 90' lang='lat' dir='ltr'><strong>et</strong></span> <span class='ocrx_word' id='word_1_462' title='bbox 1648 3833 1797 3874; x_wconf 88' lang='lat' dir='ltr'><strong>mors</strong></span> 
     </span>
    </p>
   </div>
   <div class='ocr_carea' id='block_1_56' title="bbox 203 3890 1795 3978">
    <p class='ocr_par' dir='ltr' id='par_1_56' title="bbox 203 3890 1795 3978">
     <span class='ocr_line' id='line_1_56' title="bbox 203 3890 1795 3978; baseline 0.013 -34"><span class='ocrx_word' id='word_1_463' title='bbox 203 3890 294 3946; x_wconf 70' lang='lat' dir='ltr'><strong>illi</strong></span> <span class='ocrx_word' id='word_1_464' title='bbox 318 3892 459 3947; x_wconf 91' lang='lat' dir='ltr'><strong>ultra</strong></span> <span class='ocrx_word' id='word_1_465' title='bbox 490 3910 596 3951; x_wconf 91' lang='lat' dir='ltr'><strong>non</strong></span> <span class='ocrx_word' id='word_1_466' title='bbox 635 3897 959 3954; x_wconf 89' lang='lat' dir='ltr'><strong>dominetur.</strong></span> <span class='ocrx_word' id='word_1_467' title='bbox 991 3901 1098 3958; x_wconf 83' lang='lat' dir='ltr'><strong>Res</strong></span> <span class='ocrx_word' id='word_1_468' title='bbox 1125 3911 1306 3960; x_wconf 88' lang='lat' dir='ltr'><strong>autem</strong></span> <span class='ocrx_word' id='word_1_469' title='bbox 1335 3905 1449 3976; x_wconf 89' lang='lat' dir='ltr'><strong>ipsa</strong></span> <span class='ocrx_word' id='word_1_470' title='bbox 1477 3920 1578 3962; x_wconf 90' lang='lat' dir='ltr'><strong>nec</strong></span> <span class='ocrx_word' id='word_1_471' title='bbox 1604 3921 1795 3978; x_wconf 84' lang='lat' dir='ltr'><strong>corpo-</strong></span> 
     </span>
    </p>
   </div>
   <div class='ocr_carea' id='block_1_57' title="bbox 207 3985 1796 4055">
    <p class='ocr_par' dir='ltr' id='par_1_57' title="bbox 207 3985 1796 4055">
     <span class='ocr_line' id='line_1_57' title="bbox 207 3985 1796 4055; baseline 0.011 -19"><span class='ocrx_word' id='word_1_472' title='bbox 207 3985 297 4038; x_wconf 87' lang='lat' dir='ltr'><strong>ris</strong></span> <span class='ocrx_word' id='word_1_473' title='bbox 338 3986 511 4040; x_wconf 89' lang='lat' dir='ltr'><strong>nostri</strong></span> <span class='ocrx_word' id='word_1_474' title='bbox 545 3987 794 4044; x_wconf 89' lang='lat' dir='ltr'><strong>sensibus</strong></span> <span class='ocrx_word' id='word_1_475' title='bbox 825 3990 995 4055; x_wconf 88' lang='lat' dir='ltr'><strong>adest,</strong></span> <span class='ocrx_word' id='word_1_476' title='bbox 1022 3993 1162 4048; x_wconf 89' lang='lat' dir='ltr'><strong>sicut</strong></span> <span class='ocrx_word' id='word_1_477' title='bbox 1186 3994 1340 4050; x_wconf 89' lang='lat' dir='ltr'><strong>adest</strong></span> <span class='ocrx_word' id='word_1_478' title='bbox 1377 3996 1480 4051; x_wconf 91' lang='lat' dir='ltr'><strong>hoc</strong></span> <span class='ocrx_word' id='word_1_479' title='bbox 1507 3995 1700 4052; x_wconf 76' lang='lat' dir='ltr'><strong>ccelum</strong></span> <span class='ocrx_word' id='word_1_480' title='bbox 1741 4007 1796 4054; x_wconf 88' lang='lat' dir='ltr'><strong>et</strong></span> 
     </span>
    </p>
   </div>
   <div class='ocr_carea' id='block_1_58' title="bbox 206 4085 1796 4154">
    <p class='ocr_par' dir='ltr' id='par_1_58' title="bbox 206 4085 1796 4154">
     <span class='ocr_line' id='line_1_58' title="bbox 206 4085 1796 4154; baseline 0.008 -21"><span class='ocrx_word' id='word_1_481' title='bbox 206 4087 387 4144; x_wconf 83' lang='lat' dir='ltr'><strong>terra,</strong></span> <span class='ocrx_word' id='word_1_482' title='bbox 421 4093 521 4136; x_wconf 90' lang='lat' dir='ltr'><strong>nec</strong></span> <span class='ocrx_word' id='word_1_483' title='bbox 548 4090 750 4138; x_wconf 71' lang='lat' dir='ltr'><strong>nostra:</strong></span> <span class='ocrx_word' id='word_1_484' title='bbox 778 4085 974 4140; x_wconf 88' lang='lat' dir='ltr'><strong>mentis</strong></span> <span class='ocrx_word' id='word_1_485' title='bbox 1001 4085 1298 4154; x_wconf 90' lang='lat' dir='ltr'><strong>obtutibus,</strong></span> <span class='ocrx_word' id='word_1_486' title='bbox 1327 4088 1464 4143; x_wconf 91' lang='lat' dir='ltr'><strong>sicut</strong></span> <span class='ocrx_word' id='word_1_487' title='bbox 1495 4088 1645 4144; x_wconf 91' lang='lat' dir='ltr'><strong>adest</strong></span> <span class='ocrx_word' id='word_1_488' title='bbox 1663 4089 1796 4146; x_wconf 75' lang='lat' dir='ltr'><strong>fides</strong></span> 
     </span>
    </p>
   </div>
   <div class='ocr_carea' id='block_1_59' title="bbox 206 4169 1795 4242">
    <p class='ocr_par' dir='ltr' id='par_1_59' title="bbox 206 4169 1795 4242">
     <span class='ocr_line' id='line_1_59' title="bbox 206 4169 1795 4242; baseline 0.006 -18"><span class='ocrx_word' id='word_1_489' title='bbox 206 4169 358 4239; x_wconf 81' lang='lat' dir='ltr'><strong>ipsa,</strong></span> <span class='ocrx_word' id='word_1_490' title='bbox 408 4185 513 4240; x_wconf 90' lang='lat' dir='ltr'><strong>qua</strong></span> <span class='ocrx_word' id='word_1_491' title='bbox 543 4172 646 4226; x_wconf 92' lang='lat' dir='ltr'><strong>hoc</strong></span> <span class='ocrx_word' id='word_1_492' title='bbox 677 4172 964 4242; x_wconf 83' lang='lat' dir='ltr'><strong>credimus.</strong></span> <span class='ocrx_word' id='word_1_493' title='bbox 994 4175 1284 4231; x_wconf 90' lang='lat' dir='ltr'><strong>Veniamus</strong></span> <span class='ocrx_word' id='word_1_494' title='bbox 1308 4177 1376 4231; x_wconf 90' lang='lat' dir='ltr'><strong>ad</strong></span> <span class='ocrx_word' id='word_1_495' title='bbox 1405 4192 1644 4233; x_wconf 91' lang='lat' dir='ltr'><strong>causam.</strong></span> <span class='ocrx_word' id='word_1_496' title='bbox 1678 4177 1795 4234; x_wconf 88' lang='lat' dir='ltr'><strong>Sci-</strong></span> 
     </span>
    </p>
   </div>
   <div class='ocr_carea' id='block_1_60' title="bbox 204 4263 1789 4336">
    <p class='ocr_par' dir='ltr' id='par_1_60' title="bbox 204 4263 1789 4336">
     <span class='ocr_line' id='line_1_60' title="bbox 204 4263 1789 4336; baseline 0.004 -20"><span class='ocrx_word' id='word_1_497' title='bbox 204 4276 338 4316; x_wconf 87' lang='lat' dir='ltr'><strong>mus</strong></span> <span class='ocrx_word' id='word_1_498' title='bbox 373 4277 528 4332; x_wconf 90' lang='lat' dir='ltr'><strong>posse</strong></span> <span class='ocrx_word' id='word_1_499' title='bbox 585 4263 754 4317; x_wconf 90' lang='lat' dir='ltr'><strong>Deum</strong></span> <span class='ocrx_word' id='word_1_500' title='bbox 783 4263 985 4330; x_wconf 89' lang='lat' dir='ltr'><strong>videri,</strong></span> <span class='ocrx_word' id='word_1_501' title='bbox 1043 4267 1300 4336; x_wconf 90' lang='lat' dir='ltr'><strong>quoniam</strong></span> <span class='ocrx_word' id='word_1_502' title='bbox 1345 4268 1602 4336; x_wconf 91' lang='lat' dir='ltr'><strong>scriptum</strong></span> <span class='ocrx_word' id='word_1_503' title='bbox 1647 4276 1732 4324; x_wconf 90' lang='lat' dir='ltr'><strong>est</strong></span> <span class='ocrx_word' id='word_1_504' title='bbox 1776 4287 1789 4323; x_wconf 93' lang='lat'><strong>:</strong></span> 
     </span>
    </p>
   </div>
   <div class='ocr_carea' id='block_1_61' title="bbox 211 4353 1791 4427">
    <p class='ocr_par' dir='ltr' id='par_1_61' title="bbox 211 4353 1791 4427">
     <span class='ocr_line' id='line_1_61' title="bbox 211 4353 1791 4427; baseline 0.006 -22"><span class='ocrx_word' id='word_1_505' title='bbox 211 4372 232 4405; x_wconf 77' lang='grc' dir='ltr'><strong>ι</strong></span> <span class='ocrx_word' id='word_1_506' title='bbox 279 4353 431 4408; x_wconf 89' lang='lat' dir='ltr'><strong>Beati</strong></span> <span class='ocrx_word' id='word_1_507' title='bbox 460 4355 660 4408; x_wconf 90' lang='lat' dir='ltr'><strong>mundo</strong></span> <span class='ocrx_word' id='word_1_508' title='bbox 685 4356 879 4421; x_wconf 91' lang='lat' dir='ltr'><strong>corde,</strong></span> <span class='ocrx_word' id='word_1_509' title='bbox 907 4357 1158 4425; x_wconf 89' lang='lat' dir='ltr'><strong>quoniam</strong></span> <span class='ocrx_word' id='word_1_510' title='bbox 1186 4357 1284 4427; x_wconf 91' lang='lat' dir='ltr'><strong>ipsi</strong></span> <span class='ocrx_word' id='word_1_511' title='bbox 1325 4356 1493 4412; x_wconf 91' lang='lat' dir='ltr'><strong>Deum</strong></span> <span class='ocrx_word' id='word_1_512' title='bbox 1534 4359 1791 4414; x_wconf 88' lang='lat' dir='ltr'><strong>videbunt</strong></span> 
     </span>
    </p>
   </div>
   <div class='ocr_carea' id='block_1_62' title="bbox 205 4441 1786 4518">
    <p class='ocr_par' dir='ltr' id='par_1_62' title="bbox 205 4441 1786 4518">
     <span class='ocr_line' id='line_1_62' title="bbox 205 4441 1786 4518; baseline 0.006 -22"><span class='ocrx_word' id='word_1_513' title='bbox 205 4441 431 4514; x_wconf 72' lang='lat' dir='ltr'><strong>(Matth.</strong></span> <span class='ocrx_word' id='word_1_514' title='bbox 446 4460 500 4510; x_wconf 90' lang='lat' dir='ltr'><strong>v,</strong></span> <span class='ocrx_word' id='word_1_515' title='bbox 513 4443 590 4516; x_wconf 90' lang='lat'><strong>8).</strong></span> <span class='ocrx_word' id='word_1_516' title='bbox 605 4464 622 4496; x_wconf 75' lang='grc' dir='ltr'><strong>ι</strong></span> <span class='ocrx_word' id='word_1_517' title='bbox 639 4444 722 4499; x_wconf 86' lang='lat' dir='ltr'><strong>An</strong></span> <span class='ocrx_word' id='word_1_518' title='bbox 739 4445 878 4501; x_wconf 88' lang='lat' dir='ltr'><strong>forte</strong></span> <span class='ocrx_word' id='word_1_519' title='bbox 900 4461 1004 4501; x_wconf 86' lang='lat' dir='ltr'><strong>non</strong></span> <span class='ocrx_word' id='word_1_520' title='bbox 1021 4446 1183 4502; x_wconf 89' lang='lat' dir='ltr'><strong>debui</strong></span> <span class='ocrx_word' id='word_1_521' title='bbox 1200 4447 1399 4515; x_wconf 87' lang='lat' dir='ltr'><strong>dicere,</strong></span> <span class='ocrx_word' id='word_1_522' title='bbox 1417 4447 1650 4517; x_wconf 85' lang='lat' dir='ltr'><strong>Scimus,</strong></span> <span class='ocrx_word' id='word_1_523' title='bbox 1673 4451 1786 4518; x_wconf 91' lang='lat' dir='ltr'><strong>sed,</strong></span> 
     </span>
    </p>
   </div>
   <div class='ocr_carea' id='block_1_63' title="bbox 1902 1977 3471 2048">
    <p class='ocr_par' dir='ltr' id='par_1_63' title="bbox 1902 1977 3471 2048">
     <span class='ocr_line' id='line_1_63' title="bbox 1902 1977 3471 2048; baseline 0.001 -15"><span class='ocrx_word' id='word_1_524' title='bbox 1902 1979 2067 2033; x_wconf 89' lang='lat' dir='ltr'><strong>traria</strong></span> <span class='ocrx_word' id='word_1_525' title='bbox 2118 1978 2401 2033; x_wconf 62' lang='lat' dir='ltr'><strong>sententias</strong></span> <span class='ocrx_word' id='word_1_526' title='bbox 2450 1992 2559 2048; x_wconf 90' lang='lat' dir='ltr'><strong>qua</strong></span> <span class='ocrx_word' id='word_1_527' title='bbox 2603 1977 2805 2033; x_wconf 91' lang='lat' dir='ltr'><strong>dictum</strong></span> <span class='ocrx_word' id='word_1_528' title='bbox 2840 1985 2972 2033; x_wconf 88' lang='lat' dir='ltr'><strong>est:</strong></span> <span class='ocrx_word' id='word_1_529' title='bbox 3029 1995 3048 2030; x_wconf 79' lang='grc' dir='ltr'><strong>ι</strong></span> <span class='ocrx_word' id='word_1_530' title='bbox 3097 1977 3267 2033; x_wconf 90' lang='lat' dir='ltr'><strong>Deum</strong></span> <span class='ocrx_word' id='word_1_531' title='bbox 3312 1991 3471 2034; x_wconf 89' lang='lat' dir='ltr'><strong>nemo</strong></span> 
     </span>
    </p>
   </div>
   <div class='ocr_carea' id='block_1_64' title="bbox 1897 2070 2375 2140">
    <p class='ocr_par' dir='ltr' id='par_1_64' title="bbox 1897 2070 2375 2140">
     <span class='ocr_line' id='line_1_64' title="bbox 1897 2070 2375 2140; baseline -0.008 -14"><span class='ocrx_word' id='word_1_532' title='bbox 1897 2070 2032 2126; x_wconf 91' lang='lat' dir='ltr'><strong>vidit</strong></span> <span class='ocrx_word' id='word_1_533' title='bbox 2058 2070 2330 2140; x_wconf 88' lang='lat' dir='ltr'><strong>unquam?</strong></span> <span class='ocrx_word' id='word_1_534' title='bbox 2355 2090 2375 2122; x_wconf 72' lang='grc' dir='ltr'><strong>ι</strong></span> 
     </span>
    </p>
   </div>
   <div class='ocr_carea' id='block_1_65' title="bbox 1969 2161 3473 2234">
    <p class='ocr_par' dir='ltr' id='par_1_65' title="bbox 1969 2161 3473 2234">
     <span class='ocr_line' id='line_1_65' title="bbox 1969 2161 3473 2234; baseline -0.001 -17"><span class='ocrx_word' id='word_1_535' title='bbox 1969 2163 2150 2234; x_wconf 90' lang='lat' dir='ltr'><strong>Ipsum</strong></span> <span class='ocrx_word' id='word_1_536' title='bbox 2172 2176 2385 2233; x_wconf 90' lang='lat' dir='ltr'><strong>quoque</strong></span> <span class='ocrx_word' id='word_1_537' title='bbox 2411 2161 2761 2231; x_wconf 87' lang='lat' dir='ltr'><strong>Evangelium</strong></span> <span class='ocrx_word' id='word_1_538' title='bbox 2788 2169 2967 2233; x_wconf 88' lang='lat' dir='ltr'><strong>potest</strong></span> <span class='ocrx_word' id='word_1_539' title='bbox 2989 2161 3180 2232; x_wconf 65' lang='lat' dir='ltr'><strong>{putari</strong></span> <span class='ocrx_word' id='word_1_540' title='bbox 3207 2161 3312 2218; x_wconf 90' lang='lat' dir='ltr'><strong>sibi</strong></span> <span class='ocrx_word' id='word_1_541' title='bbox 3351 2176 3473 2218; x_wconf 87' lang='lat' dir='ltr'><strong>esse</strong></span> 
     </span>
    </p>
   </div>
   <div class='ocr_carea' id='block_1_66' title="bbox 1900 2253 3471 2324">
    <p class='ocr_par' dir='ltr' id='par_1_66' title="bbox 1900 2253 3471 2324">
     <span class='ocr_line' id='line_1_66' title="bbox 1900 2253 3471 2324; baseline -0.002 -14"><span class='ocrx_word' id='word_1_542' title='bbox 1900 2255 2262 2320; x_wconf 87' lang='lat' dir='ltr'><strong>contrarium;</strong></span> <span class='ocrx_word' id='word_1_543' title='bbox 2302 2253 2572 2324; x_wconf 90' lang='lat' dir='ltr'><strong>quomodo</strong></span> <span class='ocrx_word' id='word_1_544' title='bbox 2612 2253 2754 2308; x_wconf 89' lang='lat' dir='ltr'><strong>enim</strong></span> <span class='ocrx_word' id='word_1_545' title='bbox 2783 2267 2970 2310; x_wconf 89' lang='lat' dir='ltr'><strong>verum</strong></span> <span class='ocrx_word' id='word_1_546' title='bbox 3010 2261 3093 2309; x_wconf 91' lang='lat' dir='ltr'><strong>est</strong></span> <span class='ocrx_word' id='word_1_547' title='bbox 3118 2255 3260 2324; x_wconf 91' lang='lat' dir='ltr'><strong>quod</strong></span> <span class='ocrx_word' id='word_1_548' title='bbox 3297 2254 3360 2309; x_wconf 87' lang='lat' dir='ltr'><strong>in</strong></span> <span class='ocrx_word' id='word_1_549' title='bbox 3404 2267 3471 2308; x_wconf 91' lang='lat' dir='ltr'><strong>eo</strong></span> 
     </span>
    </p>
   </div>
   <div class='ocr_carea' id='block_1_67' title="bbox 1899 2342 3467 2415">
    <p class='ocr_par' dir='ltr' id='par_1_67' title="bbox 1899 2342 3467 2415">
     <span class='ocr_line' id='line_1_67' title="bbox 1899 2342 3467 2415; baseline -0.003 -14"><span class='ocrx_word' id='word_1_550' title='bbox 1899 2345 2100 2401; x_wconf 89' lang='lat' dir='ltr'><strong>dicitur</strong></span> <span class='ocrx_word' id='word_1_551' title='bbox 2129 2362 2143 2398; x_wconf 92' lang='lat'><strong>:</strong></span> <span class='ocrx_word' id='word_1_552' title='bbox 2183 2363 2202 2396; x_wconf 86' lang='grc'><strong><em>‹</em></strong></span> <span class='ocrx_word' id='word_1_553' title='bbox 2239 2343 2342 2412; x_wconf 86' lang='lat' dir='ltr'><strong>Qui</strong></span> <span class='ocrx_word' id='word_1_554' title='bbox 2365 2358 2452 2399; x_wconf 92' lang='lat' dir='ltr'><strong>me</strong></span> <span class='ocrx_word' id='word_1_555' title='bbox 2479 2342 2634 2407; x_wconf 91' lang='lat' dir='ltr'><strong>vidit,</strong></span> <span class='ocrx_word' id='word_1_556' title='bbox 2664 2343 2797 2398; x_wconf 90' lang='lat' dir='ltr'><strong>vidit</strong></span> <span class='ocrx_word' id='word_1_557' title='bbox 2823 2352 2880 2398; x_wconf 91' lang='lat' dir='ltr'><strong>et</strong></span> <span class='ocrx_word' id='word_1_558' title='bbox 2903 2343 3118 2399; x_wconf 88' lang='lat' dir='ltr'><strong>Patrem</strong></span> <span class='ocrx_word' id='word_1_559' title='bbox 3145 2343 3325 2415; x_wconf 84' lang='lat' dir='ltr'><strong>(Joan.</strong></span> <span class='ocrx_word' id='word_1_560' title='bbox 3356 2359 3467 2411; x_wconf 80' lang='lat' dir='ltr'><strong>xrv,</strong></span> 
     </span>
    </p>
   </div>
   <div class='ocr_carea' id='block_1_68' title="bbox 1899 2433 3471 2508">
    <p class='ocr_par' dir='ltr' id='par_1_68' title="bbox 1899 2433 3471 2508">
     <span class='ocr_line' id='line_1_68' title="bbox 1899 2433 3471 2508; baseline -0.001 -18"><span class='ocrx_word' id='word_1_561' title='bbox 1899 2435 1978 2508; x_wconf 91' lang='lat'><strong>9),</strong></span> <span class='ocrx_word' id='word_1_562' title='bbox 2035 2456 2053 2489; x_wconf 76' lang='grc' dir='ltr'><strong>ι</strong></span> <span class='ocrx_word' id='word_1_563' title='bbox 2091 2436 2137 2492; x_wconf 92' lang='lat' dir='ltr'><strong>si</strong></span> <span class='ocrx_word' id='word_1_564' title='bbox 2183 2435 2468 2491; x_wconf 81' lang='lat' dir='ltr'><strong>Dominum</strong></span> <span class='ocrx_word' id='word_1_565' title='bbox 2505 2449 2662 2490; x_wconf 90' lang='lat' dir='ltr'><strong>nemo</strong></span> <span class='ocrx_word' id='word_1_566' title='bbox 2709 2435 2843 2488; x_wconf 90' lang='lat' dir='ltr'><strong>vidit</strong></span> <span class='ocrx_word' id='word_1_567' title='bbox 2887 2435 3160 2504; x_wconf 82' lang='lat' dir='ltr'><strong>unquam?</strong></span> <span class='ocrx_word' id='word_1_568' title='bbox 3189 2433 3471 2502; x_wconf 84' lang='lat' dir='ltr'><strong>Quomodo</strong></span> 
     </span>
    </p>
   </div>
   <div class='ocr_carea' id='block_1_69' title="bbox 1898 2525 3468 2597">
    <p class='ocr_par' dir='ltr' id='par_1_69' title="bbox 1898 2525 3468 2597">
     <span class='ocr_line' id='line_1_69' title="bbox 1898 2525 3468 2597; baseline -0.001 -13"><span class='ocrx_word' id='word_1_569' title='bbox 1898 2544 2087 2584; x_wconf 89' lang='lat' dir='ltr'><strong>verum</strong></span> <span class='ocrx_word' id='word_1_570' title='bbox 2139 2535 2244 2595; x_wconf 89' lang='lat' dir='ltr'><strong>est,</strong></span> <span class='ocrx_word' id='word_1_571' title='bbox 2298 2527 2527 2597; x_wconf 68' lang='lat' dir='ltr'><strong>«Angeli</strong></span> <span class='ocrx_word' id='word_1_572' title='bbox 2571 2542 2759 2582; x_wconf 90' lang='lat' dir='ltr'><strong>eorum</strong></span> <span class='ocrx_word' id='word_1_573' title='bbox 2788 2541 3002 2597; x_wconf 86' lang='lat' dir='ltr'><strong>semper</strong></span> <span class='ocrx_word' id='word_1_574' title='bbox 3043 2527 3228 2582; x_wconf 89' lang='lat' dir='ltr'><strong>vident</strong></span> <span class='ocrx_word' id='word_1_575' title='bbox 3274 2525 3468 2582; x_wconf 84' lang='lat' dir='ltr'><strong>faciem</strong></span> 
     </span>
    </p>
   </div>
   <div class='ocr_carea' id='block_1_70' title="bbox 1897 2618 3472 2690">
    <p class='ocr_par' dir='ltr' id='par_1_70' title="bbox 1897 2618 3472 2690">
     <span class='ocr_line' id='line_1_70' title="bbox 1897 2618 3472 2690; baseline 0.001 -16"><span class='ocrx_word' id='word_1_576' title='bbox 1897 2619 2074 2676; x_wconf 89' lang='lat' dir='ltr'><strong>Patris</strong></span> <span class='ocrx_word' id='word_1_577' title='bbox 2119 2620 2260 2676; x_wconf 86' lang='lat' dir='ltr'><strong>mei?</strong></span> <span class='ocrx_word' id='word_1_578' title='bbox 2302 2640 2323 2673; x_wconf 73' lang='grc' dir='ltr'><strong>ι</strong></span> <span class='ocrx_word' id='word_1_579' title='bbox 2371 2618 2430 2674; x_wconf 90' lang='lat' dir='ltr'><strong>Si</strong></span> <span class='ocrx_word' id='word_1_580' title='bbox 2469 2621 2637 2675; x_wconf 87' lang='lat' dir='ltr'><strong>Deum</strong></span> <span class='ocrx_word' id='word_1_581' title='bbox 2683 2633 2840 2674; x_wconf 89' lang='lat' dir='ltr'><strong>nemo</strong></span> <span class='ocrx_word' id='word_1_582' title='bbox 2887 2619 3022 2674; x_wconf 91' lang='lat' dir='ltr'><strong>vidit</strong></span> <span class='ocrx_word' id='word_1_583' title='bbox 3055 2619 3472 2690; x_wconf 88' lang='lat' dir='ltr'><strong>unquam?Qua</strong></span> 
     </span>
    </p>
   </div>
   <div class='ocr_carea' id='block_1_71' title="bbox 1900 2708 3472 2782">
    <p class='ocr_par' dir='ltr' id='par_1_71' title="bbox 1900 2708 3472 2782">
     <span class='ocr_line' id='line_1_71' title="bbox 1900 2708 3472 2782; baseline 0.001 -19"><span class='ocrx_word' id='word_1_584' title='bbox 1900 2710 2065 2782; x_wconf 78' lang='lat' dir='ltr'><strong>igitur</strong></span> <span class='ocrx_word' id='word_1_585' title='bbox 2111 2709 2298 2780; x_wconf 86' lang='lat' dir='ltr'><strong>regula</strong></span> <span class='ocrx_word' id='word_1_586' title='bbox 2339 2709 2707 2782; x_wconf 71' lang='lat' dir='ltr'><strong>intelligentiae</strong></span> <span class='ocrx_word' id='word_1_587' title='bbox 2735 2709 2840 2764; x_wconf 87' lang='lat' dir='ltr'><strong>ista</strong></span> <span class='ocrx_word' id='word_1_588' title='bbox 2891 2708 3058 2764; x_wconf 91' lang='lat' dir='ltr'><strong>veluti</strong></span> <span class='ocrx_word' id='word_1_589' title='bbox 3097 2709 3372 2766; x_wconf 87' lang='lat' dir='ltr'><strong>contraria</strong></span> <span class='ocrx_word' id='word_1_590' title='bbox 3418 2717 3472 2764; x_wconf 92' lang='lat' dir='ltr'><strong>et</strong></span> 
     </span>
    </p>
   </div>
   <div class='ocr_carea' id='block_1_72' title="bbox 1899 2801 3470 2874">
    <p class='ocr_par' dir='ltr' id='par_1_72' title="bbox 1899 2801 3470 2874">
     <span class='ocr_line' id='line_1_72' title="bbox 1899 2801 3470 2874; baseline 0.002 -20"><span class='ocrx_word' id='word_1_591' title='bbox 1899 2801 2254 2871; x_wconf 78' lang='lat' dir='ltr'><strong>repugnantia</strong></span> <span class='ocrx_word' id='word_1_592' title='bbox 2286 2840 2302 2868; x_wconf 92' lang='lat'><strong>,</strong></span> <span class='ocrx_word' id='word_1_593' title='bbox 2352 2816 2461 2855; x_wconf 89' lang='lat' dir='ltr'><strong>non</strong></span> <span class='ocrx_word' id='word_1_594' title='bbox 2513 2814 2632 2855; x_wconf 92' lang='lat' dir='ltr'><strong>esse</strong></span> <span class='ocrx_word' id='word_1_595' title='bbox 2681 2801 2955 2855; x_wconf 86' lang='lat' dir='ltr'><strong>contraria</strong></span> <span class='ocrx_word' id='word_1_596' title='bbox 3014 2815 3114 2856; x_wconf 91' lang='lat' dir='ltr'><strong>nec</strong></span> <span class='ocrx_word' id='word_1_597' title='bbox 3166 2817 3470 2874; x_wconf 83' lang='lat' dir='ltr'><strong>repugnare</strong></span> 
     </span>
    </p>
   </div>
   <div class='ocr_carea' id='block_1_73' title="bbox 1897 2890 3470 2963">
    <p class='ocr_par' dir='ltr' id='par_1_73' title="bbox 1897 2890 3470 2963">
     <span class='ocr_line' id='line_1_73' title="bbox 1897 2890 3470 2963; baseline 0.001 -16"><span class='ocrx_word' id='word_1_598' title='bbox 1897 2892 2290 2963; x_wconf 84' lang='lat' dir='ltr'><strong>probabimus?</strong></span> <span class='ocrx_word' id='word_1_599' title='bbox 2318 2890 2504 2963; x_wconf 82' lang='lat' dir='ltr'><strong>Neque</strong></span> <span class='ocrx_word' id='word_1_600' title='bbox 2537 2892 2676 2946; x_wconf 89' lang='lat' dir='ltr'><strong>enim</strong></span> <span class='ocrx_word' id='word_1_601' title='bbox 2707 2891 2824 2948; x_wconf 79' lang='lat' dir='ltr'><strong>fieri</strong></span> <span class='ocrx_word' id='word_1_602' title='bbox 2861 2892 2968 2947; x_wconf 92' lang='lat' dir='ltr'><strong>ullo</strong></span> <span class='ocrx_word' id='word_1_603' title='bbox 2996 2893 3155 2948; x_wconf 90' lang='lat' dir='ltr'><strong>modo</strong></span> <span class='ocrx_word' id='word_1_604' title='bbox 3193 2903 3370 2963; x_wconf 89' lang='lat' dir='ltr'><strong>potest</strong></span> <span class='ocrx_word' id='word_1_605' title='bbox 3409 2903 3470 2948; x_wconf 89' lang='lat' dir='ltr'><strong>ut</strong></span> 
     </span>
    </p>
   </div>
   <div class='ocr_carea' id='block_1_74' title="bbox 1900 2981 3471 3054">
    <p class='ocr_par' dir='ltr' id='par_1_74' title="bbox 1900 2981 3471 3054">
     <span class='ocr_line' id='line_1_74' title="bbox 1900 2981 3471 3054; baseline 0.002 -18"><span class='ocrx_word' id='word_1_606' title='bbox 1900 2982 2016 3038; x_wconf 63' lang='lat' dir='ltr'><strong>haec</strong></span> <span class='ocrx_word' id='word_1_607' title='bbox 2045 2981 2450 3052; x_wconf 89' lang='lat' dir='ltr'><strong>Scripturarum</strong></span> <span class='ocrx_word' id='word_1_608' title='bbox 2479 2983 2775 3037; x_wconf 83' lang='lat' dir='ltr'><strong>auctoritas</strong></span> <span class='ocrx_word' id='word_1_609' title='bbox 2815 2981 2994 3053; x_wconf 86' lang='lat' dir='ltr'><strong>aliqua</strong></span> <span class='ocrx_word' id='word_1_610' title='bbox 3031 2997 3098 3039; x_wconf 82' lang='lat' dir='ltr'><strong>ex</strong></span> <span class='ocrx_word' id='word_1_611' title='bbox 3123 2992 3279 3054; x_wconf 88' lang='lat' dir='ltr'><strong>parte</strong></span> <span class='ocrx_word' id='word_1_612' title='bbox 3319 2999 3471 3039; x_wconf 88' lang='lat' dir='ltr'><strong>men-</strong></span> 
     </span>
    </p>
   </div>
   <div class='ocr_carea' id='block_1_75' title="bbox 1901 3071 3469 3142">
    <p class='ocr_par' dir='ltr' id='par_1_75' title="bbox 1901 3071 3469 3142">
     <span class='ocr_line' id='line_1_75' title="bbox 1901 3071 3469 3142; baseline 0.003 -16"><span class='ocrx_word' id='word_1_613' title='bbox 1901 3073 2082 3127; x_wconf 88' lang='lat' dir='ltr'><strong>tiatur.</strong></span> <span class='ocrx_word' id='word_1_614' title='bbox 2113 3071 2169 3127; x_wconf 91' lang='lat' dir='ltr'><strong>Si</strong></span> <span class='ocrx_word' id='word_1_615' title='bbox 2199 3073 2429 3128; x_wconf 90' lang='lat' dir='ltr'><strong>dicimus</strong></span> <span class='ocrx_word' id='word_1_616' title='bbox 2458 3072 2511 3126; x_wconf 90' lang='lat' dir='ltr'><strong>in</strong></span> <span class='ocrx_word' id='word_1_617' title='bbox 2542 3087 2607 3126; x_wconf 93' lang='lat' dir='ltr'><strong>eo</strong></span> <span class='ocrx_word' id='word_1_618' title='bbox 2633 3073 2774 3142; x_wconf 89' lang='lat' dir='ltr'><strong>quod</strong></span> <span class='ocrx_word' id='word_1_619' title='bbox 2794 3072 3159 3142; x_wconf 81' lang='lat' dir='ltr'><strong>scriptumest</strong></span> <span class='ocrx_word' id='word_1_620' title='bbox 3197 3089 3212 3128; x_wconf 89' lang='lat'><strong>:</strong></span> <span class='ocrx_word' id='word_1_621' title='bbox 3245 3093 3263 3125; x_wconf 79' lang='grc' dir='ltr'><strong>ι</strong></span> <span class='ocrx_word' id='word_1_622' title='bbox 3299 3075 3469 3130; x_wconf 89' lang='lat' dir='ltr'><strong>Deum</strong></span> 
     </span>
    </p>
   </div>
   <div class='ocr_carea' id='block_1_76' title="bbox 1898 3163 3467 3234">
    <p class='ocr_par' dir='ltr' id='par_1_76' title="bbox 1898 3163 3467 3234">
     <span class='ocr_line' id='line_1_76' title="bbox 1898 3163 3467 3234; baseline -0.001 -13"><span class='ocrx_word' id='word_1_623' title='bbox 1898 3180 2059 3221; x_wconf 90' lang='lat' dir='ltr'><strong>nemo</strong></span> <span class='ocrx_word' id='word_1_624' title='bbox 2087 3165 2220 3221; x_wconf 89' lang='lat' dir='ltr'><strong>vidit</strong></span> <span class='ocrx_word' id='word_1_625' title='bbox 2238 3179 2473 3234; x_wconf 89' lang='lat' dir='ltr'><strong>unquam</strong></span> <span class='ocrx_word' id='word_1_626' title='bbox 2492 3204 2506 3228; x_wconf 94' lang='lat'><strong>,</strong></span> <span class='ocrx_word' id='word_1_627' title='bbox 2542 3183 2561 3215; x_wconf 75' lang='grc' dir='ltr'><strong>ι</strong></span> <span class='ocrx_word' id='word_1_628' title='bbox 2598 3164 2841 3219; x_wconf 90' lang='lat' dir='ltr'><strong>homines</strong></span> <span class='ocrx_word' id='word_1_629' title='bbox 2869 3164 3240 3220; x_wconf 88' lang='lat' dir='ltr'><strong>tantummodo</strong></span> <span class='ocrx_word' id='word_1_630' title='bbox 3268 3163 3467 3220; x_wconf 86' lang='lat' dir='ltr'><strong>intelli-</strong></span> 
     </span>
    </p>
   </div>
   <div class='ocr_carea' id='block_1_77' title="bbox 1901 3253 3472 3328">
    <p class='ocr_par' dir='ltr' id='par_1_77' title="bbox 1901 3253 3472 3328">
     <span class='ocr_line' id='line_1_77' title="bbox 1901 3253 3472 3328; baseline 0.001 -17"><span class='ocrx_word' id='word_1_631' title='bbox 1901 3257 2122 3328; x_wconf 85' lang='lat' dir='ltr'><strong>gendos,</strong></span> <span class='ocrx_word' id='word_1_632' title='bbox 2150 3255 2293 3311; x_wconf 91' lang='lat' dir='ltr'><strong>sicut</strong></span> <span class='ocrx_word' id='word_1_633' title='bbox 2313 3257 2477 3311; x_wconf 88' lang='lat' dir='ltr'><strong>etiam</strong></span> <span class='ocrx_word' id='word_1_634' title='bbox 2508 3253 2636 3310; x_wconf 89' lang='lat' dir='ltr'><strong>illud</strong></span> <span class='ocrx_word' id='word_1_635' title='bbox 2683 3253 2887 3309; x_wconf 91' lang='lat' dir='ltr'><strong>dictum</strong></span> <span class='ocrx_word' id='word_1_636' title='bbox 2913 3262 2998 3309; x_wconf 90' lang='lat' dir='ltr'><strong>est</strong></span> <span class='ocrx_word' id='word_1_637' title='bbox 3034 3272 3047 3308; x_wconf 88' lang='lat'>:</span> <span class='ocrx_word' id='word_1_638' title='bbox 3096 3272 3116 3306; x_wconf 75' lang='grc' dir='ltr'><strong>ι</strong></span> <span class='ocrx_word' id='word_1_639' title='bbox 3153 3253 3325 3310; x_wconf 88' lang='lat' dir='ltr'><strong>Nemo</strong></span> <span class='ocrx_word' id='word_1_640' title='bbox 3367 3257 3472 3312; x_wconf 91' lang='lat' dir='ltr'><strong>scit</strong></span> 
     </span>
    </p>
   </div>
   <div class='ocr_carea' id='block_1_78' title="bbox 1897 3345 3470 3420">
    <p class='ocr_par' dir='ltr' id='par_1_78' title="bbox 1897 3345 3470 3420">
     <span class='ocr_line' id='line_1_78' title="bbox 1897 3345 3470 3420; baseline 0.001 -17"><span class='ocrx_word' id='word_1_641' title='bbox 1897 3349 2026 3420; x_wconf 89' lang='lat' dir='ltr'><strong>quid</strong></span> <span class='ocrx_word' id='word_1_642' title='bbox 2053 3358 2246 3419; x_wconf 82' lang='lat' dir='ltr'><strong>agatur</strong></span> <span class='ocrx_word' id='word_1_643' title='bbox 2271 3348 2327 3403; x_wconf 88' lang='lat' dir='ltr'><strong>in</strong></span> <span class='ocrx_word' id='word_1_644' title='bbox 2370 3347 2610 3413; x_wconf 87' lang='lat' dir='ltr'><strong>homine,</strong></span> <span class='ocrx_word' id='word_1_645' title='bbox 2644 3347 2748 3402; x_wconf 89' lang='lat' dir='ltr'><strong>nisi</strong></span> <span class='ocrx_word' id='word_1_646' title='bbox 2779 3345 3002 3416; x_wconf 87' lang='lat' dir='ltr'><strong>spiritus</strong></span> <span class='ocrx_word' id='word_1_647' title='bbox 3029 3346 3262 3404; x_wconf 88' lang='lat' dir='ltr'><strong>hominis</strong></span> <span class='ocrx_word' id='word_1_648' title='bbox 3290 3348 3383 3419; x_wconf 94' lang='lat' dir='ltr'><strong>qui</strong></span> <span class='ocrx_word' id='word_1_649' title='bbox 3414 3350 3470 3404; x_wconf 87' lang='lat' dir='ltr'><strong>in</strong></span> 
     </span>
    </p>
   </div>
   <div class='ocr_carea' id='block_1_79' title="bbox 1895 3436 3471 3512">
    <p class='ocr_par' dir='ltr' id='par_1_79' title="bbox 1895 3436 3471 3512">
     <span class='ocr_line' id='line_1_79' title="bbox 1895 3436 3471 3512; baseline -0.001 -16"><span class='ocrx_word' id='word_1_650' title='bbox 1895 3440 2012 3512; x_wconf 91' lang='lat' dir='ltr'><strong>ipso</strong></span> <span class='ocrx_word' id='word_1_651' title='bbox 2049 3449 2135 3496; x_wconf 89' lang='lat' dir='ltr'><strong>est</strong></span> <span class='ocrx_word' id='word_1_652' title='bbox 2162 3438 2214 3512; x_wconf 91' lang='grc' dir='ltr'><strong>(ι</strong></span> <span class='ocrx_word' id='word_1_653' title='bbox 2243 3438 2404 3494; x_wconf 84' lang='lat' dir='ltr'><strong>Joan.</strong></span> <span class='ocrx_word' id='word_1_654' title='bbox 2439 3453 2516 3502; x_wconf 80' lang='lat' dir='ltr'><strong>IV,</strong></span> <span class='ocrx_word' id='word_1_655' title='bbox 2539 3437 2627 3502; x_wconf 72' lang='lat'><strong>12)</strong></span> <span class='ocrx_word' id='word_1_656' title='bbox 2659 3455 2670 3489; x_wconf 92' lang='lat'><strong>:</strong></span> <span class='ocrx_word' id='word_1_657' title='bbox 2705 3456 2722 3487; x_wconf 75' lang='grc' dir='ltr'><strong>ι</strong></span> <span class='ocrx_word' id='word_1_658' title='bbox 2759 3451 2918 3492; x_wconf 92' lang='lat' dir='ltr'><strong>nemo</strong></span> <span class='ocrx_word' id='word_1_659' title='bbox 2944 3436 3148 3507; x_wconf 90' lang='lat' dir='ltr'><strong>utique,</strong></span> <span class='ocrx_word' id='word_1_660' title='bbox 3171 3438 3266 3493; x_wconf 87' lang='lat' dir='ltr'><strong>sed</strong></span> <span class='ocrx_word' id='word_1_661' title='bbox 3294 3439 3471 3494; x_wconf 87' lang='lat' dir='ltr'><strong>homi-</strong></span> 
     </span>
    </p>
   </div>
   <div class='ocr_carea' id='block_1_80' title="bbox 1893 3527 3468 3600">
    <p class='ocr_par' dir='ltr' id='par_1_80' title="bbox 1893 3527 3468 3600">
     <span class='ocr_line' id='line_1_80' title="bbox 1893 3527 3468 3600; baseline -0.001 -14"><span class='ocrx_word' id='word_1_662' title='bbox 1893 3545 2043 3586; x_wconf 92' lang='lat' dir='ltr'><strong>num.</strong></span> <span class='ocrx_word' id='word_1_663' title='bbox 2072 3528 2420 3600; x_wconf 70' lang='lat' dir='ltr'><strong>Nequeenim</strong></span> <span class='ocrx_word' id='word_1_664' title='bbox 2444 3529 2548 3583; x_wconf 91' lang='lat' dir='ltr'><strong>hoc</strong></span> <span class='ocrx_word' id='word_1_665' title='bbox 2575 3528 2641 3583; x_wconf 93' lang='lat' dir='ltr'><strong>de</strong></span> <span class='ocrx_word' id='word_1_666' title='bbox 2661 3527 2773 3583; x_wconf 90' lang='lat' dir='ltr'><strong>Deo</strong></span> <span class='ocrx_word' id='word_1_667' title='bbox 2813 3527 2984 3598; x_wconf 88' lang='lat' dir='ltr'><strong>accipi</strong></span> <span class='ocrx_word' id='word_1_668' title='bbox 3009 3535 3204 3597; x_wconf 89' lang='lat' dir='ltr'><strong>potest,</strong></span> <span class='ocrx_word' id='word_1_669' title='bbox 3236 3544 3359 3584; x_wconf 90' lang='lat' dir='ltr'><strong>cum</strong></span> <span class='ocrx_word' id='word_1_670' title='bbox 3403 3530 3468 3584; x_wconf 90' lang='lat' dir='ltr'><strong>de</strong></span> 
     </span>
    </p>
   </div>
   <div class='ocr_carea' id='block_1_81' title="bbox 1894 3618 3466 3691">
    <p class='ocr_par' dir='ltr' id='par_1_81' title="bbox 1894 3618 3466 3691">
     <span class='ocr_line' id='line_1_81' title="bbox 1894 3618 3466 3691; baseline 0 -15"><span class='ocrx_word' id='word_1_671' title='bbox 1894 3620 2110 3677; x_wconf 88' lang='lat' dir='ltr'><strong>Christo</strong></span> <span class='ocrx_word' id='word_1_672' title='bbox 2131 3621 2390 3691; x_wconf 90' lang='lat' dir='ltr'><strong>scriptum</strong></span> <span class='ocrx_word' id='word_1_673' title='bbox 2419 3620 2490 3676; x_wconf 90' lang='lat' dir='ltr'><strong>sit</strong></span> <span class='ocrx_word' id='word_1_674' title='bbox 2517 3635 2624 3674; x_wconf 91' lang='lat' dir='ltr'><strong>non</strong></span> <span class='ocrx_word' id='word_1_675' title='bbox 2644 3633 2780 3689; x_wconf 90' lang='lat' dir='ltr'><strong>opus</strong></span> <span class='ocrx_word' id='word_1_676' title='bbox 2805 3618 2972 3674; x_wconf 84' lang='lat' dir='ltr'><strong>fuisse</strong></span> <span class='ocrx_word' id='word_1_677' title='bbox 2997 3627 3057 3674; x_wconf 92' lang='lat' dir='ltr'><strong>ut</strong></span> <span class='ocrx_word' id='word_1_678' title='bbox 3083 3619 3369 3691; x_wconf 88' lang='lat' dir='ltr'><strong>quisquam</strong></span> <span class='ocrx_word' id='word_1_679' title='bbox 3391 3619 3466 3676; x_wconf 90' lang='lat' dir='ltr'><strong>illi</strong></span> 
     </span>
    </p>
   </div>
   <div class='ocr_carea' id='block_1_82' title="bbox 1897 3707 3537 3780">
    <p class='ocr_par' dir='ltr' id='par_1_82' title="bbox 1897 3707 3537 3780">
     <span class='ocr_line' id='line_1_82' title="bbox 1897 3707 3537 3780; baseline -0.002 -16"><span class='ocrx_word' id='word_1_680' title='bbox 1897 3710 2262 3765; x_wconf 83' lang='lat' dir='ltr'><strong>testimonium</strong></span> <span class='ocrx_word' id='word_1_681' title='bbox 2305 3708 2614 3778; x_wconf 88' lang='lat' dir='ltr'><strong>perhiberet</strong></span> <span class='ocrx_word' id='word_1_682' title='bbox 2645 3707 2712 3762; x_wconf 92' lang='lat' dir='ltr'><strong>de</strong></span> <span class='ocrx_word' id='word_1_683' title='bbox 2751 3709 3004 3774; x_wconf 88' lang='lat' dir='ltr'><strong>homine,</strong></span> <span class='ocrx_word' id='word_1_684' title='bbox 3051 3709 3308 3779; x_wconf 88' lang='lat' dir='ltr'><strong>quoniam</strong></span> <span class='ocrx_word' id='word_1_685' title='bbox 3352 3711 3468 3780; x_wconf 84' lang='lat' dir='ltr'><strong>ipse</strong></span> <span class='ocrx_word' id='word_1_686' title='bbox 3534 3757 3537 3760; x_wconf 77' lang='lat'><strong>.</strong></span> 
     </span>
    </p>
   </div>
   <div class='ocr_carea' id='block_1_83' title="bbox 1895 3799 3467 3872">
    <p class='ocr_par' dir='ltr' id='par_1_83' title="bbox 1895 3799 3467 3872">
     <span class='ocr_line' id='line_1_83' title="bbox 1895 3799 3467 3872; baseline 0.001 -18"><span class='ocrx_word' id='word_1_687' title='bbox 1895 3799 2100 3854; x_wconf 90' lang='lat' dir='ltr'><strong>sciebat</strong></span> <span class='ocrx_word' id='word_1_688' title='bbox 2119 3799 2249 3868; x_wconf 91' lang='lat' dir='ltr'><strong>quid</strong></span> <span class='ocrx_word' id='word_1_689' title='bbox 2267 3807 2412 3854; x_wconf 89' lang='lat' dir='ltr'><strong>esset</strong></span> <span class='ocrx_word' id='word_1_690' title='bbox 2430 3799 2496 3854; x_wconf 91' lang='lat' dir='ltr'><strong>de</strong></span> <span class='ocrx_word' id='word_1_691' title='bbox 2520 3799 2756 3856; x_wconf 91' lang='lat' dir='ltr'><strong>homine.</strong></span> <span class='ocrx_word' id='word_1_692' title='bbox 2775 3799 2910 3854; x_wconf 88' lang='lat' dir='ltr'><strong>Nam</strong></span> <span class='ocrx_word' id='word_1_693' title='bbox 2930 3801 3034 3856; x_wconf 91' lang='lat' dir='ltr'><strong>hoc</strong></span> <span class='ocrx_word' id='word_1_694' title='bbox 3044 3801 3332 3870; x_wconf 84' lang='lat' dir='ltr'><strong>Apostolus</strong></span> <span class='ocrx_word' id='word_1_695' title='bbox 3353 3803 3467 3872; x_wconf 89' lang='lat' dir='ltr'><strong>pla-</strong></span> 
     </span>
    </p>
   </div>
   <div class='ocr_carea' id='block_1_84' title="bbox 1895 3889 3469 3960">
    <p class='ocr_par' dir='ltr' id='par_1_84' title="bbox 1895 3889 3469 3960">
     <span class='ocr_line' id='line_1_84' title="bbox 1895 3889 3469 3960; baseline 0.003 -16"><span class='ocrx_word' id='word_1_696' title='bbox 1895 3889 2018 3944; x_wconf 91' lang='lat' dir='ltr'><strong>nius</strong></span> <span class='ocrx_word' id='word_1_697' title='bbox 2039 3889 2335 3960; x_wconf 79' lang='lat' dir='ltr'><strong>explicans,</strong></span> <span class='ocrx_word' id='word_1_698' title='bbox 2372 3909 2390 3942; x_wconf 80' lang='grc' dir='ltr'><strong>ι</strong></span> <span class='ocrx_word' id='word_1_699' title='bbox 2411 3889 2582 3958; x_wconf 91' lang='lat' dir='ltr'><strong>Quem</strong></span> <span class='ocrx_word' id='word_1_700' title='bbox 2606 3905 2782 3955; x_wconf 90' lang='lat' dir='ltr'><strong>nemo,</strong></span> <span class='ocrx_word' id='word_1_701' title='bbox 2807 3891 3000 3960; x_wconf 89' lang='lat' dir='ltr'><strong>inquit,</strong></span> <span class='ocrx_word' id='word_1_702' title='bbox 3031 3891 3308 3946; x_wconf 90' lang='lat' dir='ltr'><strong>hominum</strong></span> <span class='ocrx_word' id='word_1_703' title='bbox 3331 3893 3469 3948; x_wconf 89' lang='lat' dir='ltr'><strong>vidit</strong></span> 
     </span>
    </p>
   </div>
   <div class='ocr_carea' id='block_1_85' title="bbox 1894 3982 3468 4056">
    <p class='ocr_par' dir='ltr' id='par_1_85' title="bbox 1894 3982 3468 4056">
     <span class='ocr_line' id='line_1_85' title="bbox 1894 3982 3468 4056; baseline 0.002 -18"><span class='ocrx_word' id='word_1_704' title='bbox 1894 3996 1997 4039; x_wconf 92' lang='lat' dir='ltr'><strong>nec</strong></span> <span class='ocrx_word' id='word_1_705' title='bbox 2024 3983 2209 4038; x_wconf 90' lang='lat' dir='ltr'><strong>videre</strong></span> <span class='ocrx_word' id='word_1_706' title='bbox 2237 3991 2415 4054; x_wconf 90' lang='lat' dir='ltr'><strong>potest</strong></span> <span class='ocrx_word' id='word_1_707' title='bbox 2437 3983 2488 4055; x_wconf 90' lang='lat' dir='ltr'><strong>(I</strong></span> <span class='ocrx_word' id='word_1_708' title='bbox 2511 3982 2646 4037; x_wconf 78' lang='lat' dir='ltr'><strong>Tim.</strong></span> <span class='ocrx_word' id='word_1_709' title='bbox 2671 3999 2745 4048; x_wconf 86' lang='lat' dir='ltr'><strong>vr,</strong></span> <span class='ocrx_word' id='word_1_710' title='bbox 2773 3983 2917 4054; x_wconf 76' lang='grc'><strong>16).»</strong></span> <span class='ocrx_word' id='word_1_711' title='bbox 2939 3982 2997 4038; x_wconf 91' lang='lat' dir='ltr'><strong>Si</strong></span> <span class='ocrx_word' id='word_1_712' title='bbox 3019 4000 3145 4056; x_wconf 85' lang='lat' dir='ltr'><strong>ergo</strong></span> <span class='ocrx_word' id='word_1_713' title='bbox 3165 3986 3236 4041; x_wconf 92' lang='lat' dir='ltr'><strong>ita</strong></span> <span class='ocrx_word' id='word_1_714' title='bbox 3266 3986 3468 4042; x_wconf 89' lang='lat' dir='ltr'><strong>dictum</strong></span> 
     </span>
    </p>
   </div>
   <div class='ocr_carea' id='block_1_86' title="bbox 1895 4073 3469 4142">
    <p class='ocr_par' dir='ltr' id='par_1_86' title="bbox 1895 4073 3469 4142">
     <span class='ocr_line' id='line_1_86' title="bbox 1895 4073 3469 4142; baseline 0.002 -14"><span class='ocrx_word' id='word_1_715' title='bbox 1895 4081 2001 4138; x_wconf 90' lang='lat' dir='ltr'><strong>est,</strong></span> <span class='ocrx_word' id='word_1_716' title='bbox 2038 4092 2056 4124; x_wconf 76' lang='grc' dir='ltr'><strong>ι</strong></span> <span class='ocrx_word' id='word_1_717' title='bbox 2094 4073 2263 4128; x_wconf 90' lang='lat' dir='ltr'><strong>Deum</strong></span> <span class='ocrx_word' id='word_1_718' title='bbox 2294 4088 2454 4130; x_wconf 89' lang='lat' dir='ltr'><strong>nemo</strong></span> <span class='ocrx_word' id='word_1_719' title='bbox 2483 4073 2618 4128; x_wconf 88' lang='lat' dir='ltr'><strong>vidit</strong></span> <span class='ocrx_word' id='word_1_720' title='bbox 2647 4088 2904 4142; x_wconf 90' lang='lat' dir='ltr'><strong>unquam,</strong></span> <span class='ocrx_word' id='word_1_721' title='bbox 2935 4095 2954 4126; x_wconf 75' lang='grc' dir='ltr'><strong>ι</strong></span> <span class='ocrx_word' id='word_1_722' title='bbox 3012 4089 3076 4128; x_wconf 91' lang='lat' dir='ltr'><strong>ac</strong></span> <span class='ocrx_word' id='word_1_723' title='bbox 3118 4077 3162 4129; x_wconf 87' lang='lat' dir='ltr'><strong>si</strong></span> <span class='ocrx_word' id='word_1_724' title='bbox 3199 4075 3469 4131; x_wconf 87' lang='lat' dir='ltr'><strong>diceretur</strong></span> 
     </span>
    </p>
   </div>
   <div class='ocr_carea' id='block_1_87' title="bbox 1893 4164 3464 4235">
    <p class='ocr_par' dir='ltr' id='par_1_87' title="bbox 1893 4164 3464 4235">
     <span class='ocr_line' id='line_1_87' title="bbox 1893 4164 3464 4235; baseline 0.003 -15"><span class='ocrx_word' id='word_1_725' title='bbox 1893 4179 2056 4221; x_wconf 90' lang='lat' dir='ltr'><strong>nemo</strong></span> <span class='ocrx_word' id='word_1_726' title='bbox 2083 4165 2396 4232; x_wconf 91' lang='lat' dir='ltr'><strong>hominum;</strong></span> <span class='ocrx_word' id='word_1_727' title='bbox 2433 4166 2699 4220; x_wconf 88' lang='lat' dir='ltr'><strong>hactenus</strong></span> <span class='ocrx_word' id='word_1_728' title='bbox 2727 4164 2817 4220; x_wconf 86' lang='lat' dir='ltr'><strong>illa</strong></span> <span class='ocrx_word' id='word_1_729' title='bbox 2857 4166 3082 4235; x_wconf 78' lang='lat' dir='ltr'><strong>quaestio</strong></span> <span class='ocrx_word' id='word_1_730' title='bbox 3109 4167 3284 4222; x_wconf 89' lang='lat' dir='ltr'><strong>soluta</strong></span> <span class='ocrx_word' id='word_1_731' title='bbox 3313 4169 3464 4224; x_wconf 87' lang='lat' dir='ltr'><strong>vide-</strong></span> 
     </span>
    </p>
   </div>
   <div class='ocr_carea' id='block_1_88' title="bbox 1894 4258 3466 4331">
    <p class='ocr_par' dir='ltr' id='par_1_88' title="bbox 1894 4258 3466 4331">
     <span class='ocr_line' id='line_1_88' title="bbox 1894 4258 3466 4331; baseline 0.001 -18"><span class='ocrx_word' id='word_1_732' title='bbox 1894 4258 2061 4325; x_wconf 85' lang='lat' dir='ltr'><strong>bitur,</strong></span> <span class='ocrx_word' id='word_1_733' title='bbox 2109 4269 2170 4314; x_wconf 91' lang='lat' dir='ltr'><strong>ut</strong></span> <span class='ocrx_word' id='word_1_734' title='bbox 2219 4276 2327 4315; x_wconf 88' lang='lat' dir='ltr'><strong>non</strong></span> <span class='ocrx_word' id='word_1_735' title='bbox 2377 4259 2448 4315; x_wconf 91' lang='lat' dir='ltr'><strong>sit</strong></span> <span class='ocrx_word' id='word_1_736' title='bbox 2475 4260 2601 4314; x_wconf 90' lang='lat' dir='ltr'><strong>huic</strong></span> <span class='ocrx_word' id='word_1_737' title='bbox 2629 4261 2910 4314; x_wconf 67' lang='lat' dir='ltr'><strong>sententiae</strong></span> <span class='ocrx_word' id='word_1_738' title='bbox 2952 4260 3281 4316; x_wconf 84' lang='lat' dir='ltr'><strong>contrarium</strong></span> <span class='ocrx_word' id='word_1_739' title='bbox 3321 4261 3466 4331; x_wconf 81' lang='lat' dir='ltr'><strong>quod</strong></span> 
     </span>
    </p>
   </div>
   <div class='ocr_carea' id='block_1_89' title="bbox 1894 4351 3464 4424">
    <p class='ocr_par' dir='ltr' id='par_1_89' title="bbox 1894 4351 3464 4424">
     <span class='ocr_line' id='line_1_89' title="bbox 1894 4351 3464 4424; baseline 0.001 -18"><span class='ocrx_word' id='word_1_740' title='bbox 1894 4351 2156 4406; x_wconf 89' lang='lat' dir='ltr'><strong>Dominus</strong></span> <span class='ocrx_word' id='word_1_741' title='bbox 2185 4351 2263 4406; x_wconf 90' lang='lat' dir='ltr'><strong>ait</strong></span> <span class='ocrx_word' id='word_1_742' title='bbox 2289 4369 2302 4404; x_wconf 93' lang='lat'>:</span> <span class='ocrx_word' id='word_1_743' title='bbox 2337 4372 2354 4404; x_wconf 81' lang='grc' dir='ltr'><strong>ι</strong></span> <span class='ocrx_word' id='word_1_744' title='bbox 2396 4351 2585 4423; x_wconf 87' lang='lat' dir='ltr'><strong>Angeli</strong></span> <span class='ocrx_word' id='word_1_745' title='bbox 2616 4367 2801 4406; x_wconf 89' lang='lat' dir='ltr'><strong>eorum</strong></span> <span class='ocrx_word' id='word_1_746' title='bbox 2829 4368 3040 4424; x_wconf 80' lang='lat' dir='ltr'><strong>semper</strong></span> <span class='ocrx_word' id='word_1_747' title='bbox 3062 4353 3244 4408; x_wconf 89' lang='lat' dir='ltr'><strong>vident</strong></span> <span class='ocrx_word' id='word_1_748' title='bbox 3272 4351 3464 4408; x_wconf 84' lang='lat' dir='ltr'><strong>faciem</strong></span> 
     </span>
    </p>
   </div>
   <div class='ocr_carea' id='block_1_90' title="bbox 1892 4441 3467 4518">
    <p class='ocr_par' dir='ltr' id='par_1_90' title="bbox 1892 4441 3467 4518">
     <span class='ocr_line' id='line_1_90' title="bbox 1892 4441 3467 4518; baseline 0.003 -22"><span class='ocrx_word' id='word_1_749' title='bbox 1892 4441 2071 4498; x_wconf 89' lang='lat' dir='ltr'><strong>Patris</strong></span> <span class='ocrx_word' id='word_1_750' title='bbox 2115 4443 2220 4500; x_wconf 91' lang='lat' dir='ltr'><strong>mei</strong></span> <span class='ocrx_word' id='word_1_751' title='bbox 2262 4441 2476 4515; x_wconf 80' lang='lat' dir='ltr'><strong>(Matth.</strong></span> <span class='ocrx_word' id='word_1_752' title='bbox 2522 4460 2677 4510; x_wconf 81' lang='lat' dir='ltr'><strong>xvm,</strong></span> <span class='ocrx_word' id='word_1_753' title='bbox 2712 4443 2822 4518; x_wconf 84' lang='grc'><strong>10),</strong></span> <span class='ocrx_word' id='word_1_754' title='bbox 2860 4465 2878 4497; x_wconf 73' lang='grc' dir='ltr'><strong>ι</strong></span> <span class='ocrx_word' id='word_1_755' title='bbox 2910 4454 2969 4500; x_wconf 83' lang='grc' dir='ltr'><strong>ιιι</strong></span> <span class='ocrx_word' id='word_1_756' title='bbox 2997 4445 3204 4500; x_wconf 88' lang='lat' dir='ltr'><strong>scilicet</strong></span> <span class='ocrx_word' id='word_1_757' title='bbox 3247 4445 3467 4516; x_wconf 86' lang='lat' dir='ltr'><strong>angelos</strong></span> 
     </span>
    </p>
   </div>
   <div class='ocr_carea' id='block_1_91' title="bbox 202 4532 3458 4627">
    <p class='ocr_par' dir='ltr' id='par_1_91' title="bbox 202 4532 3458 4627">
     <span class='ocr_line' id='line_1_91' title="bbox 202 4532 3458 4627; baseline 0.004 -39"><span class='ocrx_word' id='word_1_758' title='bbox 202 4532 495 4589; x_wconf 87' lang='lat' dir='ltr'><strong>Credimus</strong></span> <span class='ocrx_word' id='word_1_759' title='bbox 533 4554 545 4590; x_wconf 85' lang='lat'><strong>:</strong></span> <span class='ocrx_word' id='word_1_760' title='bbox 598 4537 852 4604; x_wconf 89' lang='lat' dir='ltr'><strong>quoniam</strong></span> <span class='ocrx_word' id='word_1_761' title='bbox 882 4535 1052 4592; x_wconf 90' lang='lat' dir='ltr'><strong>Deum</strong></span> <span class='ocrx_word' id='word_1_762' title='bbox 1089 4553 1189 4593; x_wconf 90' lang='lat' dir='ltr'><strong>nec</strong></span> <span class='ocrx_word' id='word_1_763' title='bbox 1233 4553 1457 4608; x_wconf 89' lang='lat' dir='ltr'><strong>corpore</strong></span> <span class='ocrx_word' id='word_1_764' title='bbox 1498 4540 1788 4610; x_wconf 82' lang='lat' dir='ltr'><strong>aliquando</strong></span> <span class='ocrx_word' id='word_1_765' title='bbox 1815 4567 1867 4627; x_wconf 69' lang='grc' dir='ltr'>ι)</span> <span class='ocrx_word' id='word_1_766' title='bbox 1888 4535 2062 4627; x_wconf 56' lang='lat' dir='ltr'><strong>Deum</strong></span> <span class='ocrx_word' id='word_1_767' title='bbox 2090 4535 2272 4627; x_wconf 59' lang='lat' dir='ltr'><strong>vider};</strong></span> <span class='ocrx_word' id='word_1_768' title='bbox 2298 4535 2614 4601; x_wconf 75' lang='lat' dir='ltr'><strong>credamus,</strong></span> <span class='ocrx_word' id='word_1_769' title='bbox 2641 4552 2807 4606; x_wconf 86' lang='lat' dir='ltr'><strong>quem</strong></span> <span class='ocrx_word' id='word_1_770' title='bbox 2844 4552 3002 4591; x_wconf 86' lang='lat' dir='ltr'><strong>nemo</strong></span> <span class='ocrx_word' id='word_1_771' title='bbox 3029 4537 3162 4592; x_wconf 74' lang='lat' dir='ltr'><strong>vidit</strong></span> <span class='ocrx_word' id='word_1_772' title='bbox 3188 4553 3458 4606; x_wconf 66' lang='lat' dir='ltr'><strong>utiquam.</strong></span> 
     </span>
    </p>
   </div>
   <div class='ocr_carea' id='block_1_92' title="bbox 201 4619 1786 4706">
    <p class='ocr_par' dir='ltr' id='par_1_92' title="bbox 201 4619 1786 4706">
     <span class='ocr_line' id='line_1_92' title="bbox 201 4619 1786 4706; baseline 0.005 -26"><span class='ocrx_word' id='word_1_773' title='bbox 201 4625 622 4706; x_wconf 82' lang='lat' dir='ltr'><strong>vidimussicut</strong></span> <span class='ocrx_word' id='word_1_774' title='bbox 646 4619 786 4684; x_wconf 86' lang='lat' dir='ltr'><strong>hanc</strong></span> <span class='ocrx_word' id='word_1_775' title='bbox 820 4627 1015 4694; x_wconf 91' lang='lat' dir='ltr'><strong>lucem,</strong></span> <span class='ocrx_word' id='word_1_776' title='bbox 1051 4644 1150 4684; x_wconf 92' lang='lat' dir='ltr'><strong>nec</strong></span> <span class='ocrx_word' id='word_1_777' title='bbox 1186 4638 1394 4696; x_wconf 89' lang='lat' dir='ltr'><strong>mente,</strong></span> <span class='ocrx_word' id='word_1_778' title='bbox 1434 4631 1572 4686; x_wconf 91' lang='lat' dir='ltr'><strong>sicut</strong></span> <span class='ocrx_word' id='word_1_779' title='bbox 1616 4633 1786 4703; x_wconf 88' lang='lat' dir='ltr'><strong>ipsam</strong></span> 
     </span>
    </p>
   </div>
   <div class='ocr_carea' id='block_1_93' title="bbox 203 4719 1786 4796">
    <p class='ocr_par' dir='ltr' id='par_1_93' title="bbox 203 4719 1786 4796">
     <span class='ocr_line' id='line_1_93' title="bbox 203 4719 1786 4796; baseline 0.004 -23"><span class='ocrx_word' id='word_1_780' title='bbox 203 4719 270 4775; x_wconf 88' lang='lat' dir='ltr'><strong>in</strong></span> <span class='ocrx_word' id='word_1_781' title='bbox 303 4720 478 4787; x_wconf 88' lang='lat' dir='ltr'><strong>nobis,</strong></span> <span class='ocrx_word' id='word_1_782' title='bbox 508 4737 614 4792; x_wconf 89' lang='lat' dir='ltr'><strong>qua</strong></span> <span class='ocrx_word' id='word_1_783' title='bbox 645 4722 722 4788; x_wconf 92' lang='lat' dir='ltr'><strong>id,</strong></span> <span class='ocrx_word' id='word_1_784' title='bbox 749 4723 1040 4788; x_wconf 90' lang='lat' dir='ltr'><strong>credimus,</strong></span> <span class='ocrx_word' id='word_1_785' title='bbox 1065 4722 1258 4777; x_wconf 79' lang='lat' dir='ltr'><strong>fidem?</strong></span> <span class='ocrx_word' id='word_1_786' title='bbox 1297 4723 1390 4778; x_wconf 89' lang='lat' dir='ltr'><strong>sed</strong></span> <span class='ocrx_word' id='word_1_787' title='bbox 1425 4733 1629 4779; x_wconf 89' lang='lat' dir='ltr'><strong>tantum</strong></span> <span class='ocrx_word' id='word_1_788' title='bbox 1659 4727 1786 4796; x_wconf 90' lang='lat' dir='ltr'><strong>quia</strong></span> 
     </span>
    </p>
   </div>
   <div class='ocr_carea' id='block_1_94' title="bbox 202 4811 1783 4886">
    <p class='ocr_par' dir='ltr' id='par_1_94' title="bbox 202 4811 1783 4886">
     <span class='ocr_line' id='line_1_94' title="bbox 202 4811 1783 4886; baseline 0.004 -20"><span class='ocrx_word' id='word_1_789' title='bbox 202 4811 479 4882; x_wconf 88' lang='lat' dir='ltr'><strong>scriptum</strong></span> <span class='ocrx_word' id='word_1_790' title='bbox 517 4822 600 4870; x_wconf 92' lang='lat' dir='ltr'><strong>est</strong></span> <span class='ocrx_word' id='word_1_791' title='bbox 648 4814 702 4868; x_wconf 91' lang='lat' dir='ltr'><strong>in</strong></span> <span class='ocrx_word' id='word_1_792' title='bbox 735 4829 798 4870; x_wconf 89' lang='lat' dir='ltr'><strong>ea</strong></span> <span class='ocrx_word' id='word_1_793' title='bbox 829 4815 1096 4884; x_wconf 88' lang='lat' dir='ltr'><strong>scriptura</strong></span> <span class='ocrx_word' id='word_1_794' title='bbox 1150 4812 1304 4883; x_wconf 83' lang='lat' dir='ltr'><strong>cujus</strong></span> <span class='ocrx_word' id='word_1_795' title='bbox 1333 4814 1520 4871; x_wconf 85' lang='lat' dir='ltr'><strong>ﬁdeles</strong></span> <span class='ocrx_word' id='word_1_796' title='bbox 1563 4833 1783 4886; x_wconf 91' lang='lat' dir='ltr'><strong>sumus,</strong></span> 
     </span>
    </p>
   </div>
   <div class='ocr_carea' id='block_1_95' title="bbox 200 4901 1786 4975">
    <p class='ocr_par' dir='ltr' id='par_1_95' title="bbox 200 4901 1786 4975">
     <span class='ocr_line' id='line_1_95' title="bbox 200 4901 1786 4975; baseline 0.006 -19"><span class='ocrx_word' id='word_1_797' title='bbox 200 4903 358 4972; x_wconf 88' lang='lat' dir='ltr'><strong>quod</strong></span> <span class='ocrx_word' id='word_1_798' title='bbox 373 4917 561 4958; x_wconf 91' lang='lat' dir='ltr'><strong>verum</strong></span> <span class='ocrx_word' id='word_1_799' title='bbox 583 4904 674 4969; x_wconf 90' lang='lat' dir='ltr'><strong>sit,</strong></span> <span class='ocrx_word' id='word_1_800' title='bbox 689 4903 912 4958; x_wconf 91' lang='lat' dir='ltr'><strong>minime</strong></span> <span class='ocrx_word' id='word_1_801' title='bbox 936 4904 1244 4960; x_wconf 90' lang='lat' dir='ltr'><strong>dubitamus</strong></span> <span class='ocrx_word' id='word_1_802' title='bbox 1257 4904 1280 4959; x_wconf 87' lang='lat'><strong>?</strong></span> <span class='ocrx_word' id='word_1_803' title='bbox 1291 4901 1582 4975; x_wconf 85' lang='lat' dir='ltr'><strong>Apostolus</strong></span> <span class='ocrx_word' id='word_1_804' title='bbox 1606 4917 1786 4965; x_wconf 87' lang='lat' dir='ltr'><strong>tamen</strong></span> 
     </span>
    </p>
   </div>
   <div class='ocr_carea' id='block_1_96' title="bbox 198 4991 1784 5069">
    <p class='ocr_par' dir='ltr' id='par_1_96' title="bbox 198 4991 1784 5069">
     <span class='ocr_line' id='line_1_96' title="bbox 198 4991 1784 5069; baseline 0.004 -22"><span class='ocrx_word' id='word_1_805' title='bbox 198 4991 450 5050; x_wconf 85' lang='lat' dir='ltr'><strong>Joannes</strong></span> <span class='ocrx_word' id='word_1_806' title='bbox 477 5011 600 5050; x_wconf 91' lang='lat' dir='ltr'><strong>cum</strong></span> <span class='ocrx_word' id='word_1_807' title='bbox 627 4995 733 5051; x_wconf 91' lang='lat' dir='ltr'><strong>tale</strong></span> <span class='ocrx_word' id='word_1_808' title='bbox 763 4995 966 5066; x_wconf 91' lang='lat' dir='ltr'><strong>aliquid</strong></span> <span class='ocrx_word' id='word_1_809' title='bbox 988 4995 1196 5051; x_wconf 90' lang='lat' dir='ltr'><strong>diceret</strong></span> <span class='ocrx_word' id='word_1_810' title='bbox 1222 5014 1234 5050; x_wconf 91' lang='lat'>:</span> <span class='ocrx_word' id='word_1_811' title='bbox 1274 5015 1291 5047; x_wconf 80' lang='grc' dir='ltr'><strong>ι</strong></span> <span class='ocrx_word' id='word_1_812' title='bbox 1331 4995 1563 5065; x_wconf 90' lang='lat' dir='ltr'><strong>Scimus,</strong></span> <span class='ocrx_word' id='word_1_813' title='bbox 1589 4998 1784 5069; x_wconf 80' lang='lat' dir='ltr'><strong>inquit,</strong></span> 
     </span>
    </p>
   </div>
   <div class='ocr_carea' id='block_1_97' title="bbox 198 5086 1788 5158">
    <p class='ocr_par' dir='ltr' id='par_1_97' title="bbox 198 5086 1788 5158">
     <span class='ocr_line' id='line_1_97' title="bbox 198 5086 1788 5158; baseline 0.003 -19"><span class='ocrx_word' id='word_1_814' title='bbox 198 5086 339 5157; x_wconf 74' lang='lat' dir='ltr'><strong>quia</strong></span> <span class='ocrx_word' id='word_1_815' title='bbox 377 5101 499 5142; x_wconf 91' lang='lat' dir='ltr'><strong>cum</strong></span> <span class='ocrx_word' id='word_1_816' title='bbox 553 5089 883 5158; x_wconf 88' lang='lat' dir='ltr'><strong>apparuerit,</strong></span> <span class='ocrx_word' id='word_1_817' title='bbox 919 5087 1122 5144; x_wconf 89' lang='lat' dir='ltr'><strong>similes</strong></span> <span class='ocrx_word' id='word_1_818' title='bbox 1154 5086 1206 5142; x_wconf 93' lang='lat' dir='ltr'><strong>ei</strong></span> <span class='ocrx_word' id='word_1_819' title='bbox 1250 5086 1483 5154; x_wconf 90' lang='lat' dir='ltr'><strong>erimus,</strong></span> <span class='ocrx_word' id='word_1_820' title='bbox 1533 5089 1788 5158; x_wconf 90' lang='lat' dir='ltr'><strong>quoniam</strong></span> 
     </span>
    </p>
   </div>
   <div class='ocr_carea' id='block_1_98' title="bbox 198 5180 1792 5259">
    <p class='ocr_par' dir='ltr' id='par_1_98' title="bbox 198 5180 1792 5259">
     <span class='ocr_line' id='line_1_98' title="bbox 198 5180 1792 5259; baseline 0.003 -24"><span class='ocrx_word' id='word_1_821' title='bbox 198 5180 517 5239; x_wconf 86' lang='lat' dir='ltr'><strong>videbimus</strong></span> <span class='ocrx_word' id='word_1_822' title='bbox 544 5199 668 5240; x_wconf 90' lang='lat' dir='ltr'><strong>eum</strong></span> <span class='ocrx_word' id='word_1_823' title='bbox 708 5185 868 5241; x_wconf 91' lang='lat' dir='ltr'><strong>sicuti</strong></span> <span class='ocrx_word' id='word_1_824' title='bbox 911 5194 994 5241; x_wconf 90' lang='lat' dir='ltr'><strong>est</strong></span> <span class='ocrx_word' id='word_1_825' title='bbox 1041 5184 1095 5257; x_wconf 95' lang='grc' dir='ltr'><strong>(Ι</strong></span> <span class='ocrx_word' id='word_1_826' title='bbox 1123 5183 1284 5240; x_wconf 84' lang='lat' dir='ltr'><strong>Joan.</strong></span> <span class='ocrx_word' id='word_1_827' title='bbox 1335 5201 1417 5252; x_wconf 87' lang='grc' dir='ltr'>ιιι,</span> <span class='ocrx_word' id='word_1_828' title='bbox 1463 5185 1543 5259; x_wconf 74' lang='lat'><strong>2).</strong></span> <span class='ocrx_word' id='word_1_829' title='bbox 1588 5206 1607 5238; x_wconf 76' lang='grc' dir='ltr'><strong>ι</strong></span> <span class='ocrx_word' id='word_1_830' title='bbox 1649 5185 1792 5242; x_wconf 89' lang='lat' dir='ltr'><strong>Ecce</strong></span> 
     </span>
    </p>
   </div>
   <div class='ocr_carea' id='block_1_99' title="bbox 198 5275 1792 5348">
    <p class='ocr_par' dir='ltr' id='par_1_99' title="bbox 198 5275 1792 5348">
     <span class='ocr_line' id='line_1_99' title="bbox 198 5275 1792 5348; baseline 0.001 -16"><span class='ocrx_word' id='word_1_831' title='bbox 198 5275 357 5332; x_wconf 86' lang='lat' dir='ltr'><strong>scire</strong></span> <span class='ocrx_word' id='word_1_832' title='bbox 402 5291 462 5331; x_wconf 87' lang='lat' dir='ltr'><strong>se</strong></span> <span class='ocrx_word' id='word_1_833' title='bbox 515 5277 677 5343; x_wconf 88' lang='lat' dir='ltr'><strong>dixit,</strong></span> <span class='ocrx_word' id='word_1_834' title='bbox 731 5280 874 5348; x_wconf 90' lang='lat' dir='ltr'><strong>quod</strong></span> <span class='ocrx_word' id='word_1_835' title='bbox 919 5279 1155 5333; x_wconf 90' lang='lat' dir='ltr'><strong>nondum</strong></span> <span class='ocrx_word' id='word_1_836' title='bbox 1201 5277 1402 5334; x_wconf 83' lang='lat' dir='ltr'><strong>factum</strong></span> <span class='ocrx_word' id='word_1_837' title='bbox 1432 5278 1637 5343; x_wconf 89' lang='lat' dir='ltr'><strong>fuerat,</strong></span> <span class='ocrx_word' id='word_1_838' title='bbox 1690 5293 1792 5334; x_wconf 90' lang='lat' dir='ltr'><strong>nec</strong></span> 
     </span>
    </p>
   </div>
   <div class='ocr_carea' id='block_1_100' title="bbox 202 5367 1792 5440">
    <p class='ocr_par' dir='ltr' id='par_1_100' title="bbox 202 5367 1792 5440">
     <span class='ocr_line' id='line_1_100' title="bbox 202 5367 1792 5440; baseline 0.003 -21"><span class='ocrx_word' id='word_1_839' title='bbox 202 5367 489 5435; x_wconf 77' lang='lat' dir='ltr'><strong>videndo,</strong></span> <span class='ocrx_word' id='word_1_840' title='bbox 542 5369 636 5424; x_wconf 91' lang='lat' dir='ltr'><strong>sed</strong></span> <span class='ocrx_word' id='word_1_841' title='bbox 679 5369 946 5424; x_wconf 90' lang='lat' dir='ltr'><strong>credendo</strong></span> <span class='ocrx_word' id='word_1_842' title='bbox 993 5379 1334 5440; x_wconf 87' lang='lat' dir='ltr'><strong>cognoverat.</strong></span> <span class='ocrx_word' id='word_1_843' title='bbox 1388 5367 1555 5424; x_wconf 81' lang='lat' dir='ltr'><strong>Recte</strong></span> <span class='ocrx_word' id='word_1_844' title='bbox 1610 5368 1792 5438; x_wconf 89' lang='lat' dir='ltr'><strong>itaque</strong></span> 
     </span>
    </p>
   </div>
   <div class='ocr_carea' id='block_1_101' title="bbox 199 5457 1789 5530">
    <p class='ocr_par' dir='ltr' id='par_1_101' title="bbox 199 5457 1789 5530">
     <span class='ocr_line' id='line_1_101' title="bbox 199 5457 1789 5530; baseline -0.001 -18"><span class='ocrx_word' id='word_1_845' title='bbox 199 5457 472 5526; x_wconf 83' lang='lat' dir='ltr'><strong>diximus,</strong></span> <span class='ocrx_word' id='word_1_846' title='bbox 519 5459 720 5514; x_wconf 89' lang='lat' dir='ltr'><strong>scimus</strong></span> <span class='ocrx_word' id='word_1_847' title='bbox 767 5473 925 5529; x_wconf 85' lang='lat' dir='ltr'><strong>posse</strong></span> <span class='ocrx_word' id='word_1_848' title='bbox 951 5457 1122 5512; x_wconf 92' lang='lat' dir='ltr'><strong>Deum</strong></span> <span class='ocrx_word' id='word_1_849' title='bbox 1147 5459 1345 5524; x_wconf 89' lang='lat' dir='ltr'><strong>videri,</strong></span> <span class='ocrx_word' id='word_1_850' title='bbox 1374 5458 1620 5530; x_wconf 90' lang='lat' dir='ltr'><strong>quamvis</strong></span> <span class='ocrx_word' id='word_1_851' title='bbox 1665 5472 1789 5511; x_wconf 86' lang='lat' dir='ltr'><strong>eum</strong></span> 
     </span>
    </p>
   </div>
   <div class='ocr_carea' id='block_1_102' title="bbox 201 5546 1792 5617">
    <p class='ocr_par' dir='ltr' id='par_1_102' title="bbox 201 5546 1792 5617">
     <span class='ocr_line' id='line_1_102' title="bbox 201 5546 1792 5617; baseline -0.003 -12"><span class='ocrx_word' id='word_1_852' title='bbox 201 5564 324 5605; x_wconf 89' lang='lat' dir='ltr'><strong>non</strong></span> <span class='ocrx_word' id='word_1_853' title='bbox 351 5549 668 5616; x_wconf 84' lang='lat' dir='ltr'><strong>viderimus,</strong></span> <span class='ocrx_word' id='word_1_854' title='bbox 696 5551 790 5605; x_wconf 87' lang='lat' dir='ltr'><strong>sed</strong></span> <span class='ocrx_word' id='word_1_855' title='bbox 822 5549 1016 5604; x_wconf 81' lang='lat' dir='ltr'><strong>divinae</strong></span> <span class='ocrx_word' id='word_1_856' title='bbox 1045 5549 1388 5613; x_wconf 89' lang='lat' dir='ltr'><strong>auctoritati,</strong></span> <span class='ocrx_word' id='word_1_857' title='bbox 1426 5563 1544 5617; x_wconf 76' lang='lat' dir='ltr'><strong>qua:</strong></span> <span class='ocrx_word' id='word_1_858' title='bbox 1589 5546 1792 5602; x_wconf 88' lang='lat' dir='ltr'><strong>sanctis</strong></span> 
     </span>
    </p>
   </div>
   <div class='ocr_carea' id='block_1_103' title="bbox 201 5638 1793 5709">
    <p class='ocr_par' dir='ltr' id='par_1_103' title="bbox 201 5638 1793 5709">
     <span class='ocr_line' id='line_1_103' title="bbox 201 5638 1793 5709; baseline 0 -17"><span class='ocrx_word' id='word_1_859' title='bbox 201 5638 373 5694; x_wconf 89' lang='lat' dir='ltr'><strong>libris</strong></span> <span class='ocrx_word' id='word_1_860' title='bbox 398 5641 725 5706; x_wconf 87' lang='lat' dir='ltr'><strong>continetur,</strong></span> <span class='ocrx_word' id='word_1_861' title='bbox 754 5640 1142 5696; x_wconf 90' lang='lat' dir='ltr'><strong>crediderimus</strong></span> <span class='ocrx_word' id='word_1_862' title='bbox 1175 5659 1187 5694; x_wconf 91' lang='lat'>:</span> <span class='ocrx_word' id='word_1_863' title='bbox 1227 5639 1356 5708; x_wconf 88' lang='lat' dir='ltr'><strong>quid</strong></span> <span class='ocrx_word' id='word_1_864' title='bbox 1383 5648 1467 5694; x_wconf 88' lang='lat' dir='ltr'><strong>est</strong></span> <span class='ocrx_word' id='word_1_865' title='bbox 1492 5654 1622 5709; x_wconf 83' lang='lat' dir='ltr'><strong>ergo</strong></span> <span class='ocrx_word' id='word_1_866' title='bbox 1647 5638 1793 5708; x_wconf 89' lang='lat' dir='ltr'><strong>quod</strong></span> 
     </span>
    </p>
   </div>
   <div class='ocr_carea' id='block_1_104' title="bbox 201 5728 1795 5798">
    <p class='ocr_par' dir='ltr' id='par_1_104' title="bbox 201 5728 1795 5798">
     <span class='ocr_line' id='line_1_104' title="bbox 201 5728 1795 5798; baseline -0.003 -12"><span class='ocrx_word' id='word_1_867' title='bbox 201 5729 409 5786; x_wconf 84' lang='lat' dir='ltr'><strong>eadem</strong></span> <span class='ocrx_word' id='word_1_868' title='bbox 439 5731 571 5786; x_wconf 91' lang='lat' dir='ltr'><strong>dicit</strong></span> <span class='ocrx_word' id='word_1_869' title='bbox 612 5730 930 5798; x_wconf 86' lang='lat' dir='ltr'><strong>auctoritas,</strong></span> <span class='ocrx_word' id='word_1_870' title='bbox 956 5733 1125 5786; x_wconf 87' lang='lat' dir='ltr'><strong>Deum</strong></span> <span class='ocrx_word' id='word_1_871' title='bbox 1151 5745 1309 5785; x_wconf 87' lang='lat' dir='ltr'><strong>nemo</strong></span> <span class='ocrx_word' id='word_1_872' title='bbox 1343 5729 1478 5783; x_wconf 90' lang='lat' dir='ltr'><strong>vidit</strong></span> <span class='ocrx_word' id='word_1_873' title='bbox 1512 5728 1795 5798; x_wconf 85' lang='lat' dir='ltr'><strong>unquam?</strong></span> 
     </span>
    </p>
   </div>
   <div class='ocr_carea' id='block_1_105' title="bbox 201 5818 1795 5894">
    <p class='ocr_par' dir='ltr' id='par_1_105' title="bbox 201 5818 1795 5894">
     <span class='ocr_line' id='line_1_105' title="bbox 201 5818 1795 5894; baseline 0.001 -15"><span class='ocrx_word' id='word_1_874' title='bbox 201 5818 302 5879; x_wconf 67' lang='lat' dir='ltr'><strong>Arn</strong></span> <span class='ocrx_word' id='word_1_875' title='bbox 355 5819 583 5879; x_wconf 84' lang='lat' dir='ltr'><strong>fortasse</strong></span> <span class='ocrx_word' id='word_1_876' title='bbox 637 5822 1019 5893; x_wconf 85' lang='lat' dir='ltr'><strong>respondetur,</strong></span> <span class='ocrx_word' id='word_1_877' title='bbox 1054 5823 1197 5894; x_wconf 89' lang='lat' dir='ltr'><strong>quod</strong></span> <span class='ocrx_word' id='word_1_878' title='bbox 1253 5822 1342 5877; x_wconf 88' lang='lat' dir='ltr'><strong>illa</strong></span> <span class='ocrx_word' id='word_1_879' title='bbox 1379 5821 1684 5877; x_wconf 87' lang='lat' dir='ltr'><strong>testimonia</strong></span> <span class='ocrx_word' id='word_1_880' title='bbox 1728 5825 1795 5881; x_wconf 86' lang='lat' dir='ltr'><strong>de</strong></span> 
     </span>
    </p>
   </div>
   <div class='ocr_carea' id='block_1_106' title="bbox 1877 4598 3466 4702">
    <p class='ocr_par' dir='ltr' id='par_1_106' title="bbox 1877 4598 3466 4702">
     <span class='ocr_line' id='line_1_106' title="bbox 1877 4598 3466 4702; baseline -0.001 -22"><span class='ocrx_word' id='word_1_881' title='bbox 1877 4598 2274 4702; x_wconf 46' lang='lat' dir='ltr'><strong>@ubaudiauﬂ,</strong></span> <span class='ocrx_word' id='word_1_882' title='bbox 2308 4598 2610 4680; x_wconf 76' lang='lat' dir='ltr'><strong>hominum.</strong></span> <span class='ocrx_word' id='word_1_883' title='bbox 2642 4598 2920 4693; x_wconf 85' lang='lat' dir='ltr'><strong>Quomodo</strong></span> <span class='ocrx_word' id='word_1_884' title='bbox 2955 4641 3082 4696; x_wconf 88' lang='lat' dir='ltr'><strong>ergo</strong></span> <span class='ocrx_word' id='word_1_885' title='bbox 3125 4598 3296 4680; x_wconf 68' lang='lat' dir='ltr'><strong>Deuni</strong></span> <span class='ocrx_word' id='word_1_886' title='bbox 3332 4598 3466 4679; x_wconf 81' lang='lat' dir='ltr'><strong>vidit</strong></span> 
     </span>
    </p>
   </div>
   <div class='ocr_carea' id='block_1_107' title="bbox 1893 4715 3459 4788">
    <p class='ocr_par' dir='ltr' id='par_1_107' title="bbox 1893 4715 3459 4788">
     <span class='ocr_line' id='line_1_107' title="bbox 1893 4715 3459 4788; baseline 0.003 -19"><span class='ocrx_word' id='word_1_887' title='bbox 1893 4715 2167 4771; x_wconf 84' lang='lat' dir='ltr'><strong>Abraham</strong></span> <span class='ocrx_word' id='word_1_888' title='bbox 2185 4757 2200 4783; x_wconf 93' lang='lat'><strong>,</strong></span> <span class='ocrx_word' id='word_1_889' title='bbox 2229 4715 2414 4782; x_wconf 89' lang='lat' dir='ltr'><strong>Isaac,</strong></span> <span class='ocrx_word' id='word_1_890' title='bbox 2441 4727 2496 4772; x_wconf 91' lang='lat' dir='ltr'><strong>et</strong></span> <span class='ocrx_word' id='word_1_891' title='bbox 2525 4715 2721 4783; x_wconf 88' lang='lat' dir='ltr'><strong>Jacob,</strong></span> <span class='ocrx_word' id='word_1_892' title='bbox 2750 4716 2849 4773; x_wconf 83' lang='lat' dir='ltr'><strong>Job</strong></span> <span class='ocrx_word' id='word_1_893' title='bbox 2869 4759 2883 4784; x_wconf 96' lang='lat'><strong>,</strong></span> <span class='ocrx_word' id='word_1_894' title='bbox 2917 4717 3153 4788; x_wconf 79' lang='lat' dir='ltr'><strong>Moyses,</strong></span> <span class='ocrx_word' id='word_1_895' title='bbox 3191 4717 3425 4773; x_wconf 80' lang='lat' dir='ltr'><strong>Micheas</strong></span> <span class='ocrx_word' id='word_1_896' title='bbox 3443 4757 3459 4783; x_wconf 95' lang='lat'><strong>,</strong></span> 
     </span>
    </p>
   </div>
   <div class='ocr_carea' id='block_1_108' title="bbox 1892 4805 3460 4879">
    <p class='ocr_par' dir='ltr' id='par_1_108' title="bbox 1892 4805 3460 4879">
     <span class='ocr_line' id='line_1_108' title="bbox 1892 4805 3460 4879; baseline 0.002 -18"><span class='ocrx_word' id='word_1_897' title='bbox 1892 4805 2060 4862; x_wconf 91' lang='lat' dir='ltr'><strong>Isaias</strong></span> <span class='ocrx_word' id='word_1_898' title='bbox 2084 4847 2099 4873; x_wconf 93' lang='lat'><strong>,</strong></span> <span class='ocrx_word' id='word_1_899' title='bbox 2135 4817 2190 4863; x_wconf 90' lang='lat' dir='ltr'><strong>et</strong></span> <span class='ocrx_word' id='word_1_900' title='bbox 2234 4822 2280 4862; x_wconf 72' lang='lat' dir='ltr'><strong>su</strong></span> <span class='ocrx_word' id='word_1_901' title='bbox 2312 4809 2404 4878; x_wconf 92' lang='lat' dir='ltr'><strong>qui</strong></span> <span class='ocrx_word' id='word_1_902' title='bbox 2446 4808 2536 4862; x_wconf 91' lang='lat' dir='ltr'><strong>alii</strong></span> <span class='ocrx_word' id='word_1_903' title='bbox 2572 4818 2721 4875; x_wconf 88' lang='lat' dir='ltr'><strong>sunt,</strong></span> <span class='ocrx_word' id='word_1_904' title='bbox 2765 4809 2831 4865; x_wconf 88' lang='lat' dir='ltr'><strong>de</strong></span> <span class='ocrx_word' id='word_1_905' title='bbox 2875 4809 3071 4879; x_wconf 91' lang='lat' dir='ltr'><strong>quibus</strong></span> <span class='ocrx_word' id='word_1_906' title='bbox 3109 4809 3460 4865; x_wconf 85' lang='lat' dir='ltr'><strong>veracissima</strong></span> 
     </span>
    </p>
   </div>
   <div class='ocr_carea' id='block_1_109' title="bbox 1894 4897 3463 4970">
    <p class='ocr_par' dir='ltr' id='par_1_109' title="bbox 1894 4897 3463 4970">
     <span class='ocr_line' id='line_1_109' title="bbox 1894 4897 3463 4970; baseline 0.001 -16"><span class='ocrx_word' id='word_1_907' title='bbox 1894 4897 2175 4969; x_wconf 89' lang='lat' dir='ltr'><strong>Scriptura</strong></span> <span class='ocrx_word' id='word_1_908' title='bbox 2229 4908 2458 4956; x_wconf 89' lang='lat' dir='ltr'><strong>testatur</strong></span> <span class='ocrx_word' id='word_1_909' title='bbox 2506 4901 2648 4970; x_wconf 91' lang='lat' dir='ltr'><strong>quod</strong></span> <span class='ocrx_word' id='word_1_910' title='bbox 2696 4901 2960 4968; x_wconf 89' lang='lat' dir='ltr'><strong>viderint,</strong></span> <span class='ocrx_word' id='word_1_911' title='bbox 3003 4901 3048 4956; x_wconf 89' lang='lat' dir='ltr'><strong>si</strong></span> <span class='ocrx_word' id='word_1_912' title='bbox 3097 4901 3262 4958; x_wconf 89' lang='lat' dir='ltr'><strong>Deum</strong></span> <span class='ocrx_word' id='word_1_913' title='bbox 3304 4918 3463 4956; x_wconf 88' lang='lat' dir='ltr'><strong>nemo</strong></span> 
     </span>
    </p>
   </div>
   <div class='ocr_carea' id='block_1_110' title="bbox 1894 4977 3587 5078">
    <p class='ocr_par' dir='ltr' id='par_1_110' title="bbox 1894 4977 3587 5078">
     <span class='ocr_line' id='line_1_110' title="bbox 1894 4977 3587 5078; baseline 0.001 -31"><span class='ocrx_word' id='word_1_914' title='bbox 1894 5007 2132 5062; x_wconf 88' lang='lat' dir='ltr'><strong>unquam</strong></span> <span class='ocrx_word' id='word_1_915' title='bbox 2172 4993 2450 5048; x_wconf 90' lang='lat' dir='ltr'><strong>hominum</strong></span> <span class='ocrx_word' id='word_1_916' title='bbox 2489 4992 2651 5058; x_wconf 89' lang='lat' dir='ltr'><strong>vidit,</strong></span> <span class='ocrx_word' id='word_1_917' title='bbox 2701 5007 2802 5048; x_wconf 89' lang='lat' dir='ltr'><strong>nec</strong></span> <span class='ocrx_word' id='word_1_918' title='bbox 2833 4993 3017 5049; x_wconf 91' lang='lat' dir='ltr'><strong>videre</strong></span> <span class='ocrx_word' id='word_1_919' title='bbox 3043 4977 3263 5078; x_wconf 52' lang='lat' dir='ltr'><strong>potest}!</strong></span> <span class='ocrx_word' id='word_1_920' title='bbox 3278 4993 3462 5062; x_wconf 87' lang='lat' dir='ltr'><strong>Quan-</strong></span> <span class='ocrx_word' id='word_1_921' title='bbox 3539 4995 3587 5041; x_wconf 61' lang='grc' dir='ltr'><strong>’ίὲ</strong></span> 
     </span>
    </p>
   </div>
   <div class='ocr_carea' id='block_1_111' title="bbox 1897 5081 3465 5155">
    <p class='ocr_par' dir='ltr' id='par_1_111' title="bbox 1897 5081 3465 5155">
     <span class='ocr_line' id='line_1_111' title="bbox 1897 5081 3465 5155; baseline 0.003 -18"><span class='ocrx_word' id='word_1_922' title='bbox 1897 5099 2060 5153; x_wconf 91' lang='lat' dir='ltr'><strong>quam</strong></span> <span class='ocrx_word' id='word_1_923' title='bbox 2081 5081 2322 5138; x_wconf 90' lang='lat' dir='ltr'><strong>nonnulli</strong></span> <span class='ocrx_word' id='word_1_924' title='bbox 2344 5083 2587 5138; x_wconf 91' lang='lat' dir='ltr'><strong>volentes</strong></span> <span class='ocrx_word' id='word_1_925' title='bbox 2606 5083 2836 5153; x_wconf 88' lang='lat' dir='ltr'><strong>probare</strong></span> <span class='ocrx_word' id='word_1_926' title='bbox 2854 5085 3017 5139; x_wconf 91' lang='lat' dir='ltr'><strong>etiam</strong></span> <span class='ocrx_word' id='word_1_927' title='bbox 3043 5085 3232 5155; x_wconf 89' lang='lat' dir='ltr'><strong>impios</strong></span> <span class='ocrx_word' id='word_1_928' title='bbox 3252 5087 3465 5142; x_wconf 85' lang='lat' dir='ltr'><strong>visuros</strong></span> 
     </span>
    </p>
   </div>
   <div class='ocr_carea' id='block_1_112' title="bbox 1897 5175 3462 5250">
    <p class='ocr_par' dir='ltr' id='par_1_112' title="bbox 1897 5175 3462 5250">
     <span class='ocr_line' id='line_1_112' title="bbox 1897 5175 3462 5250; baseline 0 -18"><span class='ocrx_word' id='word_1_929' title='bbox 1897 5177 2068 5232; x_wconf 90' lang='lat' dir='ltr'><strong>Deum</strong></span> <span class='ocrx_word' id='word_1_930' title='bbox 2087 5216 2103 5243; x_wconf 97' lang='lat'><strong>,</strong></span> <span class='ocrx_word' id='word_1_931' title='bbox 2147 5191 2178 5231; x_wconf 89' lang='lat' dir='ltr'><strong>a</strong></span> <span class='ocrx_word' id='word_1_932' title='bbox 2203 5175 2417 5232; x_wconf 90' lang='lat' dir='ltr'><strong>diabolo</strong></span> <span class='ocrx_word' id='word_1_933' title='bbox 2443 5191 2660 5246; x_wconf 92' lang='lat' dir='ltr'><strong>quoque</strong></span> <span class='ocrx_word' id='word_1_934' title='bbox 2687 5177 2804 5246; x_wconf 89' lang='lat' dir='ltr'><strong>ipso</strong></span> <span class='ocrx_word' id='word_1_935' title='bbox 2843 5176 3013 5232; x_wconf 90' lang='lat' dir='ltr'><strong>Deum</strong></span> <span class='ocrx_word' id='word_1_936' title='bbox 3037 5178 3212 5233; x_wconf 91' lang='lat' dir='ltr'><strong>visum</strong></span> <span class='ocrx_word' id='word_1_937' title='bbox 3240 5187 3462 5250; x_wconf 87' lang='lat' dir='ltr'><strong>putant,</strong></span> 
     </span>
    </p>
   </div>
   <div class='ocr_carea' id='block_1_113' title="bbox 1897 5267 3468 5339">
    <p class='ocr_par' dir='ltr' id='par_1_113' title="bbox 1897 5267 3468 5339">
     <span class='ocr_line' id='line_1_113' title="bbox 1897 5267 3468 5339; baseline -0.001 -15"><span class='ocrx_word' id='word_1_938' title='bbox 1897 5269 1977 5324; x_wconf 92' lang='lat' dir='ltr'><strong>sic</strong></span> <span class='ocrx_word' id='word_1_939' title='bbox 2004 5268 2328 5338; x_wconf 89' lang='lat' dir='ltr'><strong>accipientes</strong></span> <span class='ocrx_word' id='word_1_940' title='bbox 2355 5267 2496 5339; x_wconf 92' lang='lat' dir='ltr'><strong>quod</strong></span> <span class='ocrx_word' id='word_1_941' title='bbox 2542 5269 2800 5338; x_wconf 89' lang='lat' dir='ltr'><strong>scriptum</strong></span> <span class='ocrx_word' id='word_1_942' title='bbox 2847 5278 2930 5325; x_wconf 91' lang='lat' dir='ltr'><strong>est</strong></span> <span class='ocrx_word' id='word_1_943' title='bbox 2956 5269 3010 5325; x_wconf 90' lang='lat' dir='ltr'><strong>in</strong></span> <span class='ocrx_word' id='word_1_944' title='bbox 3051 5270 3190 5326; x_wconf 92' lang='lat' dir='ltr'><strong>libro</strong></span> <span class='ocrx_word' id='word_1_945' title='bbox 3213 5269 3342 5335; x_wconf 81' lang='lat' dir='ltr'><strong>Job,</strong></span> <span class='ocrx_word' id='word_1_946' title='bbox 3374 5285 3468 5324; x_wconf 90' lang='lat' dir='ltr'><strong>ve-</strong></span> 
     </span>
    </p>
   </div>
   <div class='ocr_carea' id='block_1_114' title="bbox 1899 5359 3467 5432">
    <p class='ocr_par' dir='ltr' id='par_1_114' title="bbox 1899 5359 3467 5432">
     <span class='ocr_line' id='line_1_114' title="bbox 1899 5359 3467 5432; baseline 0 -18"><span class='ocrx_word' id='word_1_947' title='bbox 1899 5359 2046 5414; x_wconf 88' lang='lat' dir='ltr'><strong>nisse</strong></span> <span class='ocrx_word' id='word_1_948' title='bbox 2071 5373 2196 5414; x_wconf 92' lang='lat' dir='ltr'><strong>cum</strong></span> <span class='ocrx_word' id='word_1_949' title='bbox 2228 5359 2436 5430; x_wconf 88' lang='lat' dir='ltr'><strong>angelis</strong></span> <span class='ocrx_word' id='word_1_950' title='bbox 2462 5366 2517 5414; x_wconf 91' lang='lat' dir='ltr'><strong>et</strong></span> <span class='ocrx_word' id='word_1_951' title='bbox 2544 5359 2817 5415; x_wconf 89' lang='lat' dir='ltr'><strong>diabolum</strong></span> <span class='ocrx_word' id='word_1_952' title='bbox 2853 5360 2906 5415; x_wconf 92' lang='lat' dir='ltr'><strong>in</strong></span> <span class='ocrx_word' id='word_1_953' title='bbox 2933 5369 3222 5432; x_wconf 87' lang='lat' dir='ltr'><strong>conspectu</strong></span> <span class='ocrx_word' id='word_1_954' title='bbox 3249 5360 3378 5424; x_wconf 90' lang='lat' dir='ltr'><strong>Dei,</strong></span> <span class='ocrx_word' id='word_1_955' title='bbox 3405 5369 3467 5414; x_wconf 90' lang='lat' dir='ltr'><strong>ut</strong></span> 
     </span>
    </p>
   </div>
   <div class='ocr_carea' id='block_1_115' title="bbox 1893 5450 3461 5522">
    <p class='ocr_par' dir='ltr' id='par_1_115' title="bbox 1893 5450 3461 5522">
     <span class='ocr_line' id='line_1_115' title="bbox 1893 5450 3461 5522; baseline -0.001 -17"><span class='ocrx_word' id='word_1_956' title='bbox 1893 5450 2006 5520; x_wconf 85' lang='lat' dir='ltr'><strong>jam</strong></span> <span class='ocrx_word' id='word_1_957' title='bbox 2029 5459 2083 5506; x_wconf 91' lang='lat' dir='ltr'><strong>et</strong></span> <span class='ocrx_word' id='word_1_958' title='bbox 2111 5451 2240 5506; x_wconf 92' lang='lat' dir='ltr'><strong>illud</strong></span> <span class='ocrx_word' id='word_1_959' title='bbox 2265 5452 2445 5506; x_wconf 88' lang='lat' dir='ltr'><strong>veniat</strong></span> <span class='ocrx_word' id='word_1_960' title='bbox 2475 5450 2528 5505; x_wconf 90' lang='lat' dir='ltr'><strong>in</strong></span> <span class='ocrx_word' id='word_1_961' title='bbox 2554 5451 2932 5520; x_wconf 69' lang='lat' dir='ltr'><strong>quaestionem,</strong></span> <span class='ocrx_word' id='word_1_962' title='bbox 2961 5452 3230 5522; x_wconf 90' lang='lat' dir='ltr'><strong>quomodo</strong></span> <span class='ocrx_word' id='word_1_963' title='bbox 3260 5450 3461 5504; x_wconf 86' lang='lat' dir='ltr'><strong>dictum</strong></span> 
     </span>
    </p>
   </div>
   <div class='ocr_carea' id='block_1_116' title="bbox 1897 5538 3468 5614">
    <p class='ocr_par' dir='ltr' id='par_1_116' title="bbox 1897 5538 3468 5614">
     <span class='ocr_line' id='line_1_116' title="bbox 1897 5538 3468 5614; baseline -0.003 -16"><span class='ocrx_word' id='word_1_964' title='bbox 1897 5543 1970 5598; x_wconf 90' lang='lat' dir='ltr'><strong>sit</strong></span> <span class='ocrx_word' id='word_1_965' title='bbox 1999 5560 2011 5597; x_wconf 91' lang='lat'>:</span> <span class='ocrx_word' id='word_1_966' title='bbox 2039 5561 2060 5596; x_wconf 76' lang='grc' dir='ltr'><strong>ι</strong></span> <span class='ocrx_word' id='word_1_967' title='bbox 2094 5542 2243 5598; x_wconf 85' lang='lat' dir='ltr'><strong>Beati</strong></span> <span class='ocrx_word' id='word_1_968' title='bbox 2269 5542 2468 5598; x_wconf 90' lang='lat' dir='ltr'><strong>mundo</strong></span> <span class='ocrx_word' id='word_1_969' title='bbox 2505 5542 2700 5609; x_wconf 82' lang='lat' dir='ltr'><strong>corde,</strong></span> <span class='ocrx_word' id='word_1_970' title='bbox 2731 5543 2856 5612; x_wconf 90' lang='lat' dir='ltr'><strong>quia</strong></span> <span class='ocrx_word' id='word_1_971' title='bbox 2886 5542 2988 5614; x_wconf 90' lang='lat' dir='ltr'><strong>ipsi</strong></span> <span class='ocrx_word' id='word_1_972' title='bbox 3015 5541 3183 5597; x_wconf 90' lang='lat' dir='ltr'><strong>Deum</strong></span> <span class='ocrx_word' id='word_1_973' title='bbox 3210 5538 3468 5594; x_wconf 86' lang='lat' dir='ltr'><strong>videbunt</strong></span> 
     </span>
    </p>
   </div>
   <div class='ocr_carea' id='block_1_117' title="bbox 1900 5630 3466 5706">
    <p class='ocr_par' dir='ltr' id='par_1_117' title="bbox 1900 5630 3466 5706">
     <span class='ocr_line' id='line_1_117' title="bbox 1900 5630 3466 5706; baseline -0.002 -19"><span class='ocrx_word' id='word_1_974' title='bbox 1900 5633 2112 5706; x_wconf 80' lang='lat' dir='ltr'><strong>(Matth.</strong></span> <span class='ocrx_word' id='word_1_975' title='bbox 2144 5650 2199 5700; x_wconf 91' lang='lat' dir='ltr'><strong>v,</strong></span> <span class='ocrx_word' id='word_1_976' title='bbox 2231 5633 2287 5706; x_wconf 88' lang='grc'><strong>8)</strong></span> <span class='ocrx_word' id='word_1_977' title='bbox 2314 5650 2328 5699; x_wconf 91' lang='lat'><strong>;</strong></span> <span class='ocrx_word' id='word_1_978' title='bbox 2360 5653 2379 5685; x_wconf 73' lang='grc' dir='ltr'><strong>ι</strong></span> <span class='ocrx_word' id='word_1_979' title='bbox 2409 5641 2465 5689; x_wconf 92' lang='lat' dir='ltr'><strong>et</strong></span> <span class='ocrx_word' id='word_1_980' title='bbox 2506 5633 2635 5688; x_wconf 89' lang='lat' dir='ltr'><strong>illud</strong></span> <span class='ocrx_word' id='word_1_981' title='bbox 2668 5653 2680 5689; x_wconf 91' lang='lat'><strong>:</strong></span> <span class='ocrx_word' id='word_1_982' title='bbox 2731 5653 2749 5686; x_wconf 80' lang='grc' dir='ltr'><strong>ι</strong></span> <span class='ocrx_word' id='word_1_983' title='bbox 2779 5633 2977 5689; x_wconf 88' lang='lat' dir='ltr'><strong>Pacem</strong></span> <span class='ocrx_word' id='word_1_984' title='bbox 3018 5630 3300 5688; x_wconf 87' lang='lat' dir='ltr'><strong>sectamini</strong></span> <span class='ocrx_word' id='word_1_985' title='bbox 3343 5646 3466 5684; x_wconf 86' lang='lat' dir='ltr'><strong>cum</strong></span> 
     </span>
    </p>
   </div>
   <div class='ocr_carea' id='block_1_118' title="bbox 1899 5723 3469 5794">
    <p class='ocr_par' dir='ltr' id='par_1_118' title="bbox 1899 5723 3469 5794">
     <span class='ocr_line' id='line_1_118' title="bbox 1899 5723 3469 5794; baseline -0.003 -14"><span class='ocrx_word' id='word_1_986' title='bbox 1899 5727 2148 5781; x_wconf 90' lang='lat' dir='ltr'><strong>omnibus</strong></span> <span class='ocrx_word' id='word_1_987' title='bbox 2173 5734 2228 5782; x_wconf 91' lang='lat' dir='ltr'><strong>et</strong></span> <span class='ocrx_word' id='word_1_988' title='bbox 2256 5726 2738 5782; x_wconf 82' lang='lat' dir='ltr'><strong>sanctiﬁcationem</strong></span> <span class='ocrx_word' id='word_1_989' title='bbox 2756 5768 2770 5792; x_wconf 94' lang='lat'><strong>,</strong></span> <span class='ocrx_word' id='word_1_990' title='bbox 2814 5727 2930 5782; x_wconf 90' lang='lat' dir='ltr'><strong>sine</strong></span> <span class='ocrx_word' id='word_1_991' title='bbox 2955 5741 3057 5794; x_wconf 91' lang='lat' dir='ltr'><strong>qua</strong></span> <span class='ocrx_word' id='word_1_992' title='bbox 3087 5738 3246 5778; x_wconf 90' lang='lat' dir='ltr'><strong>nemo</strong></span> <span class='ocrx_word' id='word_1_993' title='bbox 3272 5723 3469 5793; x_wconf 79' lang='lat' dir='ltr'><strong>poterit</strong></span> 
     </span>
    </p>
   </div>
   <div class='ocr_carea' id='block_1_119' title="bbox 1895 5817 3470 5894">
    <p class='ocr_par' dir='ltr' id='par_1_119' title="bbox 1895 5817 3470 5894">
     <span class='ocr_line' id='line_1_119' title="bbox 1895 5817 3470 5894; baseline -0.004 -18"><span class='ocrx_word' id='word_1_994' title='bbox 1895 5823 2082 5878; x_wconf 88' lang='lat' dir='ltr'><strong>videre</strong></span> <span class='ocrx_word' id='word_1_995' title='bbox 2104 5822 2271 5878; x_wconf 87' lang='lat' dir='ltr'><strong>Deum</strong></span> <span class='ocrx_word' id='word_1_996' title='bbox 2304 5821 2490 5894; x_wconf 73' lang='lat' dir='ltr'><strong>(Hebr.</strong></span> <span class='ocrx_word' id='word_1_997' title='bbox 2520 5835 2618 5884; x_wconf 76' lang='lat' dir='ltr'><strong>xu,</strong></span> <span class='ocrx_word' id='word_1_998' title='bbox 2651 5820 2758 5893; x_wconf 72' lang='grc'><strong>14).</strong></span> <span class='ocrx_word' id='word_1_999' title='bbox 2795 5840 2814 5873; x_wconf 69' lang='grc' dir='ltr'><strong>ι</strong></span> <span class='ocrx_word' id='word_1_1000' title='bbox 2851 5819 3073 5875; x_wconf 82' lang='lat' dir='ltr'><strong>Multum</strong></span> <span class='ocrx_word' id='word_1_1001' title='bbox 3113 5822 3256 5874; x_wconf 85' lang='lat' dir='ltr'><strong>enim</strong></span> <span class='ocrx_word' id='word_1_1002' title='bbox 3280 5817 3470 5886; x_wconf 80' lang='lat' dir='ltr'><strong>miror,</strong></span> 
     </span>
    </p>
   </div>
  </div>
