3956 6326
406 2011 454 2054 t’l

480 331 622 388 126⁸2

1121 327 1182 380 Β.
1223 321 1478 378 RABANI
1517 317 1735 376 MAURI
1771 314 2086 372 ARCHIEP.
2128 312 2431 372 MOGUNT.
2469 307 2754 368 OPERUM
2789 304 2968 362 PARS
3002 303 3089 359 111.

3603 293 3748 350 ιω

480 447 526 502 si
566 459 630 499 eo
668 457 837 514 usque
880 439 1320 510 progrediuntur,
1364 434 1457 504 qui
1503 433 1816 488 existimant
1863 428 2055 498 impios
2080 429 2135 490 Α
2158 428 2407 484 desinant
2433 425 2675 480 haeretici
2700 439 2766 478 ex
2807 421 3016 492 virgine
3041 418 3090 473 ei
3112 413 3436 488 principium
3466 410 3752 479 dare,qni

479 536 694 592 visuros
712 533 912 598 Deum,
943 536 1000 584 et
1025 545 1053 583 a
1098 525 1311 583 diabolo
1339 525 1514 579 visum
1540 522 1708 577 Deum
1731 562 1746 586 ,
1791 529 1849 574 ut
1877 534 1970 574 eos
1997 526 2052 572 et

479 627 681 686 mundo
707 637 829 680 esse
847 621 1031 688 corde,
1053 629 1106 675 et
1127 633 1312 690 pacem
1342 631 1405 671 ac
1425 613 1902 670 sanctiﬁcationem
1927 625 2049 666 cum

343 747 350 770 ι
379 765 400 778 ν
479 719 734 794 omnibus
759 715 958 782 sectari
981 707 1318 792 asseveren’t;
1342 707 1477 762 Nam
1498 705 1638 778 quod
1657 704 1915 760 Dominus
1936 702 2048 756 ait:

487 792 507 864 ᾇ
547 809 650 880 Qui
703 823 791 876 me
838 804 1188 874 videt,videt
1237 809 1291 857 et
1336 799 1548 855 Patrem
1595 795 1778 869 (Joan.
1822 811 1862 862 ι,
1907 792 1987 865 9),
2028 811 2047 844 ι

481 908 680 975 potest,
697 898 866 976 paulo
892 895 1150 951 attentius
1175 891 1720 976 consideratummon
1741 884 1912 942 videri
1936 895 2055 938 esse

484 992 818 1051 contrarium
850 990 899 1046 ei
941 987 1083 1060 quod
1132 984 1268 1042 dixit
1300 1003 1312 1037 :
1359 1001 1378 1033 ‹
1415 983 1583 1037 Deum
1610 994 1766 1034 nemo
1789 978 1922 1033 vidit
1958 993 2056 1031 un-

483 1101 644 1160 quam
672 1084 852 1156 (Joan.
896 1098 938 1148 l,
967 1080 1042 1154 8).
1069 1100 1088 1133 ι
1122 1078 1306 1148 Neque
1334 1076 1478 1132 enim
1506 1074 1661 1139 dixit,
1693 1072 1826 1140 Quia
1859 1084 1945 1151 me
1972 1069 2056 1160 vi-

484 1158 670 1243 distis,
701 1172 911 1230 vidistis
939 1180 992 1226 et
1015 1170 1265 1234 Patrem;
1291 1167 1384 1222 sed
1409 1164 1654 1229 dicendo,
1683 1183 1698 1214 ‹
1735 1161 1836 1229 Qui
1867 1175 1953 1215 me
1975 1158 2056 1212 vi-

484 1269 597 1333 det,
622 1266 767 1324 videt
786 1263 1089 1327 etPatrem,
1116 1281 1134 1312 ι
1163 1257 1446 1336 ostendere
1470 1256 1636 1311 voluit
1660 1255 1914 1309 unitatem
1937 1251 2062 1304 sub-

489 1357 702 1416 stantiae
727 1356 906 1412 Patris
931 1362 986 1408 et
1003 1352 1143 1415 Filii,
1161 1365 1226 1406 ne
1254 1350 1306 1404 in
1322 1349 1500 1418 aliquo
1517 1348 1657 1402 inter
1672 1360 1729 1401 se
1741 1350 2061 1414 putarentur

463 1464 606 1507 .esse
643 1443 948 1502 dissimiles.
989 1441 1069 1498 Ac
1096 1457 1195 1512 per
1220 1441 1324 1495 hoc
1358 1437 1611 1509 quoniam
1642 1449 1827 1490 verum
1858 1431 2061 1487 dictum

486 1545 588 1603 est,
621 1555 640 1589 ι
661 1535 761 1603 Qui
787 1549 872 1589 me
896 1533 1063 1595 videt,
1091 1533 1238 1588 videt
1263 1539 1317 1585 et
1337 1529 1574 1593 Patrem,
1606 1547 1624 1579 ι
1651 1524 1896 1595 profecto
1921 1536 2059 1591 quo-

489 1627 632 1682 niam
646 1625 814 1680 Deum
829 1639 986 1678 nemo
999 1622 1280 1678 hominum
1301 1619 1435 1674 vidit
1449 1632 1707 1688 unquam,
1724 1629 1824 1669 nec
1846 1612 2059 1667 Patrem

487 1721 770 1794 quisquam
785 1719 1055 1790 putandus
1069 1725 1153 1772 est
1175 1716 1394 1778 vidisse,
1409 1727 1509 1766 nec
1530 1710 1749 1774 Filium,
1764 1704 2060 1762 secundum

487 1783 804 1886 quod-Deus
830 1819 914 1868 est
945 1821 1000 1866 et
1041 1809 1211 1866 Filius
1241 1815 1442 1863 etcum
1487 1805 1648 1860 Patre
1689 1816 1828 1856 unus
1869 1799 2011 1853 Deus
2044 1813 2056 1848 :
2088 1783 2137 1844 Β

487 1920 612 1960 nam
645 1903 941 1960 secundum
991 1903 1044 1957 id
1072 1901 1215 1970 quod
1257 1899 1418 1954 homo
1444 1905 1529 1952 est
1550 1937 1564 1961 ,
1597 1894 1782 1962 utique
1820 1892 1876 1946 in
1913 1898 2061 1970 terra

488 1997 636 2052 visus
669 2006 777 2061 est,
804 2003 860 2050 et
905 2009 1026 2050 cum
1061 1993 1370 2048 hominibus
1411 1995 1764 2046 conversatus
1807 1967 1926 2076 esy
1955 1981 2064 2038 Sed

489 2101 684 2157 magna
700 2084 927 2156 quaestio
948 2091 1033 2139 est
1057 2081 1325 2153 quomodo
1351 2097 1456 2135 non
1482 2079 1555 2134 sit
1579 2073 1910 2133 contrarium
1938 2073 2064 2143 quia

489 2185 571 2234 tot
597 2176 806 2247 antiqui
835 2177 1085 2231 viderunt
1122 2174 1312 2237 Deum,
1344 2171 1390 2226 si
1418 2172 1584 2226 Deum
1614 2183 1773 2224 nemo
1799 2167 1935 2222 vidit
1959 2181 2062 2219 un-

489 2282 650 2340 quam
705 2282 721 2322 :
776 2282 936 2338 quem
981 2280 1139 2321 nemo
1186 2263 1462 2318 hominum
1508 2259 1676 2324 vidit,
1729 2274 1830 2312 nec
1882 2256 2068 2310 videre

489 2356 708 2428 potest?
732 2353 900 2411 Vides
919 2368 1080 2423 quam
1111 2350 1374 2407 diﬂicilem
1399 2348 1530 2404 mihi
1554 2346 1898 2419 proposueris
1923 2360 2069 2415 qua:-

491 2446 742 2510 stionem,
767 2444 907 2500 unde
931 2459 1017 2496 me
1036 2441 1238 2509 aliquid
1259 2440 1465 2510 prolixe
1492 2440 1812 2508 copioseque
1833 2436 2070 2490 scribere

492 2534 745 2602 voluisti,
803 2550 870 2589 ex
919 2533 1204 2589 occasione
1229 2531 1412 2586 brevis
1455 2529 1693 2602 epistola:
1741 2543 1906 2594 mem,
1950 2542 2070 2597 qua:

494 2626 592 2682 tibi
623 2627 736 2681 visa
767 2632 850 2682 est
871 2623 1182 2696 diligentius
1209 2631 1263 2679 et
1292 2621 1513 2677 uberius
1541 2619 1877 2691 explicanda.
1905 2619 2071 2672 Visne

493 2732 621 2789 ergo
645 2718 922 2773 attendere
944 2732 1063 2787 quae
1084 2716 1224 2786 apud
1251 2714 1386 2768 alios
1415 2714 1632 2768 interim
1663 2712 1902 2783 comperi
1935 2711 2070 2766 divi—

493 2827 686 2866 narum
717 2808 1120 2880 Scripturarum
1148 2807 1393 2878 egregios
1439 2813 1765 2859 tractatores
1787 2844 1802 2868 ,
1849 2801 1978 2873 quid
2005 2801 2072 2857 de

493 2903 700 2958 visione
747 2901 841 2956 Dei
875 2900 1285 2963 senserint,-ne
1318 2897 1456 2954 forte
1505 2897 1770 2953 suﬂiciant
1805 2896 2072 2952 desiderio

494 3003 606 3058 tuo,
637 2991 885 3063 quamvis
911 3007 972 3046 ea
1024 2989 1250 3046 forsitan
1302 2989 1554 3045 noveris?
1594 2987 1769 3044 Pauca
1801 3003 1930 3060 ergo
1967 2987 2072 3040 ista

495 3086 732 3147 attende.
754 3086 800 3141 si
829 3084 1022 3156 placet.
1048 3083 1181 3139 Cum
1207 3082 1553 3154 Evangelium
1585 3094 1862 3151 exponens
1884 3081 2072 3134 beatus

497 3182 813 3238 Ambrosius
845 3179 1257 3236 Mediolanensis
1281 3178 1562 3248 episcopus
1585 3176 1821 3231 venisset
1853 3174 1920 3228 ad
1947 3188 2072 3227 eum

497 3275 676 3338 locum
719 3274 810 3330 ubi
839 3273 1059 3346 angelus
1082 3273 1328 3343 apparuit
1357 3272 1410 3326 in
1453 3269 1652 3340 templo
1675 3268 1954 3324 Zacharia:
1981 3282 2072 3322 sa-

501 3364 729 3430 cerdoti,
761 3379 826 3420 ex
851 3363 953 3418 hac
979 3362 1292 3425 occasione,
1321 3361 1442 3416 vide
1467 3369 1669 3432 quanta
1697 3368 1751 3418 et
1795 3359 1976 3429 qualia
2005 3358 2074 3411 de

443 3481 486 3530 ,τι
501 3454 596 3510 Dei
643 3453 807 3509 etiam
838 3451 1044 3507 visione
1073 3451 1362 3524 disseruit;
1394 3448 1511 3504 Non
1555 3448 1844 3512 immerito,
1876 3446 2071 3516 inquit,

505 3545 726 3618 angelus
752 3543 964 3600 videtur
993 3544 1048 3600 in
1073 3543 1272 3613 templo
1290 3583 1305 3609 ,
1328 3543 1454 3612 quia
1481 3542 1595 3596 veri
1631 3539 1928 3596 sacerdotis
1961 3537 2076 3608 jam

503 3636 856 3694 nuntiabatur
882 3635 1174 3701 adventus,
1218 3643 1273 3689 et
1301 3633 1520 3690 cteleste
1557 3630 1880 3688 sacriﬁcmm
1913 3645 2074 3700 para-

503 3729 684 3796 batur,
715 3727 770 3782 in
789 3742 894 3797 quo
913 3727 1088 3798 angeli
1112 3725 1504 3781 ministrarent.
1529 3723 1596 3778 Et
1613 3725 1750 3780 bene
1767 3723 2079 3792 apparuisse

505 3821 704 3876 dicitur
720 3819 770 3874 ei
798 3817 890 3887 qui
919 3833 1043 3873 eum
1066 3825 1285 3888 repente
1314 3815 1612 3886 conspexit.
1639 3812 1752 3870 Hoc
1771 3813 2082 3884 specialiter

399 3937 412 3949 ~
507 3918 598 3966 aut
619 3911 684 3966 de
703 3908 904 3980 angelis
925 3915 1015 3962 aut
1037 3909 1102 3962 de
1121 3906 1230 3962 Deo
1247 3905 1528 3976 Scriptura
1552 3904 1731 3958 divina
1750 3914 1932 3959 tenere
1947 3920 2081 3958 con-

506 4002 700 4067 suevit,
731 4010 788 4054 ut
809 3999 952 4069 quod
981 4015 1089 4055 non
1117 4005 1297 4068 potest
1325 3995 1630 4066 providere,
1655 4010 1915 4064 apparere
1937 3995 2083 4048 dica-

511 4102 616 4147 tur.
637 4091 729 4148 Sic
742 4091 886 4146 enim
901 4090 1096 4144 habes:
1122 4108 1139 4140 (
1159 4087 1420 4158 Apparuit
1433 4087 1572 4141 Deus
1583 4085 1811 4140 Abraha:
1823 4086 1890 4140 ad
1905 4085 2084 4139 ilicem

511 4178 1046 4251 Mambre(Exod.vr,
1073 4177 1149 4249 5).
1174 4197 1191 4229 ι
1213 4176 1347 4230 Nam
1375 4176 1499 4245 quia
1529 4184 1654 4229 ante
1671 4191 1776 4230 non
1797 4174 2080 4244 prtesenti-

511 4285 618 4340 tur,
644 4274 737 4330 sed
764 4272 1040 4342 repentino
1063 4271 1272 4325 videtur
1287 4279 1527 4340 aspectu,
1553 4284 1812 4340 apparere
1826 4269 2085 4324 memora?

513 4377 618 4422 tur.
637 4363 751 4419 Non
768 4363 910 4419 enim
925 4362 1172 4417 similiter
1186 4361 1457 4416 scnsibilia
1471 4361 1794 4426 videntur,et
1809 4362 1852 4416 is
1865 4362 1918 4416 in
1935 4360 2085 4429 cujus

2099 3137 2146 3204 C

2156 528 2442 588 antequam
2501 522 2818 571 nasceretur
2864 527 2931 567 ex
2980 510 3219 580 virgine,
3267 505 3602 567 videbatur,
3657 511 3755 556 aut

2155 617 2302 666 certe
2343 605 2516 662 refelli
2556 620 2662 661 non
2698 609 2897 675 potest,
2932 601 3016 655 vel
3041 600 3258 655 Patrem
3285 596 3368 651 vel
3399 594 3635 658 Filium,
3665 592 3756 648 vel

2156 708 2301 758 certe
2323 698 2581 769 Spiritum
2623 703 2870 752 sanctum
2889 735 2904 759 ,
2950 693 2996 750 si
3035 700 3213 746 tamen
3244 697 3330 745 est
3357 686 3545 744 sancti
3576 683 3757 755 Spiri-

2156 803 2245 852 tus
2273 793 2430 857 visio,
2473 807 2538 846 ea
2577 789 2758 860 specie
2786 785 2961 842 videri
3006 799 3170 856 quam
3198 781 3455 838 voluntas
3494 777 3758 848 elegerit,

2157 900 2266 940 non
2303 890 2494 938 natura
2526 879 2878 945 formaverit,
2921 876 3182 948 quoniam
3217 872 3490 944 Spiritum
3538 881 3762 940 quoque

2157 979 2333 1032 visum
2363 975 2656 1046 accipimus
2689 974 2743 1029 in
2769 971 3037 1029 columba.
3072 970 3140 1024 Et
3169 970 3290 1024 ideo
3325 987 3344 1019 ι
3374 968 3561 1023 Deum
3601 979 3764 1020 nemo

2159 1071 2296 1126 vidit
2319 1086 2609 1139 unquam,»
2634 1068 2759 1138 quia
2789 1082 2910 1123 eam
2931 1079 3052 1135 quae
3072 1064 3126 1119 in
3141 1062 3254 1118 Deo
3277 1061 3500 1116 habitat
3519 1058 3764 1130 plenitu-

2163 1162 2346 1218 dinem
2375 1161 2696 1224 divinitatis,
2737 1174 2896 1214 nemo
2927 1157 3230 1226 conspexit,
3249 1169 3418 1210 nemo
3449 1160 3650 1207 mente
3678 1157 3766 1204 aut

2161 1251 2332 1307 oculis
2357 1251 2784 1321 comprehendit.
2819 1269 2836 1303 ‹
2862 1249 3004 1304 Vidit
3023 1267 3042 1300 ι
3077 1245 3221 1302 enim
3244 1245 3316 1301 ad
3344 1253 3662 1313 utrumque
3689 1256 3768 1295 re-

2163 1345 2441 1402 ferendum
2465 1354 2568 1401 est.
2591 1346 2834 1416 Denique
2866 1359 2989 1398 cum
3019 1341 3254 1402 auditur,
3286 1360 3307 1392 ‹
3327 1337 3666 1410 unigenitus
3685 1335 3770 1390 Fi-

2163 1434 2271 1490 lius
2310 1435 2425 1506 ipse
2454 1435 2758 1501 enarravit,
2799 1454 2817 1487 ι
2861 1433 3121 1489 mentium
3159 1431 3334 1502 magis
3367 1445 3547 1500 quam
3587 1428 3770 1484 oculo—

2165 1542 2284 1582 rum
2324 1527 2462 1581 visio
2494 1526 2816 1582 declaratur.
2853 1524 3074 1595 Species
3114 1523 3256 1578 enim
3289 1521 3559 1587 videtur,
3601 1521 3770 1574 virtus

2164 1633 2294 1673 vero
2315 1628 2596 1681 narratur,
2630 1617 2718 1672 illa
2747 1616 2916 1672 oculis
2933 1657 2950 1682 ,
2987 1617 3104 1672 haec
3129 1624 3315 1670 mente
3337 1613 3770 1684 comprehcndi—

2166 1719 2275 1766 tur.
2318 1711 2425 1766 Sed
2451 1711 2578 1781 quid
2605 1712 2671 1766 de
2704 1710 2945 1765 trinitate
2975 1709 3188 1764 dicam?
3219 1706 3524 1778 Seraphim
3555 1706 3768 1775 quando

2163 1803 2354 1869 voluit,
2390 1803 2658 1874 apparuit,
2683 1811 2738 1857 et
2766 1816 2954 1858 vocem
2986 1801 3104 1870 ejus
3129 1799 3301 1855 Isaias
3335 1798 3498 1854 solus
3540 1797 3764 1852 audivit.

2161 1892 2423 1963 Apparuit
2451 1891 2693 1964 angelus,
2723 1898 2777 1945 et
2802 1905 2944 1944 nunc
2977 1897 3176 1959 praesto
3209 1897 3316 1954 est,
3349 1887 3454 1943 sed
3484 1902 3602 1941 non
3627 1885 3766 1940 vide-

2165 1992 2272 2038 tur.
2302 1980 2488 2052 Neque
2515 1983 2657 2036 enim
2691 1981 2746 2034 in
2768 1987 3033 2050 potestate
3069 1986 3252 2034 nostra
3295 1987 3384 2034 est
3413 1978 3636 2040 videre,
3680 1975 3764 2030 sed

2166 2073 2218 2128 in
2248 2082 2511 2144 potestate
2542 2072 2684 2127 illius
2711 2071 3209 2143 apparere.Tamen
3236 2070 3347 2125 etsi
3383 2077 3646 2140 potestas
3669 2083 3764 2123 ιω

2165 2173 2251 2220 est
2281 2163 2518 2229 videndi,
2561 2172 2647 2218 est
2670 2164 2840 2235 gratia
2879 2163 3220 2232 promerendi
3254 2171 3320 2216 ut
3355 2162 3562 2216 videre
3601 2162 3762 2232 possi-

2167 2271 2322 2322 mus,
2363 2263 2417 2310 et
2458 2254 2578 2310 ideo
2617 2255 2707 2326 qui
2748 2255 2936 2309 habuit
2975 2254 3238 2324 gratiam,
3278 2254 3499 2308 meruit
3533 2256 3758 2323 copiam.

2167 2348 2278 2404 Nos
2306 2349 2514 2419 copiam
2543 2364 2649 2403 non
2683 2363 2971 2414 meremur,
3011 2349 3136 2420 quia
3167 2348 3342 2404 Deum
3381 2347 3622 2402 videndi
3661 2363 3764 2416 gra-

2169 2439 2301 2494 tiam
2345 2454 2452 2494 non
2495 2440 2775 2495 habemus.
2812 2438 2879 2493 Et
2922 2440 3051 2510 quid
3091 2439 3292 2494 mirum
3327 2440 3374 2495 si
3427 2440 3489 2494 in
3517 2440 3764 2509 presenti

2170 2530 2385 2595 saeculo,
2432 2530 2535 2585 nisi
2580 2530 2796 2600 quando
2831 2530 2944 2585 vult
2971 2530 3232 2586 Dominus
3278 2545 3394 2585 non
3428 2530 3762 2585 videntan

2172 2626 2287 2696 ipsa
2315 2641 2531 2696 quoque
2577 2625 2973 2682 resurrectione
3013 2640 3120 2680 non
3150 2623 3314 2680 facile
3359 2633 3455 2680 est
3491 2623 3666 2679 Deum
3695 2623 3764 2676 vi-

2173 2719 2321 2782 dere,
2341 2717 2444 2774 nisi
2467 2717 2551 2772 his
2579 2717 2669 2788 qui
2699 2718 2863 2774 corde
2890 2718 2998 2772 sint
3028 2716 3260 2783 mundo;
3295 2725 3355 2772 et
3382 2717 3540 2784 ideo,
3569 2737 3592 2768 σ
3625 2716 3762 2770 Beati

2173 2810 2374 2865 mundo
2404 2809 2585 2875 corde,
2617 2809 2719 2880 ipsi
2744 2809 2886 2864 enim
2909 2809 3077 2865 Deum
3098 2804 3362 2864 videbunt
3387 2808 3624 2880 (Matth.
3657 2822 3763 2870 vin,

2173 2901 2260 2972 5).
2293 2922 2309 2953 ι
2365 2900 2604 2968 Quantos
2651 2902 2841 2956 beatos
2879 2900 2992 2971 jam
3042 2911 3442 2956 numeraverat
3489 2910 3546 2956 et
3596 2909 3763 2954 tamen

2174 2993 2392 3049 videndi
2435 2994 2520 3048 his
2574 2994 2738 3047 Deum
2790 3009 2894 3048 non
2949 2993 3272 3063 promiserat
3322 2992 3683 3048 facultatem!
3715 2990 3766 3046 Si

2176 3101 2304 3156 ergo
2339 3085 2394 3139 hi
2422 3085 2512 3153 qui
2552 3085 2752 3140 mundo
2779 3095 2902 3139 sunt
2940 3084 3103 3140 corde
3142 3083 3314 3138 Deum
3347 3083 3646 3150 videbunt,
3669 3085 3768 3137 uti-

2177 3195 2280 3250 que
2321 3178 2411 3232 alii
2453 3194 2560 3234 non
2598 3177 2882 3244 videbunt;
2932 3192 3106 3248 neque
3147 3177 3296 3232 enim
3340 3176 3563 3248 indigni
3614 3177 3768 3232 Deu-

2176 3270 2457 3336 videbunt,
2490 3284 2664 3339 neque
2688 3269 2734 3324 is
2755 3269 2848 3340 qui
2877 3269 3047 3325 Deum
3080 3269 3264 3325 videre
3285 3270 3558 3334 noluerit,
3601 3277 3770 3342 potest

2179 3361 2348 3418 Deum
2370 3361 2574 3417 videre.
2607 3361 2718 3418 Nec
2748 3363 2801 3416 in
2842 3361 2960 3419 loco
2992 3362 3134 3418 Deus
3162 3362 3402 3428 videtur,
3451 3362 3552 3419 sed
3581 3360 3769 3416 muntb

2180 3457 2361 3520 corde,
2414 3472 2512 3511 nec
2548 3456 2662 3526 ipse
2707 3455 3076 3526 corporalibus
3119 3454 3291 3511 oculis
3337 3455 3640 3526 quaeritur,
3679 3467 3768 3506 nec

2181 3547 2647 3603 circumscribitur
2677 3548 2816 3612 visu,
2844 3562 2944 3602 nec
2969 3553 3115 3602 tactu
3147 3554 3386 3612 tenetur,
3417 3562 3530 3601 nec
3559 3545 3768 3602 auditur

2181 3638 2368 3705 allata,
2393 3654 2496 3694 nec
2528 3639 2759 3694 sentitur
2803 3639 3035 3694 incessu.
3069 3637 3136 3692 Et
3162 3652 3284 3692 cum
3312 3637 3524 3698 absens
3559 3643 3769 3708 pinam

2180 3731 2414 3796 videtur,
2451 3739 2506 3786 et
2553 3746 2675 3787 cum
2714 3745 2953 3802 praesens
2985 3739 3091 3794 est,
3119 3743 3225 3784 non
3251 3728 3499 3784 videtur.
3535 3729 3767 3798 Denique

2183 3839 2282 3878 nec
2311 3824 2538 3892 apostoli
2568 3839 2755 3878 omnes
2796 3822 3072 3878 Christum
3097 3820 3376 3884 videbant,
3408 3829 3472 3874 et
3513 3821 3643 3876 ideo
3669 3820 3764 3873 ait:

2189 3935 2208 3970 ε
2239 3917 2415 3973 Tanto
2455 3926 2698 3988 tempore
2740 3917 3017 3972 vobiscum
3056 3931 3175 3971 sum
3217 3924 3274 3970 et
3315 3914 3504 3972 adhuc
3545 3932 3638 3971 me
3673 3929 3768 3968 non

2185 4007 2512 4074 cognovistis
2549 4005 2728 4078 (Joan.
2763 4022 2877 4070 xlv,
2905 4005 2993 4077 9)!
3029 4025 3048 4058 ι
3077 4005 3178 4072 Qui
3196 4005 3346 4062 enim
3370 4008 3640 4078 cognovit
3659 4020 3766 4076 qua:

2185 4099 2256 4154 sit
2285 4097 2563 4170 longitudo
2590 4107 2644 4152 et
2671 4097 2921 4162 latitudo,
2963 4104 3017 4151 et
3045 4095 3271 4150 altitudo
3315 4103 3374 4150 et
3417 4097 3767 4166 profundunt,

2186 4200 2242 4246 et
2257 4190 2745 4260 supereminentem
2769 4189 3009 4246 scientia:
3031 4188 3354 4244 charitatem
3383 4187 3626 4254 Christi,
3651 4185 3773 4242 vidit

2186 4297 2242 4344 et
2263 4287 2560 4352 Christum,
2594 4288 2728 4354 v'qlit
2757 4295 2813 4343 et
2839 4287 3072 4344 Patrem.
3119 4285 3230 4343 Nos
3257 4288 3408 4343 enim
3427 4286 3553 4356 jam
3587 4301 3772 4343 sectu-

2188 4378 2315 4432 dum
2356 4393 2573 4432 carnem
2599 4393 2703 4434 non
2731 4379 2980 4433 novimus
3006 4377 3302 4444 Christum,
3347 4378 3446 4434 sed
3479 4378 3772 4434 secundum

511 4458 788 4515 voluntate
813 4457 975 4532 situm
994 4463 1077 4510 est
1096 4455 1288 4520 videri,
1307 4465 1359 4508 et
1383 4456 1533 4524 cujus
1549 4463 1753 4509 naturae
1767 4465 1850 4510 est
1876 4471 1981 4510 non
2005 4457 2084 4508 vi-
2111 4493 2165 4556 Β
2190 4467 2460 4536 spiritum.
2508 4468 2741 4539 spiritus
2781 4469 2924 4522 enim
2959 4476 3086 4524 ante
3123 4467 3314 4524 faciem
3343 4478 3601 4525 nostum
3631 4469 3776 4525 ωδ,

512 4552 648 4617 deri,
666 4548 958 4606 voluntatis
971 4547 1161 4602 videri.
1181 4547 1312 4601 Nam
1328 4547 1370 4602 si
1389 4563 1494 4601 non
1510 4545 1642 4610 vult,
1658 4561 1762 4600 non
1783 4547 2019 4612 videtur;
2039 4548 2085 4602 si

515 4643 651 4709 vult,
665 4642 894 4696 videtur.
912 4639 1172 4709 Apparuit
1187 4639 1328 4694 enim
1352 4639 1492 4694 Deus
1503 4639 1734 4694 Abrahae
1747 4640 1868 4709 quia
1885 4639 2084 4706 voluit;

515 4733 636 4792 aliis
672 4732 795 4801 quia
818 4729 1006 4793 noluit,
1037 4745 1139 4783 non
1166 4730 1431 4800 apparuit.
1458 4729 1643 4786 Visum
1671 4739 1752 4784 est
1780 4731 1944 4785 etiam
1969 4729 2089 4785 Ste-

515 4828 717 4900 phano,
733 4839 854 4880 cum
869 4822 1042 4892 lapida
1050 4833 1164 4877 retu
1174 4838 1199 4876 r
1211 4839 1239 4876 a
1255 4821 1466 4892 poliulo,
1486 4821 1630 4891 aperi
1641 4821 1684 4875 ri
1698 4822 1894 4876 cadum
1910 4839 1924 4888 ;
1943 4823 2089 4878 visus

514 4915 772 4974 estetiam
788 4913 944 4970 Jesus
967 4922 1112 4968 stans
1133 4915 1198 4970 ad
1215 4914 1491 4968 dexteram
1517 4913 1631 4978 Dei,
1653 4922 1707 4969 et
1723 4929 1828 4969 non
1844 4915 2090 4972 estvisus

516 5023 550 5064 a
562 5005 924 5078 populo.Vidit
937 5005 1098 5060 Isaias
1111 5006 1390 5060 Dominum
1407 5006 1664 5071 Sabaoth,
1681 5007 1771 5063 sed
1785 5008 1904 5064 aliis
1919 5008 2089 5066 videri

519 5114 623 5154 non
662 5097 856 5168 potuit,
904 5097 1027 5168 quia
1073 5097 1158 5151 cui
1196 5097 1395 5168 placuit
1425 5100 1692 5170 apparuit.
1746 5099 1814 5156 Et
1864 5102 1991 5172 quid
2023 5102 2090 5158 de

520 5189 829 5248 hominibus
850 5188 1140 5259 loquimur,
1178 5205 1297 5242 cum
1341 5189 1501 5246 etiam
1530 5192 1596 5246 de
1623 5193 1754 5264 ipsis
1779 5195 2090 5254 cmlestibus

521 5280 810 5338 virtutibus
855 5289 909 5336 ct
947 5278 1304 5350 potestatibus
1365 5281 1653 5352 legerimus
1693 5302 1710 5336 ‹
1745 5285 1870 5354 quia
1909 5285 2091 5340 Domi-

519 5389 646 5430 num
695 5387 856 5428 nemo
888 5371 1022 5426 vidit
1075 5386 1306 5440 unquam
1357 5372 1532 5443 (Joan.
1567 5390 1604 5439 ι,
1641 5373 1738 5446 8)?
1767 5395 1783 5426 ι
1839 5385 1892 5429 et
1943 5376 2091 5432 addit

523 5463 665 5534 quod
690 5463 828 5517 ultra
855 5459 1099 5516 cmlestes
1120 5469 1200 5516 est
1229 5469 1543 5530 potestates,
1567 5465 1875 5536 unigenitus
1898 5465 2088 5533 Filius,

525 5553 614 5621 qui
641 5562 724 5607 est
753 5553 804 5606 in
837 5551 953 5606 sinu
977 5551 1171 5615 Patris,
1203 5552 1315 5622 ipse
1346 5556 1606 5610 narravit.
1643 5558 1749 5616 Aut
1783 5557 2094 5626 acquiesca-

528 5656 615 5702 tur
640 5645 802 5715 igitur
836 5657 1056 5698 necesse
1085 5652 1186 5708 est,
1235 5647 1280 5699 si
1324 5645 1491 5700 Deum
1521 5647 1733 5702 Patrem
1770 5664 1929 5703 nemo
1963 5650 2095 5704 vidit

530 5750 789 5808 unquam,
820 5733 1014 5790 Filium
1036 5735 1208 5790 visum
1228 5748 1348 5792 esse
1372 5737 1427 5791 in
1451 5735 1632 5793 Veteri
1654 5738 2019 5809 Testamento,
2041 5747 2098 5797 et

2139 4789 2156 4830 2

2189 4567 2304 4613 stus
2327 4558 2607 4625 Dominus,
2649 4560 2866 4628 quinos
2907 4559 2961 4612 in
2988 4573 3204 4614 omnem
3249 4558 3654 4628 plenitudinem
3691 4559 3775 4616 Du'

2190 4647 2560 4702 misericordia
2591 4662 2686 4701 sua
2713 4648 2937 4717 implere
2967 4647 3234 4718 dignetur,
3268 4655 3328 4700 ut
3359 4647 3539 4702 videri
3565 4650 3776 4719 possit:

2175 4737 2390 4810 lnobis:
2416 4736 2703 4792 Invisibilis
2732 4746 2816 4792 est
2845 4737 3005 4807 igitur
3026 4745 3222 4790 natura
3251 4735 3399 4792 Deus
3423 4753 3544 4793 non
3575 4747 3776 4794 tantum

2174 4811 2372 4893 “Pater,
2411 4827 2506 4882 sed
2543 4836 2597 4882 et
2617 4828 2732 4898 ipsa
2763 4825 3021 4893 Trinitas,
3050 4843 3192 4883 unus
3226 4828 3404 4893 Deus,
3427 4839 3488 4884 et
3519 4831 3652 4901 quia
3679 4845 3773 4886 nn

2191 4925 2399 4972 tantum
2425 4916 2733 4982 invisibilis,
2776 4933 2961 4972 verum
2985 4917 3152 4973 etiam
3177 4918 3674 4984 incommutabilis,
3707 4921 3776 4976 sic

2194 5015 2438 5078 apparet,
2480 5008 2674 5077 quibus
2702 5008 2957 5073 voluerit,
2990 5009 3046 5062 in
3077 5025 3184 5078 qua
3217 5008 3458 5066 voluerit
3487 5014 3696 5083 specie.
3727 5021 3778 5066 ιι

2194 5099 2337 5168 apud
2363 5112 2484 5152 eum
2512 5099 2721 5170 integra
2751 5106 2969 5154 maneat
3009 5097 3126 5167 ejus
3151 5099 3442 5156 invisibilis
3475 5101 3776 5158 income-

2195 5187 2481 5258 tabilisque
2521 5197 2734 5253 natura,
2775 5187 3100 5244 desiderium
3140 5197 3324 5244 autem
3355 5195 3640 5250 veraciter
3665 5196 3776 5265 pio-

2196 5295 2336 5343 rum,
2377 5294 2483 5348 quo
2527 5277 2706 5332 videre
2737 5277 2905 5333 Deum
2944 5277 3166 5349 cupiunt
3205 5287 3260 5333 et
3301 5275 3592 5337 inltianter
3631 5286 3780 5340 aule-

2195 5379 2370 5434 scunt,
2399 5370 2753 5441 non,opinor,
2783 5369 2836 5422 in
2877 5384 2998 5424 eam
3021 5368 3257 5440 speciem
3285 5373 3665 5428 contuendam
3697 5373 3780 5428 ﬂa-

2197 5471 2337 5534 grat,
2371 5477 2474 5530 qua
2502 5471 2560 5514 ut
2580 5461 2692 5515 vult
2716 5469 2956 5530 apparet,
2993 5459 3135 5529 quod
3174 5459 3290 5530 ipse
3320 5476 3433 5516 non
3472 5473 3583 5526 est.
3613 5465 3706 5522 Sed
3733 5465 3782 5520 in

2197 5568 2315 5606 eam
2340 5552 2696 5606 substantiam
2726 5569 2830 5624 qua
2877 5551 2988 5621 ipse
3019 5560 3100 5606 est
3137 5552 3278 5621 quod
3307 5563 3413 5608 est.
3443 5553 3622 5626 Hujus
3645 5559 3780 5612 enin

2199 5643 2452 5697 desiderii
2481 5645 2559 5698 sui
2583 5643 2875 5708 ﬂammam,
2909 5651 3126 5696 sanctus
3155 5641 3366 5714 Moyses
3401 5645 3587 5703 ﬁdelis
3615 5649 3782 5706 {amu-

2202 5734 2288 5790 lus
2326 5735 2441 5807 ejus
2468 5738 2723 5806 ostendit,
2757 5738 2847 5794 ubi
2894 5737 2970 5794 ait
3001 5734 3132 5804 Deo,
3180 5752 3304 5792 cum
3341 5754 3457 5812 quo
3480 5750 3546 5798 ut
3575 5745 3782 5808 amics
