3956 6326
228 304 366 362 ιεθε

1530 322 1616 377 DE
1659 323 1959 383 VIDENDO
1993 327 2206 386 DEUM.

3345 347 3476 402 ιετο

219 419 365 476 facie
403 419 470 475 ad
519 420 710 479 faciem
757 423 1078 496 loquebatur
1120 447 1134 486 :
1175 447 1195 483 ι
1235 430 1296 488 Si
1334 433 1514 490 inveni
1567 439 1797 507 gratiam
1819 444 1874 506 Α
1899 441 2058 510 paulo
2088 451 2214 497 ante
2256 442 2470 502 dixerat
2506 447 2772 506 visionem
2801 452 2868 506 ad
2904 461 3194 526 utrumque
3235 455 3479 514 referens

218 519 349 566 ante
388 519 469 578 te,
517 517 744 571 ostende
777 519 909 573 mihi
958 523 1298 596 temetipsum
1343 525 1564 597 (Exod.
1599 545 1796 598 xxxiii,

219 599 335 671 15).
373 620 394 653 ι
424 600 562 668 Quid
595 607 759 676 ergo?
795 607 887 664 Ille
926 626 1034 666 non
1076 624 1194 670 erat
1221 615 1370 686 ipse?
1408 615 1466 672 Si
1491 634 1598 676 non
1629 630 1713 675 est
1746 629 1802 678 et

216 686 361 762 ipse,
400 708 507 748 non
531 693 582 750 ei
610 696 828 764 diceret,
864 719 884 752 ι
912 700 1148 762 Ostende
1195 705 1326 762 mihi
1369 710 1732 781 temetipsum,
1772 731 1793 766 ι

217 782 341 847 sed,
375 782 608 842 Ostende
629 788 758 846 mihi
790 789 980 860 Deum,
1012 802 1066 850 et
1093 803 1272 852 tamen
1312 799 1356 854 si
1397 799 1515 870 ejus
1549 811 1800 860 naturam

216 872 690 947 substantiamque
729 883 1083 952 conspiceret,
1131 887 1301 943 multo
1343 889 1522 946 minus
1571 893 1797 960 diceret,

222 981 245 1014 ς
276 963 511 1044 Ostende
561 970 690 1024 mihi
740 973 1100 1045 temetipsum.
1133 997 1150 1030 ι
1188 979 1306 1049 lpse
1340 996 1468 1050 ergo
1505 992 1623 1038 erat
1650 985 1706 1040 in
1735 1001 1800 1042 ea

215 1055 406 1124 specie
459 1073 565 1128 qua
603 1075 866 1132 apparere
900 1065 1160 1124 voluerat.
1209 1070 1328 1126 Non
1359 1081 1538 1129 autem
1567 1075 1684 1145 ipse
1703 1093 1800 1148 ap-

215 1149 452 1216 parebat
490 1151 546 1205 in
577 1161 770 1210 natura
799 1160 1018 1228 propria
1050 1177 1209 1231 quam
1240 1164 1451 1236 Moyses
1479 1169 1662 1225 videre
1701 1187 1797 1226 cu-

217 1239 428 1308 piebat,
451 1251 506 1297 et
529 1260 650 1314 qua:
675 1250 1010 1316 promittitur
1036 1256 1237 1310 sanctis
1275 1258 1329 1310 in
1361 1259 1464 1314 alia
1491 1261 1619 1315 vita.
1648 1261 1801 1322 Unde

217 1335 369 1402 quod
397 1351 712 1406 responsum
757 1351 840 1398 est
877 1344 1043 1416 Moysi
1076 1363 1263 1404 verum
1296 1361 1400 1418 est,
1435 1354 1562 1424 quia
1589 1373 1608 1406 ι
1641 1371 1802 1415 ιιειιιο

213 1435 399 1517 potest
445 1428 638 1486 faciem
672 1433 764 1488 Dei
796 1435 996 1504 videre,
1026 1447 1082 1494 et
1109 1439 1291 1498 vivere
1339 1442 1500 1514 (Ibid.
1531 1462 1577 1512 υ.
1603 1446 1694 1517 20)
1721 1465 1736 1514 ;
1775 1467 1795 1501 ι

217 1516 278 1571 id
305 1527 408 1586 est,
439 1536 598 1577 nemo
625 1533 804 1593 potest
840 1543 960 1584 eum
993 1529 1047 1583 in
1093 1531 1194 1586 hac
1244 1533 1355 1588 vita
1393 1535 1579 1590 vivens
1614 1516 1802 1596 videre

219 1609 384 1665 sicuti
407 1622 508 1668 est.
557 1615 692 1671 Nam
752 1620 905 1674 multi
935 1622 1202 1692 viderunt,
1235 1627 1330 1682 sed
1371 1628 1515 1697 quod
1555 1629 1802 1688 voluntas

221 1702 404 1795 elegit,
431 1721 536 1762 non
584 1713 727 1779 quod
775 1723 968 1769 natura
1021 1715 1306 1785 formavit,
1358 1730 1413 1776 et
1471 1722 1601 1779 illud
1658 1728 1802 1795 quod

1900 531 2047 597 dam,
2071 549 2216 588 nunc
2239 549 2361 592 eam
2397 551 2502 610 non
2532 541 2699 594 menti
2729 541 2822 598 sed
2863 543 3034 599 oculis
3063 547 3229 614 dedit,
3253 563 3382 611 non,
3418 557 3479 602 ut

1899 624 2108 692 Opinor,
2155 627 2487 698 negligenter
2525 647 2620 686 sua
2646 635 2808 688 verba
2856 638 3170 708 respiciens,
3221 642 3313 700 sed
3351 641 3477 710 quia

1901 715 2152 772 usitatius
2198 717 2254 771 in
2292 718 2561 788 loquendo
2589 723 2824 780 solemus
2863 727 3035 782 oculis
3075 728 3373 785 attribuere
3395 731 3478 785 vi-

1900 806 2131 872 sionem,
2157 809 2296 864 sicut
2324 812 2560 880 speciem
2603 816 2837 886 corpori.
2867 816 2998 874 Nam
3025 827 3080 874 et
3123 819 3212 874 hic
3245 835 3362 876 mos
3400 821 3477 876 lo-

1900 901 2095 966 quendi
2129 902 2371 958 crebrius
2401 891 2691 976 usurpatur
2726 909 2780 962 in
2807 910 2992 973 rebus,
3026 927 3145 980 quae
3177 911 3310 968 locis
3348 907 3477 968 con-

1900 996 2157 1055 tinentur,
2205 995 2590 1070 varianturqne
2626 999 2912 1055 coloribus.
2953 999 3058 1056 Sed
3091 1003 3321 1058 si’nulla
3359 1019 3478 1074 Spe-

1900 1080 2011 1136 cies
2031 1092 2172 1137 esset
2198 1094 2377 1142 meute
2406 1091 2728 1154 contuenda,
2761 1108 2867 1145 non
2891 1092 3164 1147 diceretur
3189 1094 3278 1148 ille
3310 1112 3328 1144 ι
3357 1109 3479 1163 spe-

1900 1173 2079 1230 ciosus
2107 1173 2280 1232 forma
2300 1193 2409 1248 prae
2435 1178 2558 1234 ﬁliis
2583 1180 2859 1236 hominum
2890 1181 3016 1254 (Ps.
3049 1199 3189 1250 κων,
3217 1184 3294 1256 5).
3334 1203 3352 1236 ι
3380 1183 3479 1239 Νε-

1899 1281 2005 1335 que
2042 1267 2184 1322 enim
2231 1268 2333 1324 hoc
2358 1272 2651 1326 secundum
2682 1289 2900 1330 carnem
2929 1274 3130 1330 dictum
3158 1284 3257 1334 est,
3292 1284 3475 1328 etnon

1901 1359 2194 1413 secundum
2221 1361 2455 1430 Speciem
2487 1351 3058 1440 spiritalem‘JProinde
3081 1373 3334 1420 narrante
3355 1366 3477 1422 Uui-
3517 1349 3526 1380 ¹
3632 1353 3634 1356 ’

1901 1450 2103 1520 genito,
2140 1451 2229 1521 qui
2265 1462 2347 1507 est
2387 1454 2438 1508 in
2480 1455 2598 1510 sinu
2637 1455 2836 1521 Patris,
2861 1457 3169 1512 narratione
3198 1455 3474 1520 ineffabili,

1902 1551 2150 1598 creatura
2187 1548 2465 1603 rationalis
2511 1551 2708 1604 munda
2756 1559 2812 1605 et
2856 1560 3041 1606 sancta
3085 1551 3338 1622 impletur
3383 1552 3477 1606 Dei

1900 1635 2112 1692 visione
2163 1638 2447 1704 ineffabili,
2499 1658 2662 1711 quam
2705 1650 2832 1698 tunc
2874 1658 3304 1716 consequemur,
3355 1658 3478 1698 cum

1903 1735 2138 1802 :cquales
2167 1736 2371 1806 angelis
2408 1736 2536 1792 facti
2575 1737 2864 1801 fuerimus,
2904 1739 3028 1810 quia
3060 1740 3202 1794 sicut
3228 1739 3476 1793 videnlur

217 1793 459 1854 Joannes
482 1801 575 1868 ait,
608 1803 654 1858 si
677 1815 824 1862 recte
869 1807 1185 1881 intelligitur
1214 1831 1227 1866 :
1258 1833 1274 1864 ι
1305 1793 1802 1884 Βίιεειίεδὶιῐιίξῐίιίἰ
1829 1799 1880 1862 Β
1906 1793 2008 1878 ista
2030 1793 2283 1891 visibilis,
2311 1828 2554 1896 corporis
2585 1829 2834 1884 sensibus
2873 1793 3020 1893 uota,
3060 1849 3077 1882 ι
3115 1831 3282 1884 Deum
3322 1843 3480 1884 nemo

218 1886 318 1943 Dei
340 1905 544 1957 sumus,
563 1902 619 1948 et
636 1897 873 1954 nondum
893 1903 1142 1970 apparuit
1162 1905 1306 1973 quod
1334 1907 1567 1976 erimus;
1600 1911 1803 1966 scimus

216 1983 349 2050 quia
373 2000 496 2040 cum
519 1992 854 2058 apparuerit,
886 1993 1090 2052 similes
1117 1997 1167 2052 ei
1189 1999 1410 2064 erimus,
1437 2003 1694 2071 quoniam
1723 2004 1805 2058 vi-

217 2073 468 2130 debimus
494 2093 616 2131 eum
647 2079 806 2136 sicuti
837 2091 920 2139 est
951 2082 1002 2155 (I
1025 2085 1186 2142 Joan.
1229 2105 1310 2156 ιιι,
1342 2091 1422 2161 2),
1451 2111 1469 2143 ι
1515 2108 1622 2150 non
1663 2093 1806 2150 sicut

217 2176 348 2218 eum
383 2164 632 2226 homines
668 2170 920 2227 viderunt
944 2177 1160 2243 quando
1189 2179 1378 2247 voluit,
1401 2181 1455 2238 in
1484 2184 1664 2252 specie
1694 2200 1802 2255 qua

215 2255 412 2322 voluit,
441 2272 544 2314 non
574 2260 628 2316 in
657 2271 872 2327 natura,
896 2280 1016 2335 quae
1059 2268 1114 2326 in
1152 2273 1445 2344 semetipso
1473 2277 1635 2334 etiam
1676 2295 1800 2336 cum

215 2345 516 2416 videretur,
539 2351 716 2420 latuit,
745 2357 841 2410 sed
873 2357 1014 2414 sicut
1050 2371 1151 2427 est,
1199 2367 1342 2434 quod
1373 2368 1441 2422 ab
1469 2383 1534 2425 eo
1574 2371 1798 2438 peteba-

217 2448 328 2505 tur,
355 2456 476 2496 eum
502 2444 553 2499 ei
573 2445 864 2514 diceretur,
887 2450 1150 2510 «Ostende
1165 2455 1296 2511 mihi
1313 2459 1712 2530 temetipsum»,
1731 2463 1801 2518 ab

217 2543 286 2582 eo
307 2531 400 2600 qui
429 2547 550 2589 cum
577 2535 668 2592 illo
686 2536 824 2594 facie
850 2541 916 2594 ad
940 2541 1136 2600 faciem
1163 2545 1504 2616 loquebatur.
1529 2551 1646 2608 Non
1673 2554 1800 2623 quia

217 2623 316 2677 Dei
361 2624 748 2694 plenitudinem
785 2633 1015 2703 quisque
1047 2649 1154 2692 non
1188 2638 1361 2694 solum
1408 2642 1583 2698 oculis
1609 2659 1802 2713 corpo-

217 2713 317 2779 ris,
373 2718 468 2774 sed
497 2719 580 2774 vel
619 2720 736 2790 ipsa
785 2735 968 2781 mente
1017 2727 1308 2798 aliquando
1364 2731 1803 2803 comprehendit]

214 2803 375 2860 Aliud
397 2817 479 2864 est
499 2811 640 2866 enim
667 2813 871 2881 videre,
915 2816 1060 2876 aliud
1083 2828 1166 2874 est
1189 2827 1359 2876 totum
1392 2823 1622 2880 videndo
1649 2839 1799 2882 com-

216 2896 573 2964 prehendere,
592 2904 1026 2975 quandoquidem
1051 2910 1106 2965 id
1133 2910 1368 2979 videtur,
1384 2915 1528 2982 quod
1557 2930 1799 2984 praesens

216 2997 506 3062 utrumque
553 2998 824 3064 sentitur;
875 3008 1046 3062 totum
1085 3013 1264 3064 autem
1321 3009 1796 3076 comprehenditur

216 3080 466 3149 videndo,
496 3087 640 3156 quod
667 3089 740 3144 ita
761 3091 996 3158 videtur,
1015 3102 1073 3148 ut
1101 3095 1236 3150 nihil
1261 3095 1383 3164 ejus
1414 3095 1580 3154 lateat
1602 3097 1791 3158 viden-

1903 1915 2036 1970 vidit
2065 1933 2319 1986 unquam.
2359 1939 2378 1970 ι
2418 1917 2681 1985 Quoniam
2717 1920 2761 1974 si
2787 1919 3076 1989 aliquando
3118 1936 3184 1975 eo
3223 1919 3380 1975 modo
3402 1919 3481 1974 vi-

1905 2023 1996 2064 sus
2017 2017 2124 2074 est,
2149 2025 2256 2065 non
2287 2011 2428 2066 sicut
2455 2011 2558 2067 ista
2601 2018 2793 2066 natura
2820 2011 3054 2076 videtur,
3077 2012 3172 2067 sed
3202 2011 3480 2066 voluntate

1904 2100 2054 2156 visus
2076 2109 2177 2166 est,
2209 2102 2387 2171 specie
2413 2118 2520 2173 qua
2545 2103 2715 2160 voluit
2742 2119 3028 2175 apparens,
3059 2104 3260 2160 latente
3287 2111 3478 2160 natura

1905 2197 2069 2260 atque
2098 2191 2152 2246 in
2183 2206 2242 2246 se
2269 2191 2785 2248 incommutabiliter
2808 2203 3175 2265 permanente.
3193 2195 3273 2250 Eo
3296 2203 3477 2248 autem

1903 2280 2064 2335 modo
2086 2295 2194 2349 quo
2221 2279 2432 2336 videtur
2459 2281 2616 2338 sicuti
2647 2290 2748 2349 est,
2774 2299 2918 2339 nunc
2941 2281 3194 2350 fortasse,
3210 2284 3424 2340 videtur
3447 2298 3478 2336 a

1902 2374 2221 2444 quibusdam
2254 2375 2479 2446 angelis.
2519 2375 2566 2430 A
2601 2377 2758 2432 nobis
2795 2387 2974 2433 autem
3005 2393 3112 2434 non
3155 2378 3230 2432 ita
3265 2378 3479 2432 videtur

1903 2464 2240 2539 [vi‘dehitur],
2263 2482 2386 2522 cum
2425 2466 2504 2522 eis
2535 2466 2665 2522 facti
2689 2466 2951 2524 fuerimus
2975 2463 3248 2547 aequaley
3277 2467 3480 2522 Deinde
3517 2474 3547 2511 2

1901 2571 2026 2612 cum
2049 2556 2368 2623 addidisset,
2400 2575 2419 2608 ι
2449 2557 2574 2628 quia
2604 2573 2706 2613 nec
2731 2566 3028 2628 potestates
3049 2559 3310 2614 caelorum
3339 2558 3480 2612 sicut

1902 2646 2177 2716 seraphin,
2208 2648 2315 2704 nisi
2339 2664 2463 2706 cum
2495 2648 2680 2704 volunt
2715 2657 2769 2704 et
2795 2650 3249 2719 quemadmodum
3291 2650 3478 2704 volunt

1900 2740 2152 2795 videntur
2184 2760 2198 2795 :
2237 2761 2256 2794 ι
2299 2750 2360 2798 ιιι
2396 2742 2524 2798 hinc
2558 2743 2721 2797 etiam
2757 2743 3116 2814 conjiceretur
3154 2751 3354 2814 quanta
3409 2742 3481 2796 sit

1900 2831 2243 2888 invisibilitas
2263 2832 2564 2896 Trinitatis,
2595 2841 2776 2888 tamen
2810 2833 3006 2904 inquit,
3045 2853 3063 2885 ‹
3094 2841 3150 2888 ει
3172 2832 3219 2887 si
3239 2840 3478 2902 potestas

1899 2937 2005 2978 non
2045 2931 2129 2978 est
2156 2923 2406 2990 videndi,
2448 2932 2532 2980 est
2557 2923 2734 2993 gratia
2757 2925 3099 2994 promerendi
3120 2965 3134 2987 ,
3169 2945 3187 2978 ι
3213 2933 3273 2978 ιιι
3296 2923 3478 2978 videre

1898 3016 2192 3083 possimus,
2218 3023 2275 3070 et
2297 3015 2419 3074 ideo
2440 3015 2534 3084 qui
2556 3015 2744 3072 habuit
2763 3015 2992 3086 gratiam
3023 3014 3220 3070 meruit
3244 3015 3472 3084 copiam.

1900 3106 2011 3162 Nos
2047 3107 2255 3178 capiam
2282 3123 2389 3162 non
2430 3123 2736 3179 meremur,
2767 3107 2893 3178 quia
2917 3109 3085 3163 Deum
3113 3105 3330 3162 videndi
3359 3121 3480 3178 gra-

215 3182 344 3240 tem,
391 3186 490 3236 aut
533 3181 860 3250 cujusﬁnes
901 3187 1244 3258 circumspici
1283 3159 1526 3259 possunt,
1576 3192 1716 3256 sicut
1744 3202 1794 3248 te
1900 3198 2031 3252 tiam
2078 3159 2184 3254 nim
2231 3196 2514 3254 habemus.
2561 3197 2658 3254 liis
2699 3159 2883 3269 i'taque
2911 3198 3092 3254 verbis
3129 3197 3324 3268 quibus
3370 3210 3479 3250 non

214 3271 352 3326 nihil
400 3272 534 3332 latet
587 3279 873 3347 praesentis
921 3281 1224 3352 voluntatis
1264 3293 1399 3349 tuae,
1454 3285 1796 3357 circumspici

213 3372 396 3420 autem
423 3375 604 3436 potest
619 3369 742 3426 finis
767 3373 954 3430 annuli
974 3375 1074 3431 tui.
1093 3375 1334 3447 Exempli
1363 3378 1538 3446 gratia
1567 3378 1673 3434 duo
1703 3394 1799 3448 po-

212 3455 316 3519 sui,
365 3473 598 3528 quorum
632 3462 864 3520 alterum
907 3467 976 3520 ad
1005 3469 1203 3525 mentis
1245 3470 1519 3538 obtutum,
1564 3471 1797 3528 alterum

213 3549 284 3604 ad
311 3553 624 3621 corporales
645 3556 831 3612 oculos
857 3559 1124 3627 pertinet;
1164 3562 1314 3618 visus
1347 3563 1514 3629 enim,
1538 3563 1680 3618 sicut
1709 3564 1801 3620 ille

211 3639 314 3702 ait,
339 3640 408 3694 ad
436 3649 724 3712 utrumque
749 3645 1066 3704 referendus
1087 3659 1190 3712 est,
1223 3652 1278 3706 id
1302 3661 1410 3718 est,
1440 3653 1510 3710 ad
1535 3653 1721 3710 oculos
1743 3663 1801 3718 et

17 3807 22 3810 _
179 3730 286 3794 md
305 3733 772 3812 menteijon-o,
795 3737 840 3794 si
862 3747 1146 3809 prepterea
1169 3742 1338 3798 Deum
1359 3758 1518 3798 nemo
1538 3743 1672 3798 vidit
1692 3760 1797 3798 un—

217 3837 406 3892 quam,
447 3824 596 3894 quia,
619 3826 760 3882 sicut
801 3828 881 3884 ait
906 3829 1208 3899 disputator
1240 3831 1392 3900 cujus
1419 3834 1582 3890 verba
1621 3834 1802 3890 consi-

214 3913 494 3981 deramus,
534 3916 924 3988 plenitudinem
965 3923 1279 3983 divinitatis.
1303 3925 1420 3994 ejus
1465 3941 1628 3984 nemo
1664 3941 1797 3982 con-

213 4005 416 4074 spexit,
431 4021 590 4061 nemo
609 4017 792 4066 mente
809 4018 908 4066 aut
929 4011 1102 4070 oculis
1119 4014 1552 4084 comprehendit.
1580 4034 1598 4068 ι
1611 4011 1758 4071 Vidit
1772 4035 1792 4072 ι

211 4096 362 4151 enim
390 4098 458 4152 ad
488 4105 779 4169 utrumque
803 4101 1145 4162 referendum
1168 4114 1269 4164 est.
1297 4105 1488 4162 Restat
1522 4107 1800 4178 inquirere

217 4188 492 4256 quomodo
530 4190 705 4261 angeli
731 4192 900 4250 Deum
945 4193 1178 4260 videant,
1223 4203 1448 4266 propter
1490 4195 1622 4254 illud
1654 4198 1800 4269 quod

213 4293 286 4334 ex
308 4279 598 4352 Evangelio
633 4287 1080 4342 commemoravit
1111 4305 1126 4341 :
1157 4305 1177 4341 ι
1210 4287 1404 4359 Angeli
1432 4303 1620 4344 eorum
1649 4305 1796 4346 sem-

213 4387 316 4443 per
345 4375 531 4432 vident
553 4377 747 4436 faciem
775 4378 960 4440 Patris
985 4382 1089 4438 mel
1113 4381 1327 4453 (Matth.
1355 4398 1510 4448 mn,
1539 4382 1649 4455 10).
1689 4403 1709 4436 ι
1739 4381 1798 4438 Si

209 4467 364 4522 enim
391 4477 448 4524 et
485 4471 618 4541 ipsis
655 4487 764 4528 non
789 4475 948 4532 sicuti
975 4484 1094 4540 est,
1125 4478 1220 4536 sed
1249 4477 1453 4533 latente
1479 4492 1576 4536 sua
1603 4484 1798 4532 natura

213 4555 272 4610 in
293 4559 474 4626 specie
503 4576 608 4630 qua
635 4563 898 4629 voluerit,
927 4576 1172 4636 apparet,
1211 4568 1384 4638 magis
1411 4569 1691 4639 magisque
1715 4583 1801 4625 re-

211 4649 543 4718 quirendum
593 4664 676 4712 est
707 4660 979 4726 quomodo
1008 4675 1130 4714 eum
1171 4676 1271 4718 nos
1301 4662 1602 4720 videbimus
1637 4661 1798 4718 sicuti

213 4749 324 4805 est,
354 4751 406 4796 et
428 4744 569 4800 sicut
594 4745 804 4819 Moyses
830 4750 1162 4806 desideravit
1181 4767 1306 4806 cum
1330 4760 1544 4820 peteret
1561 4751 1798 4819 utDeus,

207 4832 310 4900 qui
342 4832 394 4887 in
427 4847 718 4908 conspectu
756 4839 873 4908 eius
901 4848 1040 4907 erat,
1069 4842 1382 4898 ostenderet
1422 4842 1500 4898 illi
1545 4844 1800 4915 semetip-

213 4937 340 4978 sum
383 4923 582 4998 (Exod.
631 4946 826 4995 χχχιιι,
860 4931 970 5002 15).
999 4933 1112 4988 Ηοε
1148 4934 1294 4989 enim
1331 4934 1487 4990 nobis
1523 4949 1797 4990 summum

212 5018 498 5083 praemium
525 5020 584 5076 in
611 5026 1008 5082 resurrectione
1033 5027 1387 5096 promittitur,
1413 5028 1556 5097 quod
1592 5028 1797 5084 erimus

214 5109 454 5178 aequales
497 5113 704 5185 angelis
741 5116 857 5170 Dei.
887 5103 967 5171 Ac
985 5133 1084 5187 per
1102 5119 1206 5174 hoc
1232 5119 1276 5174 si
1302 5133 1403 5174 nec
1431 5119 1533 5190 ipsi
1560 5134 1684 5176 eum
1711 5118 1794 5174 vi-

215 5200 348 5254 dent
375 5202 536 5259 sicuti
563 5215 671 5273 est,
713 5207 984 5276 quomodo
1013 5225 1112 5264 nos
1133 5210 1211 5264 ita
1242 5211 1412 5266 visuri
1441 5225 1648 5275 sumus,
1673 5227 1797 5266 cum

211 5291 297 5347 eis
342 5297 580 5365 aequales
625 5299 680 5353 in
735 5302 1132 5357 resurrectione
1175 5302 1308 5358 facti
1349 5303 1651 5360 fuerimus?
1690 5304 1799 5360 Sed

213 5380 340 5436 vide
394 5385 523 5454 quid
580 5398 978 5460 consequenter
1031 5393 1191 5447 dicat-
1225 5401 1411 5450 noster
1458 5394 1797 5451 Ambrosius.

213 5473 483 5545 Denique,
525 5478 738 5550 inquit,
767 5493 890 5536 eam
935 5482 1175 5549 additur,
1231 5502 1253 5537 ι
1280 5485 1587 5555 unigenitus
1631 5485 1801 5542 Filius

213 5564 335 5634 ipse
363 5569 630 5635 narrabit,
666 5573 926 5627 mentium
956 5575 1130 5644 magis
1156 5589 1318 5644 quam
1347 5575 1486 5632 visio
1520 5575 1800 5632 oculorum

213 5658 548 5716 declaratur.
578 5661 796 5734 Species
818 5665 962 5720 enim
990 5666 1225 5733 videtur,
1249 5668 1423 5724 virtus
1448 5684 1583 5725 vero
1609 5685 1802 5726 narra-

183 5759 328 5812 --tur.
359 5753 457 5814 Illa
506 5758 714 5829 oculis,
737 5760 1068 5837 haec_mente
1111 5763 1608 5834 comprehenditur.
1637 5788 1658 5820 ι
1695 5767 1799 5836 Qui

1898 3302 1996 3344 sua
2026 3287 2205 3354 docet,
2237 3289 2332 3344 sed
2365 3288 2716 3359 Evangelium
2745 3289 2988 3361 exponit,
3037 3305 3141 3344 non
3168 3290 3272 3344 hoc
3309 3287 3481 3344 voluit

1895 3383 2126 3454 intelligi
2173 3384 2318 3454 quod
2355 3383 2574 3454 quidam
2601 3391 2789 3444 eorum
2819 3384 3078 3452 videbunt
3115 3381 3304 3446 Deum,
3352 3381 3478 3452 qui-

1899 3475 2027 3532 dam
2067 3490 2198 3532 vero
2230 3491 2338 3531 non
2377 3476 2662 3542 videbunt,
2703 3476 2900 3546 quibus
2947 3473 3478 3532 credentibus—dedit

1893 3573 2224 3636 p0testatem
2243 3566 2384 3624 ﬁlios
2413 3566 2510 3622 Dei
2533 3566 2672 3634 ﬁeri,
2703 3582 2825 3622 cum
2867 3567 2934 3632 ad
2962 3580 3058 3621 eos
3086 3580 3275 3621 omnes
3301 3563 3473 3634 perti-

1897 3665 2028 3714 neat
2052 3658 2197 3728 quod
2235 3658 2437 3714 dictum
2458 3666 2561 3721 est,
2590 3675 2615 3708 σ-
2633 3657 2936 3713 videbimus
2961 3670 3084 3714 eum
3125 3654 3288 3710 sicuti
3316 3662 3418 3708 est.
3454 3673 3472 3704 ι

1895 3746 2012 3804 Sed
2037 3748 2287 3813 dicendo,
2314 3747 2426 3804 Nos
2446 3749 2655 3818 copiam
2689 3762 2798 3802 non
2840 3761 3110 3804 meremur
3143 3744 3269 3815 quia
3311 3744 3476 3800 Deum

1901 3839 2114 3896 videndi
2141 3839 2374 3909 gratiam
2404 3855 2514 3896 non
2545 3839 2828 3904 habemus,
2859 3839 2926 3894 de
2955 3839 3059 3894 hoc
3086 3835 3281 3892 sacculo
3309 3851 3367 3890 se
3401 3834 3478 3890 Ιοο

1899 3930 1994 4000 qui
2021 3928 2366 4002 significavit,
2397 3931 2489 3986 ubi
2521 3930 2841 3998 quibusdam
2864 3927 3276 3994 Deuslicetnou
3305 3927 3359 3980 in
3376 3942 3474 3982 sua

1899 4027 2117 4086 natura,
2149 4021 2244 4076 sed
2275 4021 2330 4076 in
2357 4035 2464 4090 qua
2493 4020 2667 4076 voluit
2695 4020 2873 4091 specie
2907 4020 3160 4090 dignatus
3195 4025 3278 4074 est
3309 4033 3474 4088 appa-

1901 4125 2046 4177 rere,
2095 4111 2235 4170 sicut
2259 4111 2514 4178 Abrahae,
2563 4111 2702 4168 sicut
2732 4111 2885 4170 Isaize
2922 4110 3150 4181 aliisque
3189 4108 3476 4165 similibus.

1895 4201 2126 4260 Ceteris
2151 4217 2284 4262 vero
2313 4203 2818 4269 innumerabilibus,
2842 4203 3089 4274 quamvis
3109 4203 3176 4264 ad
3202 4217 3357 4260 suum
3385 4216 3482 4271 po»

1898 4294 2086 4366 pulum
2125 4302 2183 4350 et
2215 4295 2585 4354 hereditatem
2608 4304 2866 4356 aeternam
2895 4293 3306 4366 pertinentibus,
3335 4291 3479 4347 nulla

1899 4387 1988 4444 vel
2021 4387 2116 4442 tali
2149 4388 2330 4458 specie
2361 4401 2423 4443 se
2461 4390 2834 4444 demonstrat:
2867 4387 2922 4442 in
2953 4385 3135 4440 futuro
3167 4391 3350 4438 autem
3382 4397 3480 4440 sac-

1825 4517 1881 4590 D
1904 4479 2048 4546 culo,
2071 4481 2165 4550 qui
2194 4495 2419 4552 regnum
2463 4479 2738 4550 accepturi
2784 4487 2910 4535 sunt
2946 4477 3090 4549 quod
3120 4477 3200 4532 eis
3230 4476 3298 4530 ab
3327 4473 3482 4529 initio

1904 4577 2258 4590 ____--___.___.
2298 4577 2372 4590 Α-.
2419 4584 2601 4590 -.....--
2639 4583 2751 4590 -_-__
2787 4568 2939 4590 _-_.)-
2969 4566 3167 4590 ..κη-..ΑΛ
3201 4564 3453 4590 ..2.1Αιιιηιι

1903 4577 2263 4638 praeparatum
2291 4577 2396 4638 est,
2412 4584 2604 4626 omnes
2633 4583 2754 4624 eum
2781 4568 2943 4624 corde
2969 4566 3170 4622 mundo
3201 4564 3478 4628 videbunt,

1900 4673 2002 4715 nec
2029 4660 2083 4714 in
2109 4660 2201 4716 illo
2224 4675 2392 4731 regno
2416 4660 2519 4716 nisi
2551 4659 2686 4714 tales
2727 4650 2940 4731 erunt)
2955 4655 3188 4712 Attende
3221 4656 3402 4724 itaque
3428 4654 3481 4709 id
3523 4655 3551 4698 3-
3572 4651 3610 4704 tr"

1901 4753 2045 4824 quod
2069 4754 2348 4826 adiungat,
2383 4754 2506 4824 jam
2527 4756 2593 4810 de
2631 4753 2724 4810 illo
2761 4754 2956 4810 sazculo
2988 4754 3169 4810 dicere
3198 4752 3476 4821 incipiens,

1907 4864 1928 4898 ι
1959 4855 2015 4902 ει
2040 4847 2169 4918 quid
2201 4848 2398 4906 mirum
2419 4885 2434 4912 ,
2471 4847 2762 4916 inquit,~si
2791 4848 2846 4902 in
2877 4845 3131 4918 prasenti
3152 4844 3348 4901 saeculo
3375 4844 3482 4899 nisi

1900 4940 2116 5009 quando
2144 4938 2262 4994 vult
2287 4940 2545 4996 Dominus
2577 4955 2681 4995 non
2727 4939 2985 4999 idetur?
3029 4939 3087 4993 In
3120 4939 3234 5006 ipsa
3266 4951 3483 5008 quoque

1907 5030 2306 5087 resurrectione
2351 5045 2461 5086 non
2499 5030 2660 5087 facile
2703 5039 2787 5087 est
2825 5031 2994 5086 Deum
3035 5029 3220 5086 videre
3259 5027 3362 5082 nisi
3402 5026 3483 5082 eis

1907 5121 1998 5192 qui
2023 5122 2187 5178 corde
2207 5122 2318 5178 sint
2341 5122 2566 5187 mundo,
2594 5129 2649 5178 et
2674 5123 2816 5188 ideo,
2847 5142 2866 5172 ι
2893 5121 3045 5178 Beati
3068 5121 3270 5177 mundo
3296 5119 3482 5183 corde,

1908 5213 2010 5283 ipsi
2031 5213 2176 5266 enim
2196 5211 2365 5268 Deum
2400 5213 2691 5280 videbunt,
2722 5233 2741 5267 ι
2774 5223 3006 5284 quantos
3030 5214 3220 5270 beatos
3240 5209 3353 5279 jam
3383 5225 3484 5264 nu-

1909 5315 2215 5362 meraverat
2243 5313 2300 5361 et
2329 5313 2508 5360 tamen
2533 5306 2750 5362 videndi
2789 5308 2876 5362 his
2897 5307 3065 5361 Deum
3089 5320 3197 5361 non
3217 5301 3484 5374 promise-
3533 5335 3540 5342 ο

1907 5406 1992 5454 rat
2018 5397 2370 5463 facultatem;
2405 5398 2450 5453 si
2497 5412 2625 5467 ergo
2669 5398 2722 5452 hi
2763 5398 2854 5468 qui
2898 5397 3101 5452 mundo
3147 5401 3273 5450 sunt
3319 5391 3484 5448 corde

1906 5489 2077 5544 Deum
2105 5488 2396 5557 videbunt,
2437 5489 2621 5558 utique
2650 5489 2738 5543 alii
2764 5505 2871 5543 non
2896 5488 3172 5548 videbunt,
3203 5497 3376 5553 neque
3403 5481 3484 5534 in-

1906 5581 2056 5652 digni
2100 5582 2270 5638 Deum
2317 5581 2600 5646 videbunt,
2636 5596 2812 5652 neque
2862 5582 2909 5637 is
2953 5580 3046 5649 qui
3085 5579 3256 5633 Deum
3298 5574 3484 5630 videre

1906 5671 2142 5728 noluerit
2181 5680 2359 5742 potest
2395 5671 2566 5728 Deum
2591 5673 2829 5728 videre.»
2849 5671 3038 5728 Cernis
3065 5667 3212 5738 quod
3251 5666 3482 5724 circum-

1907 5773 2092 5838 specte
2131 5765 2385 5836 loquatur
2418 5762 2534 5835 jam
2574 5765 2642 5824 de
2695 5765 2761 5820 iis
2806 5763 2900 5834 qui
2941 5762 2998 5820 in
3048 5761 3230 5820 tum
3282 5756 3506 5862 saeculo.
