3956 6326
458 391 590 449 1271
1105 389 1162 443 Β.
1205 379 1460 441 RABANl
1495 379 1714 439 MAURI
1749 363 2066 432 ARCHIEP.
2107 363 2414 429 MOGUNT.
2455 361 2742 423 OPERUM
2777 358 2957 418 PARS
2990 355 3075 415 tu.
3581 349 3729 406 ma

455 509 628 563 Deum
664 504 941 568 videbunt,
989 514 1164 571 neque
1185 501 1332 554 enim
1367 509 1592 560 omnes,
1623 493 1717 549 sed
1755 491 1847 560 qui
1891 487 2037 558 digni
2064 489 2118 550 Α
2142 485 2318 556 gitare
2362 479 2542 536 valeat
2585 491 2708 534 esse
2755 474 2960 546 aliquid
2986 513 3004 539 ,
3053 481 3332 542 magisque
3385 478 3512 520 esse
3560 479 3734 519 uuam

457 608 604 656 sunt.
635 597 944 667 Resurgent
966 557 1111 649 enim
1137 599 1194 648 et
1220 589 1368 661 digni
1395 596 1452 643 et
1485 557 1690 657 indigni
1726 557 1895 654 regno
1946 557 2037 635 illo
2137 578 2320 635 omnia
2347 590 2465 646 quae
2502 588 2598 644 per
2621 585 2821 641 corpus
2858 565 3187 629 sentiuntur,
3216 561 3361 634 quod
3387 574 3494 615 nec
3524 559 3584 613 in
3611 557 3740 613 loco

457 689 551 745 ubi
573 651 847 743 videbitur
865 685 1030 750 Deus,
1053 651 1311 754 quoniam
1338 693 1528 736 omnes
1555 651 1649 747 qui
1678 651 2040 732 monumentis
2137 671 2406 735 videatur,
2450 682 2552 724 nec
2595 662 2948 736 quaerendum
2990 661 3064 726 sit
3091 655 3282 722 oculis,
3330 669 3435 710 nec
3470 651 3741 708 audiatur

459 789 588 838 sunt
624 781 848 836 audient
867 746 1054 835 vocem
1071 746 1194 846 ejus
1229 783 1284 832 et
1310 773 1622 844 procedent,
1654 769 1748 825 sed
1775 783 1898 823 cum
1925 781 2041 820 ma—
2141 760 2305 818 aﬂ'atu
2334 773 2436 816 nec
2456 766 2602 814 tactu
2626 763 2910 820 teneatur,
2950 766 3054 808 nec
3081 748 3351 805 sentiatur
3389 746 3627 801 incessu
3685 749 3746 798 et

460 832 924 949 iugatae-Qu.
945 832 1079 926 liam
1103 832 1204 940 qui
1235 832 1372 924 bene
1411 832 1675 930 fecerunt,
1712 861 1768 917 in
1800 874 2043 916 resurre-
2139 855 2393 911 videatur
2419 859 2622 915 tamen,
2651 847 2748 904 sed
2782 844 2948 902 corde
2975 841 3197 899 mundo.
3237 836 3430 909 Neque
3471 835 3636 893 enim
3676 832 3746 888 de

463 925 696 1022 ctionem
728 965 879 1029 vitm;
909 963 1002 1034 qui
1032 925 1211 1017 autem
1253 957 1396 1014 male
1432 925 1682 1027 egerunt,
1709 954 1765 1008 in
1801 964 2044 1006 resurre-
2142 949 2247 1003 hac
2272 945 2384 1000 vita
2421 942 2512 998 ille
2547 941 2896 1012 loquebatur,
2939 951 3064 991 cum
3107 931 3487 1009 hoc_diceret;
3511 925 3747 998 quando

463 1058 702 1114 ctionem
741 1021 950 1127 judicii'.
983 1054 1082 1109 llic
1114 1051 1376 1121 judicium
1423 1021 1638 1119 prunam
1679 1054 1936 1101 aeternam
1969 1042 2043 1098 si—
2144 1037 2361 1109 quidem
2407 1035 2476 1090 ab
2507 1034 2613 1089 hoc
2637 1031 2837 1088 saeculo
2877 1029 2932 1084 in
2975 1040 3083 1098 quo
3109 1024 3252 1080 Deus
3287 1021 3553 1094 apparuit
3580 1061 3598 1084 ,
3639 1033 3752 1074 non

437 1147 709 1237 (gniﬁcat,
737 1109 876 1202 sicut
898 1145 1060 1201 etiam
1101 1109 1231 1198 illud
1257 1109 1499 1198 dictum:
1527 1158 1546 1191 ι
1579 1137 1680 1206 Qui
1711 1152 1818 1192 non
1849 1136 2040 1201 credit,
2145 1130 2304 1186 sicuti
2335 1133 2440 1192 est,
2491 1124 2588 1185 sed
2609 1122 2663 1177 in
2695 1121 2877 1192 specie
2902 1132 3008 1175 oua
3050 1114 3242 1182 voluit,
3287 1113 3494 1184 quibus
3545 1109 3751 1174 voluit,

613 1236 616 1237 ,
1060 1235 1066 1237 _
1087 1235 1106 1237 _
1394 1230 1465 1237 --ι
1576 1227 1632 1237 ,Α
1733 1229 1746 1237 .
2002 1226 2036 1237 ..
2185 1220 2272 1237 ..εκ
2325 1217 2570 1237 19--..-..2Α
2603 1214 2781 1237 -..---Ιε
2823 1211 2987 1237 l'..a.._:
3015 1210 3180 1237 ..ξολ-η
3206 1205 3550 1237 Ᾱζοιι-ιιιῖΛ-ιρ
3581 1217 3751 1237 -.ι-αι’.

367 1205 576 1310 “›·κῗ’ᾖιιιι
601 1205 872 1307 judicatus
920 1245 1003 1291 est
1050 1235 1232 1306 (Joan.
1265 1249 1358 1297 tu,
1385 1230 1498 1304 18).
1513 1227 1748 1311 leuod
1791 1241 1921 1295 ergo
1967 1226 2045 1280 ait
2146 1220 2280 1278 satis
2315 1217 2574 1274 discrevit
2602 1214 2785 1270 saeculi
2823 1211 2989 1267 futuri
3015 1210 3184 1264 vitam
3203 1205 3550 1263 discretione
3580 1217 3751 1274 aper—

469 1295 692 1386 sanctus
734 1295 1071 1392 Ambrosius,
1102 1346 1122 1378 ι
1149 1295 1400 1396 ηθίιιιθνίε
1422 1295 1711 1393 ίιὶιίῖθυῐη
1735 1321 1918 1376 videre
1947 1335 2046 1374 no-
2147 1311 2379 1374 tissima,
2428 1307 2520 1364 ubi
2546 1306 2662 1362 ait:
2696 1305 2765 1360 Et
2791 1303 2920 1374 quid
2942 1301 3141 1357 mirum
3172 1299 3220 1355 si
3247 1299 3304 1354 in
3343 1295 3624 1368 praesenti
3655 1310 3756 1349 sa.

469 1420 632 1475 luerit
658 1426 837 1490 potest
864 1419 1034 1473 Deum
1059 1387 1279 1480 'videre,
1314 1435 1334 1468 ›
1360 1387 1490 1484 quid
1519 1411 1664 1466 aliud
1694 1410 1921 1480 intelligi
1951 1424 2046 1464 vo—
2147 1403 2293 1466 culo,
2321 1400 2425 1456 nisi
2448 1397 2666 1469 quando
2690 1396 2806 1450 vult
2832 1393 3090 1449 Dominus
3113 1405 3222 1446 non
3249 1390 3493 1454 videtur.
3541 1387 3608 1442 ln
3638 1387 3758 1456 ipsa

468 1515 589 1579 luit,
606 1511 710 1569 nisi
737 1513 864 1583 quia
887 1512 936 1567 is
967 1511 1060 1582 qui
1085 1480 1396 1565 mandando
1419 1505 1569 1563 cordi
1590 1519 1777 1560 curam
1809 1511 1956 1557 tanta
1987 1517 2047 1558 re
2150 1507 2366 1566 quoque
2410 1489 2810 1548 resurrectione
2851 1501 2962 1542 non
3006 1484 3168 1541 facile
3195 1493 3281 1540 est
3309 1483 3489 1538 Deum
3535 1480 3758 1543 videre,

471 1606 688 1676 dignam
719 1572 827 1659 non
851 1603 967 1658 vult
984 1572 1336 1672 impendere,
1370 1615 1476 1655 non
1501 1597 1616 1652 vult
1641 1597 1809 1652 Deum
1836 1595 2045 1660 videre,
2149 1588 2257 1644 nisi
2305 1587 2392 1642 his
2439 1585 2533 1656 qui
2582 1581 2746 1642 corde
2789 1581 2898 1636 sint
2939 1578 3159 1634 mundo.
3209 1576 3276 1632 Et
3325 1575 3504 1631 ideo:
3547 1594 3570 1625 ι
3601 1572 3756 1627 Beati

469 1665 594 1752 vide
620 1696 848 1768 proinde
888 1695 1014 1765 quid
1043 1665 1314 1762 adjungat,
1353 1708 1371 1742 ι
1407 1703 1508 1744 nec
1551 1688 1609 1742 in
1651 1686 1800 1751 loco,
1838 1685 2046 1755 inquit,
2151 1679 2354 1734 mundo
2373 1677 2563 1742 corde,
2592 1674 2694 1746 ipsi
2719 1671 2864 1729 enim
2892 1669 3063 1726 Deum
3096 1669 3381 1725 videbunt.
3420 1687 3444 1719 ι
3471 1665 3628 1721 llic
3644 1665 3758 1733 jam

468 1754 870 1849 Deus.videtur,
904 1754 997 1841 sed
1026 1754 1236 1839 mundo
1269 1754 1450 1836 corde.
1485 1798 1504 1831 ι
1538 1775 1677 1845 Quid
1719 1754 2043 1840 evidentius,
2153 1771 2222 1827 de
2261 1769 2355 1825 illo
2396 1764 2595 1823 saeculo
2631 1763 2814 1820 dicere
2857 1775 3084 1817 exorsus
3117 1767 3202 1814 est
3234 1758 3328 1813 ubi
3371 1757 3562 1812 Deum
3600 1754 3760 1808 vide-

473 1875 602 1946 quid
628 1875 935 1946 expressius
980 1873 1084 1930 dici
1129 1870 1348 1942 potuit?
1373 1869 1456 1924 Ab
1496 1868 1599 1922 hac
1643 1867 2052 1938 igiturrvisione
2081 1861 2128 1922 Β
2153 1863 2309 1928 bunt,
2355 1875 2464 1916 non
2487 1869 2676 1914 omnes
2717 1853 2813 1925 qui
2838 1857 3141 1922 resurgent,
3182 1848 3278 1906 sed
3317 1848 3418 1918 qui
3461 1854 3761 1916 resurgant

473 1937 719 2021 diabolus
747 1973 803 2020 et
827 1964 1003 2035 angeli
1025 1937 1149 2034 ejus
1169 1970 1226 2017 et
1251 1975 1440 2016 omnes
1477 1974 1598 2014 cum
1630 1937 1697 2013 iis
1724 1957 1894 2028 impii,
1934 1958 2052 2013 sine
2153 1953 2222 2010 ad
2267 1951 2434 2008 vitam
2473 1958 2754 2011 aeternam,
2784 1960 2896 2002 non
2943 1941 3150 2012 indigni
3189 1940 3257 1996 de
3291 1939 3502 2000 quibus
3549 1937 3760 1992 dictum

475 2059 582 2114 ulla
643 2058 838 2114 nebula
883 2028 1251 2122 dubitationis,
1305 2053 1507 2110 exclusi
1568 2059 1730 2118 sunt,
1795 2051 2051 2121 quoniam
2154 2054 2239 2104 est
2274 2064 2288 2100 :
2335 2063 2355 2097 ι
2389 2042 2636 2099 Tollatnr
2677 2039 2900 2110 impius,
2931 2051 3003 2092 ne
3049 2033 3234 2090 videat
3276 2031 3608 2089 claritatem
3659 2028 3758 2082 Do-

475 2152 677 2206 mundo
720 2151 881 2206 corde
918 2164 1026 2204 non
1067 2119 1329 2213 sunt,vac
1355 2159 1454 2216 per
1479 2144 1584 2200 hoc
1608 2141 1752 2214 quod
1791 2119 2052 2212 scriptum
2155 2135 2330 2202 mini;
2360 2152 2380 2187 ι
2411 2133 2508 2189 sed
2535 2131 2708 2203 digni,
2731 2129 2798 2185 de
2839 2126 3090 2198 qualibus
3131 2123 3268 2178 dixit
3311 2122 3436 2194 ipse
3491 2119 3758 2175 Dominus

477 2253 560 2300 est
583 2245 638 2299 in
665 2245 804 2300 libro
823 2242 946 2310 Job,
977 2242 1190 2298 venisse
1222 2214 1438 2311 angelos
1465 2239 1521 2294 in
1553 2244 1848 2306 conspectu
1874 2234 1971 2288 Dei
1998 2240 2056 2288 et
2155 2243 2281 2286 cum
2308 2239 2550 2298 praesens
2572 2238 2681 2278 non
2708 2221 2985 2277 videretur
3010 2232 3026 2272 :
3059 2237 3080 2269 ι
3113 2215 3218 2284 Qui
3239 2214 3423 2286 diligit
3451 2229 3572 2278 me,
3605 2226 3755 2266 man-

479 2335 696 2390 venisse
713 2349 836 2390 cum
868 2305 948 2389 eis
983 2305 1424 2397 diabolum,—non
1465 2328 1586 2384 ideo
1615 2305 1858 2382 diabolus
1885 2325 2056 2380 Deum
2159 2321 2284 2376 data
2329 2332 2451 2374 mea
2485 2314 2764 2380 custodit;
2794 2321 2850 2369 et
2878 2330 2893 2366 :
2925 2309 3030 2379 Qui
3079 2308 3254 2380 diligit
3289 2321 3400 2370 me,
3444 2305 3700 2376 diligitur
3727 2317 3756 2357 a

481 2427 681 2482 vidisse
704 2427 1004 2482 credendus
1027 2424 1128 2480 est.
1149 2395 1431 2494 lpsiienim
1459 2420 1590 2494 dicti
1617 2427 1742 2474 sunt
1763 2417 1977 2472 venisse
2000 2415 2056 2470 in
2157 2411 2320 2467 Patre
2343 2423 2486 2473 meo,
2507 2416 2562 2462 et
2581 2421 2681 2477 ego
2704 2403 2922 2475 diligam
2937 2415 3063 2456 eum
3083 2407 3140 2456 et
3161 2399 3454 2454 ostendam
3487 2395 3758 2464 Deipse-

484 2526 776 2586 conspectu
800 2515 919 2580 Dei,
969 2529 1077 2569 non
1107 2484 1251 2567 Deus
1293 2512 1349 2566 in
1389 2488 1680 2580 conspectu
1707 2504 2060 2576 eorum.le
2161 2502 2238 2558 illi
2265 2499 2448 2574 (Joan.
2477 2513 2594 2563 xxv,
2622 2495 2714 2567 2t)
2735 2510 2750 2560 ;
2772 2513 2790 2546 ι
2822 2507 2924 2549 nec
2942 2491 3002 2547 hi
3028 2489 3225 2560 quibus
3242 2489 3463 2545 dicetur
3496 2505 3512 2540 :
3551 2484 3752 2554 dteia

485 2578 634 2678 opus.
651 2615 733 2661 est
764 2606 868 2661 hoc
907 2578 1028 2661 loco
1071 2603 1368 2669 immorari,
1403 2609 1465 2657 ut
1488 2578 1588 2672 pro
1623 2600 1829 2655 viribus
1857 2597 2061 2654 nostris
2161 2593 2344 2664 ignem
2373 2597 2636 2646 aeternum
2665 2585 2757 2656 qui
2784 2589 3120 2656 praeparatus
3144 2588 3230 2636 est
3251 2578 3478 2635 diabolo
3499 2584 3562 2634 et
3591 2591 3756 2648 augeb

485 2668 744 2754 conemur
787 2695 1075 2752 ostendere
1121 2694 1389 2765 quomodo
1435 2668 1507 2748 et—
1533 2693 1637 2748 hoc
1691 2689 2064 2761 temporaliter
2163 2683 2232 2739 lis
2252 2683 2369 2754 ejus
2411 2679 2622 2752 (Matth.
2651 2691 2782 2743 xxv,
2818 2675 2944 2746 Μ),
2983 2693 3005 2727 ι
3038 2671 3212 2729 sedbi
3246 2671 3456 2742 quibus
3499 2668 3756 2724 dicetur:

413 2833 421 2850 η
487 2793 605 2858 ﬁat,
637 2806 762 2846 cum
783 2790 839 2845 in
864 2788 959 2844 Dei
993 2761 1285 2857 conspectu
1315 2799 1529 2855 semper
1553 2784 1662 2839 sint
1684 2782 1894 2858 omnia;
1911 2779 2064 2836 Nunc
2171 2795 2190 2828 ι
2223 2772 2439 2839 Venite,
2489 2768 2764 2827 benedicti
2815 2765 2996 2822 Patris
3045 2763 3175 2830 mei,
3209 2761 3484 2834 percipite
3527 2774 3760 2831 regna

401 2875 414 2890 '
447 2852 633 2941 "enim
661 2882 918 2954 quaeritur
962 2852 1232 2953 quomodo
1269 2852 1518 2934 videatur
1543 2876 1716 2944 Deus;
1751 2891 1859 2931 non
1879 2852 1958 2930 Tn
1997 2888 2064 2930 ea
2166 2864 2476 2937 quodvobis
2489 2869 2744 2934 paratum
2765 2867 2851 2917 est
2871 2859 2942 2914 ab
2956 2856 3112 2914 initio
3125 2855 3313 2912 mundi
3335 2853 3582 2926 (uitta.
3603 2852 3719 2920 Si).
3737 2871 3758 2903 ι

490 2946 805 3045 specie-qua
853 2979 910 3028 et
946 2946 999 3027 in
1026 2971 1131 3026 isto
1165 2969 1360 3025 saeculo
1403 2967 1726 3040 quibusdam
1749 2965 1941 3031 voluit,
1971 2978 2067 3033 ap-
2166 2959 2246 3016 llli
2279 2960 2476 3030 quippe
2518 2957 2676 3012 ibunt
2701 2955 2758 3010 in
2782 2951 3176 3009 ambustionem
3206 2956 3497 3013 atemam,
3546 2946 3644 3002 isti
3667 2961 3762 3000 an-

489 3037 962 3136 parere,-quando
997 3077 1105 3118 non
1149 3061 1324 3117 solum
1368 3037 1492 3115 cum
1533 3058 1808 3114 Abraham
1836 3056 2066 3126 aliisque
2169 3063 2280 3111 tem
2307 3053 2364 3108 in
2387 3051 2556 3106 vitam
2577 3056 2840 3106 aeternam
2871 3060 2888 3100 :
2915 3052 2973 3101 et
2997 3057 3119 3114 quae
3148 3048 3233 3097 est
3249 3039 3363 3095 vita
3389 3047 3637 3105 atem,
3657 3037 3761 3093 nisi

483 3130 665 3225 justis,
690 3130 882 3211 verum
911 3155 1072 3209 etiam
1097 3168 1218 3208 cum
1243 3151 1376 3208 Cain
1401 3149 1678 3205 fratricida
1707 3148 1918 3204 locutus
1939 3145 2022 3204 est
2045 3143 2148 3225 με·
2170 3144 2314 3216 quod
2355 3144 2472 3214 ipsa
2511 3140 2636 3197 Vita
2681 3139 2812 3196 alibi
2849 3137 2983 3194 dicit
3012 3153 3028 3193 :
3056 3153 3077 3187 ι
3109 3132 3240 3190 Haec
3280 3141 3368 3189 est
3411 3140 3608 3187 autem
3657 3130 3760 3184 vita

489 3214 587 3302 sed
633 3214 902 3317 quomodo
938 3244 1186 3299 videatur
1223 3242 1278 3297 in
1319 3241 1410 3324 illo
1455 3256 1620 3311 regno
1662 3241 1756 3296 ubi
1795 3240 1891 3295 lilii
1951 3214 2142 3310 eiusc
2169 3214 2396 3302 aeterna,
2425 3244 2488 3290 ut
2529 3237 2858 3305 cognoscant
2903 3236 2959 3283 te
3003 3241 3173 3282 unum
3216 3224 3390 3281 Deum
3439 3237 3662 3288 verum,
3706 3227 3764 3274 et

492 3353 620 3392 eum
653 3311 922 3392 videbunt
961 3333 1121 3390 sicuti
1149 3340 1249 3388 est.
1283 3321 1436 3386 Tunc
1463 3331 1661 3402 quippe
1699 3329 1986 3386 satiabitur
2016 3329 2073 3386 in
2171 3342 2332 3400 quem
2359 3324 2556 3382 misisti
2584 3321 2768 3380 Jesum
2797 3319 3072 3377 Christum
3101 3316 3286 3389 (locu,
3312 3330 3459 3381 ml,
3485 3313 3583 3384 3)?
3617 3332 3641 3366 ι
3671 3311 3764 3370 sed

492 3428 654 3483 bonis
699 3424 1026 3482 desiderium
1079 3437 1287 3478 eorum.
1335 3420 1456 3488 Quo
1493 3420 1762 3476 desiderio
1809 3417 2073 3489 ﬂagrabat
2171 3423 2252 3479 sic
2275 3417 2547 3491 quomodo
2588 3413 2839 3486 promisit
2875 3419 3222 3470 ostensurum
3249 3407 3502 3479 seipsum
3541 3404 3762 3460 (literae-

495 3518 730 3590 Moyses,
760 3515 849 3572 cui
872 3513 1019 3585 loqui
1044 3514 1113 3570 ad
1136 3514 1303 3569 Deum
1333 3511 1470 3567 facie
1495 3512 1563 3567 ad
1585 3511 1779 3566 faciem
1801 3525 1910 3566 non
1931 3507 2074 3566 sulii-
2171 3513 2326 3568 ribus
2358 3509 2474 3565 suis
2498 3523 2623 3564 cum
2661 3505 2826 3563 Patre
2841 3518 3010 3561 unum
3039 3501 3210 3558 Deum
3245 3515 3356 3556 non
3394 3498 3684 3570 quomodo
3707 3495 3759 3558 ill

496 3587 674 3665 ciebat
707 3616 763 3664 et
801 3607 1012 3663 dicebat
1040 3624 1054 3659 :
1083 3624 1102 3658 ι
1137 3603 1373 3660 Ostende
1404 3602 1538 3658 mihi
1583 3603 1925 3673 temetipsum
1952 3615 2074 3656 ma-
2172 3607 2277 3662 hoc
2298 3602 2497 3660 saeculo
2518 3601 2574 3657 in
2607 3612 2832 3671 corpore
2872 3597 3022 3652 visus
3055 3601 3141 3650 est
3162 3607 3196 3647 ι
3222 3591 3384 3648 bonis
3407 3598 3472 3644 οι
3515 3605 3548 3644 a
3819 3603 3848 3626 --.-

494 3661 1041 3766 invideam
1087 3707 1153 3756 te,
1184 3690 1379 3767 (Exod.
1411 3709 1602 3758 xxxiii,
1637 3661 2075 3764 43),;tanquam
2272 3694 2478 3768 judicio
2521 3691 2669 3748 enim
2695 3661 2877 3744 futuro
2908 3700 3018 3758 quo
3053 3683 3137 3741 sic
3163 3691 3432 3739 venturus
3480 3689 3591 3746 est,
3633 3661 3759 3749 qu;

499 3792 704 3848 diceret
727 3791 870 3861 quod
897 3790 953 3845 in
977 3788 1192 3846 Psalmo
1217 3803 1284 3844 ex
1307 3788 1496 3844 eodem
1527 3785 1797 3842 desiderio
1817 3787 2071 3842 canitur:
2173 3787 2338 3844 modo
2373 3785 2522 3841 visus
2561 3790 2644 3840 est
2667 3781 2788 3838 iens
2829 3778 2886 3835 in
2923 3776 3140 3841 uelum,
3188 3774 3294 3830 hoc
3332 3779 3446 3838 est,
3490 3772 3548 3827 in
3577 3770 3762 3828 eadm

503 3902 520 3934 ι
560 3880 813 3938 Satiabor
859 3880 988 3935 dum
1041 3876 1474 3934 manifestabitur
1527 3877 1696 3950 gloria
1743 3884 1836 3932 tua
1879 3875 2074 3950 (Ρεαι.
2176 3880 2352 3939 forma
2381 3879 2477 3934 ﬁlii
2504 3875 2743 3934 hominis
2769 3871 3016 3931 eamdem
3059 3867 3286 3924 formam
3317 3863 3614 3929 videbunt,
3649 3861 3762 3934 qui—

497 3986 610 4038 xvr,
644 3970 756 4043 15).
791 3989 811 4024 ι
839 3968 957 4038 Quo
1004 3968 1271 4026 desiderio
1320 3967 1544 4024 ardebat
1582 3976 1638 4024 et
1676 3967 1977 4039 Philippus,
2021 3980 2059 4024 e1

2199 3989 2278 4030 ius
2327 3972 2573 4027 dicturus
2613 3974 2698 4024 est
2711 3985 2744 4043 _:
2777 3983 2800 4019 ι
2833 3961 3074 4029 Esurivi,
3099 3969 3157 4017 et
3184 3973 3293 4016 non
3346 3957 3585 4014 dedistis
3633 3953 3761 4011 mihi

498 4063 580 4119 sic
631 4039 817 4118 satiari
869 4061 1121 4132 cupiebat
1159 4061 1346 4117 dicens
1377 4077 1391 4114 :
1429 4079 1449 4113 ‹
1484 4059 1722 4116 Ostende
1768 4061 1925 4118 nobis
1973 4060 2078 4117 Pa-
2177 4063 2510 4120 manducare
2543 4039 2760 4132 (Manli.
2789 4070 2915 4120 xxv,
2945 4051 3064 4126 42),
3093 4071 3114 4105 ι
3144 4051 3270 4123 quia
3309 4057 3370 4105 et
3389 4046 3570 4104 Judaei
3613 4046 3762 4102 vide-

499 4167 666 4217 trem,
716 4161 773 4207 et
806 4150 1000 4208 suﬁicit
1037 4149 1414 4224 nobis(loan.
1446 4164 1558 4218 xtv,
1591 4151 1658 4219 8,
1683 4150 1779 4225 9).
1810 4171 1830 4204 ι
1861 4152 1938 4209 De
1974 4153 2076 4210 hac
2177 4156 2316 4213 bunt
2337 4155 2393 4210 in
2415 4167 2576 4224 quem
2615 4154 2977 4222 pupugerunt',
3003 4160 3112 4202 non
3135 4143 3285 4200 illam
3307 4142 3409 4214 Dei
3443 4141 3684 4202 toruum
3711 4141 3762 4193 ia

495 4244 707 4299 visione
732 4243 849 4313 ejus
871 4242 1096 4312 loquens
1124 4241 1288 4297 etiam
1319 4242 1434 4312 ipse
1472 4251 1682 4297 amator
1715 4249 1770 4298 et
1797 4241 2077 4298 desidera-
2181 4265 2288 4321 qua
2327 4263 2436 4304 non
2473 4243 2721 4315 rapinam
2757 4240 3050 4296 arbitratus
3091 4244 3178 4293 est
3207 4249 3332 4291 esse
3369 4232 3606 4304 aqualis
3636 4230 3762 4285 Dea.

501 4346 588 4393 tor
614 4336 954 4402 Ambrosius,
983 4349 1090 4391 non
1127 4334 1342 4400 inloco,
1370 4334 1568 4405 inquit,
1600 4334 1744 4390 Deus
1783 4335 1998 4391 videtur
2023 4342 2080 4389 et
2179 4341 2240 4397 In
2269 4339 2360 4396 illa
2385 4337 2483 4394 Dei
2513 4337 2685 4393 forma
2723 4343 2854 4390 tunc
2887 4331 3147 4388 videbunt
3167 4344 3314 4396 eum,
3365 4328 3464 4398 qui
3507 4325 3764 4382 videbunt

500 4434 642 4488 sicut
682 4429 961 4485 ad'ilicem
1005 4427 1266 4494 Mambre,
1297 4428 1438 4483 sicut
1459 4427 1515 4482 in
1555 4434 1740 4484 monte
1774 4425 1946 4494 Sina;
1982 4426 2080 4484 sed
2181 4431 2348 4489 sicuti
2371 4438 2476 4486 est.
2509 4427 2621 4484 Nec
2655 4427 2778 4483 ideo
2796 4423 3080 4489 videbunt,
3121 4421 3247 4492 quia
3270 4433 3552 4492 pauperes
3573 4417 3764 4489 spirit!

503 4521 705 4576 mundo
745 4519 930 4584 corde,
971 4527 1026 4574 et
1049 4518 1312 4588 sequitur,
1343 4518 1520 4573 sciens
1545 4517 1674 4586 quid
1701 4517 1992 4583 desideret,
2021 4525 2078 4574 et
2103 4568 2155 4588 ἢ
2183 4525 2237 4580 in
2263 4525 2369 4580 hac
2393 4523 2504 4578 vita
2533 4520 2772 4585 fuemnt,
2801 4517 2929 4588 quia
2956 4514 3139 4580 mites,
3169 4513 3294 4584 quia
3337 4513 3616 4584 lugeam.
3647 4511 3766 4580 quia

502 4613 630 4682 quid
658 4617 851 4666 :estuet
873 4609 1082 4680 etquid
1105 4619 1302 4679 speret.
1327 4607 1437 4664 Nec
1465 4607 1860 4678 corporalibus,
1882 4609 2076 4679 inquit,
2103 4568 2158 4630 Β
2182 4568 2482 4673 esu-riemes
2519 4619 2578 4668 et
2597 4568 3154 4676 sitientes—jusdtiam',
3181 4568 3324 4674 Iquia

502 4702 672 4758 oculis
699 4703 841 4756 Deus
872 4701 1151 4771 quaeritur,
1201 4700 1398 4770 quibus
1445 4715 1505 4755 se
1543 4700 1779 4756 ostendit
1824 4701 2075 4769 Abrahae,
2181 4706 2307 4778 quia
2333 4700 2570 4774 pacifici,
2600 4699 2728 4770 quia
2768 4695 3200 4770 persecutionem
3225 4693 3372 4764 passi
3401 4701 3636 4762 propter
3657 4690 3767 4759 jus-

503 4795 670 4860 lsaac,
705 4791 872 4848 Iacob
899 4800 954 4847 et
982 4791 1101 4846 aliis
1127 4792 1183 4845 in
1217 4792 1321 4847 hoc
1361 4790 1579 4858 saeculo,
1611 4805 1712 4848 nec
1738 4791 2082 4848 circumscri-
2182 4797 2381 4860 titiam,
2410 4790 2658 4863 quamvis
2686 4797 2742 4845 et
2793 4788 2908 4844 htec
2950 4786 3134 4842 omnia
3169 4784 3311 4840 idem
3351 4783 3458 4854 ipsi
3497 4785 3634 4848 sint,
3679 4781 3768 4838 sed

505 4885 653 4938 bitur
672 4883 814 4948 visu,
836 4891 1059 4953 propter
1083 4882 1212 4939 illud
1234 4883 1380 4954 quod
1407 4882 1609 4939 dictum
1640 4891 1748 4950 est,
1770 4883 2080 4940 Posteriora
2181 4889 2310 4960 quia
2339 4885 2540 4941 mundo
2565 4891 2694 4939 sunt
2721 4880 2905 4936 corde.
2933 4879 3060 4935 Ideo
3091 4877 3292 4949 quippe
3315 4877 3463 4932 inter
3488 4877 3614 4932 illas
3639 4877 3764 4932 hea—

507 4989 627 5030 mea
648 4974 892 5042 videbis;
918 4989 1018 5030 nec
1047 4981 1196 5030 tactu
1221 4982 1458 5041 tenetur,
1488 4975 1628 5031 sicut
1655 4976 1816 5032 etiam
1843 4976 2080 5034 luctatus
2184 4977 2442 5036 titudines
2477 4990 2601 5031 cum
2648 4971 2832 5029 omnia
2871 4969 3076 5026 faciant
3105 4970 3200 5041 qui
3236 4983 3333 5025 cor
3371 4971 3644 5024 mundum
3681 4971 3770 5022 ha-

507 5081 592 5124 est
618 5084 740 5124 cum
759 5065 946 5132 Iacob,
973 5083 1072 5122 nec
1096 5067 1314 5122 auditur
1343 5066 1529 5134 aifatu,
1552 5068 1693 5124 sicut
1717 5084 1825 5125 non
1854 5069 2026 5126 solum
2049 5085 2082 5126 a
2187 5071 2336 5134 bent,
2372 5084 2479 5124 non
2507 5075 2592 5123 est
2616 5074 2800 5122 tamen
2829 5063 3026 5120 alicubi
3061 5062 3334 5134 positum:
3366 5081 3386 5114 ι
3421 5063 3600 5118 Deum
3629 5062 3774 5116 vide

510 5171 588 5216 tot
609 5161 844 5227 sanctis,
885 5173 1076 5214 verum
1114 5159 1280 5216 etiam
1306 5173 1337 5212 a
1360 5158 1573 5216 diabolo
1601 5161 1814 5218 auditus
1839 5170 1942 5227 est,
1981 5178 2084 5219 nec
2188 5163 2345 5226 bunt,
2375 5179 2394 5211 ι
2425 5157 2531 5213 nisi
2575 5157 2669 5212 ubi
2709 5156 2910 5211 dictum
2939 5162 3024 5210 est
3050 5173 3064 5208 :
3095 5172 3114 5206 ι
3138 5151 3293 5208 Beati
3334 5153 3549 5208 mundo
3585 5153 3770 5212 corde.

511 5254 742 5308 sentitur
782 5251 1019 5315 incessu,
1063 5249 1205 5304 sicut
1243 5249 1532 5319 aliquando
1566 5266 1689 5307 cum
1727 5253 1784 5308 in
1829 5255 2084 5325 paradiso
2189 5251 2446 5323 quoniam
2483 5246 2683 5304 mundo
2717 5247 2880 5303 corde
2922 5244 3193 5300 videbitur
3228 5241 3444 5315 (Matth.
3476 5259 3539 5310 v,
3569 5243 3626 5315 8}
3683 5244 3774 5312 qui

399 5403 408 5408 -
450 5419 468 5440 ,1
510 5348 879 5402 deambularet
906 5345 973 5400 ad
996 5358 1300 5413 vesperam.
1317 5341 1489 5424 dees
1517 5346 1968 5416 quemadmodum
1997 5348 2084 5402 vir
2189 5358 2292 5398 nec
2319 5341 2373 5397 in
2403 5339 2523 5396 loco
2559 5339 2794 5403 videtur,
2839 5350 2940 5392 nec
2965 5335 3138 5392 oculis
3161 5333 3544 5404 corporalibus
3575 5334 3774 5404 qugd-

381 5449 394 5460 ’
450 5431 456 5440 ’
510 5451 728 5496 sanctus
753 5440 992 5494 enitatur
1037 5442 1247 5490 mentes
1275 5443 1489 5491 nostras
1513 5436 1581 5491 ab
1607 5437 1858 5492 omnibus
1902 5439 2082 5494 carnis
2192 5445 2302 5503 tur,
2325 5449 2429 5490 nec
2445 5429 2912 5489 circumscribitur
2931 5428 3072 5493 visu,
3103 5441 3204 5482 nec
3233 5433 3378 5480 tactu
3405 5425 3647 5491 videtin,
3679 5440 3774 5480 nec

509 5531 756 5586 sensibus
782 5541 1030 5593 evocare,
1055 5535 1116 5582 ut
1134 5536 1288 5596 aptas
1309 5524 1471 5580 faciat
1500 5528 1567 5582 ad
1586 5528 1876 5583 videndum
1891 5530 2080 5596 Deum,
2194 5527 2410 5583 auditur
2449 5524 2648 5590 aﬂ'atu,
2691 5537 2792 5578 nec
2834 5520 3068 5576 sentitur
3104 5519 3335 5573 incessu.
3371 5535 3391 5567 ι
3423 5515 3600 5572 Deum
3629 5517 3774 5571 enim

506 5628 565 5676 et
595 5630 773 5674 tamen
799 5619 928 5689 quid
957 5618 1069 5688 agit
1097 5617 1220 5672 talis
1263 5616 1603 5671 extrinsecus
1629 5618 1902 5686 plantator
1928 5627 1982 5674 et
2011 5622 2085 5674 ri-
2192 5633 2354 5672 nemo
2394 5615 2529 5670 vidit
2575 5629 2811 5683 unquam
2841 5610 3022 5682 (Joan.
3055 5625 3100 5675 ι,
3128 5608 3207 5679 8),
3243 5625 3261 5657 ι
3292 5605 3376 5660 vel
3407 5607 3463 5660 in
3495 5607 3602 5662 hac
3640 5606 3770 5666 vita.

510 5721 685 5780 gator,
711 5710 814 5764 nisi
853 5710 1176 5764 intrinsecus
1213 5717 1470 5777 operetur
1509 5709 1604 5776 qui
1643 5710 1739 5763 dat
1781 5709 2084 5767 incremen-
2194 5709 2354 5766 sicuti
2401 5709 2516 5779 ipse
2558 5716 2664 5773 est,
2696 5704 2783 5760 vel
2827 5703 2992 5759 etiam
3015 5702 3071 5756 in
3101 5698 3419 5770 angelorum
3462 5699 3602 5762 vita,
3636 5699 3776 5752 sicut

513 5809 626 5856 tum
653 5798 826 5852 Deus:
857 5798 975 5872 quis
1000 5799 1144 5856 enim
1171 5799 1289 5853 sine
1318 5796 1586 5867 adiutorio
1609 5799 1831 5868 spiritus
1861 5799 1959 5856 Dei
1989 5814 2085 5862 θο-
2192 5799 2432 5857 visibilia
2471 5801 2573 5857 ista
2609 5813 2727 5871 qua
2745 5792 3016 5866 corporali
3044 5791 3253 5852 visione
3285 5800 3614 5858 ceruum,
3647 5789 3772 5863 (ιώ
