3956 6326
200 351 229 394 ο
241 345 354 404 273

1499 350 1586 408 DE
1626 351 1923 409 VIDENDO
1960 351 2170 411 DEUM.

3328 355 3465 414 1274

202 460 518 556 unigenitus
535 455 834 556 Filius,_qui
855 469 938 518 est
956 461 1010 516 in
1030 460 1151 517 sinu
1168 460 1368 529 Patris,
1383 463 1495 534 ipse
1516 445 1796 519 narravit;
1809 469 1861 529 Α
1885 480 2103 520 omnem
2134 463 2522 536 plenitudinem
2559 465 2694 556 Deij
2715 453 2881 556 tibigo
2906 469 3022 524 haec
3062 470 3224 526 verba
3249 479 3468 541 aposto-
3495 471 3586 548 Ἡ

1882 557 1920 612 li
1951 557 2102 613 Pauli
2128 559 2206 614 sie
2234 559 2534 630 intelligere
2553 559 2721 616 soleo.
2746 557 2803 614 Π]
2835 560 3118 617 latitudine
3162 563 3303 618 bona
3342 577 3470 633 ορε-
3521 615 3524 618 .

202 553 364 612 Unde
387 569 494 610 non
523 553 592 608 ad
616 553 892 610 oculorum
920 556 1278 625 corporalium
1303 557 1396 613 sed
1419 557 1485 612 ad
1520 558 1778 612 mentium

89 691 108 706 ρ
149 673 162 710 ε
202 647 475 702 visionem
517 645 721 701 dictum
768 654 852 702 est
902 648 1176 718 pertinere
1225 650 1367 718 quod
1414 651 1633 738 narraﬂ
1674 649 1781 704 Sed

203 752 399 796 rursus
425 753 491 794 ne
517 737 840 793 desiderium
887 749 1131 794 nostrum
1173 755 1205 794 a
1247 741 1490 811 corporis
1527 737 1686 796 sensu
1713 742 1778 795 ad

203 828 372 883 alium
418 826 656 898 corporis
682 841 897 882 sensum
934 828 1215 898 migraret,
1260 829 1362 884 hoc
1404 838 1486 883 est
1523 830 1590 883 ad
1624 844 1784 884 aures

203 921 277 975 ab
300 920 489 986 oculis,
515 920 636 974 ideo
672 934 794 974 cum
817 919 1045 974 dixisset
1087 940 1105 972 ι
1140 935 1238 975 nec
1264 921 1632 991 corporalibus
1649 936 1780 976 oeu-

203 1011 274 1066 lis
298 1011 440 1066 Deus
459 1011 736 1081 quaaritur,
768 1025 867 1066 nec
897 1011 1364 1066 circumscribitur
1392 1011 1536 1077 visu,
1576 1025 1678 1066 nec
1707 1020 1784 1066 ta-

203 1113 300 1157 ctu
325 1111 556 1166 tenetur,
576 1121 594 1154 »
623 1101 828 1156 addidit
846 1101 1033 1166 etiam,
1056 1121 1073 1152 ι
1095 1116 1195 1156 nec
1216 1101 1432 1156 auditur
1457 1100 1674 1166 all‘atu,»
1701 1109 1780 1164 ut,

203 1196 254 1251 si
288 1211 592 1265 possumus,
621 1195 957 1266 unigenitum
984 1194 1180 1249 Filium
1208 1194 1301 1264 qui
1331 1203 1416 1250 est
1457 1195 1509 1248 in
1534 1195 1653 1248 sinu
1676 1193 1780 1248 Pa-

205 1287 312 1342 tris
329 1287 408 1342 sic
434 1286 794 1356 intelligamus
823 1296 1133 1342 narrantem
1160 1287 1432 1358 quomodo
1466 1295 1519 1342 et
1544 1287 1782 1342 Verbum

202 1386 292 1432 cst
325 1392 430 1432 non
457 1392 622 1432 sonus
664 1377 884 1433 auribus
911 1388 1182 1449 strepens,
1229 1379 1327 1432 sed
1367 1379 1544 1449 imago
1582 1377 1780 1432 menti-

202 1467 308 1522 bus
354 1468 716 1534 innotescens,
757 1476 814 1522 ut
863 1468 969 1524 illic
1015 1469 1225 1524 interna
1270 1477 1327 1523 et
1361 1468 1616 1523 ineﬂ‘abili
1664 1467 1782 1524 luce

202 1557 472 1614 clarescat
515 1559 658 1629 quod
699 1559 901 1614 dictum
955 1567 1039 1614 est
1070 1578 1083 1613 :
1124 1578 1143 1610 ι
1180 1559 1282 1626 Qui
1314 1575 1400 1614 me
1433 1559 1601 1624 videt,
1637 1558 1784 1612 videt

202 1657 263 1702 et
289 1646 503 1702 Patrem
536 1649 717 1718 (Joan.
747 1664 856 1713 xlv,
889 1648 979 1720 9);
1016 1667 1034 1700 ι
1066 1650 1210 1719 quod
1237 1649 1328 1704 hic
1358 1648 1603 1720 Philippo
1633 1649 1780 1704 dice-

199 1738 365 1792 batur
390 1738 605 1808 quando
627 1739 846 1795 videbat
872 1748 927 1794 et
954 1756 1058 1796 non
1088 1741 1322 1797 videbat.
1348 1739 1604 1811 Sequitur
1636 1739 1780 1796 enim

1882 666 1943 705 ra
1973 651 2278 713 charitatis,
2308 655 2363 706 in
2411 651 2748 723 longitudine
2793 651 3253 721 perseverantiam
3300 667 3471 724 usque

1883 741 1936 797 in
1961 741 2146 805 linem,
2173 741 2227 795 in
2254 740 2538 796 altitudine
2567 756 2717 811 spem
2749 741 3052 797 caelestium
3093 742 3465 812 pramiorum,
3502 791 3572 816 ml
3707 758 3746 810 ,-‘

1881 831 1937 886 in
1971 831 2220 902 profundi
2285 831 2651 910 inscrntabilia
2687 830 2890 900 judicia
2910 833 3029 887 Dei.
3061 831 3212 888 Unde
3233 833 3470 904 istagra-
3505 875 3610 908 ..ευ

1882 921 1957 976 tia
1984 921 2036 976 in
2073 921 2318 978 homines
2346 921 2642 1005 νειιὶωμιιί
2689 937 2787 977 ηοε
2818 922 2870 976 in
2913 938 3126 977 omnem
3174 923 3468 993 plenitudi-
3569 949 3582 974 ε

1882 1027 2006 1066 nem
2030 1011 2126 1066 Dei
2152 1010 2524 1088 misericordia
2554 1026 2650 1065 sua
2662 1083 2670 1088 ﬁ
2685 1011 2909 1088 implere
2933 1010 3200 1088 dignetur,
3235 1020 3294 1066 ut
3323 1011 3472 1068 vide—

1882 1085 2588 1176 ri.P°ssitanobis.J(vc?
2653 1085 2686 1116 τ’
2738 1101 2750 1118 ‹
2845 1087 2896 1122 ,ί
2963 1103 2984 1136 ἶ

1927 1167 2107 1274 @unc
2129 1203 2310 1250 autem
2333 1167 2474 1265 quod
2499 1195 2631 1250 mihi
2651 1209 3010 1266 proposueras
3034 1196 3170 1252 et'ad
3195 1195 3471 1266 explican-

1883 1284 2008 1339 dum
2061 1284 2274 1340 diﬂicile
2322 1285 2626 1351 videbatur,
2663 1294 2842 1340 utrum
2889 1287 3216 1357 explicatum
3254 1287 3344 1352 sit,
3388 1287 3468 1340 di-

1882 1373 2110 1445 ligenter
2134 1375 2352 1430 attende
2378 1376 2667 1431 recolendo
2708 1393 2826 1446 qua:
2869 1377 3010 1432 dicta
3057 1387 3200 1432 sunt.
3229 1377 3288 1432 Si
3321 1379 3466 1432 enim

1885 1465 2085 1535 quaeris
2103 1475 2285 1520 utrum
2313 1467 2483 1537 possit
2508 1467 2650 1522 Deus
2670 1468 2864 1533 videri,
2886 1467 3204 1539 Respondeo
3224 1487 3236 1523 :
3257 1479 3465 1539 potest;

1884 1557 1931 1611 si
1961 1557 2162 1626 qna:ris
2184 1557 2326 1612 unde
2357 1557 2546 1623 sciam,
2591 1560 2890 1629 respondeo
2918 1561 3043 1628 quia
3072 1560 3126 1615 in
3173 1560 3465 1615 veracissi-

1883 1663 1970 1701 ma
1992 1645 2270 1718 Scriptura
2296 1648 2492 1718 legitur
2523 1666 2537 1704 :
2569 1667 2586 1699 ι
2619 1648 2770 1702 Beati
2799 1649 2981 1704 mundi
3005 1650 3190 1716 corde,
3211 1650 3462 1719 quoniam

1884 1739 1986 1808 ipsi
2017 1739 2186 1794 Deum
2216 1739 2474 1794 videbunt
2503 1738 2719 1810 (Matth.
2750 1755 2803 1804 v,
2829 1739 2906 1811 8),
2943 1759 2961 1790 ›
2993 1748 3049 1794 ει
3075 1748 3271 1794 caetera
3317 1739 3465 1795 talia.

201 1828 366 1896 hujus
389 1829 612 1886 visionis
627 1831 858 1886 eximius
879 1833 1194 1904 concupitor
1213 1834 1531 1890 Ambrosius
1551 1834 1775 1890 dicens:
1809 1836 1854 1898 Β
1883 1828 1938 1884 Si
1963 1830 2160 1900 quatris
2184 1832 2454 1904 quomodo
2483 1831 2658 1887 dictus
2683 1831 2756 1886 sit
2783 1831 3067 1887 invisibilis
3087 1832 3134 1886 si
3163 1833 3332 1888 videri
3371 1847 3470 1902 po-

208 1939 230 1971 (
269 1920 334 1974 Ει
359 1936 480 1975 eum
511 1923 704 1978 absens
723 1932 966 1994 putatur,
996 1924 1247 1990 videtur;
1294 1935 1349 1980 et
1377 1942 1501 1982 cum
1541 1940 1781 1996 praesens
1880 1930 2010 1987 test,
2035 1923 2337 1993 respondeo
2359 1922 2686 1978 invisibilem
2718 1936 2838 1977 esse
2863 1930 3132 1987 naturam,
3167 1921 3333 1978 videri
3380 1937 3472 1976 au-

200 2021 326 2079 est,
385 2028 493 2068 non
548 2015 824 2070 videtur.)
855 2015 971 2071 Non
1025 2016 1179 2082 dixit,
1233 2016 1369 2073 Cum
1417 2018 1612 2073 absens
1657 2024 1774 2081 est,

201 2104 319 2170 sed,
349 2104 481 2159 Cum
519 2105 713 2161 absens
739 2115 980 2178 putatur.
1037 2105 1308 2178 Nusquam
1364 2109 1510 2164 enim
1556 2116 1641 2163 est
1683 2107 1778 2162 ab-

201 2209 330 2249 sens
389 2197 480 2267 qui
535 2196 731 2252 caelum
793 2206 848 2252 et
909 2206 1110 2253 terram
1175 2199 1382 2271 implet,
1423 2215 1523 2254 nec
1590 2199 1779 2270 spatiis

200 2285 528 2352 includitur,
576 2289 758 2358 parvis
806 2290 1082 2361 magnisve
1130 2290 1464 2357 diﬂ‘unditur,
1509 2293 1603 2348 sed
1656 2293 1778 2348 ubi-

201 2393 311 2448 que
363 2387 505 2434 tolus
543 2387 646 2445 est,
695 2388 752 2435 et
787 2380 932 2437 nullo
981 2383 1291 2438 continetur
1347 2383 1484 2439 loco.
1520 2381 1634 2440 Hoc
1685 2385 1780 2454 qui

201 2467 502 2523 excedente
540 2477 721 2524 mente
773 2470 1058 2542 intelligit,
1112 2473 1257 2528 videt
1302 2473 1468 2529 Deum
1498 2517 1513 2541 ,
1565 2484 1618 2531 et
1657 2489 1779 2530 cum

202 2559 400 2615 absens
453 2569 694 2630 putatur.
734 2560 834 2628 Qui
875 2571 1054 2618 autem
1101 2564 1203 2620 hoc
1254 2581 1362 2621 non
1407 2575 1605 2636 potest,
1661 2576 1783 2622 oret

113 2690 126 2708 ,
199 2657 259 2704 et
287 2657 431 2718 agat,
475 2657 534 2703 ut
562 2665 721 2720 posse
756 2660 1052 2718 mereatur,
1107 2669 1207 2710 nec
1256 2656 1324 2710 ad
1373 2656 1646 2712 hominem
1673 2656 1784 2712 dis-

200 2749 504 2810 putatorcm
543 2742 752 2812 pulset,
781 2751 842 2798 ut
885 2745 1027 2815 quod
1058 2759 1164 2801 non
1199 2747 1368 2818 legit,
1400 2748 1561 2820 legat,
1588 2749 1685 2820 sed
1715 2750 1783 2804 ad

201 2832 375 2889 Deum
404 2811 759 2901 Salvatorem,
800 2844 861 2890 ut
891 2811 1034 2907 quod
1061 2853 1167 2893 non
1191 2811 1361 2904 vatet,
1379 2811 1787 2924 valeaLJPotest

205 2933 386 2981 tamen
407 2941 623 2983 movere
650 2928 918 2998 quomodo
943 2927 1060 2998 jam
1085 2931 1200 3000 ipsa
1241 2931 1334 2986 Dei
1361 2933 1660 2989 substantia
1701 2934 1786 2988 vi-

99 3016 142 3050 β’
203 3016 318 3070 deri
357 3021 593 3086 potuerit
616 3034 644 3074 a
668 3020 987 3090 quibusdam
1022 3023 1078 3078 in
1113 3023 1216 3079 hac
1261 3023 1369 3078 vita
1408 3025 1618 3095 positis,
1662 3040 1785 3096 pro-

200 3117 327 3181 pter
350 3110 480 3166 illud
509 3113 651 3182 quod
677 3113 878 3168 dictum
901 3124 984 3170 est
1008 3113 1074 3187 ad
1102 3114 1319 3185 Moysen
1349 3132 1401 3170 τι
1421 3115 1589 3172 Nemo
1609 3125 1787 3187 potest

1883 2023 1992 2070 tem
2023 2031 2146 2071 cum
2173 2015 2303 2078 vult,
2337 2015 2582 2084 plurimis
2607 2015 2752 2070 enim
2774 2015 2922 2070 visus
2966 2022 3050 2069 est
3089 2033 3102 2066 :
3153 2029 3262 2070 non
3308 2013 3470 2069 sicuti

1883 2116 1990 2173 est,
2023 2108 2118 2162 sed
2155 2107 2300 2178 quali
2333 2108 2512 2178 specie
2539 2107 2612 2161 illi
2641 2107 2844 2178 placuit
2863 2122 3150 2179 apparere;
3180 2107 3228 2179 si
3272 2105 3471 2176 quaeris

1883 2199 2154 2267 quomodo
2180 2212 2301 2252 eum
2343 2199 2478 2252 vidit
2497 2197 2582 2252 vel
2624 2197 2757 2253 Cain
2798 2197 3115 2264 sceleratus,
3147 2197 3362 2267 quando
3405 2196 3470 2250 de

1883 2304 1981 2344 suo
2010 2288 2213 2344 scelere
2232 2290 2300 2344 ab
2323 2289 2413 2344 illo
2436 2290 2800 2362 interrogatus
2825 2299 2881 2345 et
2917 2291 3192 2361 judicatus
3239 2297 3341 2354 est,
3385 2289 3468 2342 vel

1883 2380 2048 2435 etiam
2083 2379 2198 2451 ipse
2233 2380 2501 2444 diabolus,
2533 2380 2748 2451 quando
2791 2379 2941 2434 venit
2984 2395 3108 2435 cum
3161 2378 3368 2449 angelis
3409 2384 3470 2429 ut

1883 2488 2069 2529 coram
2099 2472 2187 2527 illo
2210 2473 2507 2537 assisteret,
2538 2472 2586 2528 si
2623 2490 2642 2523 ι
2685 2472 2830 2527 beati
2879 2472 3064 2526 mundi
3107 2471 3293 2534 corde,
3334 2482 3471 2538 quo-

1885 2563 2032 2618 niam
2068 2561 2168 2632 ipsi
2197 2560 2366 2616 Deum
2394 2561 2679 2626 videbunt;
2710 2579 2728 2611 ›
2782 2559 3082 2630 respondeo
3108 2575 3214 2615 non
3252 2557 3471 2629 quidem

1884 2667 2004 2708 esse
2031 2666 2370 2721 consequens
2407 2659 2466 2705 ut
2490 2652 2656 2706 etiam
2689 2651 2910 2705 videant
2949 2650 3140 2712 Deum,
3169 2649 3259 2718 qui
3312 2661 3472 2702 voces

1884 2742 1953 2798 ab
1994 2756 2060 2798 eo
2088 2741 2259 2796 factas
2298 2741 2591 2816 aliquando
2627 2739 2873 2795 audiunt.
2919 2739 3102 2809 Neque
3127 2739 3272 2794 enim
3324 2739 3472 2793 vide-

1885 2844 2012 2891 runt
2031 2851 2153 2891 eum
2177 2836 2268 2906 qui
2290 2833 2594 2896 audierunt,
2622 2833 2836 2902 quando
2859 2831 2994 2887 dixit
3015 2832 3083 2886 ad
3105 2830 3324 2896 Filium,
3356 2847 3375 2880 ι
3403 2828 3472 2884 Ει

1885 2929 2178 2986 clariﬁcavi
2229 2936 2283 2983 et
2329 2928 2525 2982 iterum
2576 2925 2885 2980 clariﬁcabo
2938 2923 3120 2996 (Joan.
3155 2923 3410 2994 1:11.18).
3447 2942 3466 2974 ι

1889 3021 2273 3078 Verumtamen
2303 3036 2410 3076 non
2437 3034 2556 3074 esse
2587 3018 2911 3083 mirandum,
2952 3017 3054 3072 etsi
3101 3011 3260 3086 aliqui
3306 3016 3470 3071 etiam

1887 3129 1996 3169 non
2021 3113 2207 3168 mundi
2235 3111 2399 3168 corde
2443 3109 2629 3165 vident
2665 3110 2832 3166 Deum
2869 3107 2923 3162 in
2959 3107 3140 3178 specie
3179 3121 3340 3177 quam
3373 3120 3472 3160 vo-

203 3200 402 3258 faciem
417 3219 591 3260 meam
605 3205 806 3271 videre,
823 3207 1280 3278 etvivere(E:rod.
1305 3208 1658 3279 xxxm,20),i
1678 3209 1782 3266 nisi
1810 3207 1857 3271 C
1886 3205 2066 3260 luntas
2101 3203 2219 3274 ejus
2249 3201 2674 3268 fecerit,latente
2717 3199 2973 3255 invisibili
3015 3208 3071 3254 et
3119 3198 3256 3270 apud
3286 3213 3344 3254 se
3392 3197 3476 3252 in-

202 3295 330 3363 quia
357 3305 533 3366 potest
562 3298 795 3354 humana
824 3313 977 3355 mens
1019 3300 1278 3356 divinitus
1305 3302 1422 3372 rapi
1451 3319 1519 3357 ex
1543 3303 1646 3358 hac
1677 3304 1786 3358 vita

203 3387 274 3441 ad
295 3389 592 3458 angelicam
612 3391 662 3445 vi
675 3399 804 3455 tam,
831 3399 1116 3462 antequam
1141 3406 1240 3464 per
1267 3393 1428 3449 istam
1445 3409 1789 3451 communem

204 3489 435 3536 mortem
459 3494 624 3535 carne
652 3479 914 3546 solvatur,
943 3481 1023 3536 sic
1049 3482 1196 3536 enim
1225 3493 1412 3554 raptus
1461 3492 1545 3540 est
1569 3484 1659 3553 qui
1686 3500 1786 3540 au-

203 3569 343 3625 divit
376 3567 484 3622 illic
506 3567 792 3623 ineﬂ‘abilia
820 3569 984 3623 verba
1024 3585 1145 3640 qua:
1187 3586 1294 3626 non
1319 3571 1448 3627 licet
1478 3573 1685 3627 homini
1711 3572 1788 3629 lo-

203 3657 323 3728 qui,
353 3656 442 3713 ubi
472 3673 641 3728 usque
669 3659 802 3712 adeo
829 3657 968 3713 facta
1005 3667 1089 3714 est
1137 3661 1203 3716 ab
1251 3661 1408 3730 hujus
1448 3663 1570 3717 vitae
1610 3664 1787 3718 sensi-

203 3754 311 3808 bus
345 3751 590 3822 quasdam
618 3751 932 3808 intentionis
957 3753 1199 3819 aversio,
1232 3763 1294 3810 ut
1321 3756 1434 3812 sive
1475 3757 1532 3812 in
1562 3773 1789 3827 corpore

206 3845 321 3899 sive
346 3851 500 3898 extra
527 3857 724 3912 corpus
752 3841 934 3910 fuerit,
959 3844 1012 3899 id
1037 3853 1142 3910 est,
1164 3854 1367 3911 utrum,
1399 3847 1538 3902 sicut
1567 3848 1702 3903 solet
1733 3849 1789 3904 in

205 3934 610 3990 vehementiore
629 3933 855 3999 exstasi,
873 3947 1025 3989 mens
1045 3935 1113 3990 ab
1135 3934 1237 3991 hac
1254 3937 1362 3991 vita
1381 3937 1432 3991 in
1457 3935 1602 3992 illam
1623 3938 1789 3994 vitam

206 4027 371 4082 fuerit
394 4027 624 4084 alienata
645 4036 897 4084 manente
920 4030 1164 4101 corporis
1203 4030 1435 4095 vinculo,
1469 4047 1537 4086 an
1571 4033 1791 4088 omnino

209 4116 468 4173 resolutio
496 4116 640 4173 facta
666 4117 848 4198 fuerit,
877 4118 1052 4189 qualis
1079 4119 1132 4174 in
1167 4118 1326 4190 plena
1360 4129 1536 4175 morte
1578 4121 1790 4175 contin-

210 4209 308 4280 git,
333 4210 544 4265 nescire
571 4225 629 4266 se
652 4210 875 4267 diceret.
929 4210 1008 4266 Ita
1056 4210 1118 4265 ﬁt
1151 4219 1289 4267 utet
1313 4211 1442 4267 illud
1483 4226 1671 4267 verum
1721 4213 1794 4268 sit

213 4298 356 4369 quod
384 4299 586 4356 dictum
612 4311 728 4368 est,
765 4320 784 4353 ι
822 4301 991 4356 Nemo
1020 4308 1196 4371 potest
1219 4299 1412 4357 faciem
1438 4317 1614 4358 meam
1645 4302 1791 4358 vide-

213 4407 274 4446 re
306 4399 362 4446 et
389 4391 590 4458 vivere,
613 4393 737 4463 quia
768 4407 989 4449 necesse
1027 4401 1112 4448 est
1152 4393 1391 4448 abstrahi
1431 4394 1499 4450 ab
1537 4394 1639 4450 hac
1681 4393 1792 4449 vita

213 4489 471 4548 mentem,
494 4482 709 4552 quando
739 4483 793 4538 in
817 4483 960 4539 illius
1002 4481 1424 4540 ineﬂ‘abilitatem
1446 4483 1668 4539 visionis
1698 4499 1787 4539 as-

1891 3296 2260 3354 commutabili
2289 3302 2541 3351 manente
2569 3301 2785 3348 natura.
2809 3290 2867 3346 Si
2896 3291 3095 3362 quaeris
3115 3300 3295 3345 utrum
3308 3290 3474 3345 etiam

1887 3388 2048 3444 sicuti
2069 3396 2154 3443 est
2212 3383 2500 3456 aliquando
2545 3381 2718 3454 possit
2764 3381 2956 3448 videri,
2988 3379 3309 3451 respondeo,
3351 3379 3476 3434 ﬁliis

1886 3481 1991 3538 hoc
2017 3495 2137 3538 esse
2165 3479 2515 3550 promissum,
2542 3477 2609 3531 de
2633 3474 2828 3545 quibus
2856 3473 3059 3529 dictum
3083 3480 3190 3537 est,
3220 3490 3238 3523 ι
3259 3470 3472 3526 Scimus

1887 3573 2013 3642 quia
2043 3586 2168 3628 cum
2195 3569 2526 3640 apparuerit,
2556 3564 2762 3621 similes
2789 3563 2839 3618 ei
2858 3563 3077 3624 erimus,
3111 3560 3367 3632 quoniam
3395 3560 3474 3613 vi—

1888 3663 2136 3718 debimus
2171 3675 2296 3714 eum
2318 3657 2477 3713 sicuti
2498 3664 2583 3711 est
2614 3654 2665 3726 (I
2691 3654 2850 3708 Joan.
2883 3668 2974 3718 ιιι,
3006 3651 3084 3723 2).
3121 3671 3140 3704 ι
3171 3650 3228 3706 ει
3277 3651 3475 3720 quaeris

1889 3754 2034 3810 unde
2063 3768 2188 3808 eum
2235 3751 2560 3812 videbimus,
2595 3747 2937 3816 respondeo:
2980 3745 3124 3799 unde
3161 3743 3336 3814 angeli
3390 3745 3476 3799 vi-

1890 3845 2038 3908 dent,
2070 3841 2266 3912 quibus
2292 3848 2422 3894 tunc.
2444 3839 2649 3894 erimus
2671 3831 2934 3906 aequales;
2959 3836 3101 3891 sicut
3120 3835 3263 3890 enim
3289 3835 3476 3890 viden-

1890 3946 1978 3993 tur
2009 3936 2109 3990 ista
2141 3949 2259 4003 qua:
2287 3931 2520 3987 visibilia
2547 3930 2915 3992 nominantur,
2959 3946 2978 3980 ι
3010 3927 3179 3982 Deum
3205 3941 3364 3982 nemo
3391 3925 3475 3980 vi-

1889 4028 1970 4084 dit
1995 4039 2231 4095 unquam
2257 4022 2439 4094 (Joan.
2467 4038 2505 4087 ι,
2538 4021 2645 4094 l8),
2676 4040 2694 4071 ι
2735 4033 2834 4074 nec
2853 4018 3024 4074 videri
3049 4027 3250 4088 potest,
3294 4036 3312 4068 ι
3342 4033 3477 4088 quo-

1891 4118 2035 4174 niam
2067 4116 2241 4170 lucem
2261 4113 2470 4168 habitat
2511 4110 2956 4176 inaccessibilem,
2995 4129 3014 4161 ›
3067 4117 3229 4165 etest
3284 4118 3476 4164 natura

1891 4208 2178 4265 invisibilis
2219 4208 2361 4262 sicut
2398 4203 2824 4274 incorruptibilis
2843 4217 2963 4273 quas
2994 4201 3288 4258 contextim
3329 4201 3475 4270 Apo-

1891 4301 2061 4356 stolus
2087 4299 2266 4371 posuit
2297 4298 2513 4363 dicens,
2551 4315 2569 4348 ι
2604 4294 2738 4367 Regi
2765 4304 2944 4350 autem
2990 4293 3310 4350 saeculorum
3341 4293 3478 4348 invi-

1890 4389 2055 4456 sibili,
2079 4387 2471 4460 incorruptibili
2489 4385 2538 4459 (1
2559 4385 2692 4440 Tim.
2712 4386 2879 4457 1,17),
2903 4405 2920 4437 ι
2939 4385 3062 4456 quia
3083 4384 3376 4440 sicutnnnc
3397 4384 3478 4440 in-

1892 4482 2201 4553 corruptilis
2225 4496 2323 4536 nec
2343 4489 2529 4550 postea
2553 4477 2878 4547 corruptilis,
2894 4478 2967 4532 ita
2987 4493 3094 4532 non
3113 4475 3286 4531 solum
3311 4491 3473 4544 nunc,

213 4575 486 4642 sumitur;
527 4584 584 4630 et
608 4591 715 4630 non
768 4575 840 4630 sit
882 4575 1195 4630 incredibile
1236 4577 1554 4644 quibusdam
1591 4576 1793 4632 sanctis
1818 4563 1870 4624 D
1896 4577 1992 4632 sed
2025 4577 2189 4632 etiam
2219 4589 2432 4644 semper
2453 4572 2756 4628 invisibilis.
2793 4569 2906 4626 Nec
2930 4570 2986 4625 in
3013 4569 3133 4626 loco
3160 4570 3303 4625 enim
3331 4569 3476 4626 vide-

213 4667 451 4722 nondum
477 4668 552 4722 ita
579 4667 843 4723 defunctis
871 4677 928 4722 nt
966 4668 1271 4738 sepelienda
1321 4668 1585 4724 cadavera
1620 4683 1798 4724 rema-

44 4771 68 4814 ῑς
101 4757 178 4823 Ἦ
214 4768 425 4826 nerent,
457 4761 618 4816 etiam
657 4761 814 4816 istam
851 4760 1224 4816 excellentiam
1263 4759 1604 4814 revelationis
1631 4757 1798 4815 fuisse

75 4873 91 4898 η
121 4859 132 4900 5
215 4839 750 4933 concessama’orro
775 4853 918 4924 quod
948 4852 1081 4906 dicit
1108 4850 1402 4920 Apostolus
1439 4851 1680 4906 scribens
1727 4851 1795 4906 ad

67 4939 176 5018 "‘
215 4947 481 5016 Ephesios
510 4945 723 5018 (Ephea.
751 4961 832 5008 III,
866 4943 953 5016 14)
990 4961 1003 4996 :
1041 4961 1058 4993 ι
1095 4942 1264 5013 Hujus
1299 4943 1378 4998 rei
1420 4941 1592 5012 gratia
1636 4940 1795 4997 ﬂecto

217 5049 391 5116 genua
421 5049 540 5090 mea
565 5033 632 5088 ad
654 5032 869 5087 Patrem
897 5031 1108 5086 Domini
1131 5030 1301 5084 nostri
1327 5028 1453 5086 Jesu
1481 5029 1702 5094 Christi,
1728 5045 1795 5085 ex

44 5137 66 5186 ξ’
91 5134 120 5172 ἰ
219 5143 329 5199 quo
353 5128 528 5182 omnis
550 5126 846 5197 paternitas
876 5125 930 5178 in
959 5123 1110 5179 ctelis
1138 5125 1268 5178 etin
1299 5133 1440 5178 terra
1464 5123 1793 5188 nominatur,

105 5219 134 5246 'c

61 5252 82 5265 ν

218 5231 282 5277 ιιι
313 5221 404 5277 det
432 5221 586 5278 vobis
607 5219 900 5277 secundum
932 5219 1146 5274 divitias
1186 5218 1369 5290 gloria:
1411 5235 1521 5275 suae
1545 5260 1561 5286 ,
1597 5219 1796 5274 virtute

47 5305 56 5342 τ
113 5315 118 5320 ’
143 5309 164 5322 ’“
221 5314 559 5372 corroborari
575 5328 672 5383 per
686 5311 933 5382 spiritum
955 5309 1072 5380 ejus
1093 5311 1144 5365 in
1167 5311 1476 5365 interiorem
1496 5311 1793 5374 hominem,

221 5407 468 5462 habitare
497 5405 771 5461 Christum
798 5418 896 5474 per
929 5401 1088 5456 fidem
1118 5401 1171 5455 in
1199 5401 1450 5456 cordibus
1471 5402 1666 5456 vestris
1692 5419 1704 5454 :
1740 5401 1795 5454 in

225 5498 487 5554 cbaritate
508 5495 728 5562 radicati
757 5503 812 5550 et
837 5493 1064 5558 fundati,
1079 5500 1138 5547 ut
1161 5491 1374 5562 possitis
1387 5490 1802 5560 comprehende-

227 5607 286 5647 re
309 5607 430 5646 cum
463 5589 710 5646 omnibus
735 5589 957 5652 sanctis,
997 5601 1115 5656 quae
1143 5586 1212 5640 sit
1249 5585 1473 5638 latitudo
1497 5593 1550 5638 et
1574 5584 1802 5654 longitu-

228 5686 297 5741 do
311 5694 367 5739 et
392 5683 689 5738 sublimitas
712 5691 762 5736 et
791 5679 1132 5753 profundum;
1161 5678 1302 5733 seire
1321 5677 1483 5732 etiam
1507 5676 1800 5746 superemi-

228 5782 448 5838 nentem
470 5773 710 5832 scientiae
733 5773 1052 5830 charitatem
1072 5768 1296 5838 Christi,
1313 5771 1372 5825 ut
1395 5767 1725 5841 impleamini
1744 5767 1801 5825 in

1899 4675 1987 4742 tur
2018 4668 2113 4723 sed
2152 4666 2351 4721 mundo
2378 4665 2572 4729 corde;
2597 4678 2698 4718 nec
2723 4660 3092 4731 corporalibus
3136 4659 3304 4715 oculis
3335 4675 3478 4730 qua:-

1900 4741 2060 4825 ri‘tur,
2082 4772 2182 4814 nec
2205 4758 2422 4814 auditur
2448 4754 2632 4820 aifatu,
2648 4769 2748 4810 nec
2768 4755 2998 4809 sentitur
3020 4753 3252 4808 incessu.
3281 4751 3475 4824 Unige-

1899 4851 2045 4906 nitus
2071 4858 2248 4905 autem
2267 4829 2572 4917 Filius,'qui
2593 4853 2677 4901 est
2704 4846 2758 4900 in
2789 4845 2906 4900 sinu
2932 4842 3130 4908 Patris,
3148 4842 3360 4898 deitatis
3387 4858 3476 4898 na-

1900 4953 2078 4999 turam
2104 4951 2265 5012 atque
2291 4939 2649 4997 substantiam
2677 4935 3047 4992 insonabiliter
3070 4943 3255 4989 narrat
3279 4945 3333 4991 et
3354 4935 3474 4990 ideo

1899 5034 2075 5104 dignis
2101 5033 2414 5101 idoneisque
2439 5039 2592 5086 tanto
2619 5035 2933 5098 conspectu,
2963 5027 3136 5083 oculis
3181 5028 3344 5084 etiam
3393 5029 3474 5081 in-

1897 5108 2183 5178 visibiliter
2212 5129 2493 5177 monstrat.
2519 5120 2622 5192 lpsi
2645 5120 2786 5176 enim
2832 5127 2958 5174 sunt
2992 5118 3132 5174 oculi
3181 5120 3248 5175 de
3279 5117 3474 5188 quibus

1897 5213 2186 5284 Apostolus
2234 5213 2384 5276 dicit,
2415 5230 2433 5262 ‹
2487 5211 2818 5266 llluminatos
2855 5209 3040 5265 oculos
3087 5209 3262 5265 cordis
3307 5207 3474 5261 vestri

1900 5305 2060 5378 (Eph.
2089 5323 2127 5370 ι,
2160 5305 2286 5375 l8);
2327 5324 2344 5355 ι
2381 5304 2444 5358 de
2469 5304 2660 5372 quibus
2698 5303 2933 5368 dicitur;
2969 5321 2988 5354 ι
3024 5302 3265 5357 lllumina
3288 5299 3474 5356 oculos

1897 5412 2048 5452 meos
2062 5411 2128 5451 ne
2142 5411 2375 5465 unquam
2393 5393 2724 5449 obdormiam
2749 5393 2804 5448 in
2825 5403 2998 5448 morte
3029 5388 3196 5462 (Psal.
3218 5404 3316 5453 χιι,
3337 5385 3393 5459 4)
3413 5404 3425 5440 :
3449 5405 3469 5439 ι

1898 5488 2156 5542 Dominus
2179 5486 2320 5540 enim
2347 5485 2567 5554 spiritus
2589 5493 2702 5548 est;
2736 5485 2877 5539 unde
2905 5483 2994 5552 qui
3025 5480 3262 5535 adhmret
3291 5473 3474 5532 Domi-

1896 5596 1988 5645 no,
2019 5595 2158 5634 unus
2198 5578 2420 5648 spiritus
2465 5584 2564 5630 est.
2612 5575 2841 5629 Proinde
2868 5575 2957 5643 qui
2989 5581 3162 5642 potest
3193 5572 3358 5625 Deum
3392 5569 3477 5623 in—

1895 5673 2177 5728 visibiliter
2219 5670 2424 5734 videre,
2457 5669 2569 5738 ipse
2591 5667 2700 5722 Deo
2739 5677 2916 5736 potest
2939 5662 3342 5734 incorporaliter
3382 5660 3478 5714 ad-
3607 5693 3620 5724 ,
3665 5701 3692 5718 ,,

1895 5768 2132 5838 haerere;
2154 5763 2323 5876 Porrp
2347 5762 2394 5821 si
2413 5777 2478 5820 ea
2505 5777 2626 5835 quae
2648 5761 2702 5817 in
2723 5761 2904 5816 animo
2927 5764 3112 5814 nostro
3137 5763 3262 5813 sunt
3283 5766 3476 5827 corpo-

3515 1115 3800 1182 1;},1I.,...\

3519 1218 3606 1286 Z7
