3956 6326
473 388 608 452 H79

1102 397 1160 451 Β.
1204 395 1456 451 RABANI
1492 395 1710 450 MAURI
1741 393 2058 452 ARCHIEP.
2098 395 2404 454 MOGUNT.
2440 394 2723 454 OPERUM
2755 393 2936 451 PARS
2971 395 3059 452 111.

3593 392 3734 447 Im

472 509 628 564 miles
653 508 878 572 erimus,
906 522 1029 577 quia
1059 517 1112 562 et
1141 523 1284 562 nunc
1313 509 1365 560 in
1415 515 1622 561 tantum
1650 521 1756 560 non
1801 505 2044 560 videmus
2069 510 2123 572 Α
2147 509 2596 574 consenserimus,
2636 508 3152 578 argumentationem
3200 519 3355 560 suam
3403 518 3476 559 ex
3539 510 3735 556 nostra

474 601 529 655 in
554 606 810 670 quantum
847 598 1132 654 dissimiles
1159 614 1360 653 sumus.
1389 598 1515 653 inde
1537 598 1698 668 igitur
1718 597 2038 664 videbimus,
2142 601 2492 670 responsione
2553 601 2895 656 concludant.
2960 600 3173 668 Quanto
3219 600 3333 669 jam
3383 597 3738 652 tolerabilius

472 691 614 746 unde
640 688 842 745 similes
868 690 1087 744 erimus.
1113 689 1244 756 Quis
1280 697 1460 743 autem
1494 689 1927 744 dementissimus
1961 689 2042 743 di-

472 781 614 835 xerit
636 794 864 850 corpore
890 795 989 835 nos
1033 780 1117 835 vel
1157 795 1276 835 esse
1300 779 1386 833 vel
1427 779 1638 835 futuros
1683 796 1803 836 esse
1840 780 2044 836 similes

475 868 629 924 Deo?
654 870 710 924 ln
739 869 995 925 interiore
1030 870 1211 940 itaque
1233 871 1450 925 homine
1477 871 1578 925 ista
1610 870 1904 926 similitudo
1927 880 2040 938 est;

476 961 568 1032 qui
605 970 896 1016 renovatur
931 963 983 1016 in
1006 961 1278 1032 agnitione
1301 961 1415 1024 Dei,
1440 962 1734 1016 secundum
1759 960 2047 1030 imaginem

475 1051 592 1120 ejus
616 1053 705 1122 qui
726 1053 930 1108 creavit
949 1066 1091 1117 eum,
1116 1060 1169 1107 et
1193 1061 1340 1106 tanto
1362 1049 1621 1106 efﬁcimur
1641 1051 1924 1106 similiores
1947 1051 2045 1117 illi,

476 1151 678 1211 quanto
709 1143 878 1213 magis
908 1143 960 1196 in
997 1143 1113 1212 ejus
1138 1141 1443 1210 cognitione
1462 1152 1515 1196 et
1539 1143 1804 1196 charitate
1829 1142 2047 1210 profici-

476 1249 616 1298 mus,
639 1234 762 1302 quia
779 1235 880 1288 etsi
905 1235 1143 1288 exterior
1166 1233 1324 1287 homo
1349 1241 1533 1285 noster
1553 1232 1938 1302 corrumpitur,
1953 1231 2048 1286 sed

478 1322 702 1377 interior
731 1333 1016 1378 renovatur
1039 1323 1104 1377 de
1130 1323 1218 1376 die
1245 1322 1298 1375 in
1324 1322 1486 1376 diem.
1518 1321 1596 1375 lta
1629 1337 1759 1376 sane
1786 1330 1842 1374 ut
1865 1321 1918 1374 in
1948 1321 2051 1374 hac

475 1413 588 1467 vita
616 1424 1059 1483 quantuscunque
1089 1413 1362 1482 profectus
1391 1411 1481 1476 sit,
1519 1410 1674 1482 longe
1701 1412 1841 1465 absit
1867 1411 1932 1464 ab
1959 1411 2050 1464 illa

474 1498 806 1570 perfectione
846 1501 1215 1556 similitudinis
1258 1515 1376 1569 quin
1441 1499 1636 1553 idonea
1687 1499 1793 1552 erit
1853 1498 1922 1552 ad
1966 1497 2049 1550 vi-

478 1591 707 1645 dendum
739 1591 930 1656 Deum,
958 1592 1096 1646 sicut
1121 1591 1251 1645 dicit
1268 1589 1584 1660 Apostolus;
1620 1605 1637 1639 ι
1667 1588 1826 1642 Facie
1865 1586 1933 1640 ad
1972 1585 2052 1639 fa-

477 1683 615 1738 ciem
643 1682 691 1753 (1
717 1682 840 1738 Cor.
865 1699 882 1737 1
905 1723 919 1749 ,
947 1683 1054 1754 l9).
1079 1701 1097 1733 ι
1125 1681 1182 1735 In
1204 1681 1400 1751 quibus
1425 1689 1570 1735 certe
1594 1679 1771 1734 verbis
1791 1678 1835 1732 si
1855 1693 2052 1748 corpo-

479 1773 643 1828 ralem
671 1773 864 1829 faciem
911 1773 1237 1828 voluerimus
1277 1773 1542 1842 accipere,
1575 1785 1911 1841 consequens
1949 1770 2054 1824 erit

2144 693 2412 764 desipiunt
2450 695 2542 764 qui
2583 710 2804 750 carnem
2842 701 3090 748 asserunt
3128 705 3468 747 emersuram
3510 690 3576 743 in
3615 689 3740 743 sub-

2145 784 2394 839 stantiam
2425 783 2541 846 Dei,
2573 793 2628 839 et
2654 783 2756 840 hoc
2791 784 3028 838 futuram
3050 797 3170 837 esse
3195 781 3339 851 quod
3363 780 3520 834 Deus
3547 787 3660 840 est,
3683 787 3742 830 ut

2146 874 2224 930 sic
2247 889 2365 929 eam
2393 875 2582 930 saltem
2605 875 2837 930 videndo
2862 873 3063 929 faciant
3091 873 3356 934 idoneam,
3397 885 3558 925 nunc
3587 877 3738 922 tanta

2146 965 2455 1021 diversitate
2485 965 2818 1020 dissimilem.
2853 963 3024 1031 Quam
3058 963 3351 1016 vanitatem
3397 960 3581 1015 credo
3611 958 3744 1012 istos

2148 1057 2344 1124 habere
2372 1072 2402 1110 a
2429 1057 2532 1111 fide
2561 1055 2921 1121 sua,fortasse
2940 1063 2995 1109 et
3023 1055 3092 1109 ab
3115 1039 3354 1108 auribus.
3381 1051 3456 1105 Et
3483 1062 3680 1104 tamen
3703 1048 3744 1100 si

2150 1149 2564 1218 interrogatione
2603 1147 2669 1202 de
2696 1149 2800 1202 hoc
2831 1145 3079 1200 similiter
3112 1154 3412 1214 urgeantur
3435 1182 3451 1206 ,
3489 1139 3748 1211 possitne

2149 1240 2253 1295 hoc
2295 1239 2434 1294 Deus
2473 1254 2542 1292 an
2589 1253 2696 1292 non
2741 1236 2912 1306 possit
2955 1233 3199 1296 efficere;
3238 1241 3425 1287 utrum
3473 1231 3604 1299 ejus
3648 1243 3744 1295 po-

2151 1331 2333 1386 testati
2381 1329 2684 1392 detrahent,
2732 1329 2776 1383 si
2827 1341 2932 1380 non
2982 1341 3139 1396 posse
3195 1320 3626 1393 responderint,
3683 1333 3746 1369 an

2153 1421 2254 1475 hoc
2305 1419 2544 1474 futurum
2606 1418 2949 1481 fatebuntur,
3001 1415 3048 1470 si
3092 1429 3250 1484 posse
3313 1407 3751 1467 consenserint?

2152 1512 2428 1581 Quomodo
2475 1525 2603 1581 ergo
2645 1510 2855 1565 exirent
2886 1509 2952 1564 de
2999 1508 3101 1562 hoc
3148 1506 3342 1576 laqueo
3397 1503 3611 1566 alieno,
3671 1499 3744 1553 sic

2152 1610 2346 1657 exeant
2392 1603 2459 1656 de
2506 1617 2620 1656 suo.
2680 1601 2881 1656 Deinde
2929 1615 3027 1655 cur
3082 1597 3212 1652 solis
3269 1594 3451 1650 oculis
3495 1592 3748 1660 corporis

2107 1763 2114 1768 _
2153 1693 2352 1748 Christi
2383 1695 2486 1747 hoc
2511 1693 2710 1748 donum
2735 1692 3053 1746 attributum
3084 1705 3206 1744 esse
3230 1686 3602 1746 contendunt,
3641 1697 3742 1735 non

2155 1785 2314 1838 etiam
2363 1783 2572 1839 caeteris
2617 1783 2904 1838 sensibus?
2943 1781 3120 1836 Sonus
3145 1796 3276 1850 ergo
3309 1779 3420 1833 erit
3469 1776 3643 1837 Deus,
3689 1783 3746 1826 ut

477 1877 538 1922 ut
574 1868 736 1922 etiam
772 1867 913 1922 Deus
969 1866 1129 1921 talem
1157 1865 1356 1920 habeat
1384 1865 1574 1920 faciem
1623 1874 1682 1918 ut
1725 1863 1796 1918 sit
1835 1863 2049 1932 aliquod
2079 1866 2124 1924 B
2151 1874 2320 1944 possit
2342 1875 2504 1928 etiam
2537 1873 2758 1928 auribus
2780 1872 3085 1942 pel-cipue:
3109 1869 3309 1925 halitus
3336 1869 3470 1930 erit,
3492 1877 3554 1920 ut
3583 1864 3745 1935 possit

479 1961 820 2017 intervallum
886 1962 1026 2016 inter
1083 1968 1324 2016 nostram
1387 1969 1440 2014 et
1500 1960 1687 2029 ipsius,
1751 1974 1874 2013 cum
1931 1972 2054 2012 eum
2155 1968 2354 2022 olfactu
2395 1967 2704 2021 sentix-Net
2742 1966 2917 2035 liquor
2953 1964 3149 2033 aliquis
3190 1964 3339 2026 erit,
3390 1971 3459 2014 ut
3500 1959 3746 2030 possitet

477 2051 780 2107 videbimus
809 2051 947 2106 facie
973 2053 1040 2106 ad
1062 2052 1256 2106 faciem
1281 2070 1294 2104 :
1329 2060 1383 2105 et
1410 2052 1455 2106 si
1477 2050 1841 2113 intervallum,
1870 2051 2056 2118 utique
2155 2059 2305 2114 bibi?
2329 2067 2383 2114 ει
2411 2058 2581 2114 moles
2601 2058 2728 2123 erit,
2750 2065 2808 2110 ut
2833 2056 3004 2127 possit
3021 2065 3074 2109 et
3105 2054 3285 2124 tangi?
3306 2051 3454 2114 Non,
3477 2051 3744 2120 inquiunt.

481 2143 605 2200 finis
625 2151 679 2200 et
693 2145 1055 2200 membrorum
1071 2143 1289 2198 habitus
1301 2151 1356 2198 et
1371 2143 1653 2207 terminus,
1676 2152 1807 2206 etc.,
1827 2140 2058 2196 absurda
2159 2151 2297 2218 Quid
2324 2151 2488 2223 ergo?
2514 2150 2597 2204 Αη
2619 2147 2750 2203 illud
2771 2154 2954 2217 potest
2981 2147 3142 2210 Deus,
3166 2154 3222 2200 ei
3246 2145 3352 2198 hoc
3383 2159 3500 2197 non
3531 2141 3748 2211 potest?

482 2235 734 2305 dictuque
781 2243 836 2290 et
878 2237 1116 2306 cogitatu
1156 2236 1354 2306 impia,
1397 2236 1592 2306 quibus
1622 2233 1868 2289 animalis
1899 2234 2060 2288 homo
2162 2242 2217 2298 si
2265 2259 2370 2299 non
2410 2257 2568 2312 posse
2603 2241 2861 2305 dixerint,
2891 2255 2990 2295 cur
3031 2238 3292 2307 derogant
3331 2235 3746 2304 omnipotentiae

483 2343 590 2382 non
623 2329 924 2398 percipiens
950 2342 1070 2396 quae
1108 2338 1232 2381 sunt
1268 2325 1502 2396 Spiritus
1535 2325 1662 2390 Dei,
1703 2323 2062 2378 fallacissimis
2161 2333 2290 2390 Dei?
2322 2332 2380 2388 Si
2406 2335 2563 2404 posse
2591 2341 2645 2388 ει
2680 2331 2822 2387 noue
2851 2329 3248 2400 responderim,
3282 2344 3384 2383 cur
3420 2326 3562 2381 solis
3589 2325 3820 2404 oculis:
3857 2369 3860 2376 ι
3895 2389 3904 2394 .

400 2447 444 2512 φ
483 2393 812 2472 vanitatibus
859 2393 1365 2483 illuditurLDicunt
1407 2417 1550 2471 enim
1589 2416 1804 2487 quidam
1850 2429 2061 2480 eorum,
2161 2427 2379 2491 favent,
2406 2393 2656 2512 invident
2706 2432 2887 2480 autem
2941 2393 3159 2478 ogleris
3201 2393 3463 2475 sonsibus
3509 2393 3814 2500 corporis:

485 2509 576 2577 qui
607 2509 729 2563 talia
755 2511 1022 2582 garriunt,
1058 2509 1198 2564 sicut
1233 2510 1300 2564 ad
1324 2523 1409 2563 me
1433 2509 1607 2578 potuit
1631 2508 1932 2578 pervenire,
1966 2523 2064 2562 nos

2166 2495 2559 2588 ειπίειίεοξιιωο
2599 2519 2665 2574 de
2701 2515 2974 2588 opusculis
3016 2513 3074 2569 s.
3120 2512 3450 2584 Augustini,
3481 2508 3748 2564 Ambrosii
3763 2493 3818 2548 '-'-
3853 2583 3856 2588 ι
3916 2493 3941 2588 Α)

501 2565 516 2577 ι
755 2565 785 2582 υ
1011 2565 1021 2574 ι
1433 2565 1452 2578 .
1631 2565 1647 2578 .
1919 2565 1930 2572 .
2168 2565 2388 2575 ..-.-.---.
2434 2565 2558 2574 --.η
2602 2565 2664 2574 _-
2705 2565 2971 2588 -,_--__-_
3027 2565 3072 2569 ν
3120 2565 3254 2584 rev,
3433 2565 3450 2577 ,
3853 2583 3856 2588 Ι
3911 2579 3936 2596 ί

485 2600 652 2655 “eum
681 2602 883 2667 Videre,
908 2617 1052 2657 """c
1076 2611 1254 2657 meme
1281 2610 1408 2656 “me
1436 2615 1678 2671 οοτβοτθι
1711 2601 1788 2655 “3
1816 2610 1876 2655 υἱ
1901 2601 2064 2656 “iam
2165 2631 2324 2671 atque
2343 2565 2671 2671 ~li‘ieronvmi
2700 2615 3082 2671 eitcernsimus.
3106 2611 3259 2667 Nunc
3282 2609 3418 2671 quid
3447 2610 3518 2663 de
3551 2608 3752 2661 visione
3773 2621 3794 2634 -
3829 2627 3834 2632 ·

487 2697 679 2767 impios
711 2713 830 2752 cum
857 2699 973 2768 pari
1003 2698 1162 2754 modo
1191 2706 1505 2753 asseverent
1537 2712 1656 2752 esse
1683 2700 1914 2752 visuros.
1935 2696 2066 2752 Vide

486 2797 746 2859 quantum
787 2790 938 2861 pejus
973 2789 1320 2861 profecerunt
1353 2790 1480 2845 dum
1509 2790 1626 2845 sine
1655 2789 1825 2845 limite
1857 2789 2067 2845 timoris

485 2883 571 2939 vel
597 2884 816 2954 pudoris
853 2884 956 2940 hac
994 2894 1154 2954 atque
1195 2885 1297 2940 hac
1339 2882 1656 2953 vagabunda
1698 2880 1866 2936 fertur
1897 2882 2068 2951 impu-

486 2976 599 3030 nita
636 2977 956 3046 loquacitas.
1001 2977 1172 3032 Antea
1221 2977 1470 3032 dicebant
1512 2974 1662 3030 carni
1706 2990 1816 3030 suae
1859 2982 2068 3028 tantum

489 3071 592 3126 hoc
615 3071 934 3139 praestitisse
960 3071 1235 3127 Christum
1263 3080 1322 3125 ut
1353 3071 1629 3141 corporeis
1662 3070 1835 3126 oculis
1861 3071 2069 3126 videret

489 3158 682 3224 Deum,
697 3160 891 3215 deinde
911 3160 1234 3215 addiderunt
1254 3159 1418 3214 etiam
1439 3173 1627 3213 omnes
1651 3168 1886 3225 sanctos,
1911 3172 2067 3214 rece-

488 3252 598 3322 ptis
627 3252 679 3305 in
709 3253 1104 3307 resurrectione
1125 3251 1465 3322 corporibus,
1484 3251 1673 3306 eodem
1709 3252 1868 3308 modo
1899 3253 2067 3308 Deum
2095 3220 2139 3282 Ο

491 3355 612 3395 esse
646 3341 874 3396 visuros.
916 3340 1068 3395 Nunc
1105 3341 1217 3410 jam
1257 3340 1416 3394 istam
1459 3340 1874 3410 possibilitatem
1902 3341 2068 3397 etiam

493 3429 675 3498 impiis
703 3430 1057 3486 donaverunt.
1083 3429 1294 3485 Donent
1311 3444 1440 3485 sane
1473 3439 1732 3502 quantum
1767 3432 1988 3499 volunt,
2016 3441 2072 3488 et

495 3520 691 3588 quibus
725 3519 931 3576 volunt.
961 3519 1094 3574 Nam
1125 3521 1245 3591 quis
1269 3520 1466 3576 audeat
1491 3523 1862 3579 contradicere
1891 3524 2070 3580 homi-

497 3611 654 3667 nibus
689 3610 756 3668 de
792 3628 890 3667 suo
919 3613 1274 3668 donantibus?
1302 3613 1393 3684 qui
1421 3613 1566 3667 enim
1591 3613 1828 3683 loquitur
1851 3615 2073 3670 menda-

491 3704 641 3760 .ciu-m
671 3703 739 3760 de
767 3719 865 3761 suo
893 3704 1130 3776 loquitur
1158 3723 1172 3760 :
1207 3713 1263 3760 tu
1291 3713 1470 3759 autem
1496 3720 1620 3760 cum
1645 3705 1729 3761 his
1760 3706 1850 3775 qui
1883 3721 2071 3763 sanam

501 3795 801 3852 doctrinam
830 3806 1034 3864 tenent,
1069 3795 1203 3852 nihil
1235 3797 1463 3852 istorum
1496 3796 1696 3852 audeas
1721 3812 1982 3868 usurpare
2007 3798 2072 3853 de

501 3897 612 3946 tuo.
644 3888 750 3947 Sed
776 3906 896 3946 cum
925 3890 1056 3962 legis
1083 3905 1099 3945 :
1133 3908 1153 3941 ι
1192 3889 1342 3945 Beati
1379 3890 1579 3946 mundo
1609 3892 1788 3957 corde,
1818 3892 2072 3962 quoniam

500 3981 604 4051 ipsi
641 3979 808 4038 Deum
842 3961 1103 4037 videbunt
1150 3979 1364 4053 (Matth.
1392 3997 1464 4047 v,
1503 3980 1591 4052 8),
1637 4000 1656 4033 ι
1705 3961 1940 4052 intelligo
1975 3981 2073 4036 im-

497 4073 615 4144 pios
648 4089 755 4128 non
799 4074 1044 4139 visuros,
1093 4087 1269 4143 neque
1310 4072 1454 4128 enim
1487 4072 1632 4127 beati
1671 4075 1872 4128 mundo
1911 4073 2074 4129 corde

499 4176 625 4220 sunt
651 4167 820 4236 impii.
851 4166 982 4222 Item
1020 4182 1144 4222 cum
1167 4166 1343 4238 legis:
1385 4185 1405 4218 ι
1450 4165 1765 4221 Videbimus
1805 4182 1948 4221 nunc
1976 4181 2074 4236 per

499 4258 774 4330 speculum
803 4260 856 4314 in
893 4260 1197 4331 aenigmate,
1228 4269 1357 4316 tunc
1389 4268 1570 4315 autem
1598 4258 1737 4315 facie
1777 4259 1843 4314 ad
1878 4258 2073 4316 faciem

498 4348 566 4422 (Ι
594 4347 717 4404 Cor.
749 4366 883 4415 χιιι,
916 4351 1046 4421 l2),
1095 4371 1114 4404 ι
1150 4351 1291 4406 unde
1321 4366 1464 4406 nunc
1491 4351 1736 4407 videmus
1761 4367 1861 4418 per
1883 4366 2074 4422 specu-

455 4520 466 4529 .
496 4443 610 4501 lum
641 4446 695 4500 in
725 4445 1027 4517 aenigmate,
1064 4446 1187 4502 inde
1227 4455 1354 4503 tunc
1395 4447 1696 4502 videbimus
1725 4445 1860 4502 facie
1903 4447 1968 4502 ad
1991 4444 2073 4500 fa-

499 4537 656 4594 ciem.
680 4536 794 4593 Hoc
814 4548 994 4593 autem
1017 4547 1303 4609 utrumque
1325 4539 1597 4596 interioris
1621 4540 1856 4596 hominis
1876 4555 2072 4595 munus

498 4643 600 4698 est,
629 4633 738 4686 sive
765 4647 888 4687 cum
915 4632 967 4686 in
989 4632 1094 4688 ista
1119 4632 1551 4702 peregrinatione
1576 4633 1753 4688 adhuc
1782 4647 1880 4702 per
1908 4633 2068 4688 fidem

501 4722 826 4787 ambulatur,
846 4723 901 4777 in
922 4739 1027 4793 qua
1050 4723 1218 4778 utitur
1239 4723 1454 4794 speculo
1475 4733 1528 4779 et
1557 4724 1862 4795 aenigmate,
1879 4723 1995 4779 sive
2013 4724 2069 4780 in

499 4815 591 4870 illa
638 4817 808 4886 patria
857 4831 978 4872 cum
1023 4831 1120 4887 per
1162 4816 1394 4886 speciem
1449 4816 1921 4886 contemplabitur,
1971 4831 2070 4885 pro

441 4947 484 5000 ι)
501 4922 606 4977 qua
632 4907 836 4963 visione
863 4908 1095 4978 positum
1121 4916 1223 4975 est,
1261 4925 1279 4960 ι
1312 4907 1450 4964 facie
1473 4909 1541 4964 ad
1571 4907 1785 4964 faciem.
1824 4901 2073 4984 iLA_t_tdiat

501 5017 628 5057 caro
667 5001 975 5057 carnalibus
1016 5002 1432 5073 cogitationibus
1476 5001 1628 5056 ebria
1661 5015 1676 5055 :
1717 5001 1952 5071 Spiritus
1985 5007 2072 5056 est

502 5090 665 5156 Deus,
695 5100 750 5146 et
773 5092 891 5150 ideo
910 5092 1000 5162 qui
1023 5093 1252 5148 adorant
1277 5092 1444 5147 Deum
1473 5092 1526 5147 in
1557 5092 1749 5163 spiritu
1772 5101 1826 5146 et
1848 5092 2074 5147 veritate

487 5179 726 5237 adorare
767 5193 999 5255 Oportet.
1043 5184 1100 5238 Si
1139 5183 1368 5238 adorare
1392 5193 1621 5253 oportet,
1660 5191 1860 5253 quanto
1904 5183 2076 5254 magis

505 5272 717 5328 videre?
746 5273 877 5341 Quis
900 5273 1043 5328 enim
1082 5275 1274 5329 audeat
1303 5273 1571 5329 afﬁrmare
1595 5274 1691 5328 Dei
1715 5274 2072 5328 substantiam

501 5367 854 5436 corporaliter
869 5365 1034 5420 videri
1055 5405 1070 5430 ,
1105 5381 1224 5419 cum
1261 5381 1379 5420 eam
1401 5365 1752 5436 corporaliter
1779 5366 1949 5422 noluit
1976 5367 2073 5422 ad-

499 5457 680 5511 orari?
701 5455 806 5512 Sed
837 5465 1024 5527 argute
1049 5455 1150 5510 sibi
1169 5457 1416 5512 videntur
1442 5458 1623 5514 dicere
1642 5466 1697 5512 et
1723 5459 1874 5528 quasi
1903 5459 2074 5513 inter-

504 5550 742 5620 rogando
795 5562 1076 5618 proruere:
1111 5547 1291 5602 Potuit
1339 5559 1594 5619 praestare
1638 5550 1884 5606 Christus
1925 5551 2074 5604 carni

501 5653 613 5693 suae
645 5647 702 5691 ut
738 5638 908 5712 oculis
933 5641 1207 5708 corporeis
1241 5640 1446 5695 videret
1475 5641 1710 5706 Patrem,
1738 5657 1804 5696 an
1849 5657 1953 5695 non
1982 5656 2075 5710 po-

503 5729 640 5784 tuit?
658 5738 715 5782 ut
741 5731 784 5784 si
815 5745 918 5784 non
943 5732 1179 5798 potuisse
1208 5733 1659 5800 responderimus,
1677 5735 2076 5804 omnipotentia:

504 5817 602 5880 Dei
652 5834 750 5874 nos
796 5820 1081 5888 dcrogasse
1123 5825 1484 5894 proclament;
1521 5825 1567 5879 si
1615 5834 1791 5880 autem
1839 5828 2078 5896 potuisse

2165 2631 2324 2689 atque
2343 2608 2671 2688 Tiieronymi
2700 2615 3082 2686 eitcerpsimus.
3106 2611 3259 2667 Nunc
3282 2609 3418 2681 quid
3447 2610 3518 2663 de
3551 2608 3752 2661 visione
3773 2621 3794 2634 -
3829 2627 3834 2632 ·

2165 2709 2260 2764 Dei
2291 2707 2468 2762 futura
2497 2706 2559 2760 Β.
2583 2707 2876 2777 Gregorius
2897 2703 3129 2759 senserit
3155 2709 3568 2770 consequenter
3593 2711 3752 2768 pone-

2166 2815 2320 2863 mus,
2346 2798 2439 2867 qui
2469 2798 2522 2852 in
2553 2797 2888 2867 expositione
2930 2793 3073 2849 beati
3112 2790 3212 2847 Job
3252 2790 3396 2845 libro
3433 2799 3639 2845 octavo
3661 2789 3750 2841 de-

2167 2888 2330 2951 cimo,
2357 2887 2482 2941 dum
2505 2887 2571 2941 de
2591 2886 2799 2942 visione
2818 2884 3011 2939 divinae
3037 2882 3284 2939 essentia:
3309 2889 3580 2936 tractaret
3615 2880 3748 2933 illam

2168 2978 2489 3033 sententiam
2547 2977 2615 3031 de
2665 2976 2802 3031 libro
2842 2974 3013 3028 Exodi
3057 2988 3218 3044 quam
3268 2971 3548 3028 Dominus
3586 2971 3748 3040 Moysi

2167 3070 2369 3142 petenti
2416 3076 2474 3122 ut
2524 3068 2572 3122 ei
2621 3065 2991 3122 manifestaret
3037 3066 3412 3134 semetipsum,
3469 3061 3750 3118 manifeste

2169 3161 2390 3234 protulit
2415 3161 2470 3215 in
2497 3159 2731 3215 medium
2758 3159 2960 3214 dicens.
2988 3155 3122 3212 Huic
3150 3156 3450 3213 Dominica
3471 3154 3746 3210 sententi:

2170 3269 2275 3324 qua
2299 3253 2366 3307 ad
2387 3251 2604 3323 Moysen
2625 3251 2854 3306 dicitur:
2887 3268 2904 3300 ι
2929 3247 3042 3304 Non
3071 3248 3215 3302 enim
3241 3247 3454 3302 videbit
3485 3262 3576 3301 me
3597 3246 3748 3299 homo

2169 3354 2224 3400 et
2253 3345 2396 3400 vivet
2423 3343 2617 3416 (Exod.
2647 3359 2840 3408 χχχιιι,
2870 3342 2984 3414 20),
3021 3361 3040 3393 ι
3081 3339 3344 3397 Joannem
3369 3339 3506 3394 audi
3533 3353 3754 3394 conuu-

2169 3436 2425 3502 dantem,
2487 3435 2578 3506 qui
2637 3435 2715 3489 ait
2761 3453 2775 3488 :

2173 3527 2352 3600 (Joan.
2383 3544 2433 3596 ι,
2463 3528 2540 3599 8).
2579 3548 2598 3581 ι
2641 3525 2749 3583 Sed
2787 3525 2909 3582 cum
2948 3526 3277 3582 Testamenti
3316 3525 3543 3580 Veteris
3575 3535 3751 3595 putres
3779 3539 3810 3568 ν

2171 3623 2403 3687 intueor,
2449 3615 2646 3676 multos
2693 3621 2904 3686 horum,
2955 3628 3112 3684 teste,
3131 3619 3246 3690 ipsa
3288 3633 3471 3673 sacra:
3513 3617 3750 3672 lectionis

2172 3713 2422 3779 historia,
2455 3712 2624 3767 Deum
2645 3712 2843 3766 vidisse
2869 3724 3151 3782 cognosco.
3179 3707 3330 3763 Vidit
3351 3709 3560 3778 quippe
3589 3705 3750 3760 Jacob

2172 3804 2481 3870 Dominum,
2505 3803 2601 3874 qui
2625 3803 2734 3858 ait:
2773 3821 2791 3853 ι
2826 3801 2946 3857 Vidi
2969 3800 3251 3857 Dominum
3275 3798 3416 3854 facie
3439 3798 3514 3852 ad
3539 3797 3747 3858 facian,

2171 3903 2226 3950 et
2271 3895 2418 3951 salva
2459 3895 2604 3950 facta
2649 3901 2732 3949 est
2769 3893 2948 3948 anima
2990 3906 3111 3946 mea
3149 3889 3298 3963 (Gen.
3351 3905 3538 3948 χχχιι,
3579 3888 3690 3958 50).
3729 3907 3744 3938 ι

2173 3984 2320 4040 Vidit
2344 3985 2554 4056 Moyses
2583 3986 2893 4052 Dominum,
2919 3984 2984 4040 de
3009 3998 3117 4055 quo
3145 3983 3406 4053 scriptum
3428 3993 3523 4037 est
3554 4001 3569 4034 :
3603 4001 3622 4031 ι
3657 3981 3750 4034 Lo-

2172 4078 2438 4146 quebatur
2465 4079 2723 4134 Dominus
2751 4077 2818 4132 ad
2847 4076 3065 4148 Moysen
3094 4074 3235 4131 facie
3264 4077 3332 4131 ad
3365 4075 3594 4141 faciem,
3621 4077 3750 4128 sicut

2173 4169 2315 4240 loqui
2332 4170 2470 4225 solet
2488 4170 2651 4224 homo
2662 4169 2730 4224 ad
2743 4170 2976 4224 amicum
2995 4183 3150 4223 suum
3164 4167 3364 4238 (Exod.
3382 4183 3584 4232 χχχιιι,
3603 4170 3626 4221 l
3643 4169 3660 4220 Ι
3673 4181 3708 4236 ι.
3730 4185 3746 4216 ι

2179 4260 2319 4317 Vidit
2357 4259 2458 4316 Job
2483 4260 2793 4326 Dominum,
2823 4260 2914 4330 qui
2941 4260 3018 4314 ait
3046 4279 3058 4313 :
3096 4280 3114 4310 ‹
3147 4259 3348 4314 Auditu
3384 4261 3542 4314 auris
3579 4259 3754 4312 audivi

2174 4360 2245 4420 te,
2277 4367 2419 4408 nunc
2439 4361 2620 4408 autem
2647 4351 2837 4408 oculus
2857 4364 3012 4406 meus
3031 4350 3178 4406 videt
3203 4360 3256 4405 te
3277 4349 3421 4421 (Job.
3451 4366 3594 4412 nu,
3621 4350 3700 4416 ὸς.
3733 4368 3750 4399 ι

2174 4441 2320 4499 Vidit
2356 4443 2519 4500 Isaias
2549 4444 2834 4500 Dominum
2857 4484 2872 4509 ,
2903 4443 2995 4514 qui
3025 4443 3100 4498 ait
3125 4461 3139 4497 :
3168 4462 3188 4494 ι
3213 4441 3276 4498 ιιι
3300 4457 3448 4497 anno
3475 4459 3592 4513 quo
3613 4459 3758 4499 inor-

2175 4544 2300 4592 tuus
2323 4545 2408 4592 est
2428 4553 2522 4592 rex
2542 4536 2702 4594 Ozias
2727 4537 2836 4593 vidi
2858 4537 3148 4592 Dominum
3173 4536 3453 4591 sedentem
3479 4552 3652 4607 super
3677 4551 3760 4589 so-

2176 4628 2304 4682 lium
2332 4629 2606 4684 excelsum
2646 4637 2701 4683 et
2729 4628 2994 4684 elevatum
3025 4626 3158 4699 (lsa.
3200 4642 3274 4693 vr,
3313 4626 3389 4697 1).
3427 4646 3446 4678 ι
3485 4625 3642 4680 Vidit
3671 4625 3760 4680 li-

2175 4720 2354 4776 chaaas
2383 4719 2697 4784 Dominum,
2733 4719 2824 4790 qui
2865 4719 2941 4774 ait
2971 4733 2986 4773 :
3020 4736 3039 4770 ι
3083 4718 3203 4774 Vidi
3230 4718 3528 4773 Dominum
3571 4718 3761 4772 seden-

2175 4821 2283 4866 tem
2310 4825 2470 4882 super
2505 4810 2696 4866 solium
2740 4826 2894 4865 suum
2919 4819 2974 4866 et
3018 4823 3233 4864 omnem
3275 4808 3592 4864 exercitum
3637 4807 3760 4862 ωειι

2176 4905 2518 4961 assistentcm
2545 4905 2648 4960 eia
2676 4903 2882 4960 dextris
2898 4911 2954 4959 et
2983 4919 3014 4958 a
3035 4903 3272 4958 sinistris
3299 4901 3411 4974 (II.
3439 4898 3583 4955 Par.
3605 4917 3762 4964 xmi,

2178 4997 2308 5069 l8).
2341 5017 2360 5050 ι
2410 4997 2549 5064 Quid
2585 5006 2668 5052 est
2713 5011 2841 5068 ergo
2879 4995 3024 5066 quod
3055 5003 3131 5050 tot
3171 4994 3516 5050 Testameuti
3550 4993 3762 5049 Veteris

2181 5086 2365 5144 Patres
2423 5087 2602 5158 Deum
2666 5103 2725 5143 se
2788 5086 2985 5142 vidisse
3035 5085 3215 5140 testati
3273 5095 3401 5141 sunt
3449 5094 3512 5139 et
3581 5096 3760 5139 tam

2177 5181 2290 5251 ipse
2323 5180 2402 5235 ait
2452 5157 2694 5244 :CNon
2723 5179 2883 5251 enim
2921 5176 3126 5234 videbit
3168 5192 3256 5232 me
3303 5178 3468 5234 homo
3511 5187 3570 5233 et
3617 5177 3762 5230 vivet

2178 5245 2376 5342 (Exod.
2399 5287 2592 5336 χχχιιι,
2616 5245 2790 5356 20)};
2819 5279 2873 5326 et
2900 5269 3128 5326 Ioannes
3160 5270 3236 5324 ait
3263 5310 3277 5324 .
3327 5288 3347 5322 ι
3391 5270 3570 5324 Deum
3603 5285 3762 5325 nemo

2178 5364 2313 5419 vidit
2337 5378 2575 5433 unquam
2597 5361 2779 5434 (Joan.
2819 5379 2858 5427 ι,
2879 5361 2971 5434 8)?
3003 5381 3023 5414 ι
3057 5362 3158 5417 nisi
3197 5361 3299 5418 hoc
3321 5364 3470 5431 quod
3507 5371 3764 5433 patenter

2181 5455 2338 5510 datur
2379 5454 2622 5524 intelligi,
2653 5454 2778 5523 quia
2819 5452 3058 5523 quandiu
3095 5452 3183 5508 hic
3213 5452 3522 5508 mortaliter
3559 5453 3764 5507 vivitur

2183 5547 2351 5602 videri
2389 5563 2484 5617 per
2524 5545 2784 5616 quasdam
2818 5546 3077 5616 imagines
3105 5544 3246 5599 Deus
3285 5556 3486 5615 potest,
3525 5545 3624 5601 sed
3661 5559 3764 5614 per

2182 5639 2350 5708 ipsam
2389 5647 2594 5691 natura:
2641 5652 2750 5691 suae
2793 5636 3026 5706 speciem
3069 5652 3173 5690 non
3219 5645 3429 5705 potest,
3473 5645 3536 5690 ut
3577 5637 3760 5690 anim

2180 5730 2352 5800 gratia
2379 5728 2610 5798 Spiritus
2633 5725 2806 5782 afflata
2828 5743 2924 5797 per
2957 5728 3154 5799 ﬁguras
3177 5728 3442 5798 quasdam
3473 5727 3648 5781 Deum
3673 5726 3760 5780 vi-

2181 5824 2327 5888 deat,
2357 5823 2450 5878 sed
2474 5822 2542 5877 ad
2570 5822 2740 5892 ipsam
2767 5821 2875 5877 vim
2909 5821 3026 5892 ejus
3051 5822 3301 5878 essentia:
3326 5837 3436 5879 non
3462 5819 3760 5892 pertingat.

2791 3435 2852 3526 [ι
2902 3433 3070 3488 Deum
3113 3448 3271 3489 nemo
3322 3433 3464 3526 vidit
3495 3446 3750 3526 unquam
3765 3431 3850 3518 λέλ
3883 3439 3886 3442 ·
