3956 6326
236 385 360 442 1281
1465 379 1555 436 DE
1593 377 1797 438 PURlT

1900 377 1943 436 E
1974 378 2240 437 coruus.
2717 365 2721 368 ’
2769 437 2780 440 _
2821 365 2824 370 ’
2867 437 2883 448 ,
2930 367 2948 372 ”
2995 368 3006 372 “
3107 368 3112 373 ’
3345 385 3489 445 me

235 503 365 559 Hinc
387 506 473 558 εει
498 497 645 556 enim
672 499 814 591 (ἰυρά
827 497 1120 591 130013.“?
1145 498 1314 591 θθῐιφ
1338 495 1620 591 “fuisse
1640 503 1805 591 ῑθδιθῖ
1832 497 1884 556 Α
1910 517 2078 572 Βειιιιι
2112 517 2352 574 dicerent
2385 518 2548 574 etiam
2575 518 2631 574 in
2667 517 2758 574 illa
2801 519 3020 591 regione
3053 518 3401 578 beatitudinis
3428 524 3487 580 in

236 604 352 658 tur,
381 594 525 647 hunc
558 605 665 646 non
712 590 816 644 nisi
857 590 911 644 in
959 589 1149 661 angelo
1187 589 1324 644 vidit
1354 605 1367 640 :
1401 576 1529 641 hinc
1553 593 1636 640 est
1664 584 1807 656 quod

233 683 456 752 Moyses,
489 679 582 750 qui
615 693 739 733 cum
771 679 882 734 Deo
903 677 1040 734 facie
1063 679 1132 734 ad
1160 677 1353 732 faciem
1381 675 1637 746 loquitur,
1667 674 1808 730 sicut

231 771 371 842 loqui
410 769 547 824 solet
571 769 735 823 homo
771 783 894 822 cum
932 769 1108 824 amico
1155 781 1255 822 suo
1279 806 1294 832 ,
1333 765 1400 819 ad
1439 765 1613 835 ipsum
1641 763 1807 818 verba

228 876 322 921 ma
349 858 636 915 locutionis
670 867 991 914 convertens
1021 858 1151 913 dicit
1178 875 1194 911 :
1229 875 1248 908 ι
1284 854 1340 912 Si
1370 856 1550 911 inveni
1575 855 1806 926 gratiam

228 954 282 1013 in
302 956 592 1018 conspectu
614 955 728 1014 tuo,
740 947 964 1003 ostende
983 947 1115 1002 mihi
1137 947 1478 1016 temetipsum
1496 944 1802 1013 manifeste,

229 1055 288 1100 ut
319 1044 529 1100 videam
570 1049 624 1096 te
670 1039 868 1112 (Exod.
914 1055 1108 1106 χχχιιι,
1158 1039 1269 1113 15).
1323 1057 1342 1090 ι
1375 1038 1534 1094 Certe
1576 1037 1721 1092 enim
1759 1035 1806 1091 si

228 1136 364 1191 Deus
395 1149 502 1189 non
530 1139 671 1197 erat,
710 1144 836 1186 cum
877 1145 985 1200 quo
1031 1130 1374 1201 loquebatur,
1403 1127 1640 1184 Ostende
1671 1127 1804 1182 mihi

227 1225 392 1280 Deum
414 1223 639 1287 diceret,
663 1229 716 1277 et
745 1237 873 1286 non,
896 1220 1135 1276 Ostende
1162 1220 1524 1290 temetipsum;
1554 1220 1600 1274 si
1623 1225 1804 1273 autem

227 1317 368 1372 Deus
398 1325 518 1370 erat
541 1329 668 1369 cum
695 1328 803 1382 quo
829 1311 970 1368 facie
997 1312 1066 1367 ad
1105 1310 1304 1366 faciem
1332 1308 1666 1380 loquebatur,
1705 1322 1804 1364 cur

227 1423 283 1465 se
309 1409 524 1480 petebat
554 1421 714 1476 posse
747 1405 956 1471 videre,
993 1419 1155 1475 quem
1185 1402 1444 1458 videbat?
1481 1400 1588 1456 Sed
1616 1400 1671 1454 in
1701 1400 1806 1455 hac

226 1502 338 1572 ejus
362 1500 622 1572 petitione
661 1497 948 1569 colligitur,
979 1498 1106 1568 quia
1132 1511 1254 1552 eum
1282 1495 1498 1551 sitiebat
1521 1509 1619 1564 per
1641 1493 1805 1549 incir-

228 1594 566 1664 cumscriptat
610 1600 820 1648 natura:
849 1605 960 1648 sua:
996 1591 1300 1647 claritatem
1330 1604 1554 1646 cernere
1580 1629 1595 1656 ,
1640 1603 1801 1658 quem

221 1687 331 1757 jam
369 1693 613 1756 cmperat
653 1697 752 1754 per
787 1683 1049 1754 quasdam
1081 1682 1344 1753 imagines
1385 1681 1590 1746 videre,
1631 1687 1691 1734 ut
1725 1679 1803 1734 sic

228 1793 454 1849 superna
482 1776 719 1834 essentia
747 1776 944 1832 mentis
963 1774 1080 1844 eius
1091 1775 1263 1831 oculis
1279 1776 1507 1830 ‘adesset
1533 1781 1802 1842 quatenus

1909 607 2155 662 claritate
2176 609 2392 677 quidem
2424 625 2520 664 sua
2547 609 2808 680 conSpici,
2832 611 2928 666 sed
2959 611 3014 666 in
3043 622 3240 668 natura
3262 614 3486 672 minime

1909 698 2102 753 videri.
2130 703 2277 766 Quos
2307 700 2560 754 nimirum
2605 701 2781 756 minor
2811 701 3175 771 inquisitionis
3214 703 3484 762 subtilitas

1908 790 2120 856 fefellit,
2148 806 2322 860 neque
2341 793 2486 846 enim
2512 791 2740 863 simplici
2770 801 2825 848 et
2851 793 3278 851 incommutabili
3299 811 3483 852 essen-

1907 883 1996 938 tiat
2023 882 2168 958 aliud
2195 891 2280 938 est
2309 883 2548 949 claritas,
2580 883 2727 939 aliud
2753 892 2967 949 natura,
2998 885 3094 939 sed
3135 885 3256 955 ipsa
3287 894 3482 942 natura

1908 989 2006 1029 sua
2030 973 2270 1039 claritas,
2303 983 2360 1029 et
2379 975 2494 1044 ipsa
2515 974 2736 1030 claritas
2758 989 2854 1030 sua
2881 981 3074 1030 natura
3100 983 3184 1030 est
3211 993 3224 1030 :
3254 977 3380 1046 quia
3405 984 3486 1032 et-

1905 1065 2054 1119 enim
2089 1064 2202 1120 suis
2230 1063 2578 1120 dilectoribus
2599 1105 2616 1132 ,
2647 1066 2763 1121 haec
2790 1065 2886 1120 Dei
2925 1065 3189 1136 sapientia
3225 1081 3285 1122 se
3314 1082 3483 1136 quan-

1905 1155 2079 1225 doque
2099 1155 2370 1222 ostendit,
2398 1157 2452 1210 in
2481 1171 2540 1212 se
2566 1155 2848 1227 pollicetur
2875 1155 3098 1212 dicens:
3130 1176 3148 1210 ι
3171 1156 3271 1225 Qui
3310 1158 3485 1230 diligit

1903 1260 1992 1300 me
2033 1245 2283 1315 diligetur
2329 1261 2359 1300 a
2397 1245 2558 1301 Patre
2598 1261 2720 1302 meo
2745 1287 2761 1313 ,
2801 1255 2857 1302 et
2892 1261 2990 1318 ego
3025 1246 3239 1319 diligam
3277 1262 3402 1302 eum
3427 1255 3485 1304 et

1905 1337 2261 1392 manifestabo
2305 1351 2394 1392 me
2431 1337 2606 1408 ipsum
2651 1337 2726 1391 illi
2767 1337 2948 1409 (Joan.
2981 1353 3092 1403 xiv,
3126 1337 3252 1410 2i);
3290 1359 3310 1392 ι
3344 1339 3484 1396 ac.si

1902 1437 2150 1500 patenter
2173 1427 2319 1484 dicat
2353 1447 2366 1482 :
2399 1428 2503 1498 Qui
2530 1429 2585 1484 in
2619 1439 2801 1484 vestra
2830 1445 2918 1484 me
2945 1429 3188 1494 cernitis,
3232 1438 3402 1486 restat
3425 1439 3485 1486 ut

1903 1521 1960 1577 in
2013 1537 2132 1577 mea
2188 1536 2276 1578 me
2331 1531 2528 1580 natura
2581 1523 2828 1580 videatis.
2885 1523 3026 1578 Hinc
3079 1539 3296 1579 rursum
3354 1525 3480 1580 ait:

1909 1631 1930 1665 ι
1964 1613 2112 1668 Beati
2156 1613 2356 1669 mundo
2391 1615 2571 1680 corde,
2595 1614 2847 1684 quoniam
2887 1614 2988 1684 ips:
3026 1612 3195 1668 Deum
3226 1613 3485 1669 videbunt

1904 1704 2116 1777 (Matth.
2144 1722 2200 1772 v,
2223 1705 2299 1777 8).
2334 1725 2354 1756 ι
2389 1705 2530 1761 Hinc
2567 1706 2765 1762 Paulus
2793 1705 2925 1760 dicit
2955 1723 2967 1758 :
3003 1726 3021 1758 ι
3056 1705 3210 1761 Nunc
3239 1707 3482 1763 videmus

1903 1795 1958 1850 in
1976 1795 2192 1864 speculo
2212 1811 2309 1866 per
2329 1797 2637 1867 aenigmata,
2660 1805 2787 1851 tunc
2799 1805 2979 1852 autem
3002 1795 3138 1852 facie
3160 1799 3229 1854 ad
3249 1797 3478 1864 faciem;

226 1869 275 1924 ei
306 1868 372 1958 ad
414 1867 735 1924 aeternitatis
781 1867 1042 1958 visionem
1066 1866 1213 1921 nulla
1253 1867 1430 1958 imago
1454 1875 1648 1958 creata
1666 1873 1805 1921 tem-
1829 1865 1878 1926 Β
1904 1903 2049 1942 nunc
2077 1865 2346 1958 εοεηδεεο
2383 1865 2460 1942 ρκ’
2489 1896 2644 1958 parte
2671 1928 2687 1953 ’
2718 1895 2846 1943 tunc
2881 1903 3204 1958 cognoscam
3245 1889 3386 1944 sicut
3429 1897 3484 1944 et

226 1957 478 2029 poralitcr
508 1958 818 2014 interesset.
857 1958 925 2014 Et
949 1957 1202 2014 viderunt
1227 1971 1357 2027 ergo
1389 1955 1581 2010 Patres
1606 1954 1802 2010 Testa-

225 2049 388 2104 menti
441 2049 652 2105 Veteris
699 2048 1006 2114 Dominum,
1058 2055 1113 2101 et
1152 2046 1309 2115 juxta
1349 2044 1571 2100 Joannis
1615 2059 1802 2100 vocem

232 2157 250 2189 ι
283 2138 478 2208 Nemo_
482 2140 620 2195 vidit
656 2154 915 2208 unquam,
959 2158 979 2190 ι
1013 2148 1071 2193 ει
1103 2137 1265 2208 juxta
1308 2134 1548 2208 ejusdem
1589 2135 1802 2190 Domini

232 2157 250 2189 ι
283 2151 450 2195 nemo
482 2151 620 2195 vrmt
656 2154 915 2208 unquam,
959 2158 979 2190 ι
1013 2151 1071 2193 ει
1103 2151 1265 2208 juxta
1308 2151 1338 2191 e
1363 2151 1548 2192 usuem
1589 2151 1802 2190 nomint

225 2246 408 2287 vocem
433 2200 672 2306 ENemo
708 2231 878 2286 Deum
908 2230 1044 2285 vidit
1083 2238 1140 2284 et
1177 2151 1366 2374 vixi?
1396 2247 1415 2280 ι
1453 2227 1578 2297 quia
1606 2227 1660 2281 in
1698 2227 1803 2282 bac

225 2322 432 2374 mortali
480 2337 644 2374 carne
685 2321 1104 2374 consistentibus
1154 2328 1208 2374 et
1251 2319 1305 2373 vi
1344 2319 1423 2374 eri
1473 2333 1579 2373 non
1624 2317 1802 2374 notuit

224 2322 432 2378 mortali
480 2337 644 2377 carne
685 2321 1104 2378 consistentibus
1154 2328 1208 2374 et
1251 2317 1423 2374 videri
1473 2333 1579 2373 non
1623 2317 1802 2389 potuit

221 2429 314 2484 per
359 2413 883 2484 incircumscriptum
928 2413 1110 2468 lumen
1153 2396 1513 2509 azternitatiy
1543 2409 1638 2464 Sin
1668 2424 1798 2464 vero

221 2503 538 2573 quibusdam
579 2513 756 2574 potest
791 2505 847 2558 in
886 2505 991 2561 hac
1030 2504 1202 2560 adhuc
1249 2501 1584 2573 corruptibili
1630 2517 1798 2558 carne

220 2595 538 2660 viventibus,
581 2596 675 2650 sed
732 2595 1092 2650 inaestimabili
1135 2595 1334 2650 virtute
1399 2595 1791 2662 crescentibus,

220 2683 450 2751 quodam
473 2683 942 2752 contemplationis
963 2683 1212 2739 acumine
1227 2693 1428 2740 aeterna
1450 2683 1547 2740 Dei
1575 2684 1797 2740 claritas

219 2773 428 2837 videri,
468 2774 570 2829 hoc
607 2788 822 2856 quoque
851 2773 920 2828 ab
945 2775 1186 2846 ejusdem
1227 2775 1443 2831 virtutis
1470 2776 1795 2832 sententiam

131 2891 160 2912 τι
219 2879 324 2918 non
361 2855 802 2947 abhorret,):qua
830 2865 1050 2921 dicitur.
1089 2883 1110 2918 ι
1142 2865 1261 2947 Non
1290 2868 1434 2922 enim
1477 2867 1682 2924 videbit
1710 2879 1798 2922 me

218 2955 400 3019 homo,
432 2964 487 3008 et
509 2953 653 3009 vivet
689 2946 893 3025 (Exod.
926 2973 1122 3024 xxxm,
1151 2946 1332 3040 20);?!
1351 2959 1605 3028 quoniam
1649 2959 1797 3028 quis-

217 3047 340 3118 quis
377 3047 720 3117 sapientiam,
768 3063 888 3118 qua:
931 3049 1074 3104 Deus
1122 3059 1242 3115 est,
1289 3051 1452 3114 videt,
1500 3051 1628 3106 huic
1671 3051 1797 3107 vita

217 3137 456 3194 funditus
483 3139 729 3205 moritur,
769 3154 837 3193 ne
855 3138 970 3209 jam
996 3141 1113 3213 ejus
1141 3157 1326 3197 amore
1355 3151 1625 3198 teneatur.
1666 3141 1795 3197 Nul-

1873 1977 2151 2080 .cognitus
2185 1993 2306 2033 sum
2334 1977 2386 2050 (Ι
2429 1975 2553 2032 Cor.
2596 1994 2718 2045 xm,
2766 1961 3070 2062 12).,»JSed
3099 1980 3228 2050 quia
3261 1980 3328 2035 de
3370 1980 3482 2036 Deo
3535 1967 3606 2046 {1"

1900 2068 2134 2138 primum
2175 2082 2274 2137 per
2309 2068 2720 2137 praedicatorem
2772 2069 3028 2124 Ecclesiae
3074 2069 3318 2126 dicitur:
3359 2089 3377 2121 ι
3423 2070 3482 2125 In

1901 2173 2062 2228 quem
2094 2158 2406 2214 desiderant
2430 2159 2608 2230 angeli
2637 2160 2946 2230 prospicere
2973 2159 3046 2232 (I.
3078 2158 3227 2216 Petr.
3256 2177 3298 2227 ι,
3324 2162 3433 2232 12),
3456 2181 3475 2214 ι

1901 2256 2028 2304 sunt
2053 2249 2294 2304 nonnulli
2324 2249 2416 2320 qui
2445 2263 2784 2320 nequaquam
2808 2251 2975 2306 Deum
2997 2250 3180 2307 videre
3207 2252 3292 2308 vel
3314 2267 3480 2323 auge--

1899 2337 1979 2393 los
2015 2341 2383 2408 suspicantur,
2414 2351 2470 2396 et
2507 2348 2686 2395 tamen
2717 2341 2921 2395 dictum
2951 2355 3051 2410 per
3065 2340 3321 2398 Veritatis
3357 2358 3481 2398 sen-

1901 2429 2124 2484 tentiam
2153 2431 2357 2487 scimus
2403 2448 2418 2483 :
2469 2450 2487 2482 ‹
2530 2430 2719 2502 Angeli
2755 2445 2942 2486 eorum
2980 2431 3036 2486 in
3079 2432 3233 2488 cmlis
3269 2448 3482 2504 semper

1897 2521 2081 2577 vident
2105 2520 2299 2577 faciem
2321 2521 2499 2576 Patris
2523 2522 2650 2587 mei,
2683 2522 2775 2592 qui
2808 2522 2863 2576 in
2893 2521 3048 2576 caelis
3067 2531 3202 2577 est.»
3230 2521 3482 2593 Nunquid

1897 2628 2026 2686 ergo
2055 2613 2200 2669 aliud
2231 2614 2452 2680 veritas,
2475 2613 2622 2669 aliud
2651 2613 2975 2684 praedicator
3008 2621 3164 2669 sonat
3193 2613 3480 2670 veritatis?

1899 2702 2006 2760 Sed
2028 2705 2076 2760 si
2105 2705 2372 2759 sententia
2401 2713 2635 2774 utraque
2661 2702 2960 2769 confertur,
2989 2704 3116 2772 quia
3143 2703 3248 2758 sibi
3277 2719 3481 2773 nequa-

1897 2809 2061 2866 quam
2083 2794 2353 2850 discordet
2407 2794 2737 2865 agnoscitur.
2782 2793 2951 2848 Deum
2980 2793 3178 2864 quippe
3217 2793 3393 2864 angeli
3423 2799 3480 2848 et

1895 2885 2081 2940 vident
2115 2894 2172 2940 et
2217 2886 2400 2940 videre
2445 2885 2791 2950 desrderant,
2825 2892 2880 2939 et
2925 2885 3119 2939 intueri
3150 2884 3379 2950 sitiunt,
3424 2890 3482 2940 et

1896 2975 2193 3032 intuentur.
2227 2975 2282 3030 Si
2322 2975 2466 3030 enim
2507 2976 2586 3032 sic
2610 2976 2793 3031 videre
2822 2977 3149 3040 desiderant,
3173 2983 3234 3029 ut
3255 2975 3479 3031 effectus

1897 3067 1981 3123 sui
2025 3066 2295 3123 desiderio
2342 3068 2565 3122 minime
2607 3068 2970 3138 perfruantur,
3003 3066 3330 3122 desiderium
3361 3067 3479 3122 sine

1897 3159 2076 3213 fructu
2104 3159 2433 3214 anxietatem
2481 3157 2663 3224 habet,
2688 3167 2743 3211 et
2773 3157 3020 3212 anxietas
3049 3170 3287 3227 pinnam.
3324 3157 3477 3213 Beati

217 3227 300 3284 lus
356 3228 550 3298 quippe
590 3241 710 3282 eam
755 3229 900 3284 videt
944 3231 1037 3301 qui
1082 3232 1259 3288 adhuc
1305 3232 1598 3288 carnaliter
1642 3233 1793 3299 vivit,

1901 3266 2028 3307 vero
2077 3251 2250 3322 angeli
2290 3252 2360 3307 ab
2394 3252 2540 3306 omni
2577 3265 2739 3322 paena
2788 3250 3080 3305 anxietatis
3118 3250 3274 3320 longe
3320 3260 3475 3317 sunt,

216 3319 345 3388 quia
389 3334 547 3374 nemo
571 3328 750 3389 potest
791 3321 1039 3392 amplecti
1083 3322 1251 3377 Deum
1297 3330 1353 3379 et
1379 3323 1659 3379 saeculum.
1691 3323 1793 3392 Qui

214 3409 359 3462 enim
395 3409 564 3464 Deum
599 3412 745 3467 videt
797 3427 862 3467 eo
905 3414 1019 3484 ipso
1046 3417 1296 3482 moritur,
1333 3418 1476 3486 quod
1504 3417 1588 3472 vel
1617 3417 1794 3472 inten-

214 3500 362 3554 tione
393 3501 571 3555 cordis
600 3502 685 3556 vel
714 3501 904 3558 ellectu
931 3506 1112 3574 operis
1136 3506 1206 3560 ab
1232 3507 1394 3575 hujus
1414 3507 1540 3562 vita:
1567 3507 1797 3562 delecta-

215 3592 455 3646 tionibus
486 3601 596 3647 tota
638 3603 816 3650 mente
853 3605 1154 3665 separatur.
1207 3617 1225 3648 ι
1265 3596 1434 3653 Nemo
1471 3615 1599 3670 ergo
1625 3599 1794 3657 Deum

213 3681 349 3736 vidit
371 3682 631 3748 etvixit,»
653 3698 717 3737 ac
743 3684 788 3737 si
817 3694 1001 3753 aperte
1025 3687 1296 3740 diceretur
1314 3707 1327 3739 :
1345 3687 1532 3742 Nullus
1558 3706 1795 3759 unquam

209 3772 382 3830 Deum
405 3773 719 3843 spiritaliter
739 3775 873 3828 vidit
898 3784 953 3830 et
982 3777 1179 3832 mundo
1209 3778 1502 3833 carnaliter
1527 3760 1799 3856 vixitm-

213 3865 462 3921 debimus
502 3866 666 3935 igitur
695 3866 882 3931 Deum,
914 3866 959 3920 si
990 3882 1087 3936 per
1118 3867 1394 3924 caelestem
1426 3871 1795 3927 conversatio-

212 3968 336 4008 nem
367 3970 526 4024 supra
555 3955 804 4010 homines
832 3971 952 4011 esse
982 3973 1290 4012 mereamur
1313 4000 1328 4024 ,
1375 3975 1474 4015 nec
1501 3969 1685 4016 tamen
1719 3962 1797 4018 ita

212 4045 514 4100 videbimus
537 4087 552 4112 ,
595 4047 736 4102 sicut
762 4047 908 4102 videt
936 4047 1052 4118 ipse
1086 4050 1342 4118 seipsum.
1391 4049 1572 4122 Longe
1599 4052 1796 4123 quippe

213 4135 541 4203 dispariliter
581 4136 728 4192 videt
775 4139 1001 4194 Creator
1046 4155 1105 4194 se
1153 4155 1314 4210 quam
1355 4142 1500 4197 videt
1545 4152 1796 4200 creatura

212 4226 524 4283 Creatorem
556 4247 570 4283 :
600 4238 860 4300 quantum
885 4233 1120 4302 pertinet
1142 4234 1208 4287 ad
1233 4234 1653 4290 immensitatcm
1675 4235 1793 4303 Dei,

212 4319 434 4390 quidam
457 4321 618 4376 nobis
645 4324 835 4378 modus
865 4323 1048 4395 [igitur
1073 4325 1564 4396 contemplationis,
1597 4344 1702 4399 qua
1729 4344 1795 4386 eo

211 4409 333 4480 ipso
360 4411 598 4478 pondere
624 4412 1090 4491 circumscribitur
1133 4432 1240 4487 quo
1279 4427 1527 4474 creatura
1559 4409 1802 4491 summ

105 4523 132 4572 έν
153 4529 180 4580 5
212 4500 312 4555 sed
336 4499 578 4572 profecto
608 4490 716 4559 nod
745 4505 816 4559 ita
859 4507 1222 4578 conspicimus
1272 4509 1440 4564 Deum
1503 4509 1646 4566 sicut
1678 4490 1793 4582 ipse

1897 3342 2024 3413 quia
2062 3358 2335 3413 nunquam
2370 3342 2528 3398 simul
2548 3357 2708 3412 paena
2742 3351 2796 3396 et
2825 3342 3100 3398 beatitudo
3124 3343 3472 3398 conveniunt.

1896 3430 2132 3488 Rursum
2162 3448 2285 3487 cum
2324 3447 2418 3488 eos
2455 3432 2683 3487 dicimus
2718 3431 2815 3485 Dei
2851 3431 3061 3486 visione
3103 3432 3312 3497 satiari,
3350 3431 3476 3502 quia

1895 3535 1950 3582 et
1987 3525 2268 3581 Psalmista
2319 3526 2397 3582 ait
2437 3543 2448 3578 :
2495 3544 2514 3576 ι
2574 3523 2826 3579 Satiahor
2867 3523 2994 3579 dum
3041 3522 3476 3580 manifestabitur

1897 3620 2068 3692 gloria
2117 3630 2206 3675 tua
2255 3618 2428 3692 (Psal.
2473 3634 2562 3674 xv:
2591 3658 2607 3684 ,
2634 3617 2744 3690 15),
2779 3638 2798 3670 ι
2833 3619 3284 3674 considerandum
3319 3618 3474 3675 nobis

1897 3721 1982 3768 est
2037 3713 2163 3783 quia
2213 3713 2518 3768 satietatem
2564 3711 2702 3766 solet
2747 3709 3022 3765 fastidium
3078 3710 3353 3781 subsequi.
3406 3710 3475 3766 Ut

1897 3817 2028 3873 ergo
2076 3810 2223 3856 recte
2266 3802 2368 3856 sibi
2411 3810 2641 3870 utraque
2678 3800 3023 3866 conveniant,
3067 3800 3212 3877 dicat
3263 3799 3474 3857 Veritas

1897 3895 2024 3964 quia
2053 3908 2265 3964 semper
2291 3893 2496 3958 vident,
2530 3894 2674 3948 dicat
2700 3893 3025 3963 prazdicator
3071 3894 3320 3964 egregius
3347 3895 3474 3964 quia

1898 3986 2079 4040 videre
2107 4000 2320 4055 semper
2346 3984 2676 4050 desiderant,
2717 3999 2785 4038 ne
2825 3985 2969 4040 enim
3007 3984 3079 4040 sit
3116 3986 3168 4039 in
3209 3986 3475 4042 desiderio

1899 4074 2164 4138 anxietas,
2195 4074 2563 4129 desiderantes
2587 4075 2871 4129 satiantur.
2900 4073 2976 4129 Ne
3001 4082 3182 4130 autem
3209 4076 3278 4130 sit
3304 4077 3356 4130 in
3387 4093 3475 4132 sa-

1897 4167 2082 4222 tietate
2126 4165 2400 4220 fastidium
2449 4165 2630 4219 satiati
2675 4161 3274 4236 desideranthuatiter
3315 4167 3472 4222 electi

1897 4258 2143 4313 homines
2171 4271 2268 4329 per
2298 4258 2438 4312 hanc
2467 4257 2635 4314 vitam
2676 4259 2942 4313 satiantur
2970 4258 3176 4313 visione
3215 4258 3392 4313 divina
3421 4267 3468 4314 et
3501 4251 3504 4254 ’
3539 4237 3544 4246 ’

1896 4337 2432 4421 desiderantﬂgitur
2459 4350 2563 4406 hoc
2589 4349 2707 4406 sine
2748 4348 2933 4406 labore
2958 4357 3062 4416 est,
3101 4349 3228 4421 quia
3264 4350 3474 4406 deside-

1894 4441 2034 4498 rium
2068 4442 2288 4497 satietas
2313 4441 2625 4507 comitatur,
2671 4451 2722 4496 et
2766 4441 3035 4497 satiantur
3077 4442 3194 4497 sine
3232 4439 3471 4508 fastidio,

1895 4534 2022 4606 quia
2055 4535 2169 4604 ipsa
2213 4533 2435 4588 satietas
2481 4548 2548 4588 ex
2587 4533 2853 4588 desiderio
2891 4548 3106 4603 semper
3134 4534 3468 4588 accenditur.

210 4597 479 4694 εοηθρίςίι
603 4639 620 4664 ν
667 4599 808 4694 slent
854 4616 964 4694 ηοιξ
1014 4601 1088 4694 it?
1132 4602 1545 4694 Fe‘lmﬁdmll?
1577 4604 1632 4658 ίη
1681 4604 1794 4659 Deo
1816 4602 1871 4663 Ῑ)
1897 4597 1988 4679 Sic
2008 4597 2221 4694 quoque
2257 4631 2313 4678 et
2335 4637 2432 4678 nos
2468 4622 2692 4688 erimus,
2725 4621 2940 4691 quando
2965 4597 3033 4676 ad
3063 4621 3238 4692 ipsum
3268 4620 3468 4678 fontem

209 4687 663 4756 quemadmodum
680 4689 795 4758 ipse
815 4690 1108 4759 requiescit
1129 4691 1182 4744 in
1199 4707 1277 4746 se.
1300 4691 1436 4746 Nam
1452 4693 1589 4748 visio
1603 4704 1791 4748 nostra

206 4779 297 4833 vel
333 4779 546 4848 requies
597 4781 700 4834 erit
747 4789 1020 4851 utcunque
1055 4782 1249 4837 similis
1281 4783 1476 4838 visioni
1515 4784 1792 4854 requieive

207 4869 390 4936 illius;
439 4871 533 4926 sed
577 4874 801 4944 :equalis
839 4889 948 4929 non
987 4857 1402 4938 eritlfPerfecta
1440 4875 1656 4945 requies
1706 4884 1792 4931 est

201 4977 318 5032 qua
345 4961 484 5017 Deus
512 4963 773 5030 cernitur,
797 4973 852 5018 et
879 4972 1060 5020 tamen
1081 4973 1266 5020 nostra
1292 4966 1509 5036 requies
1527 4966 1789 5038 aequanda

206 5070 318 5110 non
348 5063 431 5111 est
459 5055 852 5126 requieijllius,
877 5057 1004 5128 quia
1040 5071 1148 5112 non
1179 5071 1209 5112 a
1237 5073 1297 5112 se
1323 5057 1378 5112 in
1407 5057 1573 5114 alium
1605 5067 1786 5114 trans-

206 5148 286 5212 it,
310 5156 372 5202 ut
405 5148 670 5217 quiescat.
698 5149 794 5204 Est
821 5149 1002 5219 itaque
1030 5149 1264 5220 requies,
1293 5157 1352 5205 ut
1381 5149 1458 5204 ita
1486 5149 1682 5215 dicam,
1717 5149 1791 5206 si-

204 5237 355 5292 milis
379 5248 540 5308 atque
581 5238 876 5305 dissimilis,
916 5240 1043 5310 quia
1087 5241 1230 5310 quod
1269 5240 1411 5296 illius
1445 5241 1789 5312 requiescere

203 5339 318 5394 est,
367 5330 470 5386 hoc
537 5339 722 5386 nostra
775 5331 990 5400 requies
1029 5329 1474 5403 imitaturﬂvisio
1509 5332 1606 5388 Dei
1645 5347 1791 5388 nunc

103 5457 138 5494 λ,
206 5425 316 5479 fide
341 5424 639 5489 inchoatur,
675 5424 768 5479 sed
795 5433 922 5479 tunc
959 5425 1014 5479 in
1041 5425 1220 5495 specie
1245 5423 1543 5494 perficitur,
1571 5424 1788 5492 quando

205 5521 536 5568 coaeternam
563 5513 673 5568 Deo
711 5512 1050 5586 sapientiam,
1093 5530 1254 5584 quam
1301 5512 1460 5567 modo
1484 5527 1580 5581 per
1619 5528 1784 5582 opera

205 5603 619 5673 prmdicantium
655 5604 809 5675 quasi
839 5618 936 5675 per
977 5603 1315 5660 decurrentia
1357 5601 1575 5655 flumina
1619 5603 1786 5658 sumi-

205 5711 356 5760 mus,
387 5695 502 5765 ipso
533 5695 676 5753 fonte
705 5698 1020 5754 bilierimus.

112 5819 218 5904 ﬁt
251 5786 573 5873 :_S_ciendum
625 5804 755 5846 vero
789 5799 872 5846 cst
933 5790 1076 5861 quod
1126 5790 1344 5846 fuerunt
1400 5788 1643 5846 nonnulli
1691 5789 1783 5861 qui

1893 4715 2016 4769 vitae
2051 4713 2380 4768 venerimus.
2420 4711 2538 4766 Erit
2570 4711 2716 4765 enim
2754 4711 2910 4766 nobis
2943 4710 3335 4766 delectabiliter
3369 4712 3469 4767 im-

1891 4821 2079 4876 pressa
2117 4805 2235 4860 sitis
2270 4803 2430 4859 simul
2467 4811 2628 4873 atque
2655 4804 2892 4858 satietas.
2935 4804 3040 4859 Sed
3075 4804 3232 4876 longe
3262 4806 3330 4860 ab
3365 4805 3468 4862 ista

1892 4898 1981 4953 siti
2009 4897 2302 4953 necessitas
2325 4935 2341 4961 ,
2386 4895 2540 4967 longe
2582 4912 2612 4949 a
2642 4897 2890 4951 satietate
2919 4895 3228 4963 fastidium,
3260 4898 3386 4969 quia
3415 4907 3469 4954 et

1891 4989 2136 5044 sitientes
2179 4987 2498 5043 satiabimur
2538 4993 2593 5040 et
2628 4986 2810 5040 satiati
2849 4986 3112 5042 sitiemus.
3153 4986 3468 5043 Videbimus

1888 5081 2053 5151 igitur
2075 5080 2272 5142 Deum,
2300 5079 2582 5148 ipsumque
2617 5077 2721 5132 erit
2745 5077 3025 5147 praemium
3046 5077 3245 5133 laboris
3273 5078 3467 5143 nostri,

1889 5179 1970 5238 ut,
2003 5179 2126 5241 post
2169 5170 2516 5226 mortalitatis
2555 5168 2716 5240 hujus
2760 5170 3052 5238 tenebras,
3083 5186 3310 5228 accensa
3351 5170 3466 5240 ejus

1891 5264 2011 5320 luce
2047 5265 2394 5337 gaudeamus.
2485 5305 2501 5319 .

2325 5477 2560 5540 LIBER
2602 5475 3020 5539 SECUNDUS.

2316 5595 2397 5636 DE
2440 5593 2755 5636 PUBITATE
2799 5591 3046 5636 CORDIS.

1965 5695 2020 5750 ιιι
2048 5695 2326 5764 superiore
2360 5695 2500 5749 libro
2517 5693 2672 5762 juxta
2693 5693 2992 5750 doctrinam
3019 5697 3332 5746 sanctorum
3357 5689 3462 5745 Pa—

1891 5796 2034 5842 trum
2061 5785 2126 5840 de
2153 5786 2362 5840 visione
2393 5785 2486 5841 Dei
2524 5786 2706 5840 futura
2738 5798 3046 5842 sermonem
3074 5791 3334 5856 quantum
3361 5798 3458 5855 po.
