3956 6326
461 395 485 449 1
495 391 601 449 ‘283

1059 373 1419 441 ΒΪΒΑΒΑΝΙ
1457 383 1678 439 MAURI
1711 377 2028 437 ARCHIEP.
2068 375 2376 434 MOGUNT.
2417 375 2707 435 OPERUM
2747 377 2924 434 PARS
2955 377 3044 434 II].

3585 379 3730 437 {28!

460 507 662 564 fuimus
703 497 1057 573 explevimus.
1113 493 1266 552 Nunc
1315 495 1383 550 de
1419 495 1652 566 puritate
1688 493 1886 557 cordis,
1931 506 2030 562 per
2055 490 2430 559 Acorrumpit
2463 530 2478 556 ,
2551 488 2756 546 nemini
2814 491 3080 546 violentus
3148 490 3372 558 existit,
3440 493 3733 548 neminem

461 605 623 670 Quam
653 591 1036 663 contemplatio
1067 589 1162 645 Dei
1192 587 1425 658 assurgit
1455 593 1854 655 consequenter
1873 584 2028 655 juxta

459 687 804 744 traditionem
849 681 1135 753 majorum,
1181 680 1550 742 disserendum
1591 685 1863 748 putamus,
1903 677 2028 745 quia

460 777 568 836 illis
619 778 751 835 solis
779 776 915 832 visio
957 772 1050 829 Dei
1098 772 1363 843 promissa
1403 779 1486 827 est
1528 771 1620 840 qui
1659 770 1858 824 mundo
1903 775 2029 823 sunt

456 870 639 935 corde,
685 883 749 923 ac
805 868 926 923 ideo
965 879 1184 921 necesse
1235 871 1340 929 est,
1397 872 1456 917 ut
1501 861 1739 918 carnalia
1778 862 1832 916 in
1877 860 2031 916 nobis

457 959 845 1017 mortiﬁcemus
889 955 1152 1011 desideria
1189 961 1244 1010 et
1287 951 1457 1010 sacris
1484 953 1775 1008 virtutibus
1810 966 2031 1021 operam

457 1049 666 1116 demus,
696 1057 962 1119 quatenus
985 1061 1082 1118 per
1105 1061 1314 1112 earum,
1339 1059 1496 1115 opem
1519 1044 1700 1100 divina
1728 1044 1898 1115 gratia
1925 1043 2030 1098 lar-

457 1141 653 1215 giente,
673 1139 738 1195 ad
764 1139 998 1194 caelestis
1014 1138 1163 1208 regni
1185 1137 1570 1192 beatitudinem
1592 1147 1648 1191 et
1670 1137 2030 1191 lucisaeternm

455 1229 965 1302 contemplationem
1047 1230 1351 1300 pertingere
1407 1230 1697 1299 possimus‘.
1771 1229 2030 1297 Quamvis

455 1320 601 1376 enim
631 1335 700 1376 ex
724 1319 895 1374 Adam
924 1320 1092 1373 simus
1120 1320 1409 1373 carnaliter
1447 1319 1580 1384 nati,
1612 1335 1720 1374 non
1746 1321 1920 1390 ipsum
1951 1329 2031 1373 ta-

455 1426 581 1466 men
606 1411 860 1466 debemus
885 1409 1084 1463 imitari
1109 1449 1126 1475 ,
1165 1409 1260 1464 sed
1300 1409 1600 1477 Christum,
1641 1411 1695 1465 in
1720 1427 1828 1481 quo
1856 1413 2030 1467 renati

456 1515 644 1557 sumus
665 1509 718 1555 et
744 1497 976 1555 vivimus
998 1540 1014 1565 ,
1045 1500 1261 1570 quando
1286 1510 1526 1556 veterem
1567 1503 2029 1559 conversationem

455 1591 746 1648 salubriter
817 1590 1059 1646 innovati
1113 1589 1450 1661 deponimus.
1513 1592 1652 1660 Quid
1701 1601 1785 1648 est
1830 1593 2030 1648 imitari

453 1679 660 1748 Adam,
693 1681 797 1738 nisi
825 1697 925 1752 pro
953 1681 1262 1738 carnalibus
1303 1684 1752 1752 concupiscentiis
1779 1701 1842 1740 ac
1886 1686 2030 1739 desi-

453 1774 620 1832 deriis
645 1783 819 1830 morte
842 1775 1100 1829 multari?
1127 1774 1194 1829 Et
1219 1775 1348 1844 quid
1375 1785 1462 1830 est
1498 1776 1698 1830 imitari
1731 1775 2024 1841 Christum,

2133 581 2492 638 calumniatur
2521 621 2538 645 ,
2601 590 2696 636 aut
2751 573 3053 651 opprimit,
3113 599 3218 638 non
3282 583 3492 640 invidet
3564 586 3733 643 bonis

2130 680 2223 724 aut
2249 670 2469 726 insultat
2497 667 2733 734 aﬂlictis,
2775 686 2881 725 non
2909 671 3054 726 luxui
3085 673 3267 728 carnis
3297 673 3561 736 inservit,
3621 690 3730 731 non

2129 763 2434 817 vinolentia:
2456 762 2668 818 deditus
2688 763 2743 817 in
2767 777 2844 829 se,
2869 763 3086 818 bibendi
3111 766 3255 819 sitim
3283 765 3739 839 bibendo‘magis

2132 867 2194 907 ac
2221 853 2394 924 magis
2423 855 2692 920 accendit,
2730 869 2839 909 non
2867 855 3114 910 odiorum
3155 856 3360 911 facibus
3397 858 3729 925 inardescit,

2131 959 2236 999 non
2263 943 2578 1013 compendia
2609 944 2808 1015 injusta
2850 953 3110 1012 sectatur,
3139 949 3606 1017 [impotentibus
3639 959 3736 1003 aut

2132 1034 2386 1090 divitibus
2407 1034 2675 1101 adulatur,
2705 1051 2811 1090 non
2840 1037 3078 1106 inquieta
3105 1039 3422 1095 curiositate
3449 1049 3732 1110 raptatur,

2130 1141 2237 1180 non
2277 1127 2582 1182 domesticae
2622 1125 2998 1183 sollicitudinis
3039 1144 3170 1183 cura
3204 1123 3562 1196 distenditur,
3625 1149 3736 1188 non

2132 1215 2383 1272 oﬁiciosis
2408 1217 2809 1271 occurrentium
2831 1217 3245 1274 salutationibus
3269 1220 3612 1285 delectatur,
3639 1238 3736 1276 nec

2131 1309 2485 1380 Super-borum
2539 1309 2750 1380 injuriis
2790 1309 3083 1382 fatigatur,
3135 1329 3242 1368 non
3290 1327 3417 1368 eum
3470 1317 3738 1386 superbia

2131 1399 2302 1468 inﬂat,
2345 1417 2451 1455 non
2501 1402 2724 1457 ambitio
2773 1409 2995 1457 ventosa
3040 1407 3364 1476 priecipitat,
3424 1417 3538 1463 non
3593 1425 3734 1462 rana

2131 1493 2302 1565 gloria
2358 1495 2586 1564 turpiter
2649 1493 2836 1564 iactat,
2909 1513 3016 1551 non
3084 1498 3414 1554 desiderium
3477 1502 3740 1572 gloriosa

2129 1584 2398 1654 Opinionis
2450 1584 2784 1652 inﬂammat,
2843 1603 2950 1641 non
3016 1587 3291 1646 distinctio
3340 1591 3509 1646 alieni
3579 1603 3736 1649 actus

2130 1674 2418 1745 illaqueat,
2471 1691 2575 1729 non
2616 1677 2683 1746 ad
2721 1677 3033 1733 societatem
3072 1681 3308 1751 turpium
3366 1684 3735 1754 turpitudinis

2131 1781 2287 1822 amor
2315 1767 2530 1832 invitat,
2561 1784 2666 1822 non
2699 1770 2878 1825 rabies
2900 1772 3072 1827 insani
3103 1771 3303 1828 furoris
3331 1777 3606 1843 exagitat,
3631 1792 3733 1832 nm

453 1863 558 1920 nisi
595 1863 906 1920 carnalibus
952 1865 1406 1934 concupiscentiis
1445 1881 1509 1920 ac
1554 1867 1837 1922 desideriis
1856 1867 2030 1922 cruci-
2057 1846 2106 1906 Β
2133 1866 2378 1927 sumplus
2391 1857 2701 1912 odiosam"!
2718 1859 2892 1914 lilium
2911 1871 3132 1928 ιηίιοῑίιῑ,
3156 1877 3262 1918 non
3279 1866 3453 1919 ardor
3468 1866 3734 1923 animos:

452 1959 582 2029 ﬁgi?
602 1959 743 2014 sicut
773 1957 916 2013 aliud
943 1973 1053 2014 non
1071 1966 1156 2013 est
1182 1967 1420 2013 veterem
1449 1960 1915 2014 conversationem
1945 1961 2032 2015 de-

450 2065 654 2120 ponere
673 2091 689 2118 ,
719 2065 884 2121 quam
915 2063 1025 2103 non
1047 2049 1346 2104 secundum
1388 2063 1628 2116 carnem,
1659 2065 1779 2120 quae
1811 2061 2028 2105 vetera-

450 2144 554 2199 scit
577 2151 632 2198 et
655 2142 903 2208 moritur,
927 2141 1021 2196 sed
1046 2141 1342 2197 secundum
1365 2141 1534 2196 Deum
1553 2142 1755 2208 vivere,
1773 2129 1864 2212 qui
1883 2143 2028 2198 solus

449 2241 629 2306 potest
669 2239 1082 2304 perseverantes
1126 2233 1182 2286 in
1219 2248 1278 2288 se
1320 2233 1578 2288 innovare
1617 2235 1930 2304 perenniter
1976 2244 2030 2288 et

448 2321 636 2378 beare.
685 2323 1025 2393 Quapropter
1066 2323 1203 2378 sicut
1231 2322 1446 2393 quando
1494 2324 1546 2376 in
1585 2322 1757 2377 Adam
1787 2322 1986 2379 fuimus
2012 2365 2027 2389 ,

450 2423 640 2468 omnes
685 2411 742 2465 in
801 2412 919 2480 ipso
983 2413 1207 2465 cadente
1270 2411 1562 2466 cecidimus
1612 2429 1624 2464 :
1667 2411 1742 2465 ita
1797 2411 1921 2482 quia
1975 2412 2028 2466 in

451 2501 674 2558 Christo
715 2513 837 2558 esse
865 2501 975 2570 jam
1019 2503 1299 2572 coepimus,
1348 2503 1438 2572 qui
1469 2517 1567 2574 pro
1597 2503 1753 2559 nobis
1779 2504 2028 2560 omnibus

451 2595 705 2667 dignatus
730 2601 814 2651 est
831 2595 991 2662 mori,
1007 2605 1060 2650 et
1081 2609 1178 2651 nos
1193 2595 1429 2666 peccatis
1450 2596 1649 2650 nostris
1665 2593 1740 2650 illi
1761 2611 2029 2651 commor-

450 2689 530 2745 tui
567 2703 691 2744 cum
718 2688 809 2743 illo
846 2688 1159 2759 spiritaliter
1198 2679 1560 2758 resurgalnus.
1607 2689 1666 2742 In
1712 2688 1802 2743 illo
1847 2689 2028 2743 omnia

447 2781 592 2841 tona
618 2793 736 2851 qua:
756 2782 1032 2852 potuimus
1051 2782 1250 2837 habere
1269 2781 1603 2851 perdidimus
1623 2782 1720 2837 :‘in
1742 2782 1844 2837 hoc
1863 2783 2026 2837 etiam

448 2895 654 2950 majora
675 2889 732 2936 et
751 2882 868 2937 sine
897 2880 1006 2936 ﬁne
1034 2879 1280 2936 habenda
1307 2879 1575 2949 recepturi
1608 2893 1810 2946 sumus,
1842 2879 1887 2933 si
1907 2891 2028 2949 per-

448 2970 760 3026 severanter
788 2969 905 3028 eius
947 2969 1173 3041 vestigia
1211 2975 1514 3025 teneamus.
1577 2967 1750 3022 Adam
1787 2983 1886 3022 nos
1931 2967 2028 3023 ob-

448 3059 689 3118 noxiavi't
729 3061 885 3116 malis
939 3062 1191 3116 omnibus
1243 3077 1341 3131 per
1389 3059 1666 3130 prepriam
1701 3059 1912 3140 culpam
1937 3099 1952 3124 ,
1995 3074 2027 3113 a

447 3155 641 3224 quibus
681 3171 780 3211 nos
819 3155 1068 3210 liberavit
1106 3154 1368 3209 adventus
1406 3151 1606 3208 Christi
1639 3167 1734 3222 per
1770 3152 2020 3223 gratiam.
2056 3199 2100 3224 ﬂ.

2052 3203 2103 3268 ρ

445 3243 539 3301 Ille
567 3247 623 3300 in
652 3261 750 3302 nos
777 3247 990 3318 cuipam
1031 3261 1187 3301 suam
1221 3245 1524 3302 transmisit
1548 3253 1602 3299 et
1631 3259 1843 3316 poenam
1867 3286 1881 3309 ,
1911 3245 2025 3299 hic-

447 3353 554 3408 que
581 3337 791 3408 culpam
832 3345 1073 3393 nostram
1095 3337 1368 3409 suscipere
1390 3345 1576 3408 utpote
1606 3345 1924 3406 conceptus;
1949 3344 2025 3403 ct,

447 3437 609 3482 natus
631 3427 747 3483 sine
771 3436 994 3500 peccato
1019 3443 1126 3483 non
1148 3429 1357 3497 potuit,
1385 3429 1452 3483 de
1477 3427 1818 3497 susceptione
1853 3441 2028 3496 poena:

447 3527 649 3574 nostrae
673 3518 882 3588 culpam
909 3527 1152 3574 nostram
1177 3519 1336 3574 simul
1369 3517 1602 3574 abolevit
1625 3525 1679 3572 et
1705 3530 1944 3587 poenam,
1974 3525 2030 3571 et

447 3620 508 3665 ut
559 3619 728 3665 totum
767 3610 984 3678 dicam,
1033 3611 1206 3666 Adam
1253 3609 1409 3666 nobis
1459 3609 1658 3680 eripuit
1693 3609 2026 3678 paradisum,

448 3693 696 3757 Christus
723 3695 945 3758 donavit
969 3709 1023 3758 et
1043 3699 1258 3766 Caelum,
1283 3707 1340 3756 et
1368 3699 1489 3755 ideo
1519 3699 1564 3754 si
1585 3699 1640 3753 in
1664 3697 1754 3754 illo
1782 3711 1903 3753 esse
1936 3713 2027 3752 vo-

447 3787 624 3847 lumus
669 3791 814 3862 quod
855 3806 976 3848 esse
1017 3792 1312 3855 debemus,
1347 3789 1487 3844 sicut
1533 3797 1754 3844 sanctus
1792 3786 2028 3844 Joannes

447 3881 725 3954 apostolus
759 3884 888 3939 dicit
918 3898 932 3937 :
981 3902 999 3936 (
1036 3882 1314 3950 Quomodo
1344 3881 1434 3938 ille
1467 3881 1798 3945 ambulavit,
1849 3888 1904 3934 et
1928 3895 2030 3935 nos

447 3975 761 4045 spiritaliter
799 3975 1136 4031 ambulemus
1167 3988 1181 4027 :
1219 3995 1240 4027 ι
1271 3973 1402 4044 quid
1444 3982 1528 4029 est
1568 3972 1847 4027 ambulare
1889 3972 2030 4027 sicut

449 4063 538 4120 ille
564 4065 878 4133 ambulavit,
910 4066 1012 4121 nisi
1039 4071 1390 4121 contemnere
1414 4067 1594 4121 omnia
1617 4079 1878 4136 prospera
1907 4079 2028 4135 quae

447 4157 795 4226 contempsit,
825 4172 933 4212 non
965 4156 1156 4211 timere
1185 4157 1412 4212 adversa
1437 4171 1558 4226 quae
1585 4156 1828 4228 pertulit,
1859 4156 2028 4211 liben-

449 4255 533 4303 ter
579 4248 757 4306 facere
787 4255 906 4320 quai
948 4247 1116 4313 fecit,
1165 4247 1284 4303 ﬁeri
1328 4250 1523 4304 docere
1560 4263 1679 4318 qua:
1718 4248 2024 4312 mandavit,

449 4358 670 4414 sperare
695 4357 815 4416 quae
845 4343 1132 4416 promisit,
1175 4341 1408 4415 et'sequi
1435 4359 1542 4413 quo
1579 4343 1692 4413 ipse
1728 4343 2026 4412 prrecessit,

448 4445 704 4506 praestare
731 4435 992 4492 beneﬁcia
1020 4436 1182 4492 etiam
1206 4435 1450 4507 ingratis,
1479 4450 1587 4490 non
1611 4434 1914 4489 retribuere
1937 4448 2026 4488 se-

449 4528 681 4584 cundum
711 4525 908 4583 merita‘
938 4543 1036 4583 sua
1061 4526 1356 4592 malevolis,
1380 4538 1434 4582 et
1458 4541 1615 4581 orare
1642 4541 1738 4598 pro
1768 4524 2020 4592 inimicis,

448 4635 632 4676 amare
655 4621 845 4686 bonos”,
873 4619 1116 4675 misereri
1142 4633 1450 4690 perversos,
1489 4618 1721 4673 invitare
1741 4617 2021 4684 adversos,

449 4712 722 4783 suscipere
767 4713 822 4767 in
867 4711 1132 4767 cbaritate
1189 4711 1526 4767 conversos?
1551 4710 1632 4765 Ad
1658 4710 1762 4765 hoc
1789 4709 2026 4780 pertinet

447 4802 590 4871 quod
634 4803 709 4857 ait
750 4803 913 4858 etiam
943 4812 1165 4859 sanctus
1203 4803 1399 4859 Paulus
1434 4803 1710 4874 apostolus
1739 4821 1753 4856 :
1787 4823 1815 4854 «-
1837 4800 1893 4856 Si
1941 4816 2023 4856 re-

448 4891 762 4949 surrexistis
789 4909 912 4950 cum
942 4893 1180 4962 Christo,
1209 4909 1326 4964 quae
1367 4910 1584 4950 sursum
1613 4901 1738 4948 sunt
1773 4891 2018 4963 quaerite,

446 4983 536 5039 ubi
560 4982 809 5041 Christus
835 4995 918 5042 est
944 4987 997 5042 in
1024 4985 1244 5042 dextera
1275 4985 1370 5041 Dei
1399 4986 1590 5041 sedens
1617 4967 1754 5054 (C'ol.
1780 4999 1862 5048 ill,
1892 4981 1965 5053 i).
1998 5003 2016 5035 ι

444 5069 526 5130 illi
555 5086 845 5150 resurgunt
880 5093 1002 5133 cum
1042 5077 1258 5133 Christo
1286 5077 1378 5147 qui
1419 5075 1726 5132 moriuntur
1761 5075 1901 5130 sicut
1929 5073 2022 5128 ille

445 5174 668 5237 peccato
701 5207 717 5234 ,
772 5182 836 5222 ea
880 5175 1058 5223 tamen
1101 5165 1442 5222 distinctione
1491 5174 1704 5221 servata
1745 5165 1886 5234 quod
1933 5163 2022 5219 ille

447 5267 691 5314 mortuus
710 5268 792 5314 est
819 5269 1061 5328 peccato,
1089 5277 1197 5315 non
1223 5275 1342 5325 suo,
1371 5258 1464 5315 sed
1491 5268 1696 5326 nostro,
1727 5260 2017 5330 unusquis-

447 5363 552 5417 que
579 5360 759 5405 autem
789 5358 1033 5405 nostrum
1077 5369 1186 5408 non
1228 5353 1468 5408 omnium
1499 5354 1730 5408 moritur
1773 5361 2016 5421 peccato,

447 5440 539 5495 sed
593 5456 711 5496 suo.
757 5441 896 5510 Quid
944 5451 1027 5498 est
1076 5452 1298 5514 peccato
1345 5444 1502 5508 mori,
1539 5444 1644 5498 nisi
1698 5444 2016 5498 damnandis

446 5527 720 5599 operibus‘
752 5532 973 5588 omnino
1023 5549 1128 5588 non
1167 5535 1356 5589 vivere
1384 5573 1399 5598 ,
1445 5533 1579 5588 nihil
1633 5534 2017 5603 concupiscere

444 5622 736 5677 carnaliter
843 5625 977 5680 nihil
1043 5627 1283 5680 ambire?
1351 5624 1503 5679 Sicut
1563 5625 1708 5679 enim
1771 5632 2018 5681 mortuus

445 5725 612 5765 carne
661 5713 792 5767 nulli
837 5715 948 5784 jam
997 5716 1275 5779 detrahit,
1333 5715 1536 5771 nullum
1597 5725 1880 5772 aversatur
1924 5727 2018 5772 aut

447 5803 693 5870 despicit,
729 5805 926 5860 nullius
968 5807 1276 5876 pudicitiam
1326 5807 1515 5863 callida
1559 5810 2018 5866 circumventione

2131 1949 2492 2005 contentionis
2525 1952 2827 2017 exanimat;
2859 1969 2962 2008 non
2995 1953 3122 2009 facit
3151 1956 3533 2026 impudentem
3563 1959 3730 2013 auda-

2130 2045 2237 2112 cia,
2287 2046 2528 2115 iniquum
2562 2045 2846 2114 iniustitia,
2887 2047 3061 2102 ferum
3107 2049 3492 2116 inclementia,
3517 2053 3732 2107 varium

2130 2135 2514 2201 inconstantia,
2539 2125 2874 2206 pertinacem
2904 2140 3266 2205 contumacia,
3296 2141 3563 2197 insanum
3585 2159 3734 2199 vesa-

2126 2223 2242 2289 nia,
2275 2225 2592 2280 deliciosnm
2624 2227 2766 2296 gula,
2808 2228 3059 2284 rebellem
3089 2230 3492 2297 inobedieutia,
3533 2249 3730 2288 vanum

2123 2316 2406 2390 iactantia,
2437 2317 2706 2372 inﬁdelem
2733 2321 2983 2390 perﬁdia,
3010 2321 3183 2377 levem
3227 2321 3497 2388 facilitas,
3529 2341 3730 2380 saevam

2130 2410 2441 2476 crudelitas,
2458 2411 2850 2467 manduconem
2875 2414 3042 2483 turpis
3063 2414 3326 2480 edacitas,
3344 2418 3732 2488 impatientem

2128 2502 2436 2571 mobilitas,
2479 2502 2733 2559 mobilem
2790 2505 3152 2570 instabilitas,
3212 2523 3417 2578 vagum
3469 2510 3734 2580 spiritalis

2128 2594 2455 2662 infirmitas,
2527 2596 2846 2653 iracundum
2921 2599 3276 2666 animositas,
3355 2603 3729 2672 suspiciosum

2127 2693 2475 2764 perversitas,
2503 2693 2790 2750 verbosum
2811 2694 3045 2759 vanitas,
3069 2695 3351 2750 irrisorem
3387 2697 3726 2768 malignitas,

2126 2787 2217 2858 qui
2269 2794 2509 2842 remotus
2561 2795 2643 2841 est
2687 2801 2719 2840 a
2753 2786 3102 2842 saecularibus
3139 2801 3368 2856 prorsus
3427 2789 3724 2854 illecebris,

2127 2886 2367 2932 remotus
2390 2877 2458 2931 ab
2486 2876 2805 2941 inimicitiis,
2858 2885 3098 2933 remotus
3143 2877 3212 2932 ab
3255 2878 3487 2935 insidiis
3517 2879 3724 2948 alienis,

2126 2977 2364 3022 remotus
2379 2983 2407 3021 a
2427 2967 2629 3036 rapinis
2643 2967 2724 3022 vel
2739 2967 3124 3024 occultioribus
3136 2968 3221 3024 vel
3237 2971 3476 3039 apertis,
3496 2979 3726 3026 remotus

2127 3074 2157 3112 a
2206 3059 2502 3114 mendaciis
2549 3059 2663 3113 sive
2714 3057 2987 3128 periuriis,
3043 3069 3322 3130 postremo
3371 3073 3624 3117 remotus
3665 3062 3726 3116 ab

2129 3152 2274 3208 omni
2316 3167 2514 3222 genere
2551 3149 2942 3220 tlagitiosorum
2972 3161 3134 3220 atque
3175 3152 3496 3209 facinorum
3537 3154 3726 3224 quibus

2128 3242 2418 3299 carnaliter
2441 3242 2684 3297 viventes
2709 3243 2879 3297 Deum
2900 3241 3181 3299 offendunt
3199 3253 3254 3299 et
3275 3247 3488 3300 mortui
3511 3259 3726 3317 peccato

2129 3350 2235 3389 non
2260 3334 2308 3388 ei
2332 3333 2600 3400 serviunt;
2642 3334 2804 3399 sicut,
2848 3335 3092 3404 inquam,
3123 3350 3288 3391 carne
3327 3346 3590 3394 mortuus
3635 3357 3724 3394 nec

2127 3425 2307 3482 facere
2327 3435 2506 3496 potest
2537 3425 2639 3480 ista
2677 3442 2798 3495 quae
2823 3425 2957 3492 dixi,
2981 3441 3082 3483 nec
3105 3429 3237 3498 pati,
3263 3428 3343 3482 ita
3361 3428 3418 3483 hi
3448 3439 3508 3484 et
3538 3431 3724 3486 talibus

2126 3518 2274 3574 vitiis
2297 3519 2516 3573 omnino
2541 3534 2650 3573 non
2679 3519 2892 3585 vivunt,
2929 3520 3021 3589 qui
3061 3528 3122 3574 ut
3147 3521 3334 3575 vivant
3362 3521 3485 3577 Deo
3511 3539 3724 3579 carnem

2128 3624 2280 3665 suam
2337 3625 2458 3664 cum
2512 3609 2657 3664 vitiis
2701 3617 2758 3664 et
2801 3611 3256 3681 concupiscentiis
3285 3605 3722 3680 cruciﬁxerunt,

2128 3699 2374 3752 membra
2425 3713 2521 3752 sua
2576 3712 2698 3767 quae
2753 3706 2880 3754 sunt
2929 3715 3092 3768 super
3139 3711 3342 3754 terram
3395 3704 3724 3758 mortificata

2128 3789 2345 3860 quando
2381 3788 2524 3842 intra
2553 3789 2922 3844 necessarium
2965 3789 3186 3843 modum
3222 3805 3385 3845 suum
3425 3801 3724 3862 temperant

2127 3879 2454 3951 appetitum,
2497 3879 2712 3949 quando
2751 3894 2864 3934 non
2915 3877 3088 3935 solum
3136 3895 3194 3935 se
3243 3896 3275 3934 a
3316 3880 3724 3939 delicatioribus

2127 3973 2260 4029 cibis
2287 3972 2564 4027 moderata
2591 3972 2933 4027 districtione
2963 3972 3326 4042 suspendunt,
3359 3974 3461 4028 sed
3485 3976 3654 4030 etiam
3674 3978 3724 4032 in

2125 4062 2296 4134 ipsius
2315 4062 2688 4138 communibus
2713 4062 2850 4117 nihil
2875 4063 3024 4118 carni
3043 4078 3154 4116 suae
3173 4078 3274 4132 pro
3301 4063 3610 4134 desiderio,
3635 4069 3720 4122 sui

2124 4171 2225 4226 pro
2253 4155 2618 4210 sustentandae
2659 4155 2782 4209 vitae
2830 4154 3156 4210 necessitate
3186 4157 3544 4225 permittunt,
3593 4161 3724 4215 certi

2126 4247 2270 4319 quod
2295 4263 2396 4303 nec
2422 4247 2626 4303 deliciae
2649 4247 2920 4316 quaelibet,
2940 4248 2984 4302 si
3010 4247 3216 4317 absque
3244 4248 3528 4308 desiderio
3557 4255 3725 4323 perci-

2123 4339 2366 4410 piantur,
2391 4337 2647 4406 oliiciunt,
2673 4350 2728 4394 et
2752 4338 2888 4394 viles
2907 4339 3350 4411 cibiplerumque
3378 4343 3724 4399 abstinentia

2125 4429 2442 4501 profectum,
2460 4429 2505 4484 si
2519 4435 2835 4500 appetenter
2849 4429 3210 4500 accipiantur,
3232 4433 3564 4502 impediunt.
3592 4436 3722 4492 Hinc

2126 4532 2212 4580 est
2243 4524 2386 4594 quod
2421 4532 2642 4579 sanctus
2663 4523 2831 4578 David
2857 4531 3010 4594 aquae
3040 4523 3095 4578 in
3128 4539 3187 4579 se
3217 4527 3724 4597 concupiscentiam

2125 4615 2426 4687 castigavit,
2449 4625 2614 4686 atque
2634 4631 2754 4671 eam
2777 4615 2877 4671 sibi
2899 4631 2930 4669 a
2951 4615 3066 4672 suis
3085 4615 3342 4686 oblatam,
3360 4634 3430 4673 ne
3450 4617 3724 4676 dsiderio

2125 4721 2192 4764 ex
2220 4722 2285 4762 ea
2324 4705 2638 4763 satisfacere
2679 4707 2980 4774 videretur,
3023 4707 3248 4777 effudit,
3280 4718 3336 4765 et
3381 4712 3566 4767 sancti
3595 4712 3724 4767 El‘m

2123 4803 2398 4876 perceptio
2418 4804 2663 4859 carnium
2678 4819 2785 4859 non
2799 4803 3085 4874 concupita
3101 4818 3209 4858 non
3227 4805 3437 4860 nocuit.
3454 4805 3620 4861 Unde
3631 4806 3724 4860 da—

2124 4907 2214 4952 tur
2237 4895 2458 4968 intelligi
2487 4897 2631 4967 quod
2661 4897 2930 4952 veraciter
2975 4896 3310 4953 abstinentes
3331 4912 3595 4954 escarum
3616 4915 3720 4955 non

2125 4997 2352 5044 naturas
2382 4988 2475 5045 sed
2506 4989 2976 5059 concupiscentias
3005 4989 3284 5056 damnent,
3321 5005 3391 5046 ac
3411 4991 3720 5048 voluntates

2129 5094 2254 5134 suas
2275 5079 2567 5136 desiderati
2609 5081 2715 5134 cibi
2757 5079 2841 5134 vel
2873 5088 3030 5150 potus
3061 5079 3319 5136 abusione
3360 5084 3716 5140 mortiticent.

2129 5167 2231 5238 Qui
2261 5178 2440 5224 autem
2465 5186 2570 5226 non
2593 5168 2764 5224 solum
2788 5185 2818 5224 a
2840 5169 3101 5240 qualitate
3118 5210 3132 5236 ,
3156 5171 3251 5225 sed
3281 5171 3450 5226 etiam
3487 5189 3520 5227 a
3548 5190 3718 5244 quan-

2127 5262 2283 5317 titate
2305 5263 2549 5318 ciborum
2573 5262 2796 5332 cupiunt
2824 5262 3120 5327 abstinere,
3136 5262 3272 5318 nihil
3294 5263 3443 5318 aliud
3469 5265 3714 5326 student,

2125 5353 2230 5408 nisi
2261 5361 2318 5406 ut
2343 5363 2605 5422 quantum
2635 5355 2916 5408 stomacho
2965 5353 3257 5408 reﬁciendo
3303 5371 3368 5408 ac
3414 5353 3554 5410 fami
3603 5357 3714 5411 exi-

2125 5443 2334 5498 menda:
2365 5441 2549 5515 [Forte
2570 5445 2712 5500 deest
2739 5444 2892 5516 satis]
2921 5460 3040 5502 esse
3092 5445 3326 5510 videtur,
3370 5447 3713 5519 indulgeant,

2125 5550 2224 5589 nec
2251 5535 2501 5606 expleant
2520 5552 2646 5592 suos
2665 5539 2929 5608 appetitus
2951 5537 3209 5592 aviditate
3229 5537 3596 5608 percipiendi,
3621 5536 3715 5592 sed

2125 5628 2503 5696 comprimunt,
2563 5640 2726 5699 atque
2775 5631 2853 5684 eis
2903 5645 3008 5685 non
3037 5631 3292 5684 saturitas
3317 5631 3517 5685 edendi
3549 5630 3712 5684 ﬁnem

2124 5717 2305 5784 faciat,
2323 5722 2416 5776 sed
2431 5722 2703 5788 voluntas,
2723 5725 2850 5793 quia
2868 5732 2972 5778 tam
2989 5740 3017 5777 a
3032 5723 3324 5794 cupiditate
3338 5724 3708 5794 pretiosorum

2125 5813 2370 5869 ciborum
2406 5830 2566 5884 quam
2598 5832 2626 5882 a
2650 5817 2814 5871 nimia
2864 5817 3206 5888 perceptione
3235 5815 3423 5870 vilium
3463 5816 3704 5870 contine-
