3956 6326
237 367 376 429 1385

1475 367 1562 422 DE
1597 361 1685 419 PU
1694 361 1948 417 RITATE
1986 360 2257 416 CORDIS.

235 486 389 549 bunt,
428 481 522 553 qui
555 483 692 539 cibis
718 497 821 539 nec
860 482 1181 539 lautioribus
1223 481 1412 538 volunt
1437 493 1602 536 carne
1643 477 1805 531 luxu-
1833 481 1883 542 Α
1910 490 2016 546 que
2038 481 2408 542 consummat;
2431 489 2568 546 quas
2609 475 2840 534 virtutes
2858 477 2934 534 illi
2961 493 3070 536 non
3109 481 3370 542 habentes
3393 501 3489 544 oo-

236 576 412 630 riante
433 574 670 641 dissolvi,
701 589 801 630 nec
829 574 1154 631 distentione
1191 575 1395 628 ventris
1437 573 1634 626 vilibus
1681 585 1812 625 one-

235 670 367 734 rari,
413 668 628 738 quando
668 669 1002 723 abstinentes
1041 667 1144 722 viri
1191 682 1292 722 nec
1331 665 1574 722 deliciosi
1605 663 1813 718 soleant

235 773 376 823 esse,
426 771 525 812 nec
553 757 716 811 avidi.
747 757 866 811 Jam
896 759 962 812 de
997 756 1125 810 vino
1149 755 1470 810 abstinendo
1500 753 1585 807 vel
1632 751 1809 821 perci-

233 849 430 921 piendo
450 849 579 918 quid
608 849 821 904 dicam?
851 848 1006 903 Unde
1049 856 1268 902 sanctus
1293 845 1582 915 Apostolus
1605 851 1811 899 certam

235 943 355 998 ﬁnit
385 941 624 1012 regulam
647 941 831 996 dicens
858 956 872 993 :
904 959 923 990 ‹
965 939 1139 995 Nolite
1161 938 1418 994 inebriari
1441 937 1587 1000 vino,
1620 936 1674 989 in
1704 949 1812 1004 quo

234 1044 321 1091 est
356 1035 567 1090 luxuria
597 1034 757 1105 (Eph.
789 1049 839 1098 v,
874 1034 984 1103 l8),
1026 1052 1044 1083 ι
1076 1032 1229 1101 quasi
1266 1032 1490 1095 diceret,
1515 1028 1810 1084 Luxuriam

235 1124 386 1190 facit,
418 1132 474 1178 et
501 1125 802 1179 nutritvini
838 1123 1115 1193 perceptio
1153 1121 1342 1184 nimia,
1369 1135 1477 1175 non
1508 1127 1726 1182 natura,
1753 1123 1811 1172 et

231 1223 517 1286 propterea
553 1228 658 1268 non
702 1228 800 1269 vos
825 1214 903 1267 uti
929 1214 1074 1277 vino,
1118 1213 1210 1267 sed
1238 1211 1493 1265 inebriari
1521 1209 1806 1279 prohibeo,

232 1303 667 1374 quandoquidem
694 1303 967 1358 infirmum
993 1303 1330 1358 stomachum
1347 1302 1657 1356 moderatus
1677 1315 1808 1355 usus

229 1393 342 1448 vini
362 1394 654 1458 confortat,
677 1395 910 1449 ebrietas
939 1395 1176 1448 animum
1203 1409 1504 1462 corpusque
1527 1393 1802 1456 debilitat;

231 1483 464 1554 denique
493 1483 777 1539 Timotheo
823 1500 920 1540 suo
969 1484 1248 1553 discipulo,
1291 1485 1381 1554 qui
1408 1499 1468 1538 se
1497 1483 1653 1553 longe
1683 1485 1808 1538 abs-v

233 1576 472 1630 tinentite
521 1575 860 1630 districtione
906 1575 1018 1643 jam
1075 1574 1310 1644 fregerat
1365 1582 1419 1628 et
1467 1574 1806 1628 stomachum

232 1681 390 1720 suum
431 1680 585 1735 aqua:
609 1666 957 1736 perceptione
980 1674 1315 1742 corruperat,
1345 1664 1557 1719 modico
1579 1665 1703 1719 vino
1727 1664 1804 1718 uti

231 1757 430 1813 debere
483 1759 756 1829 praecepit,
807 1759 990 1813 dicens
1026 1776 1037 1810 :
1077 1775 1098 1806 ‹
1132 1757 1248 1811 Noli
1289 1757 1466 1812 adhuc
1493 1771 1688 1826 aquam
1720 1756 1801 1810 bi-

1912 567 2095 622 cidcre
2123 581 2184 620 se
2208 573 2451 636 possunt,
2480 566 2735 622 aedificari
2763 579 2966 636 autem,
2991 574 3368 643 autperilcere
3389 577 3490 633 ali-

1911 666 1996 713 ter
2039 657 2360 712 abstinendo
2405 673 2513 712 non
2551 669 2819 728 possunt:
2851 661 2988 732 ipsis
3026 677 3154 718 vero
3201 665 3487 727 catholicis

1911 748 2254 814 Christianis,
2277 749 2368 818 qui
2399 749 2512 804 sive
2533 765 2639 805 non
2667 751 2896 806 valendo
2923 754 3216 824 abstinere,
3243 761 3358 816 sive
3386 777 3486 818 no-

1910 839 2090 903 lendo,
2142 839 2322 894 omnia
2366 841 2488 894 usui
2525 849 2714 896 nostro
2735 857 2993 899 concessa
3025 861 3150 901 cum
3184 852 3480 918 gratiarum

1911 930 2124 984 actione
2163 930 2490 1000 percipiunt,
2537 948 2644 988 non
2681 949 2781 988 nos
2829 944 3049 1006 propter
3100 939 3482 1000 abstinentiam

1909 1022 2280 1091 praeferamus,
2323 1037 2394 1076 ne
2436 1021 2576 1078 forte
2621 1035 2741 1092 plus
2788 1025 3106 1082 humilitatis
3148 1029 3484 1102 aliarumque

1910 1114 2167 1169 virtutum
2193 1113 2432 1171 habeant
2453 1115 2529 1169 illi
2565 1117 2707 1171 unde
2729 1115 2854 1185 jure
2881 1118 3036 1173 nobis
3067 1129 3287 1190 propter
3317 1123 3483 1179 absti-

1910 1217 2150 1262 nentiam
2199 1208 2578 1278 praeferantur.
2619 1208 2884 1276 Quocirca
2928 1213 2973 1265 si
3029 1212 3276 1270 volumus
3326 1215 3484 1271 nobis

1909 1302 2294 1356 abstinentiam
2315 1310 2556 1357 nostram
2583 1300 2892 1373 jejuniaque
2911 1304 3195 1372 prolicere,
3237 1322 3266 1360 a
3298 1321 3484 1378 super-

1905 1394 1996 1450 bia
2030 1393 2085 1448 in
2126 1395 2338 1465 primis,
2389 1409 2511 1464 quae
2537 1400 2634 1448 aut
2678 1395 2900 1464 expellit
2923 1411 3114 1451 omnes
3139 1408 3368 1455 Virtutes
3389 1410 3486 1456 aut

1909 1484 2126 1549 minuit,
2166 1493 2222 1539 et
2270 1501 2301 1539 a
2340 1482 2606 1552 jactantia
2647 1486 2857 1540 cunctis
2922 1487 3138 1544 inimica
3168 1490 3483 1559 virtutibus,

1908 1587 2070 1647 atque
2099 1579 2170 1632 ab
2189 1577 2442 1632 omnibus
2467 1577 2690 1632 omnino
2709 1577 2856 1632 vitiis
2882 1578 3238 1646 discedamus,
3271 1593 3329 1638 ut
3363 1599 3488 1654 pro-

1906 1672 1978 1724 sit
2031 1669 2186 1725 nobis
2235 1669 2378 1739 quod
2404 1684 2434 1722 a
2465 1668 2604 1724 cibis
2660 1667 3068 1726 delectabilibus
3108 1672 3480 1743 abstinemus;

1907 1763 2032 1832 quia
2067 1772 2194 1818 tunc
2245 1761 2400 1816 nobis
2441 1760 2696 1830 proderit,
2733 1762 2874 1831 quod
2911 1777 3140 1833 corpora
3167 1773 3372 1832 nostra,
3400 1768 3485 1824 vel

229 1849 359 1906 bere
387 1851 480 1904 sed
500 1851 712 1905 modico
733 1849 859 1904 vino
878 1858 1029 1904 utere
1053 1857 1273 1919 propter
1297 1849 1634 1903 stomachum
1653 1857 1801 1902 tuum
1830 1855 1880 1916 Β
1904 1862 2052 1909 certe
2071 1865 2361 1923 corporum
2399 1851 2692 1918 incentiva,
2722 1853 2900 1924 rigore
2938 1853 3284 1911 districtioris
3326 1857 3488 1913 absti-

229 1951 284 1998 et
311 1941 624 2012 frequentes
649 1941 770 1996 tu'as
800 1941 1144 1996 inﬁrmitates
1167 1940 1218 2011 (Ι
1250 1940 1385 1993 Tim.
1418 1955 1471 2006 v,
1500 1939 1615 2004 23).
1670 1958 1689 1990 ι
1725 1939 1804 1993 Ac

228 2049 330 2106 per
374 2035 478 2089 hoc
528 2033 662 2088 nihil
705 2041 896 2089 contra
936 2032 1316 2086 abstinentiam
1356 2029 1558 2084 faciunt
1587 2029 1677 2099 qui
1727 2029 1805 2083 vi.

230 2121 361 2180 num
427 2140 532 2180 non
588 2140 688 2196 pro
724 2125 1005 2190 ebrietate,
1058 2125 1151 2178 sed
1190 2131 1397 2177 tantum
1425 2137 1524 2192 pro
1561 2121 1808 2191 corporis

231 2217 406 2272 salute
434 2217 759 2286 percipiunt.
802 2217 912 2271 Nec
943 2217 1044 2270 hoc
1080 2217 1160 2271 eis
1198 2214 1355 2269 offert
1398 2214 1668 2279 voluntas,
1711 2215 1806 2268 sed

229 2309 496 2379 permittit
532 2308 837 2372 infirmitas,
867 2323 988 2378 quae
1012 2308 1056 2361 si
1095 2306 1347 2370 defuerit,
1378 2321 1408 2358 a
1431 2305 1558 2360 vino
1582 2311 1666 2360 est
1690 2305 1806 2359 abs-

232 2401 527 2457 tinendum.
591 2401 780 2457 Omnis
816 2401 962 2455 enim
1011 2401 1117 2453 vini
1153 2399 1445 2470 perceptio,
1492 2413 1611 2468 quae
1658 2398 1808 2452 inﬁr-

228 2509 379 2548 mum
419 2499 705 2559 sustentat,
732 2509 922 2547 sanum
947 2505 1141 2562 corpus
1175 2490 1431 2554 incendit,
1461 2489 1803 2560 quandoqui-

227 2585 354 2641 dem
396 2586 494 2657 |vel
519 2586 619 2656 leg.
647 2585 917 2654 quomodo
941 2582 1180 2654 quidem]
1216 2583 1337 2636 vino
1358 2583 1456 2648 uti,
1487 2590 1540 2636 et
1560 2582 1678 2636 usui
1710 2583 1808 2636 ba-

228 2677 360 2733 bere
405 2679 582 2734 oleum
622 2678 800 2733 nullus
829 2677 1028 2732 dixerit
1055 2692 1173 2732 esse
1214 2685 1512 2746 peccatum.
1549 2676 1655 2730 Sed
1691 2677 1807 2730 haec

233 2769 358 2823 ideo
411 2784 516 2822 non
557 2769 816 2824 debemus
865 2769 1015 2823 carni
1047 2767 1377 2822 desideranti
1409 2774 1697 2835 praestare,
1739 2779 1807 2821 ne

229 2875 354 2915 cum
383 2861 459 2914 illi
490 2861 636 2915 licita
676 2861 974 2916 concedere
994 2861 1339 2929 coeperimus,
1371 2866 1560 2928 poscat
1599 2858 1802 2923 illicita,

235 2963 293 3006 et
331 2952 432 3006 sibi
472 2951 827 3020 obsequentes
853 2952 908 3006 in
941 2951 1176 3006 minimis
1225 2951 1278 3004 in
1309 2950 1511 3021 ﬂagitia
1540 2949 1807 3018 punienda

229 3044 541 3112 compellat,
574 3060 638 3098 ac
667 3045 894 3098 naturali
923 3045 1113 3099 ordine
1128 3045 1444 3114 perturbato
1459 3059 1564 3096 non
1595 3042 1805 3113 spiritui

231 3149 449 3204 corpus,
479 3137 571 3191 sed
597 3137 820 3205 spiritus
838 3138 1050 3206 corpori
1068 3135 1664 3192 murrinantidcserviat.
1690 3134 1807 3190 Huc

1906 1946 2103 2000 nentite
2141 1945 2490 2013 castigamus,
2517 1942 2562 1998 si
2584 1943 2896 1999 carnalibus
2923 1943 3206 2001 desideriis
3229 1948 3483 2016 absoluti,

1907 2036 2110 2091 sanctis
2135 2035 2425 2089 virtutibus
2457 2034 2765 2090 ﬂoreamus.
2797 2035 2904 2090 Sed
2930 2037 3089 2107 plane
3112 2037 3236 2093 dico
3273 2054 3304 2093 a
3337 2042 3484 2098 veris

1905 2125 2197 2179 virtutibus
2253 2133 2462 2178 tantum
2529 2125 2914 2180 similitudines
2959 2126 3162 2182 distare
3200 2129 3478 2197 virtutum,

1906 2227 2166 2289 quantum
2195 2219 2358 2272 distat
2386 2233 2416 2271 a
2451 2218 2682 2273 veritate
2707 2219 3071 2285 mendacium,
3097 2221 3224 2290 quia
3251 2231 3308 2277 et
3328 2223 3484 2278 simi-

1907 2312 2075 2366 litudo
2099 2311 2334 2375 virtutis,
2367 2324 2488 2378 quae
2535 2309 2755 2365 videtur
2789 2311 2964 2366 virtus
3006 2325 3149 2377 esse,
3211 2327 3332 2366 cum
3378 2327 3486 2369 non

1905 2403 1995 2467 sit,
2027 2400 2162 2456 nihil
2193 2408 2277 2456 est
2314 2400 2478 2464 aliud,
2513 2399 2618 2455 nisi
2645 2401 3006 2466 mendacium,
3036 2409 3092 2456 et
3125 2401 3246 2456 ideo
3267 2417 3372 2457 non
3401 2411 3486 2459 est

1907 2496 2077 2549 virtus
2116 2493 2367 2557 dicenda,
2395 2494 2489 2548 sed
2536 2493 2746 2547 vitium.
2780 2491 2850 2547 Et
2875 2507 3002 2548 vera
3033 2493 3207 2550 virtus
3227 2503 3310 2551 est
3335 2497 3480 2551 veri-

1909 2590 2122 2654 tas,cui
2158 2590 2250 2658 qui
2281 2595 2529 2643 amanter
2566 2588 2857 2643 adhaeserit
2894 2588 3151 2659 apeccati
3182 2596 3355 2644 morte
3395 2604 3484 2646 res

1907 2683 2199 2738 suscitatus
2241 2680 2379 2734 mori
2418 2680 2558 2733 ultra
2623 2695 2728 2734 non
2769 2680 2988 2748 poten't,
3029 2679 3132 2734 nisi
3161 2695 3284 2734 cum
3322 2680 3392 2734 ab
3417 2695 3482 2736 ea

1908 2773 2201 2842 depravata
2219 2771 2495 2826 voluntate
2519 2771 2832 2837 recesserit;
2862 2771 3004 2826 sicut
3023 2785 3053 2824 e
3072 2771 3348 2825 contrario
3375 2771 3484 2825 vir-

1907 2865 2038 2918 tutis
2071 2863 2343 2918 simulatio
2368 2875 2488 2932 qute
2509 2871 2614 2928 est,
2642 2871 2700 2916 ut
2721 2862 2852 2927 dixi,
2885 2862 3222 2918 mendacium
3269 2863 3483 2919 veritati

1909 2957 2261 3021 contrarium,
2284 2955 2518 3009 animam
2546 2963 2758 3024 separat
2784 2969 2815 3007 a
2844 2953 2956 3009 Deo
2975 2955 3084 3010 vita
3117 2969 3236 3020 sua,
3261 2969 3368 3010 non
3398 2956 3483 3010 in-

1909 3051 2209 3114 terituram,
2242 3049 2337 3105 sed
2382 3047 2665 3118 supplicio,
2695 3061 2816 3118 quae
2837 3053 2922 3102 est
2963 3047 3107 3103 illius
3154 3061 3301 3103 mors
3324 3088 3340 3115 ,
3370 3061 3486 3118 pm-

1912 3147 2110 3202 naliter
2137 3147 2252 3200 sine
2295 3144 2400 3199 fine
2427 3145 2713 3208 victuram,
2744 3143 3022 3213 Scriptura
3052 3141 3266 3198 dicente
3293 3159 3306 3194 :
3346 3160 3366 3192 ι
3412 3139 3484 3197 Os

231 3227 439 3282 accedit
459 3229 601 3297 quod
622 3237 676 3284 et
698 3230 865 3299 ipsam
884 3237 1116 3284 mentem
1131 3229 1811 3285 abstinentiaefructusala-
1837 3215 1883 3278 C
1914 3239 2056 3309 quod
2097 3236 2360 3292 mentitur
2402 3235 2601 3291 occidit
2647 3235 2883 3289 animam
2919 3233 3068 3305 (Sap.
3116 3249 3154 3299 ι,
3184 3233 3294 3304 ll).
3344 3251 3364 3284 ι
3406 3233 3483 3287 Ac

231 3335 381 3374 crem
418 3319 569 3385 facit,
595 3335 814 3376 carnem
851 3337 1066 3391 quoque
1097 3337 1203 3376 non
1233 3335 1401 3390 usque
1439 3321 1506 3376 ad
1534 3320 1809 3376 lassitudi-

231 3427 360 3466 nem
387 3411 687 3484 fatigatam,
713 3413 808 3468 sed
836 3415 1048 3483 Spiritui
1074 3413 1319 3469 ordinate
1334 3412 1631 3481 subjectum
1647 3413 1811 3469 mobi-

231 3502 339 3557 lem
358 3504 565 3568 reddat,
581 3518 769 3557 sensus
783 3504 947 3557 etiam
961 3519 1096 3572 quos
1109 3504 1360 3558 dicuntur
1373 3519 1584 3559 crassos
1599 3504 1812 3560 efﬁcere

229 3591 321 3647 vel
360 3607 587 3660 gravare
612 3601 884 3663 congesta!
914 3592 1138 3656 deliciae,
1160 3594 1496 3647 consuetudo
1532 3594 1811 3663 parcitatis

230 3692 519 3748 exonerat,
541 3693 596 3738 et
619 3685 765 3738 velut
793 3685 1025 3754 quadam
1061 3683 1290 3752 politura
1319 3683 1579 3752 religiOsa:
1605 3683 1812 3738 exerci-

234 3776 458 3832 tationis
497 3784 759 3831 attenuat.
796 3775 1178 3830 Verumtamen
1216 3774 1292 3827 sic
1316 3773 1586 3828 abstinere
1618 3773 1702 3826 vel
1733 3773 1814 3842 je-

227 3869 428 3941 junare
449 3869 802 3932 debemus,ut
835 3882 942 3921 non
973 3864 1361 3935 nosjejunandi
1397 3863 1482 3917 vel
1511 3862 1813 3917 abstinendi

235 3960 546 4016 necessitati
610 3959 920 4023 subdamus,
983 3972 1049 4011 ne
1078 3955 1192 4024 jam
1227 3971 1332 4010 non
1369 3954 1569 4020 devoti,
1610 3953 1704 4008 sed
1734 3953 1814 4006 in-

236 4055 334 4109 viti
383 4065 499 4106 rem
532 4051 890 4107 voluntariam
922 4048 1204 4104 faciamus.
1253 4047 1309 4102 Si
1367 4047 1509 4101 enim
1549 4045 1816 4115 quoslibet

237 4143 607 4207 advenientes,
634 4140 838 4211 jejunio
884 4139 1210 4202 intermisso,
1259 4135 1474 4200 reficio,
1511 4150 1618 4188 non
1665 4134 1814 4189 solvo

230 4236 516 4309 jejunium,
564 4235 658 4290 sed
706 4234 902 4305 impleo
936 4232 1220 4287 charitatis
1257 4228 1510 4286 cilicium.
1543 4228 1814 4283 Caeterum

237 4331 284 4386 si
325 4339 542 4400 propter
571 4329 949 4384 abstinentiam
988 4326 1258 4396 spiritales
1284 4326 1481 4380 fratres
1508 4339 1644 4394 quos
1688 4324 1813 4378 novi

239 4437 358 4476 mea
389 4421 704 4476 remissione
742 4419 998 4475 delectari
1027 4419 1311 4483 contristo,
1344 4417 1670 4472 abstinentia
1695 4430 1813 4469 mea

241 4527 348 4568 non
376 4521 458 4567 est
493 4513 661 4566 virtus
700 4511 946 4575 dicenda,
998 4511 1090 4565 sed
1132 4510 1346 4574 vitium,
1395 4507 1649 4578 quoniam
1701 4507 1818 4577 qui-

242 4603 362 4658 dem
393 4603 504 4671 ipsa
544 4601 880 4656 abstinentiae
902 4615 965 4655 ac
982 4598 1307 4668 jejuniorum
1328 4599 1681 4664 continuatio,
1707 4598 1814 4652 nisi

239 4695 404 4752 fuerit
438 4695 651 4763 quando
699 4707 788 4747 res
822 4693 991 4764 exigit
1018 4692 1394 4761 praetermissa,
1426 4698 1480 4743 et
1510 4703 1598 4743 me
1641 4687 1810 4754 inﬂat,

237 4797 296 4843 et
339 4787 559 4840 fratrem
583 4799 783 4848 meum,
806 4784 892 4838 cui
923 4783 1162 4837 charitas
1183 4782 1336 4851 jubet
1356 4781 1582 4845 servire,
1611 4779 1816 4834 contri-

240 4887 372 4941 stat,
403 4875 486 4930 vel
529 4883 676 4932 certe
713 4875 841 4929 mihi
886 4874 1020 4928 nihil
1049 4875 1224 4928 inesse
1251 4871 1532 4926 charitatis
1563 4870 1814 4927 fraternae

241 4971 601 5032 demonstrat,
643 4966 858 5036 quando
889 4967 1004 5020 sine
1039 4964 1362 5020 abstinentia
1407 4962 1701 5032 quemlibet
1724 4964 1816 5018 ho-

242 5062 445 5117 minem
492 5059 818 5113 catholicum
857 5058 1094 5112 oharitas
1123 5056 1234 5111 sola
1259 5053 1538 5125 perficiat;
1567 5064 1618 5109 et
1638 5054 1815 5109 omnis

243 5151 594 5216 abstinentia,
635 5149 940 5219 autperdat
979 5149 1094 5209 sine
1125 5147 1471 5216 adjunctione
1511 5146 1812 5211 charitatis,

245 5252 342 5298 aut
397 5251 602 5312 pereat.
653 5241 788 5308 Quia
822 5255 951 5312 ergo
1011 5239 1283 5294 abstinere
1323 5239 1486 5292 etiam
1535 5237 1815 5291 Manichmi

245 5334 330 5390 vel
355 5331 578 5402 quilibet
605 5331 694 5385 alii
716 5330 955 5385 haeretici
982 5338 1228 5399 possunt,
1259 5338 1319 5383 ut
1347 5337 1471 5397 pote
1503 5328 1594 5396 qui
1628 5341 1818 5381 omnes

245 5439 442 5480 carnes
467 5438 574 5476 non
605 5436 705 5491 pro
743 5419 1068 5474 abstinentia
1098 5419 1192 5472 sed
1223 5433 1319 5486 pro
1356 5415 1694 5470 immunditia
1721 5415 1816 5469 de-

247 5523 531 5579 testantes,
562 5527 787 5583 corpora
822 5525 918 5566 sua
940 5509 1095 5579 panis
1130 5516 1184 5563 et
1209 5523 1358 5577 aqum
1403 5507 1663 5574 parcitate
1693 5517 1820 5558 con-

249 5606 460 5668 licium,
490 5619 596 5658 non
633 5619 730 5673 pro
775 5617 971 5672 magno
1013 5600 1274 5654 ducamus
1335 5596 1552 5666 quando
1611 5595 1679 5647 ab
1736 5593 1818 5646 his

249 5712 368 5767 qum
395 5696 470 5749 illi
498 5710 711 5764 quoque
762 5693 1014 5761 rejiciunt
1059 5690 1415 5754 abstinemus,
1463 5685 1556 5741 sed
1605 5684 1822 5755 quando

250 5787 632 5844 abstinentiam
673 5795 915 5841 nostram
969 5785 1104 5839 ﬁdes
1131 5779 1494 5847 eommmdat,
1546 5779 1816 5833 charitas-

1911 3349 2009 3404 per
2047 3333 2150 3387 hoc
2194 3331 2336 3386 sicut
2365 3321 2536 3384 virtus
2579 3327 2819 3383 animam
2865 3325 2970 3384 sibi
3009 3327 3276 3383 veraciter
3322 3327 3486 3381 inlim-

1910 3430 2143 3484 rentem,
2179 3421 2225 3476 si
2256 3419 2420 3474 fuerit
2446 3434 2596 3485 vera,
2630 3417 2914 3486 justillcat,
2949 3419 3023 3472 ita
3076 3419 3327 3473 simulata
3359 3433 3486 3473 con-

1911 3515 2146 3569 demnat.
2201 3511 2269 3566 Et
2305 3511 2433 3581 quid
2476 3510 2791 3580 justiﬁeatio
2837 3509 3050 3575 animae,
3101 3509 3206 3564 nisi
3258 3507 3374 3578 ejus
3407 3517 3492 3564 est

1911 3605 2019 3657 vita
2055 3611 2315 3672 perpetuo
2353 3602 2509 3655 beata
2540 3616 2606 3655 ac
2631 3601 2786 3654 beate
2826 3606 3113 3668 perpetua,
3172 3598 3312 3652 sicut
3356 3613 3488 3653 con-

1914 3694 2188 3748 demnatio
2211 3692 2404 3746 animae
2432 3704 2590 3759 pwna
2613 3689 2730 3758 ejus
2755 3697 2841 3744 est
2861 3688 3162 3752 sentienda,
3199 3703 3318 3757 qua:
3343 3703 3489 3742 mors

1912 3783 2168 3852 probatur
2202 3792 2256 3836 et
2305 3781 2420 3850 ipsa
2477 3778 2780 3850 perpetua?
2817 3779 2892 3832 lta
2945 3777 3230 3846 dupliciter
3276 3791 3370 3832 rea
3410 3785 3493 3833 est

1914 3877 2091 3930 anima
2119 3893 2130 3927 :
2166 3874 2209 3928 si
2242 3881 2296 3928 et
2325 3874 2523 3927 bonum
2564 3885 2670 3925 non
2697 3869 2863 3924 faciat
2897 3869 3038 3923 unde
3063 3867 3380 3938 spiritaliter
3407 3869 3488 3922 vi-

1915 3975 2027 4032 vat,
2083 3976 2138 4020 et
2173 3972 2388 4036 appetat
2419 3962 2828 4020 similitudinem
2869 3961 3014 4025 boni,
3063 3963 3163 4016 sub
3206 3973 3312 4029 qua
3353 3960 3490 4015 male

1915 4060 2062 4112 vivat
2090 4065 2147 4111 et
2189 4057 2370 4111 lateat.
2409 4054 2686 4125 Superbus
2728 4052 2844 4108 vult
2871 4069 2930 4109 se
2957 4053 3102 4109 credi
3131 4061 3489 4116 constantem,

1913 4149 2170 4222 prodigus
2200 4147 2494 4210 liberalem,
2543 4159 2740 4200 avarus
2778 4143 3107 4216 diligentem,
3165 4145 3494 4199 inhumanus

1913 4254 2162 4311 parcum.
2196 4239 2415 4310 gulosus
2445 4238 2759 4302 humanum,
2789 4237 3016 4307 ignavus
3059 4235 3322 4305 quietum,
3355 4235 3495 4290 timi-

1917 4331 2016 4385 dus
2045 4336 2286 4394 cautum,
2333 4327 2663 4398 impudentia
2685 4325 2894 4381 ﬁducia:
2915 4325 3017 4380 sibi
3047 4340 3241 4380 nomen
3279 4325 3492 4391 scribit,

1917 4420 2224 4491 procacitas
2290 4418 2704 4489 appellationem
2748 4416 3016 4473 libertatis
3071 4417 3336 4481 obtendit,
3379 4416 3493 4471 elo-

1918 4513 2190 4583 quentiam
2242 4510 2544 4566 verbositas
2595 4509 2769 4581 ﬁngit,
2821 4519 2875 4566 et
2913 4508 3246 4564 curiositatis
3291 4507 3520 4584 maluml

1919 4607 2018 4663 sub
2056 4605 2220 4661 studii
2271 4603 2536 4675 spiritalis
2595 4603 2778 4658 colore
2817 4601 3103 4657 delitescit.
3157 4599 3286 4656 limo
3342 4609 3397 4655 et
3444 4599 3490 4656 si

1917 4703 2145 4768 possunt
2166 4693 2384 4766 ingenio
2436 4695 2672 4748 humano
2696 4693 2954 4757 discerni,
2991 4701 3171 4746 tamen
3205 4691 3322 4747 sine
3351 4691 3492 4747 dono

1919 4787 2034 4852 Dei,
2086 4793 2345 4856 quantum
2395 4783 2527 4838 mihi
2572 4777 2805 4847 videtur,
2863 4795 2963 4837 nec
3004 4780 3231 4836 virtutes
3266 4791 3494 4853 possunt

1918 4879 2097 4950 appeti
2142 4876 2226 4932 vel
2277 4875 2493 4941 haberi;
2547 4889 2647 4928 nec
2679 4888 2880 4928 'earum
2935 4871 3334 4940 similitudines,
3371 4889 3492 4944 qua:

1919 4981 2044 5026 sunt
2067 4969 2193 5024 vitia
2225 4968 2453 5022 virtutes
2482 4964 2766 5027 imitantia,
2787 4963 3064 5027 declinari,
3096 4964 3150 5018 in
3193 4971 3403 5018 tantum
3434 4975 3493 5018 ut

1917 5059 2222 5115 infidelibus
2277 5055 2410 5111 nihil
2459 5054 2726 5125 profuisse
2782 5054 3062 5109 credamus
3099 5055 3265 5109 etiam
3292 5055 3336 5110 si
3365 5063 3492 5110 sunt

1918 5154 2128 5223 aliquas
2154 5165 2250 5221 per
2273 5163 2470 5218 corpus
2497 5147 2702 5218 operati
2724 5146 2949 5202 virtutes
2969 5186 2984 5211 ,
3007 5145 3150 5215 quod
3200 5161 3295 5202 eas
3327 5160 3427 5201 nec
3459 5159 3490 5199 a

1919 5247 2029 5300 Deo
2057 5257 2154 5298 suo
2192 5255 2250 5295 se
2280 5238 2551 5308 accepisse
2573 5235 2946 5302 crediderunt,
3001 5249 3102 5290 nec
3132 5238 3198 5290 ad
3243 5249 3366 5290 eum
3397 5234 3487 5304 qui

1917 5343 1998 5392 est
2045 5334 2166 5387 ﬁnis
2217 5334 2478 5387 bonorum
2528 5329 2768 5384 omnium
2816 5326 3022 5383 referre
3067 5326 3394 5382 voluerunt:
3438 5332 3493 5379 et

1922 5425 2051 5497 quid
2081 5423 2237 5480 dico?
2273 5421 2402 5476 nihil
2423 5421 2502 5475 eis
2530 5418 2893 5489 profecerunt,
2922 5419 3032 5474 imo
3069 5417 3235 5473 etiam
3290 5429 3490 5470 nocue-

1923 5528 2070 5583 runt,
2103 5516 2314 5572 dicente
2342 5521 2526 5569 sancto
2565 5511 2820 5580 Apostolo
2855 5529 2868 5565 :
2905 5532 2924 5562 ι
2970 5510 3144 5566 Omne
3196 5507 3336 5577 quod
3386 5521 3490 5561 non

1923 5619 2006 5666 est
2041 5625 2108 5665 ex
2137 5606 2256 5668 fide,
2287 5613 2567 5676 peccatum
2589 5611 2671 5658 est
2692 5602 2869 5674 (Rom.
2905 5615 3013 5661 xiv,
3039 5599 3155 5670 25),
3178 5613 3284 5652 non
3314 5596 3445 5652 dixit
3474 5613 3487 5648 :

1929 5723 1946 5753 ‹
1982 5701 2152 5758 Omne
2188 5697 2328 5768 quod
2378 5713 2483 5752 non
2527 5703 2702 5752 estex
2741 5695 2844 5749 ﬁde
2878 5712 2897 5745 ι
2949 5691 3081 5746 nihil
3122 5699 3246 5758 est;
3284 5690 3377 5746 sed
3407 5689 3489 5743 di-

1926 5793 2124 5860 cendo,
2164 5809 2180 5843 ι
2219 5790 2388 5845 Omne
2432 5789 2574 5859 quod
2631 5802 2736 5842 non
2792 5793 2878 5840 est
2925 5800 2992 5840 ex
3038 5783 3182 5850 ﬁde,‘
3212 5789 3489 5854 peccatum
