3956 6326
2015 296 2056 310 __..
2071 291 2092 303 -υ

1086 396 1150 452 Β.
1186 394 1440 452 RABANI
1476 391 1694 452 MAURI
1730 391 2048 450 ARCHIEP.
2084 388 2394 450 MOGUNT.
2430 389 2713 480 QPERUM
2751 391 2929 451 PARS
2961 394 3044 453 ιιι.

445 400 584 460 1287

3563 397 3704 458 i288

444 527 550 588 est,
585 537 606 573 ι
640 511 934 573 declaravit
974 513 1118 584 quod
1164 513 1348 568 omnia
1393 513 1534 568 bona
1556 519 1648 566 aut
1693 523 1758 564 ex
1790 509 1895 565 ﬁde
1923 524 2017 580 ge-
2045 509 2097 571 A
2120 509 2340 576 claruit,
2372 510 2516 579 quod
2545 510 2774 566 virtutes
2810 526 2968 566 veras
3005 525 3116 568 non
3163 512 3456 570 videantur
3491 514 3706 571 habere

443 622 549 678 sta,
575 610 803 665 virtutes
837 614 986 672 sunt,
1035 621 1157 675 qua:
1203 603 1446 674 profecto
1468 603 1805 671 justiﬁcant;
1853 608 1946 655 aut
1972 600 2018 655 si

444 702 646 758 fuerint
671 699 788 755 sine
836 697 963 762 ﬁde,
985 711 1093 750 non
1138 704 1264 750 sunt
1291 693 1472 763 aliqua
1522 693 1662 747 bona
1724 689 2018 754 credenda,

445 792 540 849 sed
563 789 712 853 vitia,
763 800 884 856 qua:
910 798 1017 839 non
1039 782 1234 852 juvant
1253 798 1380 838 suos
1419 781 1720 852 operarios,
1750 779 1844 834 sed
1887 793 2018 832 con-

447 885 707 940 demnant
752 877 1072 948 inﬂatosque
1121 876 1476 948 praecipitant,
1537 883 1699 944 atque
1753 889 1784 928 a
1823 872 2022 928 ﬁnibus

449 984 666 1032 interna:
688 971 879 1028 salutis
903 969 1203 1025 eliminant.
1238 967 1348 1023 Sed
1395 965 1524 1037 quid
1549 981 1650 1037 ego
1676 965 1792 1021 hinc
1831 965 1899 1020 de
1939 964 2024 1018 in-

449 1067 716 1132 ﬁdelibus,
745 1065 886 1119 unde
922 1062 1102 1117 nullus
1131 1061 1404 1132 ambigere
1459 1060 1687 1124 videtur,
1731 1071 2018 1130 exaggero,

449 1171 573 1216 cum
597 1164 814 1213 sanctus
841 1152 1132 1223 Apostolus
1169 1152 1332 1206 etiam
1375 1149 1564 1206 ﬁdeles
1596 1149 1878 1219 quosdam,
1927 1148 2023 1218 qui

448 1250 734 1308 credentes
763 1248 818 1302 in
849 1247 1016 1302 Deum
1038 1259 1144 1299 non
1183 1244 1474 1300 secundum
1495 1242 1684 1308 Deum,
1709 1243 1804 1298 sed
1833 1256 2024 1298 secun-

450 1341 576 1398 dum
629 1339 899 1395 hominem
942 1336 1152 1402 vivunt,
1217 1334 1464 1390 carnales
1501 1334 1744 1389 nominet
1786 1332 1972 1388 dicens
2005 1349 2018 1387 :

456 1453 474 1486 ι
523 1432 590 1488 Et
620 1444 742 1502 ego,
774 1429 997 1493 fratres,
1041 1441 1164 1481 cum
1206 1425 1478 1481 venissem
1514 1424 1581 1478 ad
1611 1438 1729 1490 vos,
1777 1438 1886 1478 non
1921 1437 2022 1476 vo-

448 1523 535 1580 bis
559 1523 705 1592 potui
736 1521 882 1590 loqui
908 1519 1064 1591 quasi
1093 1517 1446 1588 spiritalibus,
1511 1517 1606 1572 sed
1638 1515 1795 1586 quasi
1832 1530 2024 1571 carna-

450 1613 591 1669 libus
613 1611 664 1682 (1
693 1609 814 1666 Cor.
843 1627 924 1676 ιιι,
957 1609 1031 1681 ι).
1091 1627 1112 1662 ι
1165 1607 1413 1664 Nondum
1450 1608 1592 1662 enim
1619 1605 1900 1690 poteratis,
1929 1605 2026 1660 sed

451 1721 520 1762 ne
545 1705 720 1760 adhuc
772 1703 989 1774 quidem
1029 1700 1279 1774 potestis,
1329 1699 1506 1754 adhuc
1543 1698 1690 1754 enim
1725 1697 1857 1753 estis
1897 1712 2021 1752 car-

2120 601 2213 671 qui
2237 600 2513 666 simulant,
2540 607 2597 656 et
2622 601 2698 654 illi
2737 601 2994 656 simulant
3017 603 3110 672 qui
3162 619 3266 659 non
3311 621 3382 660 ex
3441 606 3558 662 ﬁde
3613 616 3710 662 aut

2120 706 2226 746 non
2268 699 2488 761 propter
2541 691 2735 756 Deum,
2783 693 2878 748 sed
2899 701 3119 764 propter
3183 696 3435 753 homines
3485 707 3712 754 tantum

2119 782 2246 837 boni
2277 780 2479 850 aliquid
2501 793 2815 852 operantur,
2845 783 3312 855 eleemosyms,ac
3329 788 3592 859 jejumis,
3625 789 3714 844 vel

2124 872 2463 928 abstinentia:
2508 873 2828 944 ueterisque
2871 875 3030 930 bonis
3077 877 3332 945 operibus
3384 878 3715 944 serviendo,

2124 975 2229 1015 non
2271 969 2332 1015 ut
2391 962 2517 1017 boni
2565 962 2714 1026 ﬁant,
2750 961 2845 1018 sed
2874 971 2933 1018 ut
2961 965 3132 1020 bonos
3159 980 3219 1021 se
3247 966 3578 1022 hominibus
3613 968 3720 1023 ﬁn—

2123 1060 2284 1123 gant,
2332 1067 2434 1108 nec
2493 1053 2561 1108 ad
2621 1053 2985 1124 recipiendam
3037 1057 3426 1124 sempiternam
3491 1072 3718 1115 merce-

2125 1145 2266 1208 dem,
2295 1143 2388 1198 sed
2425 1144 2492 1198 ad
2523 1144 2944 1216 comparandam
2969 1145 3197 1217 gloriam
3236 1154 3593 1219 popularem.
3629 1149 3720 1206 Vi—

2125 1238 2348 1293 deamus
2371 1251 2529 1291 nunc
2577 1236 2774 1306 quibus
2806 1237 3238 1306 praecedentibus
3278 1240 3465 1295 causis
3498 1249 3564 1296 et
3592 1241 3722 1296 sub-

2126 1327 2477 1398 sequentibus
2507 1327 2858 1383 incrementis
2909 1330 3062 1384 nasci
3104 1329 3314 1386 soleant
3339 1331 3478 1387 vitia
3507 1331 3604 1386 vel
3627 1349 3720 1387 au-

2109 1417 2262 1488 ‘geri,
2291 1425 2348 1473 et
2392 1417 2588 1487 quibus
2617 1416 2906 1486 adjuvante
2946 1419 3176 1476 Domino
3209 1422 3474 1478 remediis
3499 1423 3726 1494 possint

2125 1507 2274 1564 velut
2321 1507 2643 1578 quibusdam
2708 1509 3120 1566 medicamentis
3176 1512 3432 1568 imminui
3479 1513 3580 1569 vel
3637 1531 3724 1571 sa-

2111 1598 2267 1653 .nari.
2331 1595 2518 1653 Omnis
2589 1609 2775 1653 sancta
2819 1600 2991 1655 virtus
3075 1614 3166 1656 res
3227 1611 3316 1657 est
3356 1603 3580 1668 divina,
3642 1604 3724 1659 in-

2127 1702 2389 1759 corporea
2425 1702 2671 1758 prorsus,
2709 1697 2873 1760 atque
2904 1690 3283 1759 mundissima,
3310 1709 3488 1766 quam
3507 1704 3724 1754 mentes

451 1796 635 1852 nales?
673 1795 740 1850 Et
767 1803 1023 1863 tanquam
1068 1806 1434 1862 quaereremus
1463 1789 1590 1860 quid
1618 1788 1864 1844 carnales
1895 1789 2026 1845 velit
2054 1861 2084 1863 ξ
2128 1781 2420 1851 inquinata
2441 1794 2549 1834 non
2600 1780 2906 1851 inquinant,
2946 1783 3041 1838 sed
3070 1781 3187 1853 ipsa
3226 1783 3560 1853 inquinatas
3583 1803 3726 1843 ωε.

451 1861 932 1959 intelligi,secutus
961 1861 1205 1954 adiunxit
1234 1900 1248 1935 :
1284 1903 1302 1935 ι
1337 1881 1472 1938 Cum
1501 1881 1646 1936 enim
1668 1880 1740 1935 sit
1766 1880 1909 1935 inter
1929 1894 2020 1935 vos

2127 1874 2294 1939 culat,
2317 1874 2470 1946 cujus
2496 1873 2911 1945 participatione
2934 1873 3249 1946 formantur.
3277 1876 3577 1944 infamia,
3608 1896 3722 1936 sus-

451 1979 599 2036 zelus
616 1987 673 2034 et
693 1977 986 2040 contentio,
1011 1990 1190 2031 nonne
1227 1973 1472 2029 carnales
1498 1971 1632 2028 estis
1656 1981 1712 2026 et
1730 1971 2029 2027 secundum

449 2071 724 2129 hominem
753 2067 1071 2124 ambulatis?
1101 2065 1280 2138 (Ibid.
1311 2082 1360 2118 υ.
1387 2063 1467 2135 3.)
1491 2082 1510 2114 ι
1535 2062 1674 2130 Quid
1695 2069 1872 2133 potest
1899 2062 2030 2116 dua.

449 2163 552 2218 bus
578 2162 663 2216 his
693 2161 860 2216 animi
882 2161 1126 2230 pestibus
1147 2158 1374 2214 inveniri
1403 2157 1662 2221 deterius,
1681 2157 1796 2211 zelo
1821 2165 1875 2212 et
1899 2171 2030 2212 con-

451 2251 710 2315 tentione,
765 2251 961 2320 quibus
1008 2249 1256 2305 carnales
1304 2249 1395 2318 qui
1424 2245 1720 2302 secundum
1753 2246 2027 2302 hominem

449 2340 638 2394 vivmt
663 2341 824 2394 etiam
851 2341 904 2396 in
924 2340 1028 2396 hac
1054 2340 1165 2394 vita
1205 2347 1522 2408 torquentur
1558 2353 1680 2392 cum
1715 2345 1770 2392 et
1811 2345 2031 2392 conten-

451 2429 526 2484 tio
563 2430 846 2484 haereticos
865 2429 1077 2492 reddat,
1105 2439 1159 2484 et
1185 2427 1334 2483 zelus
1367 2428 1667 2484 imitatores
1707 2426 1906 2482 diaboli
1934 2440 2030 2495 pa-

452 2518 692 2573 radisum
722 2519 910 2588 primis
935 2519 1243 2574 hominibus
1281 2519 1571 2574 invidentis
1598 2516 1795 2573 eiliciat
1821 2518 1845 2570 ’ἓ
1874 2517 1953 2572 Ac
1980 2517 2027 2572 si

450 2610 666 2682 quando
697 2609 882 2665 ﬁdeles
903 2609 1138 2679 justitia,
1177 2611 1394 2682 pietate,
1437 2611 1832 2676 misericordia,
1873 2626 2028 2665 man-

449 2701 753 2768 suetudine,
793 2702 1113 2768 hnmilitate,
1146 2703 1472 2769 innocentia,
1502 2705 1822 2788 exterisque
1857 2706 2030 2757 virtu-

449 2795 593 2850 tibus
620 2795 874 2865 gaudent,
927 2803 1019 2849 aut
1053 2795 1348 2850 secundum
1377 2795 1544 2850 Deum
1583 2795 1788 2858 vivunt,
1824 2801 1880 2848 et
1919 2809 2027 2849 non

448 2893 594 2950 sunt,
625 2899 751 2940 vera
793 2885 993 2941 habere
1037 2886 1290 2941 credendi
1343 2895 1488 2952 sunt,
1544 2901 1664 2956 quae
1709 2886 2028 2955 spiritaliter

448 2975 689 3030 viventes
726 2975 933 3045 adeptae
986 2976 1348 3042 sanetiﬁcant,
1379 2985 1434 3032 et
1469 2977 1579 3034 Deo
1606 2975 2022 3044 commendant;

448 3076 542 3123 aut
578 3069 871 3124 secundum
900 3069 1174 3125 hominem
1227 3071 1436 3136 vivunt,
1469 3079 1656 3124 etnon
1704 3078 1832 3126 sunt
1883 3086 2026 3126 verae

446 3159 696 3225 virtutes,
727 3158 821 3214 sed
849 3159 1108 3214 virtutum
1130 3160 1532 3224 similitudines,
1564 3175 1684 3230 quae
1721 3159 1855 3216 nihil
1897 3176 2020 3216 car-

2128 1967 2365 2022 citantur
2417 1974 2663 2031 mortua,
2716 1974 2980 2022 sanantur
3043 1965 3258 2024 inﬁma
3285 2009 3301 2034 ,
3362 1971 3726 2041 corriguntur

2127 2071 2314 2128 prava,
2342 2057 2762 2113 reconciliantur
2785 2073 3000 2114 aversa.
3024 2057 3177 2115 lianc
3222 2076 3333 2117 non
3390 2062 3593 2128 habet,
3625 2065 3724 2120 nisi

2129 2150 2293 2216 Deus,
2332 2158 2388 2204 et
2413 2149 2461 2205 is
2488 2149 2577 2204 cui
2621 2149 2829 2205 dederit
2853 2151 3016 2217 Deus,
3048 2166 3170 2222 qua:
3222 2153 3279 2208 in
3325 2153 3524 2211 animo
3579 2156 3728 2211 habi-

2131 2251 2230 2308 tat,
2281 2241 2376 2297 sed
2414 2241 2652 2296 animum
2711 2256 3013 2313 corpusque
3058 2244 3412 2312 sanctiﬁcat;
3451 2247 3526 2301 ad
3565 2263 3724 2318 quam

2128 2331 2309 2388 nullus
2345 2330 2555 2386 accedit
2583 2331 2804 2398 invitus,
2829 2348 2988 2403 quam
3019 2333 3198 2390 nullus
3223 2335 3443 2390 amittit
3471 2337 3588 2392 nisi
3611 2353 3728 2408 pro

2127 2422 2247 2494 pria
2271 2421 2544 2479 voluntate
2570 2423 2845 2494 deceptus.
2868 2423 3037 2480 Nemo
3057 2439 3180 2480 eam
3204 2425 3310 2480 sibi
3337 2425 3614 2483 conferre
3631 2446 3729 2500 po-

2129 2521 2389 2569 testeum
2416 2514 2605 2584 possit,
2653 2515 2812 2571 alteri
2839 2524 3020 2572 autem
3059 2532 3168 2572 non
3219 2517 3486 2575 conferre
3515 2537 3730 2592 prava-

2129 2604 2205 2659 let
2251 2620 2351 2661 nec
2397 2605 2648 2672 auferre;
2691 2607 2871 2677 itaque
2911 2623 3034 2664 cum
3083 2609 3208 2665 talis
3257 2625 3325 2666 ac
3361 2621 3526 2669 tanta
3549 2615 3727 2671 virtus

2130 2696 2352 2751 cuilibet
2383 2697 2528 2752 inter
2557 2697 2860 2769 voluptates
2885 2715 3014 2756 suas
3033 2701 3211 2758 adhuc
3241 2708 3524 2761 marcenti
3563 2708 3730 2764 reful-

2129 2787 2278 2851 serit,
2323 2795 2484 2858 atque
2528 2788 2575 2844 ei
2629 2789 2698 2844 ad
2742 2804 2802 2846 se
2839 2792 3328 2862 concupiscendam
3379 2795 3724 2852 desideri

2129 2875 2346 2932 salubre
2373 2879 2745 2945 commoverit,
2775 2881 3023 2950 protinus
3050 2882 3105 2937 in
3133 2883 3319 2940 animo
3347 2886 3476 2956 ejus
3490 2886 3722 2942 duarum

2129 2965 2546 3022 delectatiouum
2566 2969 2966 3026 contrariarum
2997 2972 3115 3028 rixa
3143 2976 3455 3046 consurgit,
3483 2986 3543 3031 et
3565 2992 3720 3032 men-

2129 3063 2238 3112 tem
2277 3056 2526 3113 voluntas
2567 3059 2854 3116 adversum
2885 3077 2944 3117 se
2971 3064 3192 3134 ancipiti
3234 3065 3611 3122 delectatione
3639 3070 3718 3124 di-

2128 3147 2300 3202 visam
2329 3147 2384 3203 in
2427 3148 2641 3205 diversa
2678 3151 2931 3227 ducit.ac
2956 3154 3188 3220 reducit,
3216 3157 3377 3212 modo
3421 3161 3724 3230 reprehm—

450 3213 970 3306 "amnesin";
994 3213 2018 3323 prosunt.Quapropiel:qui—religiose,
2049 3213 2095 3278 ο
2128 3241 2302 3298 dendo
2329 3244 2473 3314 quod
2495 3243 2749 3316 elegerat.
2780 3213 2941 3302 iano
2985 3248 3130 3318 quod
3160 3213 3604 3320 reprehenderat
3625 3254 3722 3308 eli-

450 3340 542 3411 qui
567 3341 928 3407 continenter,
980 3339 1072 3410 qui
1125 3339 1321 3404 sobrie,
1367 3340 1458 3409 qui
1490 3340 1912 3396 misericorditer
1937 3343 2022 3394 vi-

449 3432 548 3497 vit,
595 3432 641 3487 si
671 3433 804 3498 Deo,
849 3431 1002 3502 cujus
1040 3446 1266 3487 munere
1296 3442 1357 3487 ut
1409 3435 1547 3489 bene
1591 3435 1755 3501 vivat,
1797 3435 2022 3505 adjuva-

451 3529 559 3584 tur,
590 3520 834 3587 ascribit,
882 3522 1176 3576 secundum
1205 3522 1374 3578 Deum
1413 3524 1729 3594 spiritaliter
1764 3525 1899 3579 vivit
1930 3543 1942 3578 :
1976 3524 2019 3579 si

448 3628 578 3669 vero
622 3612 804 3668 omnia
856 3629 977 3685 qua:
998 3615 1134 3671 bene
1177 3615 1308 3686 agit,
1358 3617 1567 3672 viribus
1619 3617 1733 3673 suis
1782 3619 2024 3674 ascribat

447 3704 598 3773 quasi
631 3704 793 3758 etiam
817 3704 933 3759 sine
957 3703 1223 3774 adjutorio
1255 3705 1351 3762 Dei
1377 3706 1444 3761 ad
1468 3706 1604 3762 bene
1630 3707 1896 3779 agendum
1917 3707 2021 3764 sibi

449 3791 699 3860 suﬁiciat,
753 3795 1047 3850 secundum
1075 3783 1364 3852 hominem
1409 3797 1701 3854 carnaliter
1755 3799 1910 3865 vivit,
1966 3807 2024 3855 et

447 3883 569 3938 ideo
593 3893 686 3939 aut
720 3885 855 3940 bene
894 3900 1002 3941 non
1032 3887 1186 3953 vivit,
1235 3896 1328 3943 aut
1355 3888 1490 3943 nihil
1514 3889 1563 3944 ei
1593 3889 1838 3960 proderit
1864 3890 2020 3962 quid-

447 3973 574 4042 quid
601 3975 725 4029 boni
751 3986 970 4046 propter
993 3977 1238 4033 homines
1260 3977 1407 4044 facit,
1449 3981 1576 4049 quia
1607 3980 1859 4036 humanis
1897 3981 2018 4036 lau-

447 4061 602 4117 dibus
637 4062 930 4120 delectatus
957 4065 1045 4120 hie
1059 4066 1171 4136 jam
1202 4067 1550 4138 temporalem
1588 4072 1892 4128 mercedem
1929 4087 2018 4127 re-

449 4152 579 4222 cipit
617 4167 838 4209 snorum
884 4171 1111 4226 operum
1161 4172 1282 4226 quae
1337 4160 1706 4230 temporaliter
1736 4161 1883 4218 fecit.
1915 4163 2020 4234 lgi-

449 4253 536 4299 tur
588 4246 676 4302 ille
735 4249 1028 4303 secundum
1079 4249 1352 4306 hominem
1397 4251 1530 4306 vivit
1583 4253 1676 4323 qui
1722 4255 2020 4310 secundum

445 4338 703 4408 seipsum,
733 4341 857 4410 quia
885 4350 940 4396 et
972 4343 1087 4412 ipse
1128 4342 1292 4398 homo
1324 4350 1428 4408 est,
1460 4343 1612 4409 vivit,
1641 4353 1697 4400 et
1723 4345 2019 4401 secundm

445 4429 677 4500 seipsum
705 4431 858 4498 vivit,
901 4433 991 4503 qui
1035 4433 1081 4489 si
1115 4435 1354 4505 potuerit
1381 4443 1464 4490 est
1489 4450 1613 4490 cum
1639 4437 1838 4506 quibus
1880 4437 2016 4505 vult,

444 4523 743 4594 pergitquo
791 4525 906 4579 vult
937 4526 1135 4582 dormit
1167 4529 1382 4600 quando
1408 4537 1463 4583 et
1489 4530 1725 4598 quandiu
1769 4531 1904 4598 vult,
1937 4533 2016 4590 lo-

444 4616 628 4686 quitur
681 4634 800 4688 qua:
853 4617 966 4674 vult
1013 4628 1068 4674 et
1122 4621 1210 4676 ubi
1269 4621 1400 4686 vult,
1454 4622 1747 4676 manducat
1772 4632 1828 4678 et
1880 4625 2020 4680 bibit

443 4708 655 4777 quando
677 4716 730 4763 et
749 4713 889 4778 quod
916 4709 1031 4764 vult
1057 4719 1112 4766 et
1139 4719 1398 4782 quantum
1422 4710 1555 4777 vult,
1602 4711 1742 4766 ridet
1777 4728 1841 4768 ac
1860 4711 2016 4782 joca-

445 4809 532 4854 tnr
597 4801 737 4856 inter
790 4817 926 4871 quos
975 4802 1106 4857 vult.
1159 4801 1441 4859 Postremo
1495 4803 1756 4875 quidquid
1795 4806 2017 4862 naribus

444 4906 608 4946 suave
635 4899 738 4957 est,
783 4893 1040 4963 quidquid
1065 4894 1229 4950 tactui
1259 4894 1539 4961 blandum,
1581 4897 1842 4968 quidquid
1885 4914 2017 4954 ocn-

442 4983 509 5040 lis
536 4983 870 5052 delectabile,
895 4986 1153 5056 quidquid
1185 4987 1395 5042 caeteris
1424 4988 1671 5045 sensibus
1695 4990 1876 5046 carnis
1903 5006 2015 5046 suae

439 5075 733 5144 jucundum
760 5084 996 5141 exercet,
1034 5093 1099 5132 ac
1131 5077 1398 5147 sequitur,
1441 5078 1674 5148 qualiter
1705 5079 1836 5146 vult,
1885 5081 2014 5151 quia

441 5167 621 5222 omnia
666 5164 810 5223 licita
867 5177 922 5224 et
950 5168 1137 5224 illicita
1163 5169 1451 5226 carnaliter
1474 5169 1588 5225 vult
1635 5187 1650 5226 :
1686 5172 1779 5240 qui
1834 5181 2013 5230 autem

441 5258 732 5314 secundum
769 5259 936 5314 Deum
971 5261 1122 5326 vivit,
1150 5276 1257 5316 non
1284 5261 1426 5331 quod
1455 5277 1579 5316 eum
1602 5263 1894 5319 carnaliter
1922 5266 2014 5321 de-

440 5348 620 5414 lectat,
657 5349 750 5406 sed
779 5351 923 5420 quod
953 5351 1266 5422 spiritaliter
1298 5353 1550 5417 :rdilicat,
1579 5352 1728 5419 facit,
1745 5361 1800 5409 et
1828 5356 2014 5410 omnia

440 5441 700 5496 desideria
726 5444 905 5497 carnis
934 5442 1191 5514 spiritalis
1210 5443 1464 5498 desiderii
1485 5443 1841 5501 delectatione
1865 5462 2014 5502 com-

439 5535 626 5602 pescit,
656 5534 834 5589 futura
866 5535 1224 5605 praesentibus
1267 5537 1565 5606 anteponit,
1601 5552 1822 5593 carnem
1855 5541 2013 5610 spiri-

445 5622 723 5691 tui_subdit
748 5664 762 5689 ,
803 5632 857 5678 et
883 5623 1142 5692 quidquid
1161 5624 1310 5694 cupit
1350 5637 1445 5681 aut
1486 5628 1616 5696 agit,
1652 5643 1757 5682 non
1784 5628 1899 5682 vult
1944 5644 2011 5683 ex

444 5726 556 5772 sua,
600 5713 692 5766 sed
729 5728 796 5768 ex
823 5713 919 5766 Dei
965 5712 1047 5767 sui
1083 5713 1360 5770 voluntate
1410 5717 1723 5785 procedere,
1777 5719 1863 5772 cui
1893 5719 2011 5788 pla-

445 5811 566 5850 cere
608 5799 734 5852 totis
761 5799 967 5854 viribus
999 5802 1351 5870 concupiscit.
1393 5804 1578 5874 Itaque
1636 5806 1680 5861 si
1737 5815 2011 5881 utcunque

2041 4573 2096 4634 D

2123 3334 2320 3404 gendo,
2375 3342 2536 3404 atque
2561 3335 2634 3390 ita
2679 3337 2735 3391 in
2785 3337 3105 3395 alterutrum
3153 3339 3297 3397 latus
3333 3356 3393 3397 se
3421 3345 3720 3416 cogitatio-

2123 3441 2254 3481 num
2279 3428 2541 3483 varietate
2560 3439 2868 3485 versantem
2907 3431 3022 3501 ipsa
3065 3433 3213 3488 velut
3233 3434 3458 3490 virtutis
3487 3452 3554 3491 ac
3601 3439 3719 3492 vitii

2126 3520 2289 3590 tepidi
2323 3521 2584 3578 medietas
2618 3532 2780 3578 vexat
2829 3540 2894 3580 ac
2934 3525 3153 3591 lacerat,
3186 3528 3450 3596 quoniam
3495 3532 3718 3600 quidem

2124 3611 2416 3682 quemlibet
2452 3613 2726 3668 hominem
2773 3615 2945 3671 donec
2972 3631 3030 3672 se
3056 3618 3110 3672 in
3158 3634 3226 3674 eo
3273 3622 3423 3689 quod
3466 3621 3716 3692 elegerit,

2124 3711 2272 3756 certa
2297 3701 2612 3759 diﬁinitione
2641 3705 2944 3774 conﬁrmet,
2976 3709 3216 3778 quandiu
3251 3712 3421 3768 modo
3457 3728 3570 3769 non
3603 3717 3717 3768 vult

2121 3792 2266 3862 quod
2290 3791 2526 3860 volebat,
2555 3795 2714 3851 modo
2755 3797 2893 3853 velle
2921 3799 3110 3870 incipit
3147 3802 3290 3872 quod
3337 3803 3588 3868 nolebat,
3632 3820 3718 3860 ve-

2121 3884 2199 3939 lut
2233 3885 2290 3940 in
2341 3887 2570 3955 quodam
2617 3888 3022 3947 deliberationis
3067 3892 3290 3948 incerta:
3319 3893 3475 3950 bivio
3503 3897 3713 3952 consti-

2122 3985 2298 4032 tutum
2354 3978 2609 4050 discerpit
2663 3981 2780 4051 ipsa
2823 3983 3107 4039 diversitas
3156 3983 3524 4040 voluntatum.
3571 3986 3712 4042 Hinc

2121 4083 2245 4123 eum
2271 4068 2442 4124 virtus
2476 4072 2730 4128 admonet
2758 4088 2871 4130 sua:
2891 4075 3077 4132 salutis
3103 4085 3160 4132 et
3183 4088 3380 4144 vocat;
3411 4079 3545 4136 inde
3583 4095 3715 4136 con-

2122 4157 2350 4214 suetudo
2369 4159 2563 4217 vitiosa
2591 4162 2867 4220 discedere
2891 4180 2924 4220 a
2950 4181 3008 4222 se
3037 4165 3308 4225 volentem
3359 4183 3621 4226 moratur
3663 4182 3715 4227 et

2121 4260 2358 4317 revocat,
2393 4261 2448 4307 et
2479 4254 2750 4326 paulisper
2777 4272 2808 4311 a
2835 4273 2894 4313 se
2939 4273 3146 4324 averso,
3207 4277 3311 4318 nec
3352 4264 3422 4317 ad
3449 4264 3712 4322 virtutem

2121 4343 2280 4414 plene
2333 4362 2594 4404 converso
2623 4389 2638 4416 ,
2691 4350 2896 4406 vitiata:
2965 4351 3256 4410 voluntatis
3335 4357 3714 4414 admonitione

2120 4433 2624 4503 blandiens,omnes
2650 4438 2929 4496 illecebras
2952 4441 3148 4511 quibus
3169 4443 3296 4498 olim
3321 4447 3542 4516 perdite
3569 4449 3715 4504 frue-

2120 4533 2280 4588 batur
2309 4532 2563 4599 ostendit,
2591 4533 2766 4604 turpia
2795 4550 3010 4605 quoque
3038 4536 3304 4592 desideria
3345 4540 3554 4609 quibus
3599 4545 3713 4597 vin-

2125 4623 2301 4678 ciatur
2346 4623 2609 4690 immittit,
2659 4639 2725 4681 ac
2767 4623 2884 4694 jam
2914 4641 3050 4698 pene
3079 4627 3404 4696 fastidienti,
3447 4631 3714 4688 blandum

2124 4716 2309 4772 nescio
2338 4716 2470 4786 quid
2495 4716 2686 4782 mollit,
2729 4718 3055 4786 insusurrat,
3081 4730 3138 4776 et
3163 4722 3434 4792 supplicat
3452 4707 3458 4713 ’
3479 4740 3552 4779 ne
3573 4740 3716 4794 pne-

2122 4815 2288 4878 ponat
2313 4807 2563 4863 mollibus
2587 4808 2742 4873 dura,
2774 4808 2909 4865 laetis
2935 4810 3133 4877 tristia,
3158 4812 3323 4868 certis
3355 4813 3554 4880 dubia,
3574 4832 3718 4886 pra—

2123 4897 2357 4952 sentium
2410 4897 2671 4967 voluptati
2707 4897 2928 4968 futura;
2957 4903 3154 4974 cogitet
3182 4918 3348 4974 quam
3376 4907 3603 4974 pmnale
3645 4910 3718 4962 sit

2123 4995 2284 5059 atque
2321 4989 2538 5046 diﬁicile
2565 4991 2812 5049 dulcibus
2837 5009 3028 5050 carere
3064 4995 3293 5064 deliciis,
3322 4997 3602 5056 illecebris
3629 5017 3716 5057 re-

2120 5081 2372 5137 nuntiare
2392 5083 2724 5152 carnalibus,
2747 5086 3086 5142 abstinentia:
3103 5086 3250 5159 jugis
3286 5091 3512 5160 gravari
3557 5091 3711 5148 labo-

2119 5173 2294 5241 ribus,
2318 5175 2647 5247 jejuniorum
2701 5194 2767 5235 ac
2818 5179 3121 5251 vigiliarum
3146 5184 3566 5243 continuatione
3597 5197 3714 5242 tor-

2120 5280 2294 5336 queri,
2333 5275 2484 5321 certa
2533 5269 2713 5324 carnis
2757 5267 3046 5327 aﬂlictione
3079 5286 3364 5342 prammm
3413 5276 3600 5333 dubia
3621 5294 3714 5334 re-

2119 5357 2512 5414 munerationis
2558 5359 2803 5426 ambire;
2837 5370 3025 5418 contra
3054 5363 3352 5431 diabolum,
3396 5367 3712 5437 decipiendi

2119 5448 2376 5520 peritum,
2421 5450 2705 5507 resistendi
2753 5468 2903 5507 arma
2957 5454 3260 5526 corripere.
3305 5456 3540 5514 insidias
3587 5460 3712 5530 ejus

2121 5559 2183 5597 ac
2208 5542 2422 5598 frandes
2462 5533 2736 5614 vigilantis
2771 5547 2936 5600 animi
2980 5548 3232 5603 cautione
3283 5549 3498 5616 vitane;
3540 5567 3710 5621 qua-

2121 5633 2311 5688 deinde
2335 5635 2589 5688 miserum
2621 5637 2694 5690 sit
2712 5638 3033 5692 enormitate
3074 5647 3237 5693 tantae
3257 5640 3576 5709 asperitatis
3589 5643 3712 5697 evi—

2121 5733 2265 5780 ctum
2294 5740 2358 5780 ac
2383 5726 2645 5783 diabolica
2681 5727 2866 5784 fraude
2895 5731 3178 5801 deceptum
3207 5733 3278 5788 ad
3309 5734 3594 5802 repudiata
3623 5749 3709 5790 re-

2121 5813 2254 5882 dire,
2285 5816 2647 5889 voluptatibus
2694 5835 2829 5891 quas
2871 5821 3142 5891 abjeeerat
3188 5823 3315 5890 frui,
3361 5833 3416 5879 ct
3445 5828 3706 5882 omnibus
