3956 6326
219 321 342 386 i289

1430 310 1519 367 DE
1555 311 1904 369 PURITATE
1941 310 2210 372 CORDIS.

3311 289 3450 354 i290

213 456 321 513 quae
340 439 553 493 incaute
577 430 903 488 loboriosnm
931 425 1274 500 suscipiendo
1295 424 1626 499 prOpositum
1650 439 1776 480 con-
1799 431 1853 490 Α
1878 435 2101 496 scopum
2153 419 2521 495 signiﬁcanter
2556 416 2846 491 expressit,
2893 417 2969 472 ita
3001 416 3186 472 dicens
3217 430 3230 464 :
3273 431 3290 464 ι
3325 413 3456 480 Qua:

217 535 512 599 tempserat,
550 521 825 580 delectari.
865 520 961 576 His
1001 529 1056 575 et
1085 519 1282 574 talibus
1319 517 1513 572 vitiosa
1557 530 1782 571 consue-

216 619 332 674 tuod
359 617 577 671 dubium
617 622 816 669 sanctae
838 609 1170 666 diﬁinitionis
1196 607 1382 680 aﬁligit
1410 626 1424 662 :
1454 607 1626 661 virtus
1649 620 1781 661 con-

217 721 292 765 tra
342 723 461 778 quae
500 704 833 760 continentia
874 702 1205 765 nominatur,
1258 707 1560 755 morantem
1609 697 1781 753 conﬁ-

217 799 397 854 denter
435 794 704 864 objurgat,
750 793 818 847 ad
864 790 1248 846 delectationes
1289 804 1453 860 puras
1501 801 1786 856 caStasque

216 890 448 954 delicias,
477 889 674 957 quibus
706 885 958 938 fruuntur
1001 897 1192 939 omnes
1233 881 1319 936 sui
1369 888 1665 944 amatores,
1704 879 1787 932 in-

215 981 358 1048 vitat,
398 980 556 1036 ollert
589 980 732 1033 nudo
773 975 1000 1047 iustitiae
1035 975 1439 1038 vestimentum,
1483 969 1786 1026 illuminato

213 1074 290 1129 sui
323 1078 615 1142 apparatus
653 1069 991 1122 demonstrat
1033 1071 1308 1126 ornatum,
1347 1060 1605 1117 diﬁidenti
1637 1060 1703 1114 de
1729 1073 1789 1115 se

214 1149 562 1238 protectionis
619 1175 730 1216 suae
779 1155 1050 1230 promittit
1092 1153 1372 1210 auxilium.
1433 1153 1693 1208 Hortatur
1734 1159 1790 1206 et

212 1264 464 1328 provocat
496 1261 554 1307 ut
579 1293 594 1316 ,
623 1245 954 1305 diﬁinitionis
982 1247 1332 1317 ambiguitate
1372 1243 1634 1315 deposita,
1662 1258 1790 1314 pro-

211 1348 440 1420 positum
457 1341 700 1414 spiritale
727 1339 1492 1409 suscipiat,perseveraturum
1516 1349 1576 1389 se
1595 1333 1646 1387 in
1671 1348 1792 1388 sus-

215 1448 365 1510 cepto
407 1433 593 1490 labore
633 1429 892 1503 propositi
943 1429 1062 1492 sui;
1109 1441 1214 1480 non
1265 1441 1363 1480 sua
1407 1423 1788 1495 possibilitate,

212 1534 304 1590 sed
343 1528 554 1584 Domini
599 1523 946 1580 miseratione
985 1520 1241 1582 conﬁdat,
1279 1531 1382 1572 nec
1422 1515 1535 1570 suis
1559 1515 1786 1580 viribus,

213 1624 302 1680 sed
329 1621 516 1692 gratiae
544 1613 938 1686 omnipotentis
965 1611 1138 1666 fretus
1185 1607 1408 1673 auxilio,
1440 1615 1630 1661 contra
1675 1605 1820 1660 dia-'

212 1715 412 1770 bolicas
443 1707 872 1781 impugnationes
900 1703 1142 1758 victoria:
1168 1715 1322 1754 arma
1366 1698 1646 1767 corripiat,
1697 1710 1791 1751 eo-

1881 518 2186 590 posteriora
2231 521 2358 570 sunt
2385 511 2731 576 obliviscens,
2767 509 2832 564 ad
2860 522 2926 564 ea
2954 522 3084 562 vero
3107 519 3227 574 quae
3254 504 3309 558 in
3331 512 3458 557 ante

1882 619 2010 666 sunt
2021 607 2320 664 extendens
2334 620 2442 671 me,
2459 605 2526 660 ad
2538 602 2864 659 destinatum
2876 613 3195 669 persequor,
3212 596 3459 653 brevium

1884 715 2135 772 supernae
2154 697 2454 754 vocationis
2469 693 2681 751 Domini
2699 690 2866 764 (Phil.
2889 707 2972 755 ut,
2991 689 3102 760 14).
3127 707 3145 740 ι
3171 689 3323 756 Quod
3345 687 3461 742 evi-

1885 791 2098 848 dentius
2127 789 2183 844 in
2205 787 2399 853 Grmco
2426 787 2644 856 ponitur
2657 795 2771 839 rato
2801 784 2910 838 circ
2938 782 3169 836 ἰσοπαιυὶ
3194 781 3278 834 rui
3311 779 3464 850 [κατά

1883 885 2070 942 σκοπόν
2095 880 2306 954 diem],
2334 890 2466 945 etc.,
2491 879 2544 934 id
2569 886 2678 944 est,
2710 877 3004 934 secundum
3045 873 3466 930 destinationem

1886 990 2207 1048 persequor,
2249 981 2507 1042 tanquam
2553 971 2600 1025 si
2645 969 2914 1026 dixisset:
2955 966 3069 1021 Hac
3106 963 3468 1020 destinatione

1888 1081 1992 1136 qua
2023 1063 2110 1118 illa
2136 1077 2259 1133 quae
2296 1059 2597 1131 posteriora
2621 1065 2748 1113 sunt
2773 1056 3083 1120 obliviscor,
3106 1053 3160 1108 id
3181 1061 3289 1118 est,
3315 1060 3470 1108 antes

1888 1158 2051 1213 rioris
2076 1154 2315 1211 hominis
2361 1152 2514 1216 vitia,
2546 1151 2612 1205 ad
2641 1150 2800 1205 ﬁnem
2836 1147 3010 1204 bravii
3056 1145 3295 1202 caelestis
3344 1158 3472 1215 per-

1887 1249 2076 1304 venire
2100 1244 2393 1302 contendo.
2427 1241 2698 1312 Quidquid
2746 1254 2875 1310 ergo
2921 1253 3018 1294 nos
3047 1237 3116 1292 ad
3155 1239 3300 1292 hunc
3342 1251 3466 1292 sro-

1888 1355 2040 1410 pum,
2067 1338 2120 1394 id
2143 1347 2227 1392 est
2269 1335 2562 1407 puritatem
2609 1333 2804 1397 cordis,
2847 1339 3027 1402 potest
3071 1329 3327 1400 dirigere,
3357 1335 3472 1383 tota

1891 1432 2093 1487 virtute
2130 1426 2445 1484 sectandum
2489 1436 2614 1490 est;
2645 1422 2904 1494 quidquid
2957 1430 3136 1475 autem
3165 1419 3234 1474 ab
3254 1419 3358 1472 hac
3387 1432 3474 1472 re—

1891 1524 2106 1588 trahat,
2155 1530 2216 1576 ut
2276 1519 2642 1592 perniciosum
2706 1533 2773 1572 ac
2833 1515 3052 1570 noxium
3102 1511 3468 1568 devitandum.

1890 1618 1998 1673 Pro
2017 1618 2120 1672 hac
2141 1616 2286 1672 enim
2308 1615 2560 1669 universa
2593 1612 2803 1684 agimus
2835 1619 3000 1680 atque
3036 1607 3350 1672 toleramus,
3373 1620 3474 1680 pro

1891 1710 1992 1765 hac
2007 1717 2278 1779 parentes,
2293 1707 2491 1778 patria,
2507 1706 2818 1776 dignitates,
2833 1703 3054 1764 divitiae,
3069 1698 3275 1755 delicia:
3286 1695 3473 1752 mundi

213 1806 346 1876 gitet
397 1812 453 1856 et
513 1797 699 1869 quanti
749 1803 804 1850 et
847 1804 1060 1864 quantm
1110 1796 1403 1861 potuerunt
1447 1795 1503 1842 et
1542 1794 1786 1857 possunt,

1904 1801 2074 1871 hujus,
2112 1807 2168 1854 et
2216 1799 2462 1868 voluptas
2487 1797 2743 1851 universa
2773 1793 3158 1854 contemnitur,
3182 1798 3243 1844 ut
3270 1787 3479 1844 scilicet

210 1897 353 1967 quod
380 1909 437 1948 se
453 1905 615 1963 posse
653 1889 924 1957 desperat.
988 1883 1143 1940 Unde
1197 1881 1272 1935 illi
1321 1878 1406 1933 vel
1443 1877 1546 1932 illae
1597 1884 1790 1967 potue-

211 1966 358 2049 runt,
390 1983 514 2038 inde
558 1996 616 2036 se
640 1993 800 2049 posse
830 1975 1058 2029 ﬁrmiter
1098 1971 1286 2028 credat
1317 1977 1466 2024 certa
1489 1982 1605 2038 spe,
1634 1966 1793 2037 spiri-

211 2073 337 2129 talia
360 2068 670 2127 carnalibus
709 2080 774 2122 ac
807 2063 1037 2122 terrenis
1063 2058 1305 2118 caelestia
1349 2065 1405 2114 et
1429 2057 1614 2111 futura
1656 2069 1794 2125 prae-

81 2201 112 2208 -.
143 2163 455 2248 .Nseﬂntibus
483 2163 793 2230 anteponat.

233 2239 481 2308 wOmnes
505 2250 701 2319 quippe
750 2255 897 2300 artes
938 2258 1006 2300 ac
1031 2235 1326 2312 disciplinae
1353 2252 1572 2309 scopum
1607 2247 1795 2306 Quem-

206 2344 356 2406 dam,
389 2343 442 2397 id
466 2348 551 2394 est
592 2337 1030 2400 destinationem,
1079 2342 1136 2388 et
1163 2333 1321 2396 telos,
1357 2332 1462 2385 hoc
1485 2337 1592 2394 est,
1631 2328 1794 2380 tinem

204 2435 490 2508 proprium
523 2433 746 2495 habent,
776 2429 842 2484 ad
871 2443 1030 2498 quem
1059 2425 1354 2496 respiciens
1370 2419 1796 2490 uniuscujusque

205 2529 350 2582 artis
385 2524 685 2580 industrius
743 2521 1010 2590 appetitor
1054 2527 1280 2573 cunctos
1317 2516 1531 2570 labores
1571 2523 1626 2568 et
1653 2514 1797 2584 peri-

207 2619 332 2676 cula
358 2627 518 2687 atquc
541 2615 816 2684 dispendia
845 2612 1219 2684 :equanimitcr
1256 2610 1596 2676 libenterque
1634 2607 1804 2662 sustia

205 2720 326 2780 net,
361 2707 813 2786 quemadmodum
852 2705 904 2764 in
947 2704 1144 2778 quibus
1182 2718 1310 2763 usus
1336 2711 1419 2761 est
1467 2700 1660 2760 bellica
1695 2699 1799 2754 tela

208 2807 520 2872 tractandi,
547 2820 669 2861 cum
711 2813 837 2858 ante
866 2815 1044 2872 regem
1077 2800 1264 2854 mundi
1307 2794 1466 2868 hujus
1510 2791 1644 2852 artis
1688 2805 1799 2852 ευιε

206 2900 441 2970 cupiunt
476 2897 730 2966 peritiam
774 2894 1148 2949 demonstrare
1188 2891 1244 2945 in
1301 2889 1621 2960 parvissima
1668 2901 1800 2958 qua-

208 2993 340 3047 dam
383 2988 613 3051 scutula,
654 3002 773 3056 qua:
805 2983 1017 3055 depicta
1061 2985 1113 3039 in
1164 2997 1222 3038 se
1265 2981 1510 3037 continet
1553 2981 1798 3051 praemia,

203 3082 413 3153 iacula,
463 3079 551 3134 vel
583 3080 834 3150 sagittas,
899 3075 1216 3153 intortntere
1260 3075 1613 3138 contendunt,
1663 3073 1800 3128 certi

209 3091 413 3153 iacula,
463 3091 551 3134 vet
583 3091 834 3150 sagittas,
903 3091 1046 3132 tntor
1089 3093 1118 3130 u

209 3174 361 3244 quod
403 3188 512 3228 non
541 3170 667 3236 alia,
695 3169 798 3224 nisi
829 3091 1119 3223 destinak

205 3263 430 3336 possint
475 3261 766 3317 desiderati
789 3260 996 3330 praemii
1024 3259 1328 3338 pervenire,
1363 3258 1545 3327 itaque
1594 3263 1650 3311 et
1704 3256 1806 3310 vite

211 3366 420 3412 nostra:
450 3355 574 3410 ﬁnis
602 3355 820 3426 quidam
858 3362 942 3408 est
983 3369 1206 3424 regnum
1247 3352 1364 3408 Dei.
1407 3349 1510 3418 Qui
1563 3363 1692 3404 vero
1734 3348 1806 3403 sit

211 3465 418 3520 scopus
444 3449 604 3503 debet
631 3447 921 3516 diligenter
949 3446 1168 3514 inquiri.
1207 3445 1310 3512 Qui
1341 3443 1386 3499 si
1421 3442 1578 3497 nobis
1615 3439 1806 3496 simili-

212 3549 308 3595 ter
322 3543 631 3605 compertus
657 3550 761 3589 non
781 3533 962 3600 fuerit,
988 3534 1187 3589 frustra
1202 3533 1421 3588 nitendo
1437 3531 1804 3602 fatigabimur,

207 3633 352 3701 quia
389 3629 506 3684 sine
534 3629 618 3680 via
636 3627 982 3682 tendentibus
1016 3627 1168 3681 labor
1197 3626 1527 3690 estitineris,
1545 3640 1650 3678 non
1676 3639 1805 3694 pro-

216 3723 440 3786 fectus;
472 3718 595 3773 ﬁnis
642 3717 860 3786 quidem
917 3725 1116 3770 nostra:
1163 3711 1540 3784 professionis,
1571 3720 1630 3766 ut
1671 3713 1809 3768 dixi-

215 3829 370 3879 mus,
390 3825 614 3882 regnum
640 3808 733 3862 Dei
758 3823 853 3862 seu
877 3820 1098 3877 regnum
1120 3805 1378 3861 caelorum
1393 3811 1497 3867 est,
1524 3801 1810 3857 destinatio

217 3918 379 3968 vero,
407 3901 460 3957 id
501 3907 586 3955 est
619 3912 834 3967 scopus,
867 3895 1078 3966 puritas
1117 3895 1322 3960 cordis,
1359 3894 1476 3948 sine
1502 3907 1606 3962 qua
1634 3893 1704 3947 ad
1751 3892 1812 3946 il-

217 3995 338 4050 lum
371 3991 531 4046 ﬁnem
561 3987 892 4058 impossibile
932 3997 1015 4042 est
1044 3985 1351 4056 quempiam
1402 3983 1709 4054 pervenire.
1751 3983 1812 4038 In

221 4085 332 4140 hac
357 4095 486 4152 ergo
532 4078 894 4135 destinatione
924 4076 1228 4156 deﬁgentes
1258 4084 1458 4130 nostra:
1495 4074 1811 4130 directionis

220 4175 453 4228 obtutus
502 4169 571 4224 ad
620 4178 826 4224 certam
876 4166 1079 4222 lineam
1157 4183 1378 4222 cursum
1447 4165 1813 4222 rectissimum

223 4262 536 4334 dirigimus,
566 4275 632 4314 ac
676 4260 721 4314 si
770 4258 1046 4330 paululum
1101 4259 1230 4328 quid
1271 4259 1338 4313 ab
1396 4257 1501 4313 hac
1554 4258 1813 4328 cogitatio

222 4364 416 4411 nostra
444 4351 748 4418 deﬂexerit,
779 4352 846 4406 ad
873 4351 1383 4420 contemplationem
1423 4349 1539 4419 ejus
1559 4350 1706 4406 illico
1734 4363 1814 4406 re-

223 4455 537 4512 currentes,
579 4455 794 4500 rursum
849 4461 970 4499 eam
1023 4444 1169 4498 velut
1221 4445 1512 4514 quamdam
1564 4455 1813 4499 normam

1891 1893 2101 1963 puritas
2119 1889 2306 1946 cordis
2351 1895 2608 1959 perpetua
2637 1893 2957 1942 rete-utetur.
2982 1883 3094 1937 Hac
3113 1882 3298 1951 itaque
3317 1880 3476 1936 nobis

1892 1985 2256 2040 destinatione
2291 1981 2572 2052 proposita
2603 1994 2819 2050 semper
2839 1986 2994 2033 actus
3014 1975 3185 2030 nostri
3210 1974 3480 2044 etcogita-

1894 2077 2070 2131 tiones
2092 2075 2158 2129 ad
2179 2089 2300 2128 eam
2315 2071 2662 2126 obtinendam
2687 2068 2989 2124 rectissime
3011 2066 3334 2134 dirigentur,
3359 2077 3479 2132 qua:

1895 2167 1939 2239 si_
1961 2180 2072 2236 pra:
2089 2164 2262 2220 oculis
2282 2164 2486 2217 nostris
2501 2161 2704 2232 jugiter
2717 2169 2916 2214 statuta
2933 2173 3041 2212 non
3063 2155 3244 2218 fuerit,
3271 2170 3375 2209 non
3397 2169 3481 2208 so-

1893 2256 2004 2310 lum
2020 2264 2245 2310 cunctos
2257 2253 2469 2308 labores
2483 2261 2698 2308 nostros
2712 2265 2913 2304 vacuos
2925 2248 3132 2318 pariter
3146 2257 3304 2315 atque
3315 2246 3482 2300 insta-

1893 2347 2031 2402 biles
2046 2345 2296 2410 reddens,
2324 2345 2597 2398 incassum
2625 2358 2721 2398 eos
2737 2357 2810 2396 ac
2831 2341 2949 2396 sine
2971 2340 3080 2394 ullo
3113 2337 3482 2393 emolumento

1896 2436 2182 2507 compellet
2203 2435 2428 2498 ell'undi,
2444 2434 2611 2488 veluti
2636 2433 2728 2504 qui
2745 2447 2852 2488 non
2871 2432 3108 2486 habeant
3127 2428 3484 2500 apostolicam

1897 2528 2046 2584 chari
2057 2535 2221 2582 tatem
2242 2535 2298 2581 et
2321 2540 2388 2580 ex
2408 2526 2660 2580 omnibus
2681 2523 3000 2579 inlructuosi
3023 2521 3343 2591 sterilesque
3365 2519 3486 2574 red-

1898 2617 2114 2673 dantur.
2139 2613 2290 2683 Quod
2318 2615 2374 2668 i-n
2397 2613 2604 2685 Spiritu
2629 2613 2818 2669 beatus
2839 2611 3126 2682 Apostolus
3151 2611 3482 2682 praevidens:

1904 2726 1924 2761 ‹
1959 2709 2026 2764 Ει
2066 2708 2112 2762 si
2144 2707 2473 2762 distribuere
2493 2746 2507 2771 ,
2538 2706 2745 2776 inquit,
2780 2706 2836 2760 in
2867 2705 3018 2760 cibos
3046 2717 3343 2774 pauperum
3369 2717 3488 2757 om—

1899 2815 1998 2860 nes
2025 2798 2308 2854 facultates
2336 2811 2509 2864 meas,
2541 2805 2596 2851 et
2624 2797 2670 2852 si
2701 2796 2974 2851 tradidero
2999 2806 3194 2866 corpus
3215 2777 3398 2849 meum
3429 2803 3491 2847 ut

1900 2899 2159 2965 ardeam,
2193 2891 2514 2947 charitatem
2553 2898 2732 2945 autem
2753 2903 2866 2944 non
2895 2888 3158 2952 habuero,
3190 2885 3327 2941 nihil
3357 2884 3490 2940 mihi

1897 2990 2121 3062 prodest
2148 2989 2167 3062 (
2194 2988 2222 3042 Ι
2253 2981 2375 3043 Cor.
2411 2997 2508 3036 xm
2531 3022 2546 3048 ,
2579 2981 2613 3036 ὅ
2634 2980 2653 3052 )
2675 3021 2689 3046 ,
2725 3000 2744 3032 ι
2772 2979 2918 3035 unde
2944 2979 3149 3050 liquido
3175 2977 3498 3050 comproba:

1901 3085 1994 3138 tur
2020 3082 2402 3154 perfectionem
2430 3090 2538 3136 non
2561 3074 2746 3129 statim
2776 3073 3038 3138 nuditate,
3067 3087 3166 3127 nec
3191 3071 3494 3141 privatione

1123 3168 1208 3222 nis
1229 3182 1339 3222 sua:
1359 3165 1501 3220 linea
1541 3165 1608 3219 ad
1637 3163 1800 3220 ﬁnem
1827 3143 1873 3206 (ἶ
1907 3143 2150 3230 “mnum
2181 3172 2501 3228 facultatum
2532 3187 2630 3227 seu
2661 3165 2986 3241 dignitatum
3024 3163 3329 3234 obiectione
3355 3178 3493 3217 con-

1908 3267 2076 3338 tingi,
2109 3266 2213 3320 nisi
2243 3265 2406 3320 fuerit
2432 3263 2672 3319 charitas
2701 3263 2790 3318 illa
2820 3256 2974 3332 cujus
3003 3254 3297 3330 Apostolus
3324 3269 3497 3309 mem-

1906 3361 2005 3416 bra
2047 3357 2334 3424 describit,
2368 3371 2489 3427 quae
2520 3357 2573 3410 in
2604 3355 2715 3411 sola
2746 3356 2925 3410 cordis
2955 3361 3190 3425 puritate
3222 3347 3491 3410 consistit.

1905 3450 2043 3506 Nam
2067 3451 2196 3520 quid
2220 3457 2302 3505 est
2329 3448 2475 3504 aliud
2495 3489 2508 3513 ,
2539 3467 2558 3499 ι
2589 3464 2695 3502 non
2723 3447 2995 3523 aemulari,
3020 3463 3126 3502 non
3152 3447 3326 3502 inﬂari
3345 3488 3358 3514 ,
3386 3462 3492 3502 non

1908 3542 2110 3597 irritari
2133 3582 2146 3605 ,
2177 3553 2281 3616 non
2310 3554 2470 3608 agere
2495 3553 2811 3608 perperam,
2843 3555 2951 3593 non
2982 3552 3224 3608 quaerere
3252 3553 3372 3606 qua:
3399 3553 3494 3590 sua

1908 3640 2068 3696 sunt,
2114 3645 2220 3686 non
2261 3645 2424 3700 super
2464 3630 2750 3698 iniquitate
2787 3630 3022 3700 gaudere
3047 3670 3061 3694 ,
3107 3644 3213 3683 non
3257 3629 3497 3699 cogitare

1909 3721 2111 3779 malum
2146 3742 2164 3775 ι
2197 3731 2254 3776 et
2282 3730 2479 3776 caetera
2504 3761 2519 3785 ,
2552 3721 2654 3775 nisi
2679 3737 2780 3776 cor
2805 3720 3106 3791 perfectura
3139 3730 3303 3789 atque
3333 3734 3490 3773 mun-

1910 3815 2191 3870 dissimum
2224 3815 2335 3868 Deo
2363 3826 2578 3882 semper
2607 3811 2825 3876 offerre,
2853 3823 2907 3867 et
2932 3812 3199 3866 intactum
3229 3826 3258 3864 a
3285 3812 3499 3870 cuncti.

1910 3903 2412 3975 perturbationibus
2430 3901 2744 3956 custodire?
2771 3901 2952 3956 omnia
2980 3913 3214 3970 namque
3230 3901 3370 3955 dona
3400 3918 3500 3971 pro

1911 4011 2012 4050 usu
2033 4010 2096 4050 ac
2118 3994 2440 4048 necessitate
2463 3993 2776 4047 tribuuntur
2795 3993 2862 4046 ad
2877 4001 3087 4061 tempus
3100 4002 3496 4057 consummata,

1911 4085 2471 4154 dispensatione'mox
2499 4083 2687 4152 procul
2713 4082 2876 4138 dubio
2902 4083 3213 4138 transitura.
3243 4081 3502 4140 Charitas

1911 4187 2042 4233 vero
2069 4176 2216 4231 nullo
2239 4175 2616 4245 intercipietur
2639 4184 2903 4246 tempore.
2930 4175 3046 4230 Non
3076 4174 3247 4229 solum
3274 4176 3418 4230 enim
3445 4176 3501 4230 in

1911 4267 2164 4340 praesenti
2193 4267 2394 4322 mundo
2418 4267 2624 4322 utiliter
2646 4275 2902 4338 operatur
2931 4268 2984 4322 in
3013 4267 3184 4333 nobis,
3213 4267 3308 4323 sed
3335 4269 3503 4324 etiam

1913 4361 1968 4415 in
2005 4358 2184 4412 futuro
2213 4359 2426 4412 sarcina
2457 4373 2735 4430 corporeae
2771 4359 3110 4415 necessitatis
3136 4357 3350 4428 abiecta
3389 4356 3504 4413 elﬁ-

1918 4451 2100 4506 cacior
2142 4451 2310 4505 multo
2354 4463 2516 4522 atque
2557 4451 2911 4506 excellentior
2948 4451 3322 4522 permanebit,
3355 4451 3502 4506 nullo

225 4537 539 4594 ῐεοιίδείηιθ
593 4537 914 4608 corrigimus
961 4551 1080 4606 qua?
1129 4551 1344 4606 semper
1372 4551 1562 4607 Omnes
1588 4546 1814 4594 conatus
1843 4511 1892 4570 Β
1916 4554 2156 4614 unquam
2199 4544 2592 4614 corrumpenda
2624 4543 2866 4608 defectu,
2898 4544 2992 4598 sed
3019 4559 3117 4614 per
3145 4544 3502 4614 incorruptio-

227 4641 451 4686 nostros
471 4629 536 4682 ad
559 4645 720 4683 unutn
743 4630 845 4684 hoc
874 4642 1134 4683 revocans
1159 4627 1395 4698 signum,
1423 4630 1602 4699 arguit
1633 4629 1815 4684 statim

229 4721 281 4777 si
312 4737 342 4773 a
367 4720 642 4789 proposita
674 4718 972 4773 directione
1003 4734 1154 4774 mens
1195 4727 1379 4774 nostra
1411 4719 1495 4774 vel
1541 4719 1817 4790 paululum

229 4810 580 4878 deviaverit:
620 4809 784 4879 igitur
816 4810 956 4862 sicut
990 4810 1160 4863 nostri
1203 4809 1466 4880 propositi
1518 4809 1642 4864 ﬁnis
1694 4810 1818 4880 qui-

226 4903 360 4958 dem
387 4902 682 4958 secundum
731 4899 1044 4970 Apostolum
1105 4920 1123 4952 t
1178 4902 1287 4956 vita
1326 4910 1528 4956 aeterna
1555 4911 1658 4968 est,
1689 4923 1707 4955 ι
1745 4904 1818 4958 ita

227 4992 428 5048 eodem
465 4990 870 5061 pronuntiante,
919 5008 938 5041 ι
996 4990 1256 5045 habentes
1303 4992 1522 5062 quidem
1579 4991 1817 5048 fructum

230 5090 482 5136 vestrum
532 5081 587 5135 in
611 5079 1055 5144 sanctiﬁcatione,
1100 5080 1262 5136 ﬁnem
1303 5097 1435 5136 vero
1456 5083 1623 5137 vitam
1655 5091 1818 5136 mter-

231 5186 369 5227 nam
399 5169 574 5242 (Rom.
625 5187 699 5236 vt,
744 5171 858 5241 22),
901 5191 918 5222 ι
948 5186 1143 5240 scopus
1176 5173 1355 5227 cordis
1403 5174 1571 5228 nostri
1613 5174 1822 5244 puritas

229 5277 364 5318 csse
410 5264 570 5318 debet
627 5279 789 5332 quam
847 5261 1329 5317 sanctiﬁcationem
1383 5279 1492 5318 non
1551 5259 1822 5319 immerito

232 5355 595 5423 nuncupavit,
625 5355 742 5408 sine
780 5370 884 5422 qua
914 5355 1203 5424 praedictus
1231 5354 1354 5410 ﬁnis
1385 5369 1491 5410 non
1513 5357 1710 5424 poterit
1729 5372 1824 5426 ap—

231 5446 524 5519 prehendi.
554 5444 631 5501 Ac
682 5446 726 5500 si
769 5447 996 5501 dixisset
1039 5446 1160 5502 aliis
1210 5448 1433 5503 verbis:
1473 5467 1492 5500 ι
1553 5449 1825 5504 Habentes

231 5537 461 5608 quidem
506 5553 724 5609 sc0pum
775 5546 1022 5592 vestrum
1073 5540 1126 5594 in
1168 5534 1346 5595 cordis
1371 5541 1627 5610 puritate,
1661 5541 1822 5598 ﬁnem

234 5641 375 5682 vero
405 5629 567 5684 vitam
609 5637 890 5692 aeternam,
925 5649 944 5678 ι
978 5629 1044 5684 de
1070 5645 1177 5700 qua
1223 5631 1583 5688 destinatione
1623 5635 1825 5691 docens

234 5736 343 5778 nos
368 5721 508 5778 idem
547 5722 738 5780 beatus
767 5721 1074 5792 Apostolus,
1121 5723 1296 5793 ipsum
1350 5739 1565 5794 nomen,
1613 5726 1664 5781 id
1718 5737 1823 5795 est,

723 5816 995 5877 PATROL.
1042 5815 1239 5878 CXII.

1919 4645 2044 4689 nem
2084 4642 2401 4704 perpetuam
2445 4633 2763 4704 ﬂagrantius
2790 4633 2906 4687 Deo
2931 4639 3092 4702 atque
3122 4633 3382 4689 intentius
3410 4635 3502 4688 ad-

1919 4728 2162 4791 hzesura;
2189 4727 2428 4782 charitas
2447 4737 2577 4798 ergo
2604 4735 2712 4792 est,
2730 4735 2789 4781 ut
2814 4725 2946 4781 mihi
2972 4727 3204 4796 videtur,
3235 4738 3382 4783 recta
3404 4725 3501 4785 vo-

1918 4817 2097 4872 luntas
2137 4816 2206 4871 ab
2245 4818 2496 4872 omnibus
2536 4820 2768 4872 terrenis
2796 4833 2859 4872 ac
2888 4820 3242 4888 praesentibus
3279 4825 3504 4891 prersus

1925 4922 2179 4972 accersa,
2205 4907 2395 4977 juncta
2437 4903 2550 4962 Deo
2596 4909 3050 4980 inseparabiliter,
3092 4917 3148 4966 et
3189 4911 3339 4966 unita
3380 4913 3506 4984 igne

1925 5003 2154 5070 quodam
2196 5001 2371 5055 sancti
2401 5000 2668 5072 Spiritus,
2701 5018 2729 5055 a
2761 5017 2867 5072 quo
2895 5012 3009 5068 est,
3043 5013 3097 5058 et
3127 5005 3191 5059 ad
3222 5021 3382 5076 quem
3413 5021 3502 5060 rc-

1925 5091 2099 5146 l‘crtur
2126 5092 2377 5155 incensa,
2426 5092 2819 5162 inquinamenti
2854 5095 3030 5149 omnis
3059 5103 3316 5152 extranea
3336 5137 3351 5161 ,
3383 5111 3506 5152 cor-

1927 5183 2100 5252 rumpi
2143 5184 2354 5249 nescia,
2381 5183 2514 5238 nulli
2546 5185 2676 5239 vitio
2716 5187 3089 5242 mutabilitatis
3116 5191 3378 5254 obnoxia,
3410 5207 3504 5244 su-

1927 5290 2023 5344 per
2051 5277 2229 5328 omnia
2262 5291 2381 5345 qua:
2421 5276 2714 5332 carnaliter
2748 5278 3041 5349 diliguntur
3079 5281 3322 5344 excelsa,
3376 5281 3507 5338 ασθ-

1928 5367 2168 5422 ctionum
2192 5368 2433 5423 omnium
2461 5369 2801 5438 potissimum
2823 5372 3014 5428 divina:
3036 5373 3504 5442 contemplationis

1929 5459 2118 5526 avida,
2143 5460 2198 5514 in
2223 5461 2470 5516 omnibus
2497 5477 2711 5534 semper
2739 5464 2966 5530 invicta,
2997 5480 3206 5519 summa
3233 5465 3505 5522 actionum

1929 5549 2225 5616 bonarum,
2255 5552 2400 5608 salus
2428 5568 2636 5608 tuorum
2658 5595 2673 5619 ,
2706 5553 2828 5610 ﬁnis
2865 5556 3168 5611 cmlestium
3211 5569 3504 5630 pracepto-

1932 5659 2051 5698 rum
2071 5683 2086 5708 ,
2112 5658 2257 5700 mors
2277 5645 2594 5712 criminum,
2620 5647 2728 5701 vita
2753 5647 3012 5702 virtutum
3032 5689 3046 5713 ,
3072 5649 3242 5704 virtus
3262 5666 3506 5721 pugnan-

1935 5738 2089 5805 tium,
2120 5740 2299 5811 palma
2325 5743 2610 5808 victorum,
2642 5743 2820 5798 anima
2861 5752 3168 5800 sanctarum
3210 5746 3518 5814 mentium,

2994 5834 3067 5895 41

3481 4698 3632 4730 ’,αν
