3956 6326
489 403 628 458 Ί291

1121 402 1182 456 B.
1224 401 1478 458 RABANI
1515 400 1734 457 MAURl
1769 389 2050 458 ARCHIEI

2150 383 2444 446 HOGUNT.
2478 375 2770 449 IOPERUM
2806 391 2988 451 PARS
3019 391 3108 451 ΠΙ.

495 531 655 571 causa
685 523 1003 572 mentorum
1033 515 1330 581 bonorum,
1360 517 1638 584 praemium
1669 514 2031 586 perfectorum
2049 554 2064 582 ,
2093 515 2143 584 Α
2176 512 2355 567 amat,
2380 503 2472 573 (ιυί
2499 503 2680 560 falli-81‘
2701 516 2882 574 311131.
2903 508 3158 578 quoniam
3179 520 3290 564 non
3313 501 3393 561 ῖῙῙί
3415 511 3635 561 tam
3659 522 3788 577 pro-

493 607 548 661 in
577 607 814 677 peccatis
842 608 956 663 suis
983 614 1225 662 mortuos
1252 607 1510 674 suscitat,
1539 607 1856 678 languentes
1883 614 2068 674 sanat,

492 699 735 768 perditos
773 699 1069 765 instaurat,
1110 715 1258 770 spem
1288 700 1588 770 desperatis
1630 700 1890 770 inspirat,
1917 699 2068 770 paci-

493 787 621 842 fleat
663 796 901 854 mentes,
934 788 1203 846 inhabitat
1241 789 1516 846 fructuosa
1556 792 1612 846 in
1650 791 2068 861 paenitentibus,

491 880 614 940 lauta
643 884 1078 955 proﬁcientibus,
1110 887 1343 958 gloriosa
1372 887 1426 941 in
1455 885 1929 957 perseverantibus
1947 925 1961 951 ,
1989 885 2070 939 vi-

490 973 724 1028 ctoriosa
755 975 812 1029 in
843 976 1202 1047 martyribus,
1234 991 1460 1048 operosa
1489 976 1544 1031 in
1574 976 1824 1031 omnibus
1848 977 2070 1032 omnino

491 1060 759 1119 ﬁdelibus.
787 1063 958 1131 Quam
988 1066 1123 1122 fides
1147 1067 1406 1136 concipit,
1437 1068 1505 1122 ad
1531 1081 1694 1137 quam
1722 1081 1844 1137 spes
1871 1067 2065 1133 currit,

488 1152 577 1207 cui
599 1153 890 1222 profectus
929 1156 1169 1210 omnium
1200 1157 1402 1222 servit,
1435 1171 1502 1211 ex
1551 1171 1658 1226 qua
1695 1157 1956 1228 quidquid
1985 1166 2070 1213 est

488 1247 615 1301 boni
653 1247 833 1318 operis
861 1248 1024 1314 vivit,
1057 1250 1159 1304 sub
1197 1263 1303 1320 qua
1347 1248 1656 1305 obedientia
1701 1250 1929 1317 crescit,
1969 1266 2069 1322 per

487 1353 647 1407 quam
677 1341 936 1410 patientia
965 1341 1134 1396 vincit
1157 1383 1172 1408 ,
1200 1350 1422 1412 propter
1449 1357 1614 1412 quam
1641 1342 1879 1398 carnalia
1907 1342 2064 1398 blan-

487 1427 724 1483 dimenta
761 1428 978 1485 devotio
1016 1430 1268 1502 religiosa
1305 1431 1636 1497 contemnit,
1668 1432 1784 1488 sine
1811 1448 1917 1502 qua
1945 1431 2066 1488 nul-

485 1515 570 1572 lus
599 1517 709 1572 Deo
739 1518 972 1587 placuit,
1002 1534 1124 1575 cum
1153 1536 1260 1591 qua
1289 1536 1390 1577 nec
1416 1521 1591 1592 potuit
1617 1521 1813 1592 aliquis
1839 1536 2064 1592 peccare

484 1623 588 1664 nec
612 1609 831 1680 poterit.
863 1609 990 1666 Haec
1029 1620 1116 1667 est
1153 1613 1392 1668 charitas
1429 1627 1910 1685 vera,'germana,
1940 1627 2062 1684 per-

482 1701 652 1768 fecta,
698 1718 861 1773 quam
903 1705 1336 1761 excellentiorem
1377 1704 1522 1758 viam
1560 1703 1801 1758 nominat
1841 1713 2062 1759 sanctus

480 1793 770 1864 Apostolus
787 1836 801 1863 ,
826 1807 881 1851 et
905 1812 1032 1852 vere
1060 1798 1175 1868 ipsa
1199 1806 1282 1854 est
1308 1798 1393 1852 via
1419 1812 1542 1868 qua:
1568 1796 1718 1851 ducit
1738 1810 1833 1866 per
1859 1810 1918 1851 se
1945 1811 2060 1850 am-

2173 595 2306 658 ximi
2347 593 2528 656 nostri
2566 607 2688 650 esse
2727 596 2987 652 credendi
3014 606 3176 666 sunt,
3206 610 3351 669 quos
3377 596 3550 652 nobis
3575 598 3790 667 gradus

2171 694 2450 766 sanguinis
2483 686 2690 766 jungit,
2719 687 2814 742 sed
2851 688 3088 758 proximi
3130 690 3305 746 nostri
3348 701 3478 744 esse
3515 687 3788 742 credendi

2169 796 2295 844 sunt
2320 801 2509 844 omnes
2535 785 2789 841 homines
2813 787 3025 836 natura:
3051 789 3269 850 nostrae,
3300 784 3454 839 sicut
3480 777 3604 834 dixi
3621 816 3642 842 ,
3663 793 3788 850 par-

2171 878 2380 948 ticipes.
2407 876 2527 931 Jam
2556 876 2602 931 si
2631 877 2968 947 propinquos
2995 881 3231 941 nostros,
3260 870 3524 945 quamvis
3569 869 3790 924 ineo-tv

2167 967 2408 1037 positos,
2442 973 2628 1036 turpes
2653 981 2718 1022 ac
2760 967 2901 1022 male
2946 972 3224 1029 moratos,
3265 963 3574 1035 plusquam
3622 976 3792 1029 quos-

2169 1058 2298 1114 libet
2339 1067 2590 1122 sanctos,
2637 1072 2776 1126 quos
2819 1072 2850 1112 a
2896 1055 3054 1112 nobis
3094 1054 3395 1111 secundum
3439 1051 3782 1126 sanguinem

2167 1165 2444 1215 vocamus,
2471 1157 2762 1206 extraneos
2781 1149 3089 1221 diligamus,
3120 1165 3228 1204 non
3256 1147 3439 1203 solum
3466 1144 3788 1204 carnaliter

2167 1240 2471 1311 diligimus,
2517 1241 2614 1296 sed
2655 1241 2822 1296 etiam
2863 1241 3102 1312 graviter
3136 1239 3192 1294 in
3250 1239 3346 1294 tali
3388 1255 3594 1295 eorum
3641 1235 3782 1292 dile-

2165 1334 2344 1390 ctione
2378 1348 2695 1405 peccamus.
2731 1333 2965 1390 Proinde
3003 1332 3302 1388 secundum
3335 1347 3443 1388 nos
3476 1333 3778 1414 proximos

2164 1439 2352 1482 omnes
2392 1425 2636 1481 homines
2674 1424 2944 1497 diligimus
2989 1424 3207 1495 quando
3247 1424 3318 1479 ad
3363 1439 3561 1480 mores
3595 1426 3777 1480 bonos

2164 1526 2219 1574 et
2243 1519 2311 1574 ad
2335 1525 2598 1573 aeternam
2622 1517 2791 1572 vitam
2816 1516 3252 1587 consequendam
3271 1558 3287 1580 ,
3315 1514 3467 1571 sicut
3490 1516 3658 1570 nobis
3679 1531 3770 1572 co-

2162 1625 2284 1665 rum
2323 1609 2485 1665 saluti
2513 1608 2877 1675 consulimus,
2905 1607 3123 1678 quando
3149 1621 3249 1661 nos
3276 1621 3379 1677 pro
3408 1621 3616 1662 eorum
3643 1623 3768 1676 pec—

2162 1701 2300 1757 catis
2335 1716 2400 1756 ac
2434 1700 2692 1772 periculis
2726 1701 3060 1771 cogitamus,
3099 1706 3156 1755 et
3192 1699 3335 1754 sicut
3367 1699 3544 1754 nobis
3577 1699 3767 1754 subre-

2161 1791 2267 1847 niri
2290 1801 2623 1862 optaremus,
2657 1792 2733 1846 ita
2762 1792 2842 1848 eis
2867 1806 2968 1862 pro
2996 1789 3204 1846 viribus
3243 1791 3646 1854 subvenimus,
3675 1799 3766 1846 aut

477 1883 726 1940 bulantes
751 1885 820 1941 ad
849 1887 1110 1956 patriam,
1143 1887 1268 1957 quia
1298 1888 1438 1944 sicut
1466 1887 1586 1942 sine
1613 1887 1717 1941 via'
1730 1886 1908 1942 nullus
1937 1902 2059 1957 per-
2086 1884 2132 1944 B
2161 1885 2207 1940 si
2250 1883 2480 1939 facultas
2515 1883 2781 1949 defuerit,
2823 1883 3159 1939 voluntatem
3197 1883 3581 1938 subveniendi
3623 1892 3764 1938 tene

477 1975 628 2030 venit
669 1991 778 2046 quo
819 1977 1021 2042 tendit,
1055 1977 1130 2032 ita
1167 1977 1285 2033 sine
1325 1976 1620 2040 cliaritate,
1653 1990 1774 2045 qua:
1802 1975 1945 2031 dicta
1971 1982 2055 2031 est

475 2066 596 2132 via,
645 2081 752 2122 non
793 2067 1072 2124 ambulare
1108 2077 1336 2138 possunt
1377 2052 1624 2124 homines
1647 2108 1662 2134 ,
1691 2067 1786 2123 sed
1827 2082 2052 2125 errare:

475 2171 606 2227 ergo
635 2158 682 2213 si
711 2159 1032 2216 charitatem
1071 2160 1185 2216 Deo
1221 2160 1578 2216 exhibeamus
1613 2167 1670 2215 et
1707 2160 1956 2230 proximo
1989 2162 2056 2215 de

475 2245 640 2301 corde
679 2261 818 2316 puro
858 2256 915 2302 et
951 2249 1284 2306 conscientia
1323 2251 1492 2312 bona,
1524 2257 1582 2305 et
1622 2248 1727 2304 fide
1753 2263 1860 2306 non
1897 2249 2052 2313 ficta,

475 2331 636 2390 facile
678 2345 903 2405 peccato
945 2339 1282 2407 resistimus,
1327 2340 1484 2396 bonis
1522 2341 1773 2396 omnibus
1815 2341 2056 2397 abunda-

475 2441 616 2491 mus,
633 2427 814 2482 steculi
834 2427 1198 2486 blandimenta
1219 2432 1633 2497 contemnimus,
1658 2439 1715 2486 et
1731 2431 1912 2486 omnia
1935 2445 2078 2502 quae

473 2517 711 2574 difﬁcilia
743 2529 872 2575 sunt
906 2521 1157 2578 humanae
1195 2522 1472 2594 fragilitati
1513 2523 1598 2580 vel
1631 2539 1851 2596 aspera,
1888 2523 2052 2580 etiam

473 2627 599 2666 cum
614 2611 970 2668 delectatione
992 2613 1303 2685 perficimus
1327 2632 1341 2669 :
1360 2615 1406 2670 si
1435 2623 1614 2671 tamen
1639 2615 1848 2671 Domini
1876 2615 2055 2671 chari-

471 2701 882 2787 tate.perfecta,
913 2718 1033 2776 quae
1059 2706 1215 2761 nobis
1241 2707 1308 2762 ab
1337 2705 1428 2761 illo
1470 2713 1583 2771 est,
1614 2722 1681 2762 ex
1713 2714 1827 2761 toto
1855 2707 2050 2774 corde,

470 2809 537 2848 ex
573 2802 684 2850 tota
715 2797 896 2850 anima
938 2805 993 2853 et
1022 2812 1091 2853 ex
1121 2799 1249 2854 totis
1288 2800 1494 2855 viribus
1534 2799 1854 2871 diligamus,
1882 2815 1950 2856 ex
1987 2815 2052 2855 ea

469 2884 612 2939 enim
639 2895 794 2956 parte
819 2888 942 2958 quis
966 2898 1189 2959 peccat,
1220 2905 1288 2945 ex
1318 2905 1422 2960 qua
1452 2889 1631 2946 minus
1661 2889 1834 2961 diligit
1858 2889 2047 2945 Deum.

472 2978 644 3044 Quem
683 2977 729 3033 si
770 2993 838 3033 ex
883 2987 997 3036 toto
1034 2981 1200 3037 corde
1240 2981 1560 3053 diligamus,
1590 2980 1725 3036 nihil
1763 2981 1870 3036 erit
1896 2980 2052 3036 nobis

468 3069 612 3126 unde
650 3071 858 3140 peccati
898 3072 1181 3128 desideriis
1210 3074 1510 3130 serviamus
1527 3113 1542 3138 ,
1572 3081 1628 3127 et
1652 3071 1782 3141 quid
1809 3079 1892 3126 est
1920 3071 2052 3126 deli-

469 3174 597 3231 gere
641 3159 843 3226 Deum,
889 3162 992 3216 nisi
1037 3162 1113 3216 illi
1152 3176 1418 3233 occupare
1455 3162 1724 3225 animum,
1764 3161 2053 3229 concipere

2157 1991 2296 2032 mus.
2322 1975 2662 2046 Quapropter
2679 1977 2794 2032 haec
2813 1984 2896 2032 est
2913 1975 3144 2048 proximi
3168 1984 3277 2031 tota
3301 1975 3558 2041 dilectio,
3591 1987 3654 2031 ut
3675 1976 3764 2031 bo-

2157 2082 2286 2122 num
2325 2067 2470 2136 quod
2509 2067 2609 2122 tibi
2647 2067 2886 2123 conferri
2919 2068 3034 2132 vis,
3078 2067 3213 2123 velis
3245 2076 3304 2122 et
3352 2070 3652 2139 proximo.
3689 2069 3761 2122 Illi

2155 2151 2286 2215 vero
2304 2159 2427 2230 plus
2445 2175 2608 2231 quam
2632 2175 2693 2216 se
2712 2161 2938 2230 diligunt
2957 2160 3126 2216 Deum
3145 2201 3161 2227 ,
3188 2160 3279 2231 qui
3302 2175 3412 2230 pro
3435 2159 3565 2229 ejus
3585 2176 3762 2216 amore

2155 2263 2266 2304 suae
2288 2248 2356 2304 ad
2377 2257 2591 2322 tempus
2612 2249 2773 2305 saluti
2797 2265 2905 2306 non
2927 2259 3188 2320 parcunt,
3209 2250 3429 2322 seipsos
3455 2251 3759 2307 tribulatio-

2155 2338 2315 2394 nibus
2349 2321 2413 2394 ac
2449 2338 2702 2408 periculis
2743 2340 2996 2406 tradunt,
3021 2339 3212 2395 nudari
3239 2321 3617 2397 facultatibus
3645 2356 3759 2411 pro-

2125 2430 2320 2502 -priis,
2345 2429 2534 2500 patria:
2557 2444 2670 2485 suae
2697 2439 2943 2486 extorres
2979 2429 3129 2496 fieri,
3165 2431 3501 2501 parentibus
3537 2441 3600 2486 et
3637 2447 3760 2486 uxo-

2157 2520 2308 2575 ribus
2330 2534 2396 2574 ac
2422 2518 2546 2575 filiis
2573 2519 2687 2576 suis
2714 2520 3028 2576 renuntiare
3051 2521 3226 2592 parati
3254 2531 3420 2588 sunt,
3458 2531 3546 2588 et,
3587 2535 3652 2576 ut
3685 2532 3758 2577 to-

2155 2617 2273 2664 tum
2296 2609 2496 2676 dicam,
2538 2609 2713 2679 ipsam
2748 2613 2991 2681 corporis
3014 2623 3244 2667 mortem
3281 2627 3396 2667 non
3440 2611 3630 2668 solum
3656 2629 3754 2667 non

2153 2699 2464 2771 refugiunt,
2499 2701 2594 2757 sed
2627 2701 2793 2756 etiam
2830 2701 3058 2758 libenter
3094 2702 3410 2773 excipiunt,
3451 2705 3756 2759 ambientes

2154 2806 2184 2846 a
2211 2791 2458 2862 corporis
2483 2792 2568 2847 sui
2595 2793 2708 2846 vita
2734 2792 2908 2864 magis
2941 2808 3104 2862 quam
3131 2808 3161 2847 a
3196 2791 3311 2848 Deo
3345 2794 3465 2849 vita
3491 2796 3626 2849 vita
3649 2811 3754 2850 sua

2154 2881 2448 2938 discedere.
2489 2881 2596 2937 Iste
2633 2882 2800 2952 igitur
2835 2882 2991 2938 nobis
3022 2882 3328 2939 dilectionis
3349 2885 3494 2940 ordo
3529 2901 3754 2940 servan-

2153 2973 2256 3028 dus
2301 2983 2420 3040 est,
2462 2962 2618 3046 juxta
2669 2975 2798 3032 illud
2839 2977 2981 3046 quod
3026 2976 3159 3032 dicit
3201 2975 3448 3048 Spiritus
3491 2989 3746 3044 sanctus,

2158 3083 2177 3116 ι
2221 3065 2470 3120 ordinate
2515 3066 2569 3120 in
2613 3080 2703 3120 me
2745 3067 3096 3132 charitalem,
3139 3085 3159 3118 ι
3198 3075 3260 3121 ut
3302 3067 3451 3123 sicut
3495 3071 3748 3125 ordinata

2153 3156 2394 3213 charitas
2436 3157 2641 3228 poscit,
2688 3158 2876 3236 Deut.
2901 3159 3274 3231 principaliter
3317 3161 3655 3234 diligamus,
3701 3172 3750 3218 et

467 3250 714 3305 fruenda:
731 3251 954 3307 visionis
976 3250 1091 3320 ejus
1111 3251 1383 3316 affectum,
1405 3249 1612 3321 peccati
1633 3249 1836 3314 odium,
1860 3247 2046 3303 mundi
2073 3243 2118 3306 C
2148 3255 2370 3318 propter
2408 3248 2582 3318 ipsum
2621 3249 2676 3304 in
2719 3248 2836 3318 ipso
2875 3263 2940 3303 ea
2979 3265 3099 3319 qua:
3124 3249 3398 3321 diligenda
3428 3262 3600 3318 sunt,
3631 3263 3746 3307 tan-

468 3341 746 3396 fastidium
767 3381 783 3406 ,
812 3341 1037 3412 diligere
1056 3343 1222 3396 etiam
1243 3341 1548 3411 proximum
1567 3379 1582 3405 ,
1607 3355 1767 3409 quem
1789 3339 1903 3409 ipse
1923 3353 2048 3394 cex-

467 3431 576 3486 suit
601 3431 950 3501 diligendum,
999 3431 1054 3485 in
1097 3432 1216 3502 ipso
1258 3445 1444 3486 amore
1487 3445 1706 3486 servare
1750 3430 2048 3501 legitimum

468 3521 720 3587 modum,
763 3535 865 3577 nec
893 3531 1204 3592 pervertere
1230 3523 1536 3579 dilectionis
1565 3523 1810 3578 ordinem
1839 3521 2044 3578 consti-

469 3621 647 3668 tutum
671 3612 695 3666 ?
718 3611 977 3670 Ordinem
1005 3614 1308 3670 dilectionis
1331 3614 1405 3668 illi
1431 3621 1781 3686 pervertunt,
1809 3629 1911 3670 nec
1937 3629 2047 3670 mo-

468 3706 597 3761 dum
639 3705 894 3778 diligendi
933 3707 1277 3772 custodiunt,
1317 3707 1409 3778 qui
1451 3707 1742 3772 mundum,
1783 3706 1877 3776 qui
1916 3721 2046 3761 con-

469 3799 788 3854 temnendus
815 3807 933 3864 est,
975 3797 1205 3869 diligunt
1242 3805 1336 3852 aut
1373 3812 1597 3868 corpora
1626 3812 1724 3852 sua
1752 3798 1931 3852 minus
1956 3797 2042 3852 di-

465 3889 674 3960 ligenda
697 3930 710 3955 ,
748 3889 868 3960 plus
908 3890 1170 3962 diligunt,
1210 3899 1304 3946 aut
1341 3891 1618 3962 proximos
1657 3891 1796 3946 sicut
1835 3892 2043 3963 seipsos

467 3987 561 4034 aut
589 3979 756 4034 Deum
784 3979 1068 4051 plusquam
1097 3981 1305 4052 seipsos
1334 3980 1473 4038 forte
1503 3997 1609 4036 non
1639 3982 1885 4052 diligunt.
1935 3983 2041 4038 Sed

466 4073 534 4128 de
568 4072 798 4138 mundo,
841 4073 985 4143 quod
1027 4073 1175 4146 diligi
1217 4075 1436 4130 omnino
1476 4090 1583 4129 non
1614 4074 1842 4139 debeat,
1874 4074 2042 4144 ipsius

467 4161 682 4217 Domini
712 4163 883 4218 nostri
910 4178 1008 4234 per
1036 4172 1280 4219 sanctum
1311 4163 1573 4220 Joannem
1605 4167 1906 4236 apostolum
1936 4181 2038 4221 vox

466 4257 550 4304 est
576 4249 804 4305 dicentis
835 4269 849 4304 :
883 4269 902 4302 ι
932 4250 1107 4307 Nolite
1135 4252 1358 4321 diligere
1386 4254 1644 4308 mundum
1677 4253 1746 4326 (Ι
1773 4254 1933 4310 Joan.
1965 4271 2001 4309 ιι
2021 4297 2036 4320 ,

467 4337 535 4393 15
553 4338 593 4410 ).
630 4359 650 4391 ι
682 4339 889 4410 Corpus
913 4351 1092 4397 autem
1120 4351 1394 4411 nostrum,
1421 4343 1548 4413 quia
1577 4359 1704 4413 pars
1727 4345 1898 4400 nostri
1925 4354 2034 4409 est,

467 4431 534 4486 ad
566 4431 668 4486 hoc
703 4431 860 4487 nobis
890 4439 975 4488 est
1013 4433 1372 4505 diligendum,
1405 4442 1467 4490 ut
1493 4434 1651 4490 saluti
1682 4435 1798 4506 ejus
1827 4450 1893 4490 ac
1930 4434 2040 4490 fra-

464 4520 657 4592 gilitati
687 4523 1010 4578 naturaliter
1048 4525 1390 4580 consulamus
1429 4533 1484 4580 et
1521 4540 1742 4596 agamus
1771 4534 2038 4596 quatenus

2151 3348 2262 3394 tum
2303 3347 2565 3410 quantum
2609 3340 2724 3411 ipse
2768 3342 3040 3412 pracipit,
3087 3342 3395 3414 diligamus.
3433 3345 3560 3416 ipse
3605 3349 3744 3401 eim

2145 3430 2394 3500 praecipit
2427 3437 2488 3484 ut
2522 3445 2750 3502 corpora
2793 3440 2981 3486 nostra
3020 3442 3243 3502 propter
3280 3449 3418 3499 nos,
3459 3436 3742 3504 proximos

2147 3522 2287 3577 sicut
2317 3537 2444 3587 nos,
2481 3531 2537 3577 et
2575 3523 2749 3593 ipsum
2783 3522 2905 3594 plus
2938 3539 3100 3593 quam
3136 3538 3236 3579 nos
3277 3524 3510 3596 diligere
3547 3527 3740 3581 debea-

2144 3625 2300 3676 mus,
2334 3609 2408 3664 ita
2441 3625 2601 3673 sane,
2635 3621 2694 3666 ut
2722 3611 2832 3677 eis,
2865 3627 3001 3683 quos
3031 3613 3187 3666 nobis
3214 3610 3636 3682 conjunctiores
3665 3613 3739 3668 fa-

2144 3700 2434 3756 miliaritas
2469 3700 2634 3768 facit,
2684 3702 2732 3757 si
2766 3716 2862 3757 eos
2902 3702 3046 3756 fama
3088 3717 3197 3757 non
3233 3703 3503 3773 reprobat
3534 3715 3596 3759 et
3633 3706 3736 3759 vita

2144 3799 2507 3863 commendat,
2535 3813 2632 3854 nos
2657 3798 2886 3870 amplius
2917 3797 3310 3868 impendamus,
3339 3802 3597 3854 omnium
3625 3815 3740 3870 pm-

2143 3889 2341 3955 fectus,
2364 3897 2580 3944 nostros
2605 3903 2725 3944 esse
2751 3887 3056 3954 credamus,
3079 3897 3134 3942 et
3153 3887 3220 3942 de
3239 3887 3477 3944 aliorum
3500 3891 3738 3961 peccatis

2147 3989 2403 4051 tanquam
2453 3981 2518 4036 de
2560 3981 2764 4036 nostris
2811 3979 3234 4046 misericorditer
3282 3980 3598 4051 lugeamus.
3649 3983 3734 4036 Sic

2143 4087 2272 4143 ergo
2295 4079 2524 4143 possunt
2552 4072 2606 4126 in
2637 4073 2740 4127 hac
2769 4072 2878 4126 vita
2907 4071 2984 4126 illi
3022 4087 3142 4127 esse
3179 4072 3447 4143 perfecti,
3481 4075 3582 4144 qui
3622 4090 3734 4145 pcr-

2141 4162 2280 4218 fecte
2307 4162 2537 4233 diligunt
2575 4161 2742 4217 Deum
2762 4202 2775 4227 ,
2813 4169 2868 4217 et
2902 4161 2979 4216 illi
3011 4161 3177 4216 Deum
3210 4162 3456 4232 perfecte
3485 4165 3734 4236 diligunt.

2141 4254 2233 4323 qui
2274 4252 2504 4308 volendo
2549 4255 2692 4323 quod
2730 4253 2846 4309 vult
2885 4253 3056 4318 Deus,
3089 4261 3143 4308 et
3179 4253 3418 4310 nolendo
3448 4258 3600 4326 quod
3631 4273 3732 4312 non

2141 4341 2284 4407 vult,
2331 4356 2432 4398 nec
2473 4342 2602 4398 ullis
2649 4344 2890 4414 peccatis
2935 4345 3130 4414 quibus
3173 4343 3476 4402 offenditur
3515 4350 3734 4418 acquie-

2141 4440 2333 4499 scunt,
2372 4441 2427 4487 et
2464 4449 2679 4504 semper
2711 4450 2771 4490 se
2804 4435 2874 4489 ad
2911 4436 3140 4491 virtutes
3169 4452 3307 4507 quas
3335 4439 3455 4509 ipse
3482 4441 3732 4511 dignatur

2144 4524 2346 4580 donare
2385 4524 2688 4597 diligendas
2725 4535 2778 4582 et
2819 4527 3094 4583 habendas
3135 4530 3458 4585 extendunt.
3503 4531 3574 4586 Hi
3612 4542 3730 4587 sum

465 4610 676 4680 spiritui
721 4612 969 4668 ordinate
1017 4613 1313 4684 subjectam
1360 4615 1428 4669 ad
1474 4595 1732 4670 aeternam
1778 4595 2036 4683 salutem,
2067 4595 2118 4654 D
2145 4619 2236 4689 qui
2265 4618 2449 4675 omnia
2491 4595 2630 4674 bona
2653 4661 2668 4686 ,
2699 4635 2819 4690 qua:
2849 4619 3071 4690 implere
3100 4622 3413 4691 potuerint,
3444 4626 3516 4679 ab
3556 4625 3652 4678 illo
3677 4639 3730 4678 se

465 4708 687 4769 accepta
741 4701 1146 4756 immortalitate
1201 4711 1256 4758 et
1307 4703 1709 4774 incorruptione
1759 4706 2041 4776 perveniat

466 4803 573 4844 non
603 4789 716 4844 suis
742 4790 1106 4862 voluptatibus
1136 4792 1422 4850 dillluendo
1450 4795 1645 4850 animae
1673 4794 1906 4867 rigorem
1937 4797 2041 4852 sibi

465 4879 710 4935 cedentis
748 4881 1020 4949 emolliat,
1063 4885 1352 4953 puritatem
1394 4885 1633 4956 polluat,
1664 4895 1719 4940 et
1760 4893 1927 4941 totam
1957 4886 2039 4942 di-

465 4971 723 5046 gnitatem
764 4987 872 5027 suae
901 4974 1270 5031 delectationis
1308 4977 1497 5031 morbo
1537 4985 1865 5046 corrumpat.
1907 4975 2039 5032 Pro-

463 5063 641 5121 ximos
670 5072 850 5118 autem
882 5075 1009 5122 tunc
1035 5066 1309 5138 diligimus
1338 5066 1479 5121 sicut
1519 5081 1650 5133 nos,
1684 5066 1730 5122 si
1767 5082 1872 5122 non
1913 5083 2040 5138 pro-

463 5163 585 5226 pter
627 5154 837 5224 aliquas
879 5156 1141 5212 utilitates
1169 5165 1408 5221 nostras,
1441 5173 1547 5212 non
1577 5166 1798 5228 propter
1826 5168 2040 5228 sperata

462 5246 724 5303 beneficia
747 5247 830 5302 vel
851 5256 1091 5319 accepta,
1116 5263 1222 5302 non
1250 5258 1472 5319 propter
1489 5247 1775 5306 affinitates
1802 5259 1894 5304 aut
1913 5266 2039 5306 con-

465 5337 886 5408 sanguinitates,
931 5337 1025 5392 sed
1067 5345 1290 5406 propter
1331 5339 1435 5393 hoc
1477 5346 1686 5394 tantum
1732 5341 1872 5408 quod
1914 5349 2040 5395 sunt

461 5433 671 5480 natura:
716 5433 916 5480 nostra:
954 5424 1244 5494 participes
1281 5426 1598 5493 diligamus,
1631 5427 1755 5496 quia
1794 5444 1900 5484 non
1943 5444 2036 5485 eos

461 5515 601 5572 sicut
643 5530 741 5570 nos
781 5516 927 5586 ipsos
954 5530 1232 5583 amamus,
1260 5517 1478 5586 quando
1508 5527 1731 5588 propter
1758 5519 1847 5573 illa
1878 5512 2037 5590 supe-

459 5607 574 5662 rius
598 5606 742 5661 dicta
769 5606 1062 5676 diligimus.
1086 5606 1270 5677 Neque
1295 5607 1439 5662 enim
1465 5608 1586 5663 ideo
1610 5623 1669 5663 se
1695 5606 1865 5677 diligit
1895 5609 2036 5677 quis-

462 5710 568 5766 que
586 5734 602 5760 ,
632 5696 758 5764 quia
781 5697 882 5751 sibi
905 5698 1073 5753 frater
1095 5707 1188 5752 aut
1212 5713 1389 5763 soror,
1418 5707 1574 5767 pater
1602 5708 1696 5754 aut
1724 5700 1896 5765 filius,
1923 5716 2033 5754 ma-

462 5794 545 5841 ter
573 5793 665 5839 aut
693 5784 797 5840 filia
815 5824 830 5848 ,
859 5800 1024 5853 nepos
1054 5797 1146 5842 aut
1175 5788 1349 5858 neptis
1379 5797 1489 5852 est,
1517 5790 1806 5845 carnaliter
1835 5792 2030 5860 quippe

2145 4711 2356 4780 adjutos
2384 4722 2442 4766 ut
2472 4711 2683 4782 possint
2711 4713 2979 4768 veraciter
3005 4714 3266 4778 credunt,
3296 4715 3570 4787 quidquid
3607 4717 3726 4770 mali

2141 4803 2549 4868 commiserint,
2586 4802 2720 4859 vitio
2749 4819 2861 4860 suae
2904 4804 3197 4861 voluntatis
3227 4807 3550 4872 ascribunt,
3583 4809 3726 4879 quid-

2141 4893 2268 4962 quid
2299 4892 2426 4947 boni
2457 4907 2564 4947 non
2593 4893 2869 4963 potuerint
2904 4893 3157 4965 implere,
3186 4896 3254 4949 ab
3291 4897 3382 4950 illo
3426 4908 3490 4950 ut

2130 4983 2334 5054 jugiter
2354 4993 2575 5055 petunt,
2599 5001 2720 5040 cum
2742 4987 3016 5056 potuerint
3037 4987 3110 5042 illi
3132 4990 3336 5059 gratias
3358 5001 3534 5061 agunt
3549 5034 3566 5054 .
3589 4995 3722 5047 bona

2139 5073 2257 5142 ejus
2283 5087 2402 5142 quae
2432 5071 2631 5128 fuerint
2669 5076 2943 5130 consecuti
2987 5076 3152 5131 etiam
3196 5077 3317 5132 aliis
3356 5080 3610 5135 conferri
3651 5097 3722 5135 so-

2139 5161 2349 5217 cialiter
2374 5161 2558 5216 volunt
2587 5173 2640 5216 et
2671 5179 2841 5232 usque
2875 5164 2927 5218 in
2957 5181 3084 5220 suos
3124 5166 3375 5221 inimicos
3421 5168 3724 5223 dilectionis

2139 5264 2250 5306 suae
2293 5249 2632 5306 latitudinem
2681 5252 3054 5324 porrigentes,
3105 5255 3209 5310 hoc
3251 5270 3450 5312 omnes
3501 5260 3720 5327 cupiunt

2139 5355 2261 5395 esse
2289 5340 2432 5410 quod
2469 5340 2572 5411 ipsi
2602 5351 2748 5396 sunt.
2787 5342 2977 5399 Omnia
3017 5344 3199 5415 igitur,
3229 5345 3389 5414 hujus
3421 5350 3604 5419 gratia
3633 5363 3721 5417 ge-

2139 5431 2308 5486 renda
2343 5430 2752 5501 appetendaque
2787 5441 2911 5488 sunt
2959 5435 3146 5498 nobis,
3184 5451 3282 5506 pro
3329 5437 3436 5490 hac
3475 5437 3714 5505 jejunia,

2134 5521 2362 5591 vigilias,
2394 5519 2609 5575 labores
2636 5523 2902 5592 corporis,
2933 5525 3264 5591 nuditatem,
3296 5525 3595 5582 lectionem
3625 5543 3718 5581 c2-

2137 5621 2387 5683 terasque
2419 5613 2650 5669 virtutes
2683 5614 2881 5670 debere
2916 5629 3014 5670 nos
3051 5615 3328 5684 suscipere
3362 5617 3712 5676 noverimus,

2132 5711 2191 5756 ut
2231 5703 2433 5757 scilicet
2471 5717 2568 5773 per
2603 5703 2719 5759 illas
2757 5705 2826 5758 ab
2863 5703 3128 5758 universis
3163 5703 3514 5774 passionibus
3541 5706 3713 5759 noxiis

2133 5791 2355 5846 illassum
2382 5806 2576 5860 parare
2601 5807 2697 5846 cor
2721 5799 2961 5848 nostrum
2989 5801 3042 5846 et
3066 5807 3390 5847 conservare
3417 5795 3708 5863 possimus,
