3956 6326
147 2134 266 2160 ...ρ-

244 319 379 378 1295

1475 309 1563 365 DE
1600 306 1946 364 PURITATE
1978 301 2248 361 CORDIS.

3354 249 3498 356 129‘.

241 441 292 489 et
333 427 402 484 ad
448 423 837 498 perfectionem
878 423 1159 479 charitatis
1205 375 1325 478 istis
1363 397 1625 489 gradibus
1675 415 1818 470 inni-
1845 423 1896 482 Α
1922 411 2061 468 stola
2101 426 2197 466 sua
2237 409 2522 479 descripsit
2559 408 2781 465 dicens:
2818 429 2835 459 ι
2868 407 2984 463 Non
3019 409 3162 464 enim
3200 409 3342 479 quod
3373 410 3494 467 volo

243 520 401 578 tendo
428 517 814 580 conscendere,
843 522 896 569 et
921 528 1028 569 non
1053 520 1273 584 propter
1301 508 1399 564 bas
1426 505 1813 569 observantias,

243 611 285 668 si
316 609 456 664 forte
481 607 712 662 honesta
738 619 803 659 ac
830 602 1137 659 necessaria
1163 599 1515 670 occupatione
1533 596 1816 669 prteventi,

243 697 636 755 solemnitatem
665 693 1021 750 districtionis
1045 703 1243 748 nostrae
1270 706 1374 746 non
1398 689 1696 761 poterimus
1725 688 1821 742 im-

235 789 424 864 plere,
468 787 770 844 incidamus
801 786 856 841 in
888 786 1165 841 tristitiam
1184 825 1199 851 ,
1232 783 1317 838 vel
1347 784 1484 838 iram
1504 822 1520 848 ,
1548 781 1660 837 sive
1687 779 1823 835 indi-

244 880 554 951 gnationem
575 918 592 944 ,
614 879 684 932 ob
709 892 829 947 quae
849 876 1205 948 expugnanda
1223 916 1236 938 ,
1271 874 1400 929 illud
1427 873 1572 944 quod
1601 881 1816 944 praeter-

244 971 468 1026 missum
499 976 584 1023 est
611 967 884 1022 fueramus
922 967 1116 1020 acturi.
1158 964 1276 1019 Non
1316 963 1460 1018 enim
1495 971 1577 1018 est
1614 971 1823 1016 tantum

243 1060 451 1116 lucrum
470 1056 662 1127 jejunii
681 1099 696 1124 ,
721 1066 979 1129 quantum
1001 1057 1094 1111 ira:
1120 1055 1490 1126 dispendium;
1519 1069 1618 1109 nec
1643 1059 1825 1107 tantus

243 1151 474 1206 lectione
498 1149 715 1219 capitur
734 1148 976 1213 fructus,
1006 1156 1270 1219 quantum
1299 1153 1611 1216 contemptu
1639 1143 1824 1199 fratris

244 1241 542 1297 incurritur
590 1241 993 1296 detrimentum.
1048 1240 1126 1294 Ea
1171 1239 1336 1309 igitur
1381 1253 1502 1308 qua:
1544 1235 1826 1306 sequentia

244 1341 402 1397 sunt,
431 1331 486 1385 id
513 1339 629 1397 est,
650 1331 876 1402 jejunia,
903 1329 1120 1401 vigiliae,
1147 1327 1518 1392 anachoresis,
1548 1325 1828 1382 meditatio

244 1422 653 1496 Scripturarum
695 1430 920 1493 propter
945 1420 1297 1492 principalem
1327 1433 1553 1491 scopum
1581 1457 1596 1484 ,
1629 1417 1683 1472 id
1710 1425 1824 1484 est,

242 1514 539 1586 puritatem
581 1515 794 1580 cordis,
833 1514 977 1583 quod
1013 1520 1097 1568 est
1139 1511 1409 1574 charitas,
1439 1525 1540 1564 nos
1577 1509 1830 1564 convenit

242 1619 537 1671 exercere,
564 1612 621 1658 et
649 1618 756 1658 non
783 1612 1003 1674 propter
1032 1603 1120 1658 illa
1152 1600 1505 1673 principalem
1533 1601 1676 1656 hanc
1703 1600 1831 1672 pro;

245 1693 470 1749 turbare
494 1693 786 1760 virtutem,
818 1693 944 1764 quia
973 1693 1130 1748 nobis
1171 1692 1380 1762 integra
1424 1690 1697 1761 illaasaque
1739 1689 1832 1744 du-

1917 501 2060 558 facio
2087 501 2321 565 bonum;
2351 501 2445 555 sed
2473 500 2617 570 quod
2641 499 2731 554 odi
2762 498 2995 566 malum,
3027 501 3130 556 hoc
3159 515 3262 571 ago
3293 501 3310 563 (
3335 500 3488 555 Rom.

1917 607 1994 648 vn
2013 632 2029 659 ,
2054 591 2178 664 15);
2209 609 2228 643 ι
2255 591 2342 646 vel
2368 591 2497 646 illud
2523 608 2538 646 :
2568 611 2587 643 ι
2611 590 2667 646 Si
2693 599 2872 647 autem
2894 592 3038 662 quod
3063 593 3183 648 volo
3207 594 3310 650 hoc
3329 593 3492 659 facio,

1914 685 2030 757 jam
2065 701 2174 740 non
2210 699 2312 756 ego
2345 699 2543 755 operor
2580 684 2742 752 illud,
2779 685 2874 740 sed
2913 685 3058 756 quod
3087 686 3295 742 habitat
3323 687 3378 742 in
3410 703 3497 743 me

1921 785 2206 849 peccatum
2236 777 2403 837 (Ibid.
2427 795 2474 832 υ.
2499 777 2588 848 15)
2613 795 2628 845 ;
2659 798 2676 830 ι
2708 777 2794 835 vel
2819 778 2962 850 quod
2988 779 3233 849 sequitur
3261 799 3274 834 :
3311 798 3331 830 ι
3359 779 3502 836 Con-

1921 869 2161 925 delector
2190 869 2337 924 enim
2376 869 2478 940 legi
2511 870 2604 925 Dei
2639 870 2932 925 secundum
2971 869 3286 926 interiorem
3321 871 3500 926 homi—

1923 977 2080 1027 nem,
2112 961 2271 1016 video
2315 969 2496 1016 autem
2541 961 2700 1016 aliam
2748 961 2918 1032 legem
2963 961 3020 1018 in
3065 963 3324 1018 membris
3367 964 3504 1018 meis

1925 1060 2312 1122 repugnantem
2343 1050 2450 1122 legi
2481 1052 2678 1106 mentis
2707 1066 2873 1117 mete,
2904 1060 2960 1106 et
2984 1051 3256 1122 captivum
3286 1066 3372 1106 me
3401 1053 3502 1106 du-

1925 1151 2136 1196 eeutem
2187 1141 2238 1194 in
2270 1141 2385 1211 lege
2427 1141 2662 1210 peccati,
2709 1157 2830 1212 qua:
2865 1149 2944 1196 est
2979 1141 3034 1196 in
3069 1141 3328 1196 membris
3357 1140 3496 1196 meis

1928 1234 2132 1307 (Ibid.,
2151 1233 2314 1298 v.22,
2339 1235 2408 1289 ‘23
2431 1235 2468 1305 ).
2503 1255 2520 1287 ι
2552 1238 2679 1302 Qua:
2705 1235 2830 1290 licet
2859 1237 3167 1292 testimonia
3194 1237 3413 1306 quidam
3435 1251 3508 1291 ex

1926 1336 2271 1396 peccatorum
2310 1341 2543 1397 persona
2578 1341 2702 1381 eum
2735 1326 2938 1382 dixisse
2982 1327 3336 1392 arbitrentur,
3370 1342 3499 1397 per-

1929 1419 2174 1489 Spicuum
2219 1427 2303 1473 est
2350 1426 2695 1488 peccatorum
2738 1433 2984 1489 persona:
3033 1419 3149 1473 haec
3188 1435 3296 1473 non
3341 1432 3505 1488 posse

1928 1509 2254 1566 omnimodis
2284 1511 2577 1566 convenire
2596 1551 2610 1576 ,
2640 1511 2735 1565 sed
2763 1511 2832 1565 ad
2862 1511 3007 1566 solos
3031 1525 3151 1582 qua:
3191 1511 3332 1566 dicta
3379 1519 3506 1567 sunt

1929 1601 2160 1656 attinere
2201 1601 2506 1674 perfectos,
2550 1611 2607 1658 et
2653 1617 2840 1658 eorum
2887 1610 3097 1657 tantum
3147 1603 3240 1673 qui
3277 1603 3508 1674 Aposto-

1929 1691 2105 1748 lorum
2160 1693 2353 1748 merita
2399 1694 2806 1763 subsequuntur
2851 1708 3156 1764 congruere
3201 1693 3502 1750 sanctitati.

245 1790 404 1839 rante
434 1781 569 1837 nihil
599 1781 810 1846 oberit,
841 1781 887 1836 si
915 1781 1119 1852 aliquid
1155 1794 1343 1836 eorum
1382 1793 1502 1850 qua:
1541 1777 1823 1848 sequentia
1852 1769 1901 1829 Β
1929 1782 2194 1839 (laterum
2221 1798 2328 1853 quo
2351 1793 2514 1854 pacto
2544 1786 2645 1840 hoc
2668 1791 3017 1854 peccatorum
3044 1799 3287 1854 persona:
3310 1784 3513 1856 poterit

245 1887 402 1944 sunt,
429 1893 529 1950 pro
551 1877 876 1933 necessitate
898 1874 1060 1931 fuerit
1084 1873 1536 1946 praetermissum,
1565 1871 1831 1943 siquidem

245 1984 350 2026 nec
391 1967 634 2040 proderit
669 1969 923 2025 universa
967 1967 1192 2032 fecisse,
1236 1967 1485 2037 adempta
1525 1965 1629 2022 hac
1668 1979 1833 2036 quam

246 2058 484 2115 diximus
509 2057 800 2129 principali
829 2073 991 2114 causa
1010 2098 1026 2124 ,
1057 2055 1212 2127 cujus
1239 2057 1464 2114 obtentu
1490 2064 1617 2111 sunt
1651 2055 1832 2112 omnia

243 2151 572 2224 peragenda.
605 2151 706 2207 Hic
727 2166 858 2223 ergo
885 2152 1042 2207 nobis
1069 2149 1384 2222 principalis
1412 2149 1575 2205 debet
1600 2164 1722 2204 esse
1748 2163 1836 2203 co-

246 2251 446 2308 natus,
474 2243 590 2299 htec
619 2242 914 2299 immobilis
955 2243 1244 2298 destinatio
1272 2242 1453 2298 cordis
1476 2241 1680 2313 jugiter
1710 2241 1835 2296 affe-

246 2333 445 2391 ctanda
466 2374 482 2400 ,
512 2342 570 2388 ut
596 2335 794 2390 divinis
822 2335 984 2389 rebus
1015 2349 1078 2390 ac
1105 2333 1216 2389 Deo
1247 2347 1400 2387 mens
1428 2347 1641 2402 semper
1670 2332 1836 2386 inhae-

247 2433 370 2480 reat
389 2465 404 2491 ,
447 2425 709 2494 quidquid
751 2426 820 2481 ab
861 2426 963 2480 hac
991 2425 1266 2481 diversum
1295 2432 1380 2478 est
1399 2464 1414 2488 ,
1445 2422 1694 2494 quamvis
1724 2436 1834 2476 ma-

248 2523 436 2588 gﬁum,
460 2515 757 2572 secundum
779 2524 960 2570 tamen
989 2525 1084 2571 aut
1108 2515 1544 2571 etiam‘inllmum
1570 2529 1666 2570 seu
1686 2522 1836 2569 certe

247 2608 472 2664 noxium
496 2607 846 2677 judicandum
877 2615 979 2664 est.
1012 2607 1182 2677 Hujus
1224 2605 1422 2663 mentis
1461 2606 1546 2662 vel
1585 2614 1741 2662 actus
1778 2605 1837 2659 ﬁ-

249 2711 388 2770 gura
427 2695 588 2751 etiam
632 2697 685 2751 in
729 2697 1020 2768 Evangelio
1059 2713 1157 2768 per
1196 2696 1460 2751 Martham
1488 2695 1572 2750 vel
1610 2694 1834 2749 Mariam

249 2786 623 2857 pulcherrime
665 2786 981 2858 designatur
1021 2785 1194 2858 (Luc.
1227 2801 1258 2840 x
1281 2826 1295 2851 ,
1325 2785 1390 2838 41
1421 2785 1459 2851 ).
1507 2783 1642 2840 Cum
1690 2783 1836 2838 enim

253 2878 466 2934 Martha
488 2887 678 2934 sancto
699 2880 886 2950 utique
903 2879 1210 2934 ministerio
1233 2879 1532 2934 deserviret
1547 2883 1606 2931 ut
1629 2877 1832 2947 potuit,

251 2982 379 3038 quae
401 2967 500 3037 ipsi
525 2967 752 3023 Domino
774 2968 998 3039 ejusque
1019 2967 1297 3039 discipulis
1323 2967 1701 3033 ministrabat,
1733 2966 1839 3021 Ma-

253 3057 343 3112 ria
372 3057 599 3128 spiritali
628 3059 1000 3114 tantummodo
1026 3059 1233 3114 intenta
1259 3056 1549 3124 doctrinae,
1590 3055 1718 3112 Jesu
1745 3071 1838 3127 pe-

1932 1875 2224 1931 convenire
2251 1875 2396 1946 quod
2425 1875 2648 1941 dicitur,
2681 1895 2700 1928 ‹
2732 1891 2836 1932 non
2861 1877 3006 1932 enim
3044 1878 3188 1947 quod
3219 1876 3337 1934 volo
3369 1878 3509 1936 facio

1933 1966 2159 2031 bonum,
2200 1967 2295 2022 sed
2323 1967 2467 2036 quod
2491 1967 2580 2023 odi
2617 1967 2814 2022 malum
2855 1967 2960 2023 hoc
2993 1983 3127 2039 ago,
3167 1988 3184 2020 ι
3216 1969 3309 2025 sed
3340 1985 3515 2040 neque

1933 2059 2061 2114 illud
2089 2058 2219 2128 quid
2248 2067 2363 2124 est,
2394 2060 2536 2129 quod
2573 2059 2683 2126 ait,
2718 2077 2737 2111 ι
2773 2057 2820 2115 si
2857 2069 3038 2114 autem
3073 2060 3218 2131 quod
3249 2061 3374 2115 nolo
3405 2061 3510 2117 hoc

1933 2147 2110 2214 facio,
2141 2148 2257 2219 jam
2296 2164 2404 2203 non
2434 2165 2534 2220 ego
2568 2165 2766 2220 operor
2798 2149 2961 2215 illud,
2999 2149 3094 2205 sed
3131 2151 3273 2220 quod
3309 2151 3521 2205 habitat
3557 2193 3562 2196 .

1935 2239 1994 2294 in
2026 2256 2113 2296 me
2143 2249 2450 2310 peccatum.
2483 2259 2501 2290 ι
2527 2239 2659 2307 Quis
2689 2240 2834 2296 enim
2867 2237 3296 2308 delinquentium
3329 2239 3520 2295 nolens

1935 2347 1995 2388 se
2045 2332 2330 2388 adulteriis
2377 2332 2932 2401 fornicationibusque
2979 2333 3348 2396 contaminet,
3398 2331 3521 2401 quis

1935 2425 2138 2480 invitus
2190 2425 2438 2495 proximo
2495 2425 2682 2480 tendat
2736 2423 2995 2489 insidias,
3045 2423 3168 2492 quis
3217 2421 3512 2477 inevitabili

1935 2515 2259 2571 necessitate
2307 2523 2552 2586 cogatur,
2598 2524 2658 2570 ut
2704 2515 2840 2570 falso
2892 2515 3202 2570 testimonio
3246 2514 3521 2569 hominem

1935 2606 2208 2675 opprimat
2245 2603 2458 2660 furtove
2491 2605 2750 2675 decipiat,
2792 2614 2886 2659 aut
2923 2603 3148 2659 alterius
3183 2603 3354 2674 spolia
3387 2618 3523 2658 con-

1936 2697 2177 2767 cupiscat
2199 2695 2284 2750 vel
2306 2695 2621 2764 sanguinem
2652 2694 2872 2749 fundat?
2889 2693 3164 2762 Quinimo,
3179 2702 3239 2747 ut
3259 2693 3522 2762 scriptum
3541 2717 3546 2724 -

1937 2799 2043 2856 est,
2074 2791 2368 2845 humanum
2399 2801 2572 2856 genus
2603 2787 2888 2856 diligenter
2918 2787 3181 2840 intentum
3211 2793 3295 2840 est
3325 2773 3394 2840 ad
3424 2799 3523 2842 ne-

1938 2881 2164 2953 quitiam
2195 2896 2226 2934 a
2249 2879 2536 2948 juventute
2565 2894 2683 2933 sua.
2714 2878 2860 2945 Quos
2894 2877 3056 2934 etiam
3091 2876 3356 2934 Jeremias
3394 2892 3523 2948 pro—

1937 2971 2098 3040 pheta
2134 2986 2242 3025 non
2278 2969 2454 3025 solum
2490 2969 2737 3024 volentes
2767 2984 2868 3024 nec
2896 2984 3018 3024 cum
3049 2969 3237 3040 requie
3267 2971 3450 3026 cordis
3475 2979 3532 3026 et

1939 3061 2184 3132 corporis
2205 3058 2533 3132 ﬂagitiorum
2556 3058 2784 3114 crimina
2799 3065 3134 3129 perpetrare,
3159 3073 3348 3113 verum
3361 3059 3526 3114 etiam

257 3151 419 3206 dibus
456 3149 784 3215 inhaerebat,
829 3165 964 3220 quos
1002 3150 1255 3206 osculans
1291 3150 1448 3204 bona:
1478 3147 1836 3204 confessionis
1864 3122 1909 3187 (ἶ
1943 3122 2210 3208 intantum
2239 3122 2334 3208 eos
2361 3151 2558 3207 asserit
2585 3151 2872 3207 laboriosis
2899 3151 3185 3207 conatibus
3211 3159 3272 3207 ut
3300 3153 3369 3208 ad
3397 3151 3528 3209 elle-

253 3243 484 3299 liniebat
503 3249 806 3314 unguento:
830 3242 1115 3312 praefertur
1145 3250 1324 3297 tamen
1357 3256 1387 3295 a
1418 3241 1664 3306 Domino,
1697 3238 1840 3310 quod

257 3339 318 3389 et
348 3331 623 3388 meliorem
653 3331 879 3404 elegerit
901 3340 1112 3403 partem
1142 3341 1197 3388 et
1231 3346 1353 3388 eam
1375 3346 1496 3402 qua:
1529 3331 1597 3387 ab
1630 3346 1696 3385 ea
1733 3346 1840 3385 non

257 3432 446 3495 posset
476 3422 696 3478 auferri.
715 3423 929 3479 lDi'cens
959 3424 1106 3478 enim
1140 3423 1210 3478 ad
1237 3422 1503 3479 Martham
1533 3421 1796 3478 Dominus
1823 3439 1837 3476 :

266 3532 289 3566 σ
322 3513 563 3570 Sollicita
590 3529 650 3568 es
676 3520 731 3567 et
755 3514 992 3569 turbaris
1016 3528 1145 3584 erga
1171 3513 1336 3568 multa
1364 3511 1552 3585 (Ibid.)
1568 3553 1584 3578 ,
1609 3531 1627 3564 ι
1654 3512 1842 3583 paucis

261 3619 401 3660 vero
426 3619 560 3673 opus
587 3613 701 3671 est,
728 3615 822 3659 aut
847 3605 1011 3660 etiam
1042 3619 1177 3671 uno,
1209 3619 1477 3659 summum
1505 3605 1705 3659 bonum
1735 3619 1843 3660 non

265 3695 326 3750 in
351 3692 580 3760 actuali,
608 3694 856 3763 quamvis
877 3692 1132 3748 laudabili
1159 3707 1343 3762 Opere,
1368 3701 1425 3749 et
1449 3692 1632 3747 multis
1658 3691 1846 3748 fructi-

264 3785 371 3840 bus
398 3783 726 3849 abundanti,
758 3783 854 3838 sed
882 3785 937 3838 in
967 3798 1066 3838 sua
1099 3779 1294 3855 [Forte
1321 3781 1419 3852 leg.
1451 3783 1568 3855 sui]
1599 3791 1845 3838 contem-

264 3872 538 3943 platione,
579 3888 698 3942 qua:
731 3888 857 3929 vere
895 3873 1124 3944 simplex
1160 3881 1215 3927 et
1247 3888 1355 3927 una
1388 3882 1473 3928 est
1520 3872 1844 3939 collocavit,

267 3961 458 4033 paucis
483 3976 617 4031 opus
637 3977 760 4018 esse
780 3962 1138 4034 pronuntians
1156 3961 1223 4017 ad
1245 3961 1540 4034 perfectam
1563 3962 1850 4018 beatitudi-

268 4065 395 4106 nem
413 4050 512 4117 ,‘id
533 4058 644 4115 est,
675 4051 765 4106 illa
794 4053 1002 4107 theoria
1028 4067 1146 4123 quae
1173 4052 1324 4122 prius
1353 4061 1436 4106 est
1467 4051 1520 4106 in
1550 4067 1845 4122 paucorum

270 4141 727 4212 contemplatione
759 4162 773 4197 :
822 4141 1191 4200 conscendens
1228 4153 1409 4198 autem
1449 4145 1540 4215 qui
1578 4146 1756 4200 adhuc
1792 4145 1849 4201 in

269 4244 530 4304 provectu
573 4237 781 4306 positus
815 4245 920 4302 est,
957 4237 1024 4292 ad
1072 4237 1200 4292 illud
1228 4252 1442 4308 quoque
1492 4237 1634 4308 quod
1683 4253 1850 4294 unum

271 4326 491 4392 dicitur,
523 4327 577 4382 id
615 4336 726 4393 est,
764 4329 859 4383 Dei
893 4328 1059 4384 solius
1105 4328 1358 4384 intuitum
1398 4329 1517 4398 ipso
1563 4327 1852 4397 adjuvante

271 4415 572 4485 perveniet,
605 4423 666 4470 ut
691 4417 898 4473 scilicet
923 4418 1086 4472 etiam
1125 4427 1436 4473 sanctorum
1465 4425 1618 4474 actus
1643 4434 1708 4474 ac
1750 4420 1851 4474 mi-

1939 3253 2088 3302 ctum
2115 3259 2303 3301 corum
2325 3243 2642 3314 perveniant
2663 3243 2948 3308 desudare,
2978 3251 3038 3298 ut
3064 3243 3130 3300 de
3151 3243 3333 3299 lethali
3355 3244 3527 3300 scele-

1941 3353 2062 3394 rum
2092 3337 2338 3408 appetitu
2367 3349 2468 3390 nec
2497 3335 2884 3390 obsistentibus
2913 3334 3099 3389 arduis
3128 3333 3530 3392 difﬁcultatibus

1941 3436 2288 3493 revocentur,
2329 3426 2517 3482 dicens
2551 3444 2564 3480 :
2603 3445 2621 3478 ι
2660 3426 2732 3483 Ut
2769 3426 2955 3498 inique
2987 3436 3214 3498 agerent
3243 3427 3526 3484 laborave-

1943 3527 2072 3574 runt
2108 3518 2267 3588 (Jer.
2295 3533 2382 3584 Ix,
2412 3517 2508 3590 5).
2545 3537 2563 3570 ι
2593 3516 2729 3572 lllud
2760 3531 2974 3588 quoque
3010 3518 3132 3587 quis
3165 3518 3362 3592 dixerit
3397 3533 3526 3590 pec-

1943 3612 2220 3667 catoribus
2249 3610 2565 3675 convenire,
2594 3628 2612 3661 ‹
2641 3609 2825 3678 itaque
2860 3623 2963 3677 ego
2997 3608 3110 3678 ipse
3146 3604 3325 3663 mente
3349 3609 3529 3664 servio

1942 3701 2047 3770 legi
2072 3701 2370 3765 Dei,carne
2399 3707 2588 3754 autem.
2605 3699 2710 3769 legi
2735 3699 2964 3768 peccati,
2989 3717 3007 3748 ι
3038 3713 3174 3766 quos
3199 3715 3300 3754 nec
3327 3707 3531 3766 mente,

1945 3805 2048 3846 nec
2078 3803 2244 3844 carne
2273 3790 2384 3843 Deo
2407 3787 2612 3843 servire
2633 3786 2976 3842 manifestum
3004 3787 3123 3840 est?
3153 3796 3246 3842 aut
3272 3789 3532 3858 quemad-

1948 3880 2166 3934 modum
2191 3878 2248 3933 hi
2272 3878 2364 3948 qui
2389 3885 2620 3947 peccant
2646 3892 2895 3947 corpore,
2922 3886 3104 3932 mente
3131 3878 3378 3933 serviunt
3400 3879 3528 3941 Deo,

1948 3989 2076 4029 cum
2103 3971 2360 4025 vitiorum
2401 3969 2644 4024 fomitem
2681 3984 2810 4025 caro
2844 3985 2908 4023 ex
2942 3968 3107 4024 corde
3142 3970 3448 4040 concipiat,
3479 3981 3536 4026 et

1949 4061 2066 4133 ipse
2107 4069 2299 4116 auctor
2341 4059 2625 4129 utriusque
2659 4067 2865 4114 naturae
2910 4058 3112 4114 fontem
3157 4067 3322 4130 atque
3369 4060 3533 4132 origi-

1951 4167 2076 4208 nem
2127 4158 2476 4222 peccatorum
2511 4166 2576 4205 ex
2614 4165 2680 4205 eo
2710 4149 3029 4220 pronuntiat
3061 4164 3318 4205 emanare
3350 4167 3366 4206 :
3404 4171 3421 4201 ι
3457 4149 3534 4206 De

1950 4241 2136 4307 corde,
2166 4240 2436 4310 inquiens,
2463 4237 2760 4308 procedunt
2788 4237 3146 4308 cogitationes
3177 4237 3349 4304 malae,
3381 4239 3535 4293 adul-

1955 4333 2125 4398 teria,
2159 4330 2573 4396 fornicationes,
2609 4329 2782 4397 furta,
2816 4339 2922 4386 etc.
2956 4329 3188 4402 (Matth.
3221 4347 3310 4398 xv,
3340 4332 3474 4404 19)?
3506 4353 3524 4385 ι

1954 4420 2320 4489 Quamobrem
2349 4420 2631 4476 evidenter
2654 4419 2957 4476 ostenditur
2979 4419 3126 4475 nullo
3153 4420 3312 4476 modo
3339 4421 3441 4476 hoc
3467 4422 3534 4476 de

273 4505 498 4561 nisteria
533 4507 761 4563 mirifica
792 4523 1204 4579 supergressus,
1241 4507 1407 4563 solius
1441 4508 1539 4563 Dei
1569 4508 1685 4579 jam
1723 4509 1846 4580 pul-
1873 4471 1929 4531 Β
1955 4471 2305 4584 peccatorum
2337 4511 2562 4582 intelligi
2595 4526 2750 4582 posse
2778 4511 3025 4581 personis
3047 4551 3061 4575 ,
3093 4511 3184 4581 qui
3215 4527 3319 4566 non
3356 4511 3529 4567 solum

273 4595 586 4652 cbritudine
614 4597 947 4666 scientiaque
976 4606 1246 4668 pascatur.
1281 4597 1449 4654 Maria
1489 4613 1619 4670 ergo
1648 4599 1848 4654 bonam

272 4697 487 4760 partem
515 4688 693 4759 elegit,
715 4704 835 4758 qua:
865 4705 970 4745 non
1001 4689 1276 4745 auferetur
1305 4691 1374 4744 ab
1400 4705 1488 4756 ea,
1516 4699 1572 4744 et
1599 4691 1712 4766 hoc
1730 4691 1852 4746 dili-

269 4780 491 4849 gentius
517 4780 830 4834 intuendum
857 4790 962 4836 est.
990 4779 1124 4834 Nam
1152 4796 1274 4835 cum
1304 4781 1437 4836 dicit
1466 4797 1479 4833 :
1513 4800 1531 4832 ‹
1562 4780 1727 4836 Maria
1755 4783 1852 4838 bo-

274 4884 404 4924 nam
442 4878 648 4938 partem
687 4868 880 4940 elegit,
905 4889 924 4921 ι
952 4869 1078 4925 licet
1107 4878 1288 4923 taceat
1323 4870 1388 4924 de
1425 4868 1634 4923 Martha
1672 4878 1727 4925 et
1759 4885 1852 4925 ne-

273 4976 546 5030 quaquam
574 4976 694 5016 eam
719 4962 1030 5031 vituperare
1056 4961 1327 5024 videatur,
1358 4959 1505 5014 illam
1532 4969 1710 5015 tamen
1741 4961 1854 5016 lau-

277 5052 436 5116 dans,
467 5053 605 5108 hanc
633 5051 940 5108 inferiorem
965 5067 1084 5107 esse
1108 5051 1441 5122 pronuntiat.
1466 5049 1702 5106 Rursum
1729 5069 1851 5107 cum

279 5134 500 5211 dicitur,
528 5163 546 5196 (
577 5161 694 5214 qua:
721 5161 828 5200 non
855 5144 1130 5199 auferetur
1165 5143 1233 5198 ab
1259 5158 1346 5209 ea,
1390 5163 1406 5195 ι
1437 5146 1674 5200 ostendit
1710 5145 1855 5216 quod

277 5233 352 5287 ab
390 5233 494 5288 hac
522 5249 617 5289 sua
643 5234 820 5302 portio
846 5234 1015 5305 possit
1041 5233 1266 5288 auferri.
1298 5232 1407 5288 Nec
1437 5235 1580 5288 enim
1613 5235 1856 5290 ministe-

281 5321 422 5376 rium
453 5323 732 5393 corporale
767 5340 892 5380 cum
929 5325 1145 5380 homine
1177 5325 1376 5395 poterit
1397 5323 1601 5395 jugiter
1634 5341 1853 5398 perma-

281 5426 451 5478 nere,
486 5414 628 5469 illius
655 5430 784 5470 vero
820 5415 1058 5470 studium
1093 5415 1238 5469 nullo
1275 5413 1381 5468 ﬁne
1415 5430 1639 5484 prorsus
1668 5417 1859 5472 edocet

221 5516 448 5604 )osse
476 5504 638 5559 finiri.
667 5505 821 5560 Unde
848 5505 980 5559 mihi
1011 5505 1222 5560 videtur
1249 5519 1544 5575 congruum
1574 5521 1694 5562 esse.
1727 5505 1858 5562 illud

283 5596 633 5651 considerare
668 5597 795 5666 quid
831 5597 902 5651 sit
935 5598 1038 5652 hoc
1070 5597 1271 5652 bonum
1314 5597 1458 5664 quod
1499 5595 1700 5651 Paulus
1730 5613 1858 5668 apo-

290 5685 458 5741 stolus
487 5687 637 5755 quasi
667 5689 988 5758 conquirens
1026 5703 1084 5743 se
1115 5686 1294 5743 facere
1323 5702 1428 5742 non
1463 5701 1619 5755 posse
1648 5687 1700 5741 iu
1732 5687 1857 5758 Epi-

1955 4619 2064 4658 non
2091 4602 2355 4668 oderunt,
2386 4603 2480 4657 sed
2506 4603 2670 4657 etiam
2699 4601 2930 4672 diligunt
2955 4599 3094 4654 mala
3114 4641 3132 4665 ,
3163 4610 3217 4656 et
3259 4601 3527 4656 intantum

1957 4693 2067 4748 Deo
2108 4709 2212 4748 non
2257 4701 2436 4746 mente
2475 4706 2574 4747 nec
2617 4705 2780 4746 carne
2814 4689 3162 4757 deserviunt,
3195 4701 3253 4745 ut
3279 4700 3406 4746 ante
3433 4693 3528 4746 de-

1955 4781 2205 4852 linquant
2231 4790 2416 4836 mente
2443 4795 2605 4851 quam
2633 4794 2832 4844 carne,
2862 4787 2919 4833 et
2946 4779 3260 4849 priusquam
3283 4781 3534 4852 corporis

1956 4872 2208 4942 expleant
2237 4872 2565 4926 voluntatem
2593 4869 2995 4940 prazveniantur
3023 4871 3218 4925 mentis
3245 4887 3355 4926 suae
3383 4873 3532 4944 cogi-

1953 4960 2328 5029 tationumque
2369 4967 2620 5030 peccato;
2675 4965 2921 5028 superest
2967 4958 3129 5040 igitur
3173 4968 3233 5014 ut
3279 4961 3533 5015 virtutem

1956 5065 2146 5104 sensus
2176 5065 2244 5104 ex
2276 5049 2468 5102 intimo
2495 5049 2725 5103 dicentis
2753 5047 3042 5102 metiamur
3068 5047 3262 5105 affectu
3283 5091 3297 5118 ,
3327 5060 3381 5106 et
3405 5052 3536 5122 quid

1956 5141 2148 5196 beatus
2191 5140 2480 5210 Apostolus
2519 5141 2718 5196 dixerit
2756 5141 2953 5195 bonum
2974 5181 2990 5208 ,
3021 5143 3218 5213 quidve
3247 5161 3533 5215 compara-

1956 5231 2102 5285 tione
2125 5231 2558 5301 pronuntiaverit
2584 5230 2782 5285 malum
2799 5272 2815 5297 ,
2841 5247 2946 5286 non
2973 5233 3113 5288 nuda
3140 5233 3538 5305 significatione

1955 5324 2279 5388 verborum,
2323 5323 2415 5378 sed
2453 5323 2641 5377 eadem
2680 5338 2785 5392 qua
2827 5321 2914 5378 ille
2954 5323 3310 5378 discutiamus
3353 5325 3529 5380 inten-

1953 5413 2122 5468 tione.
2153 5413 2414 5472 lntuitum
2454 5429 2668 5482 quoque
2713 5411 2829 5482 ejus
2875 5413 3173 5470 secundum
3215 5414 3531 5484 dignitatem

1952 5504 2354 5572 pronuntiantis
2403 5520 2468 5558 ac
2517 5505 2771 5558 meritum
2803 5513 3246 5574 perscrutemur;
3303 5503 3534 5574 denique

1954 5609 2174 5650 necesse
2212 5602 2294 5649 est
2334 5601 2395 5648 ut
2422 5593 2552 5663 quid
2591 5595 2660 5649 sit
2698 5595 2802 5649 hoc
2829 5594 2972 5664 quod
3015 5593 3386 5664 principaliter
3435 5594 3529 5649 bo—

1955 5703 2084 5742 num
2126 5685 2420 5756 Apostolus
2462 5701 2568 5741 non
2611 5686 2848 5755 potuerit
2888 5681 3154 5754 perficere
3192 5695 3316 5740 cum
3347 5684 3528 5752 vellet,
