3956 6326
471 384 490 436 Ι
507 381 606 436 295

1135 377 1196 431 Β.
1239 377 1488 432 ΒΑΒΑΝΙ
1526 377 1745 432 MAL'Rl
1785 376 2033 430 ARCIllE

2140 375 2444 433 MOGUNT.
2487 375 2768 432 OPERUM
2807 377 2984 434 PARS
3021 379 3107 435 Ill.

3577 384 3718 440 £296

465 486 775 558 diligentius
823 486 1154 555 indagamus.
1204 486 1368 542 Multa
1413 487 1556 542 enim
1602 486 1855 541 novimus
1895 469 2032 540 bona
2061 495 2109 552 Α
2136 486 2263 552 cibi,
2297 485 2460 564 ullam
2502 487 2799 543 indumenti
2837 491 3134 546 aliarumve
3179 491 3481 548 carnalium
3531 510 3716 552 rerum

463 591 587 647 qua:
616 577 830 632 beatum
853 575 1168 646 Apustolum
1193 591 1488 645 omnesque
1515 575 1656 630 illius
1681 575 1866 632 meriti
1892 575 2038 631 viros

459 675 521 724 et
557 666 813 723 habuisse
857 681 956 736 per
997 676 1247 721 naturam
1270 674 1328 722 et
1350 667 1647 736 acquisissc
1678 681 1780 736 per
1808 665 2038 736 gratiam

461 772 662 830 negare
686 773 795 814 non
821 771 1124 826 possumus.
1167 756 1260 812 Est
1287 757 1434 812 enim
1461 758 1602 812 bona
1629 758 1854 811 castitas
1871 795 1886 822 ,
1919 755 2037 809 lau-

461 843 1068 915 dabilis‘continentia,
1100 848 1348 904 miranda
1388 849 1704 920 prudentia,
1743 849 1898 918 larga
1935 849 2036 903 hu-

464 939 728 1005 manitas,
769 939 1160 1011 circumspecta
1202 940 1500 1006 sobrietas,
1542 939 1782 994 modesta
1831 947 2036 1009 tempe-

464 1031 664 1097 rantia,
695 1031 783 1101 pia
814 1029 1207 1097 misericordia,
1238 1039 1424 1086 sancta
1443 1029 1672 1100 justitia,
1703 1046 1830 1100 qua:
1856 1031 2038 1084 omnia

465 1125 518 1178 in
565 1124 808 1194 apostolo
871 1123 1039 1178 Paulo
1078 1122 1301 1193 ejusque
1352 1122 1692 1177 consortibus
1760 1122 1832 1176 ita
1881 1120 2037 1190 plena

464 1225 625 1284 atque
665 1214 904 1284 perfecta
945 1212 1109 1268 fuisse
1148 1228 1254 1268 non
1297 1213 1514 1267 dubium
1555 1219 1640 1267 est
1679 1221 1739 1266 ut
1772 1213 2036 1266 virtutum

463 1304 774 1373 magisterio
799 1303 975 1373 potius
1012 1317 1174 1372 quam
1207 1302 1490 1357 verborum
1522 1303 1590 1357 ab
1618 1302 1697 1358 eis
1727 1300 1919 1371 religio
1947 1301 2038 1356 do-

461 1401 697 1449 ceretur.
742 1393 894 1461 Quod
931 1393 1042 1464 jugi
1091 1392 1452 1448 Ecclesiarum
1500 1407 1631 1447 cura
1680 1406 1744 1446 ac
1786 1391 2038 1462 pervigili

460 1487 818 1556 sollicitudine
855 1501 1067 1556 semper
1107 1485 1282 1540 exusti
1313 1493 1473 1552 sunt,
1502 1492 1763 1554 quantum
1792 1483 1893 1538 hoc
1938 1482 2038 1534 mi-

461 1575 774 1631 sericordias
813 1574 1040 1630 bonum!
1075 1585 1273 1644 quanta
1315 1573 1578 1646 perfectio
1605 1582 1719 1640 est,
1748 1587 1847 1642 pro
1877 1585 2039 1627 scau-

458 1665 821 1722 dalizantibus
851 1666 954 1731 uri,
990 1681 1109 1721 cum
1143 1665 1540 1721 inﬁrmantibus
1568 1664 1861 1718 inﬁrmari!
1897 1664 2035 1718 Cum

457 1769 586 1826 ergo
619 1756 784 1810 tantis
811 1755 1102 1826 Apostolus
1133 1755 1487 1810 abundaverit
1513 1753 1672 1809 bonis
1698 1793 1713 1819 ,
1744 1753 1871 1823 quid
1903 1750 2036 1806 illud

440 1847 527 1926 sit
555 1847 714 1913 boni,
745 1848 900 1918 cujus
939 1847 1274 1917 perfectione
1316 1845 1554 1902 caruerit
1598 1861 1703 1899 non
1735 1844 2034 1915 poterimus

453 1952 777 2008 agnoscere,
811 1937 914 1991 nisi
949 1938 1002 1992 in
1033 1937 1178 1992 illurn
1204 1952 1311 2008 quo
1342 1938 1456 2008 ipse
1487 1936 1699 1992 locutus
1727 1942 1810 1990 est
1850 1933 2030 2004 profe-

454 2029 691 2083 cerimus
731 2027 978 2084 allectum
998 2069 1012 2093 ,
1043 2043 1231 2084 omnes
1275 2029 1457 2100 itaque
1483 2045 1617 2100 quas
1644 2029 1878 2084 diximus
1907 2041 2028 2082 eum

453 2118 707 2174 habuisse
734 2119 980 2184 virtutes,
1012 2119 1258 2190 quamvis
1286 2121 1430 2174 velut
1452 2135 1676 2192 gemmae
1711 2118 2028 2190 splendidis-

454 2207 604 2263 sima:
648 2217 808 2277 atque
855 2210 1113 2279 speciosa?
1153 2209 1294 2275 sint,
1341 2219 1520 2266 tamen
1564 2211 1608 2265 si
1651 2209 1911 2281 praeclaro
1953 2207 2029 2262 illi

453 2306 616 2368 atque
660 2299 929 2368 pnecipuo
977 2303 1303 2372 margarito,
1356 2303 1499 2371 quod
1543 2301 1632 2356 ille
1677 2299 2030 2370 Evangelicus

453 2388 756 2458 negotiator
785 2389 1065 2458 inquirens
1093 2393 1360 2447 universis
1387 2407 1507 2463 qua:
1534 2392 1771 2462 possidet
1799 2391 2031 2446 venditis

456 2492 776 2546 comparare
805 2479 1107 2547 desiderat,
1144 2481 1508 2548 conferantur,
1540 2483 1614 2537 ita
1641 2497 1827 2537 earum
1869 2482 2031 2537 meri-

456 2577 571 2622 tum
603 2568 886 2625 .revilescit
925 2580 1085 2641 atque
1129 2573 1513 2638 contemnitur,
1547 2581 1605 2627 ut
1633 2573 1713 2628 eis
1741 2571 1858 2628 sine
1897 2588 2031 2626 cun-

455 2661 689 2716 ctatione
715 2661 1006 2730 distractis,
1026 2664 1183 2721 unius
1208 2674 1414 2720 tantum
1435 2664 1560 2721 boni
1589 2664 1858 2735 possessio
1883 2663 2031 2719 locu-

453 2750 624 2822 pletet
656 2751 922 2808 bonorum
977 2754 1453 2810 innumerabilium
1491 2755 1846 2810 venditorem.
1887 2753 2029 2821 Quid

453 2851 542 2898 est
568 2857 698 2914 ergo
727 2859 891 2898 unum
919 2845 1062 2916 quod
1091 2845 1195 2901 illis
1223 2847 1388 2901 tantis
1417 2846 1532 2902 sine
1555 2845 1896 2900 cunctatione
1922 2845 2029 2900 dis—

454 2933 640 2990 tinctis
671 2943 887 3007 tamque
940 2938 1240 2993 innumeris
1269 2937 1426 2994 bonis
1453 2947 1562 2991 tam
1595 2935 2029 3007 incomparabili-

453 3032 539 3077 ter
557 3033 921 3095 prmponatur,
937 3033 996 3079 ut
1016 3028 1211 3097 spretis
1227 3027 1557 3098 abjectisque
1571 3026 1834 3088 omnibus,
1855 3025 2028 3080 solum

455 3114 648 3170 debeat
693 3114 1284 3185 possideri?nimirum
1335 3117 1423 3172 illa
1472 3132 1600 3186 pars
1647 3117 1846 3186 optima
1873 3115 2028 3187 cujus

454 3205 906 3276 magniﬁcentiam
929 3220 989 3260 ac
1014 3207 1452 3276 perpetuitatem,
1475 3222 1616 3272 cum,
1642 3207 1828 3261 relicto
1847 3221 2030 3261 susce-

455 3295 656 3365 ptionis
681 3305 840 3366 atque
864 3297 1214 3352 humanitatis
1240 3298 1436 3364 oﬁicio,
1456 3297 1617 3352 Maria
1636 3299 1908 3368 prmelcgit
1924 3300 1972 3364 ;i
2000 3314 2031 3353 a

457 3386 600 3439 enim
625 3387 949 3455 praedicatur
979 3403 1008 3440 a
1041 3387 1269 3441 Domino
1297 3406 1309 3440 :
1345 3408 1363 3438 ε
1396 3381 1626 3452 Martha,
1660 3387 1888 3453 Martha,
1921 3389 2029 3444 scl-

458 3477 604 3531 licita
629 3490 688 3534 es
708 3487 763 3532 et
781 3478 1016 3533 turbaris
1046 3479 1187 3533 circa
1212 3479 1412 3546 multa;
1443 3479 1628 3549 paucis
1646 3495 1774 3534 vero
1793 3495 1925 3548 opus
1949 3488 2032 3534 est

459 3575 551 3620 aut
585 3568 744 3621 etiam
781 3583 888 3623 uno
912 3608 925 3632 ,
961 3567 1128 3622 Maria
1159 3577 1336 3622 autem
1369 3569 1564 3623 bonam
1597 3580 1804 3640 partem
1837 3570 2029 3642 elegit,

458 3674 578 3728 quze
617 3672 722 3711 non
765 3656 1040 3712 auferetur
1067 3659 1134 3713 ab
1164 3673 1226 3712 ea
1259 3657 1428 3730 (Luc.
1461 3674 1529 3712 xx
1551 3699 1566 3723 ,
1593 3659 1657 3712 41
1684 3659 1722 3729 ).
1759 3659 1874 3714 Una
1904 3675 2032 3730 ergo

458 3757 512 3804 et
541 3748 652 3804 sola
681 3757 782 3816 est,
815 3758 874 3804 ut
900 3751 1152 3814 diximus,
1187 3751 1414 3818 theoria,
1438 3752 1489 3806 id
1511 3761 1623 3818 est,
1653 3753 2031 3825 contemplatio

459 3839 552 3894 Dei
583 3841 668 3896 cui
702 3843 896 3897 merito
925 3845 1102 3898 omnia
1127 3843 1575 3912 justiﬁcationum
1600 3861 1797 3917 genera
1824 3846 2032 3900 univer-

459 3947 626 4004 saque
657 3935 916 3989 virtutum
946 3935 1118 3989 studia
1147 3945 1568 4007 postponuntur,
1611 3950 1665 3990 et
1693 3936 1782 3990 illa
1815 3937 2032 4006 quidem

457 4025 642 4079 omnia
665 4066 679 4091 ,
713 4041 832 4096 qua:
862 4029 913 4080 in
944 4027 1186 4096 apostolo
1213 4026 1379 4083 Paulo
1408 4028 1624 4083 fulsisse
1649 4028 1995 4098 praediximus
2016 4069 2031 4094 ,

459 4131 567 4170 non
611 4115 782 4170 solum
821 4117 959 4171 bona
1003 4125 1058 4170 et
1100 4118 1283 4184 utilia,
1324 4132 1514 4173 verum
1553 4119 1715 4173 etiam
1755 4134 1948 4190 magna
1979 4127 2034 4172 et

460 4206 720 4276 przeclara
761 4216 919 4270 sunt,
951 4207 1046 4261 sed
1075 4208 1244 4273 sicut,
1276 4209 1426 4263 verbi
1465 4209 1635 4278 gratia
1659 4249 1673 4273 ,
1703 4208 1882 4263 stanui
1915 4223 2030 4263 me-

463 4295 669 4361 tallum,
693 4296 836 4366 quod
875 4296 1099 4366 alicujus
1131 4297 1379 4353 utilitatis
1415 4306 1470 4352 et
1505 4299 1692 4369 gratia:
1719 4298 2030 4368 putabatur,

462 4389 523 4444 ﬁt
547 4388 751 4458 argenti
775 4388 1224 4457 contemplatione
1246 4390 1588 4454 vilissimum,
1604 4399 1658 4444 et
1681 4405 1898 4444 rursum
1915 4391 2034 4444 auri

461 4477 864 4552 comparatione
885 4477 1092 4547 argenti
1115 4478 1364 4532 meritum
1384 4480 1681 4544 evanescit,
1701 4495 1887 4533 aurum
1903 4495 2030 4548 quo-

463 4591 568 4642 que
605 4573 779 4642 ipsum
801 4582 1134 4643 gemmarum
1174 4569 1624 4645 cntilemplatioue
1651 4571 2031 4629 contemnitur.

463 4674 520 4718 et
540 4665 774 4734 ipsarum
796 4662 1146 4717 nihilominus
1159 4667 1404 4732 quamvis
1431 4664 1720 4735 insignium
1751 4673 2035 4719 multitudo

465 4768 800 4826 gemmarum
839 4753 999 4808 unius
1037 4755 1347 4822 margarita:
1386 4755 1620 4808 vincitur
1649 4753 1926 4818 claritate,
1960 4754 2033 4809 ita

463 4843 556 4899 illa
599 4843 780 4897 omnia
822 4842 1015 4897 merita
1055 4844 1387 4908 sanctitatis,
1432 4844 1675 4912 quamvis
1716 4860 1822 4898 non
1863 4844 2035 4898 solum

463 4937 533 4992 ad
563 4951 801 5008 praesens
831 4936 970 4990 bona
999 4945 1052 4990 et
1077 4935 1224 4990 utilia
1257 4937 1364 4990 sint
1385 4977 1398 5002 ,
1424 4951 1612 4990 verum
1641 4938 1804 4992 etiam
1835 4938 2035 4993 donum

465 5025 783 5081 aeternitatis
806 5024 1134 5094 acquirunt,
1167 5033 1346 5082 tamen
1389 5026 1434 5081 si
1475 5026 1670 5081 divinae
1709 5027 2037 5098 contempla-

468 5118 631 5173 tionis
652 5115 860 5171 meritis
881 5114 1246 5181 conferantur,
1264 5117 1388 5170 vilia
1410 5129 1590 5186 atque,
1606 5126 1666 5171 ut
1688 5119 1762 5172 ita
1785 5118 2037 5184 dixerim,

466 5206 759 5264 vendibilia
786 5206 1166 5260 censebuntur.
1191 5207 1321 5274 Quis
1342 5209 1486 5262 enim
1508 5224 1767 5278 unquam,
1794 5209 2041 5278 quamvis

469 5297 771 5370 praecipuus
799 5296 1039 5350 omnium
1055 5295 1322 5366 justorum
1352 5308 1513 5368 atque
1534 5309 1846 5354 sanctorum
1881 5298 2041 5368 hujus

469 5386 713 5458 corporis
741 5385 970 5440 vinculis
990 5385 1292 5456 colligatus,
1331 5404 1600 5444 summum
1621 5389 1722 5445 hoc
1743 5392 1939 5445 bonum
1963 5392 2039 5447 ita

469 5475 748 5546 possidere
800 5474 1037 5545 potuisse
1084 5476 1384 5532 credendus
1433 5487 1555 5544 est,
1594 5487 1653 5533 ut
1697 5497 1969 5550 nunquam
2010 5498 2041 5536 a

468 5566 650 5620 divina
683 5564 1130 5633 contemplatione
1163 5566 1510 5633 descendens,
1539 5582 1607 5623 ne
1633 5584 1802 5639 parvo
1825 5572 2043 5641 quidem

476 5667 714 5726 tempore
743 5657 811 5710 ab
833 5671 898 5709 eo
923 5656 1014 5725 qui
1045 5656 1187 5710 solus
1220 5657 1393 5712 bonus
1420 5668 1499 5714 est
1518 5701 1531 5725 ,
1567 5661 1797 5716 terrenis
1845 5657 2045 5733 cogita:

479 5749 711 5803 tionibus
769 5755 986 5820 putetur
1032 5748 1334 5804 abslractus
1363 5791 1376 5815 ,
1431 5753 1518 5820 qui
1569 5768 1838 5822 nunquam
1879 5756 2042 5810 ullam

2137 579 2365 650 gesserit
2385 594 2590 645 curam,
2607 587 2701 634 aut
2721 596 2995 650 nunquam
3012 583 3079 637 de
3098 581 3325 637 fratrum
3349 585 3718 654 susceptione,

2138 668 2203 722 de
2227 668 2330 723 loci
2362 670 2803 736 commutatione,
2845 670 2912 726 de
2939 673 3087 727 cella:
3115 676 3485 730 exstructione
3512 676 3720 732 sollici-

2137 765 2246 826 tus,
2275 767 2368 814 aut
2399 775 2558 831 opem
2614 760 2855 832 aliquam
2905 763 3128 818 humani
3175 766 3518 834 concupierit
3567 766 3722 835 adju-

2138 852 2326 917 menti,
2375 859 2468 906 aut
2505 850 2700 921 inopia:
2741 847 3024 907 sterilitate
3057 862 3280 909 vexatus
3318 854 3466 909 illam
3505 867 3726 910 senten-

2137 941 2265 996 tiam
2279 941 2571 997 Dominicaa
2592 942 2980 1012 increpationis
3001 943 3298 998 incurreret
3321 962 3335 996 :
3358 963 3375 994 ι
3397 943 3478 998 Ne
3497 944 3724 999 solliciti

2138 1032 2330 1087 anima:
2354 1041 2547 1088 vestrae
2573 1033 2694 1087 sitis
2719 1032 2848 1102 quid
2877 1032 3232 1097 manducetis,
3265 1048 3443 1104 neque
3497 1036 3724 1104 corpori

2135 1129 2338 1187 vestro,
2359 1121 2484 1192 quid
2508 1121 2834 1187 induamini;
2864 1140 2884 1174 ι
2919 1122 3148 1191 denique
3174 1122 3348 1192 ipsum
3381 1121 3536 1178 illum
3565 1139 3727 1194 apos—

2140 1207 2302 1262 tolum
2333 1208 2576 1271 Paulum,
2601 1209 2691 1278 qui
2713 1210 2953 1264 omnium
2982 1218 3294 1264 sanctorum
3325 1210 3572 1266 laborem
3599 1227 3726 1281 pas-

2135 1299 2356 1354 sionum-
2377 1301 2761 1355 numerositate
2785 1299 3211 1365 transcenderat,
3237 1315 3592 1372 nequaquam
3622 1303 3727 1356 hoc

2136 1388 2357 1460 implere
2385 1390 2626 1459 potuisse
2647 1389 2982 1445 conﬁdenter
3001 1391 3315 1450 astruimus,
3344 1391 3467 1461 ipso
3490 1393 3549 1445 in
3577 1393 3728 1448 Acti-

2135 1479 2236 1535 bus
2278 1480 2641 1550 apostolorum
2678 1481 2955 1552 discipulis
3005 1489 3300 1536 attestante
3340 1497 3406 1537 ac
3461 1483 3686 1537 dicente
3710 1502 3726 1535 :

2141 1589 2160 1620 ¢
2192 1569 2295 1641 Ipsi
2325 1571 2475 1626 scitis
2503 1571 2759 1640 quoniam
2806 1571 2872 1626 ad
2901 1587 2965 1628 ea
3013 1589 3132 1643 qua:
3163 1573 3298 1627 mihi
3348 1588 3491 1643 opus
3540 1586 3726 1639 erant,

2135 1669 2190 1716 et
2217 1661 2302 1715 his
2341 1662 2432 1731 qui
2479 1676 2688 1716 mecum
2721 1671 2869 1729 sunt,
2901 1664 3347 1719 ministraverunt
3373 1679 3582 1719 manus
3609 1666 3728 1720 ista

2138 1750 2275 1822 (Act.
2309 1767 2409 1815 xx,
2440 1749 2566 1822 34);
2607 1771 2625 1803 ι
2660 1752 2742 1805 vel
2787 1767 2909 1806 curn
2956 1753 3545 1809 Thessalonicensibus
3591 1757 3724 1810 scri-

2063 1825 2110 1886 Β
2136 1841 2268 1897 bens
2293 1843 2346 1896 in
2369 1841 2552 1898 labore
2577 1852 2633 1898 et
2655 1842 2990 1914 fatigatione,
3022 1853 3182 1902 nocte
3221 1854 3276 1898 et
3307 1847 3397 1900 die
3436 1858 3723 1917 operatum

2133 1945 2192 1986 se
2237 1931 2402 1987 fuisse
2431 1940 2680 1987 testatur.
2713 1933 2919 1999 Quibus
2946 1933 3073 1988 licet
3115 1949 3312 2005 magna
3344 1936 3532 1989 eidem
3565 1939 3724 1991 meri-

2135 2028 2312 2074 torum
2333 2021 2597 2090 stipendia
2619 2031 2958 2091 pararentur,
2982 2031 3161 2078 tamen
3185 2037 3340 2078 mens
3357 2023 3503 2091 ejus,
3526 2041 3724 2095 quam-

2131 2112 2214 2167 vis
2241 2121 2426 2168 sancta
2456 2122 2618 2182 atque
2652 2113 2918 2178 sublimis,
2964 2130 3070 2169 non
3105 2123 3322 2184 poterat
3370 2130 3488 2168 non
3535 2115 3612 2169 ab
3639 2116 3724 2170 illa

2133 2205 2341 2261 caelesti
2371 2205 2610 2262 theorica
2641 2205 2939 2261 intentione
2974 2206 3177 2260 terreni
3210 2206 3399 2276 operis
3426 2206 3721 2276 aliquando

2130 2296 2332 2354 divelli.
2365 2295 2602 2366 Denique
2633 2311 2756 2350 eum
2793 2310 2851 2350 se
2888 2297 3050 2350 tantis
3076 2311 3139 2350 ac
3160 2295 3364 2351 talibus
3409 2297 3584 2350 ditari
3611 2296 3720 2350 fru-

2129 2389 2308 2444 ctibus
2356 2395 2624 2453 cerneret,
2647 2395 2703 2442 et
2738 2387 3045 2442 econtrario
3073 2386 3299 2441 theoriae
3323 2385 3538 2442 bonum
3563 2389 3725 2442 corde

2129 2486 2402 2550 pensaret,
2432 2493 2494 2532 ac
2517 2476 2662 2547 velut
2707 2476 2763 2532 in
2793 2492 2900 2532 una
2933 2475 3083 2532 lance
3136 2485 3414 2532 tantorum
3474 2477 3724 2574 labora

2127 2570 2451 2642 profectum,
2483 2569 2538 2623 in
2578 2568 2747 2624 altera
2777 2567 3182 2624 delectationem
3227 2567 3433 2623 divina:
3482 2567 3726 2628 conteri-

2129 2661 2389 2734 plationis
2417 2647 2766 2730 appenderet,
2803 2660 2891 2715 diu
2919 2659 3166 2714 examine
3199 2659 3447 2728 pectoris
3475 2661 3566 2715 sui
3589 2677 3724 2731 quo-

2129 2751 2417 2808 dammodo
2455 2753 2720 2820 castigato
2746 2753 2872 2806 dum
2905 2751 3052 2806 illum
3078 2751 3206 2807 hinc
3227 2751 3485 2807 laborum
3523 2754 3726 2823 stipen-

2129 2844 2216 2899 dia
2246 2846 2507 2899 immensa
2544 2842 2846 2908 delectant,
2880 2841 3026 2896 illinc
3052 2840 3381 2895 desiderium
3413 2827 3652 2897 unitatis
3674 2852 3726 2897 et

2128 2935 2506 3006 inseparabilis
2541 2935 2740 2992 Christi
2764 2935 3019 3001 societas,
3046 2934 3212 2989 etiam
3233 2933 3302 2987 ad
3327 2934 3722 2989 resolutionem

2115 3017 2308 3081 ‘carnis
2323 3025 2534 3090 invitat,
2554 3026 2746 3079 anxius
2764 3025 2976 3079 tandem
2990 3024 3285 3094 proclamat
3299 3031 3356 3077 et
3366 3023 3537 3078 dicit:
3559 3045 3578 3076 c
3591 3024 3726 3091 Quid

2131 3116 2325 3187 eligam
2349 3116 2562 3186 ignoro,
2587 3123 2834 3170 coarctor
2857 3122 3038 3183 autem
3061 3130 3127 3168 ex
3143 3113 3372 3176 duobus,
3388 3113 3725 3169 desiderium

2132 3210 2336 3264 habens
2381 3207 2600 3263 dissolvi
2649 3215 2703 3262 et
2757 3223 2879 3262 cum
2934 3206 3149 3262 Christo
3197 3219 3340 3260 esse.
3379 3205 3558 3260 Multo
3585 3208 3724 3261 erum

2130 3299 2325 3355 melius
2355 3339 2369 3363 ,
2418 3312 2736 3367 permanere
2791 3306 2970 3351 autem
3016 3296 3069 3350 in
3120 3311 3286 3350 carne
3350 3299 3726 3352 necessarium

2129 3399 2350 3461 propter
2375 3404 2471 3443 vos
2495 3387 2746 3459 (Philipp.
2766 3387 2928 3459 1,22).
2953 3407 2972 3440 ι
2991 3385 3124 3442 Cum
3146 3386 3310 3456 igitur
3334 3388 3532 3443 multis
3555 3389 3728 3443 mulis

2131 3480 2256 3534 boni
2303 3477 2463 3548 hujus
2490 3476 2868 3531 excellentiam
2889 3517 2903 3541 ,
2945 3477 3152 3531 cunctis
3179 3477 3348 3531 etiam
3379 3478 3726 3546 praedicatio-

2131 3571 2216 3624 nis
2237 3585 2346 3623 suae
2371 3567 2634 3622 fructibus
2677 3567 3019 3636 przetulisset,
3057 3576 3238 3622 tamen
3268 3568 3587 3634 charitatis,
3613 3570 3724 3622 sine

2132 3675 2236 3729 qua
2292 3673 2451 3713 nemo
2511 3657 2796 3712 Dominum
2850 3667 3209 3728 promeretur,
3262 3659 3721 3730 contemplatione

2133 3751 2485 3814 submittitur,
2522 3763 2584 3803 ac
2610 3758 2826 3818 propter
2847 3748 2966 3802 illos
3003 3749 3195 3818 quibus
3237 3749 3419 3803 adhuc
3467 3750 3554 3804 lac
3583 3751 3721 3803 velut

2133 3841 2398 3897 nutricula
2438 3829 2694 3894 uberibus
2725 3837 3096 3910 [evangelicis]
3129 3838 3488 3908 iminulgebat
3507 3879 3522 3900 .
3553 3840 3722 3893 divul-

2134 3934 2340 3990 sionem
2381 3947 2410 3984 a
2441 3931 2658 3986 Christo
2688 3931 2790 3984 sibi
2833 3931 3048 4000 quidem
3085 3931 3326 3992 noxiam,
3373 3932 3474 3984 sed
3513 3933 3720 3985 ceteris

2133 4022 2518 4088 necessariam,
2536 4037 2643 4076 non
2665 4031 2896 4076 recusat.
2921 4019 3254 4092 lmpossibile
3275 4020 3426 4075 enim
3448 4031 3537 4075 est
3560 4023 3720 4076 etia

2134 4118 2301 4172 menti
2327 4131 2446 4186 qua?
2471 4126 2577 4170 tam
2599 4117 2809 4170 crebris
2836 4116 3158 4184 distenditur
3183 4114 3354 4178 curis,
3388 4123 3506 4168 tam
3538 4117 3718 4178 variis,

2134 4215 2243 4262 tam
2263 4207 2509 4262 violentis
2530 4207 2819 4276 angoribus
2830 4207 3174 4276 prmpeditur,
3191 4206 3376 4259 divino
3391 4205 3499 4258 frui
3515 4223 3722 4276 semper

2135 4297 2352 4352 intuitu.
2379 4295 2530 4363 Quod
2551 4297 2694 4350 enim
2723 4305 2828 4349 tam
2845 4297 3089 4366 pertinax
3117 4304 3434 4350 sanctorum
3461 4297 3722 4360 studium,

2135 4391 2278 4462 quod
2305 4399 2412 4445 tam
2453 4389 2677 4444 arduum
2730 4397 2905 4460 potest
2935 4402 3054 4444 esse
3095 4388 3461 4457 propositum,
3493 4390 3583 4444 cui
3619 4407 3724 4444 non

2138 4483 2340 4552 aliquid
2372 4482 2466 4536 ille.
2483 4487 2734 4536 versutus
2777 4479 3058 4554 insidiator
3095 4478 3327 4532 illudat?
3358 4478 3497 4545 Quis
3527 4481 3604 4533 ita
3649 4495 3726 4535 so-

2140 4572 2376 4627 litudinis
2407 4579 2643 4628 sectatus
2665 4578 2748 4626 est
2788 4578 2996 4627 secreta
3055 4570 3553 4641 mirer-serumque
3579 4588 3728 4629 mor-

2138 4669 2329 4722 talium
2360 4667 2630 4722 consortia
2669 4665 2978 4728 declinavit,
3009 4671 3069 4718 ut
3111 4679 3392 4732 nunquam
3433 4667 3728 4734 cogitatio-

2139 4757 2297 4814 nibus
2347 4753 2630 4826 superﬁuis
2679 4753 2987 4816 laberetur,
3041 4761 3096 4806 et
3141 4753 3341 4806 intuitu
3401 4769 3589 4808 rerum
3645 4755 3730 4808 vel

2141 4846 2490 4918 occupatione
2535 4855 2752 4899 actuum
2805 4852 3142 4897 terrenorum
3188 4843 3256 4896 ab
3298 4842 3410 4906 illa,
3444 4860 3572 4914 qum
3605 4861 3730 4899 tere

2140 4944 2250 4999 sola
2271 4951 2326 4997 et
2344 4942 2483 4997 bona
2505 4947 2610 5004 est,
2637 4938 2727 4992 Dei
2754 4935 3202 5004 contemplatione
3244 4935 3574 4990 decederet?
3597 4937 3732 5004 Quis

2141 5042 2350 5090 tantum
2377 5031 2599 5101 spiritus
2627 5043 2861 5097 unquam
2885 5027 3121 5096 potuerit
3161 5026 3398 5080 retinere
3425 5026 3730 5090 fervorem,

2142 5133 2202 5179 ut
2246 5139 2352 5178 non
2415 5119 2685 5176 interdum
2740 5117 2968 5172 lubricis
3027 5116 3449 5187 cogitationibus
3497 5118 3570 5172 ab
3615 5119 3730 5188 ipsa

2143 5231 2353 5286 quoque
2393 5211 2650 5269 orationis
2698 5210 2996 5264 intentione
3053 5206 3345 5262 translatus
3389 5219 3618 5278 repente
3667 5212 3732 5264 de

2145 5306 2453 5362 coelestibus
2491 5304 2559 5357 ad
2589 5311 2805 5356 terrena
2847 5300 3157 5356 corruerct?
3195 5299 3329 5366 Quis
3372 5311 3651 5366 nostrum,
3677 5313 3734 5356 ut

2143 5405 2336 5450 cmtera
2376 5393 2816 5463 pervagationuin
2867 5400 3108 5460 tempora
3155 5392 3595 5459 praetermittam,
3627 5410 3734 5447 non

2143 5487 2233 5542 illo
2263 5486 2426 5540 etiam
2465 5493 2740 5538 momento
2766 5501 2874 5553 quo
2903 5484 3010 5538 Deo
3032 5481 3340 5551 supplicans
3363 5483 3434 5537 ad
3475 5483 3735 5538 sublimia

2144 5577 2302 5648 erigit
2328 5584 2582 5640 mentem,
2614 5575 2846 5643 quodam
2875 5585 3092 5645 stupore
3118 5573 3409 5643 collapsus,
3437 5583 3605 5629 etiam
3639 5590 3740 5644 per

2146 5669 2199 5723 id
2226 5668 2309 5722 vel
2355 5668 2553 5722 invitus
2589 5665 2829 5722 oﬁ‘endat
2881 5683 2977 5736 per
3019 5667 3163 5736 quod
3209 5669 3468 5737 sperabat
3515 5670 3734 5722 veniam

2147 5760 2499 5815 delictorum?
2543 5759 2673 5827 Quis
2702 5774 2936 5829 unquam
2984 5768 3092 5813 tam
3120 5770 3377 5828 expertus
3405 5770 3456 5814 et
3505 5759 3734 5830 vigilans
