3956 6326
289 309 314 365 1
325 305 427 364 297

1523 301 1611 356 DE
1646 299 1995 358 PUBITATE
2033 300 2280 357 CORDIS

3397 303 3536 360 £398

279 425 396 484 est,
452 424 548 481 ut,
603 414 727 471 dum
785 413 1050 484 psalmum
1107 417 1216 472 Deo
1263 417 1452 482 canit,
1502 433 1777 488 nunquam
1821 432 1849 470 a
1879 416 2126 487 Aperati
2161 413 2448 482 fragilitate
2479 413 2678 479 carnis,
2711 415 3018 480 incurrunt,
3066 431 3130 472 ac
3158 417 3385 488 gratiam
3426 418 3534 476 Do.

280 505 573 575 Scriptura!
608 517 766 558 sensu
799 503 915 572 ejus
958 503 1171 559 animus
1196 505 1524 561 abducatur?
1569 505 1700 572 Quis
1748 513 1858 558 tam

279 594 566 650 familiaris
593 595 731 660 Deo,
776 603 993 664 tamque
1018 595 1358 665 conjunctus.
1391 596 1482 664 qui
1509 585 1859 666 apostolicum

280 685 410 742 illud
459 687 768 756 imperium,
798 701 904 755 quo
958 686 1075 740 sine
1125 687 1525 742 intermissione
1569 701 1727 741 orare
1762 699 1859 740 nos

276 777 610 848 praecipitur,
640 775 725 830 vel
751 790 858 830 uno
886 775 973 830 die
1004 791 1063 830 se
1093 776 1325 846 gaudeat
1350 775 1700 831 exsecutum?
1730 774 1860 841 Quae

277 868 410 922 licet
451 864 634 920 omnia
683 865 975 932 nonnullis,
1007 865 1120 934 qui,
1145 871 1271 919 sunt
1315 865 1671 920 crassioribus
1712 862 1858 918 vitiis

276 959 528 1023 involuti,
565 956 700 1012 levia
731 966 893 1026 atque
923 971 953 1012 a
996 964 1220 1026 peccato
1253 971 1390 1026 pene
1435 956 1608 1011 aliena
1639 955 1858 1010 videan-

277 1057 391 1114 tur,
421 1047 716 1103 scientibus
747 1054 926 1100 tamen
959 1044 1306 1116 perfectionis
1342 1047 1546 1102 bonum
1566 1045 1729 1100 etiam
1758 1047 1858 1098 mi-

276 1141 550 1197 nimarum
595 1153 776 1210 rerum
825 1137 1115 1192 multitudo
1168 1137 1486 1208 gravissima
1525 1146 1652 1192 est:
1698 1135 1856 1192 fasti-

277 1231 436 1288 diunt
479 1244 609 1301 ergo
639 1227 812 1284 sancti
859 1229 1112 1284 universa
1141 1242 1207 1284 ex
1251 1228 1444 1299 quibus
1492 1227 1725 1282 mundus
1754 1227 1858 1282 iste

274 1324 541 1388 subsistit,
582 1323 677 1378 sed
699 1321 1032 1392 impossibile
1067 1328 1152 1377 est
1193 1329 1255 1376 ut
1281 1336 1389 1376 non
1413 1319 1481 1375 ad
1505 1327 1570 1376 ea
1596 1319 1679 1375 vel
1705 1319 1856 1375 brevi

275 1414 665 1486 cogitationum
689 1413 966 1483 rapiantur
995 1427 1240 1478 excessu,
1265 1412 1547 1482 nullusque
1576 1412 1855 1467 hominum

275 1505 335 1560 in
363 1505 466 1560 hac
490 1504 622 1570 vita,
647 1511 876 1572 excepto
905 1502 1133 1557 Domino
1161 1501 1440 1558 Salvatore
1461 1509 1664 1568 nostro,
1698 1508 1854 1556 natu-

273 1592 447 1649 ralem
487 1592 925 1664 pervagationem
950 1591 1152 1647 mentis
1177 1591 1253 1646 ita
1301 1591 1530 1648 deﬁxam
1557 1605 1768 1662 semper
1797 1590 1851 1644 in

274 1683 373 1738 Dei
401 1681 855 1752 contemplatione
902 1681 1204 1747 continuit,
1255 1689 1317 1736 ut
1371 1696 1644 1752 nunquam
1693 1680 1762 1735 ab
1785 1695 1850 1736 ea

1964 505 2092 558 mini
2115 504 2317 574 jugiter
2343 503 2697 572 postulantes,
2719 517 2875 558 veras
2892 505 3226 574 pmnitentia’a
3267 507 3536 579 lacrymas

1966 593 2331 647 indesinenter
2358 591 2670 658 effundant,
2707 591 2904 663 quippe
2947 595 3038 664 qui
3081 596 3296 650 videant
3342 597 3533 653 iisdem

1947 681 2095 752 ipsis
2139 697 2196 737 se
2233 697 2331 752 pro
2379 681 2573 751 quibus
2620 683 2875 737 continuo
2930 683 3116 738 dolore
3160 687 3338 740 vexati
3389 694 3532 752 sunt,

1964 773 2124 827 etiam
2155 788 2326 842 usque
2361 773 2429 828 ad
2456 763 2706 828 ultimum
2741 773 2866 827 vitae
2894 772 3054 827 ﬁnem
3082 776 3301 830 testibus
3327 777 3537 834 involu-

1964 871 2067 930 tos,
2103 857 2265 920 etiam
2307 853 2456 935 ipsas.
2500 857 2917 935 supplicationes
2945 881 3071 920 suas
3092 866 3286 922 offerre
3318 883 3376 923 se
3419 869 3536 924 sine

1963 946 2348 1023 cogitationum
2368 953 2641 1008 anxietate
2665 969 2770 1009 non
2796 969 2952 1024 posse
2988 974 2999 1008 :
3033 957 3238 1024 experti
3283 957 3447 1028 igitur
3477 975 3538 1014 se

1962 1039 2212 1098 humanis
2231 1044 2437 1099 viribus
2458 1043 2819 1099 desideratum
2839 1043 3020 1111 ﬁnem,
3043 1045 3336 1102 obsistente
3356 1049 3536 1104 carnis

1963 1133 2192 1198 sarcina,
2219 1134 2486 1206 attingere
2525 1149 2632 1189 non
2655 1133 2870 1201 valere,
2916 1151 3091 1205 neque
3139 1135 3214 1190 illi
3260 1125 3535 1208 praecipuo

1961 1237 2279 1293 summoque
2321 1224 2462 1279 bono
2502 1225 2800 1279 secundum
2845 1225 3025 1280 cordis
3069 1225 3150 1280 sui
3199 1227 3528 1282 desiderium

1959 1318 2117 1386 p'osse
2177 1313 2466 1386 conjungi,
2533 1315 2628 1370 sed
2673 1315 2740 1370 ab
2784 1315 2902 1386 ejus
2952 1315 3145 1370 intuitu
3187 1309 3427 1387 captivos
3465 1320 3535 1374 ad

1960 1405 2229 1460 mundana
2282 1404 2580 1471 transduci,
2635 1405 2703 1459 ad
2750 1407 2980 1476 gratiam
3025 1406 3140 1473 Dei,
3185 1423 3305 1477 quze
3341 1409 3534 1480 impios

1952 1501 2234 1574 justiﬁcat,
2278 1501 2624 1558 convolantes
2667 1516 2792 1556 cum
2836 1501 3092 1572 Apostolo
3138 1511 3530 1572 protestantur,

1959 1593 2049 1664 qui
2070 1593 2146 1648 ait
2168 1611 2181 1647 :
2202 1613 2220 1644 ‹
2252 1591 2442 1647 infelix
2469 1607 2567 1663 ego
2590 1593 2774 1658 homo,
2802 1593 2923 1662 quis
2947 1607 3035 1648 me
3057 1591 3306 1648 liberabit
3328 1593 3394 1648 de
3419 1609 3535 1649 cor-

1957 1701 2088 1758 pore
2112 1685 2301 1740 mortis
2321 1683 2518 1753 hujus?
2551 1683 2733 1739 Gratia
2757 1684 2853 1740 Dei
2874 1697 2970 1755 per
2981 1679 3265 1739 Dominum
3287 1693 3533 1740 nostrum

271 1782 463 1844 raptus
484 1772 768 1828 mundanae
791 1771 1054 1843 cujusque
1083 1771 1162 1826 rei
1192 1771 1546 1828 delectatione
1575 1779 1848 1842 peccaret,

1958 1781 2138 1839 Iesum
2165 1780 2439 1837 Christum
2468 1779 2640 1851 (Rom.
2665 1795 2772 1846 vn,
2803 1780 2916 1850 24).
2953 1799 2970 1832 ι
3017 1777 3269 1834 Sentiunt
3292 1779 3435 1834 enim
3477 1795 3536 1834 se

273 1863 488 1918 dicente
517 1862 798 1932 Scriptura
822 1880 836 1915 :
867 1882 884 1914 ε
912 1861 1102 1917 Sidera
1131 1861 1248 1932 ipsa
1277 1877 1386 1918 non
1419 1871 1548 1916 sunt
1574 1862 1770 1917 munda
1797 1862 1854 1916 in

269 1963 562 2027 conspectu
593 1956 738 2026 ejus;
772 1975 790 2007 ι
817 1964 872 2010 et
894 1956 1089 2012 iterum
1119 1973 1135 2012 :
1169 1976 1186 2008 ι
1210 1955 1266 2011 Si
1294 1956 1349 2010 in
1377 1955 1579 2012 sanctis
1601 1957 1714 2010 suis
1747 1971 1852 2011 non

268 2047 516 2112 conﬁdit,
537 2054 587 2101 et
613 2046 666 2100 in
683 2045 890 2116 angelis
909 2045 1022 2100 suis
1042 2045 1243 2115 reperit
1259 2045 1598 2114 pravitatem,
1613 2063 1632 2096 ι
1659 2044 1774 2099 sive
1795 2053 1855 2098 ut

269 2137 578 2192 emendatio
608 2135 890 2190 translatio
910 2135 1092 2202 habet,
1131 2155 1148 2186 ε
1177 2149 1304 2191 ecce
1334 2135 1477 2190 inter
1498 2143 1715 2190 sanctos
1739 2132 1855 2204 ejus

271 2243 434 2284 nemo
464 2227 836 2294 immutabilis,
865 2236 920 2282 et
953 2227 1078 2282 caeli
1121 2243 1228 2283 non
1262 2236 1388 2283 sunt
1427 2227 1616 2283 mundi
1644 2228 1696 2282 in
1728 2244 1856 2284 con-

272 2325 458 2388 spectu
486 2315 618 2386 ejus.
645 2317 810 2372 Recte
840 2315 1002 2387 igitur
1031 2325 1274 2381 sanctos,
1299 2316 1392 2386 qui
1417 2316 1733 2372 memoriam
1757 2317 1854 2373 Dei

269 2407 540 2462 stabiliter
585 2408 880 2462 retinentes
905 2407 1060 2476 quasi
1090 2395 1200 2477 per.
1229 2415 1480 2463 extensas
1521 2408 1576 2463 in
1627 2409 1854 2465 sublime

271 2494 446 2552 ineas
472 2511 733 2568 suspenso
757 2494 1005 2551 feruntur
1025 2496 1257 2562 incessu,
1287 2497 1684 2565 schoenobatis,
1719 2514 1854 2569 quos

274 2587 434 2658 vulgo
460 2586 802 2642 funambulos
831 2595 1044 2652 vocant,
1078 2587 1306 2642 dixerim
1328 2587 1740 2659 Comparandos,
1763 2591 1854 2660 qui

275 2693 544 2733 summam
585 2695 696 2734 suae
736 2679 930 2734 salutis
973 2695 1038 2734 ac
1065 2679 1188 2734 vitae
1212 2680 1266 2734 in
1299 2681 1680 2752 angustissimo
1713 2681 1854 2737 funi-

276 2769 382 2824 culi
408 2769 550 2825 illius
580 2771 799 2825 tramite
824 2770 1176 2837 collocantes,
1202 2772 1600 2828 atrocissimam
1627 2789 1686 2828 se
1711 2789 1856 2829 mor-

276 2869 384 2916 tem
415 2862 662 2932 protinus
710 2863 996 2918 incursuro
1065 2877 1187 2918 esse
1233 2879 1341 2918 non
1371 2864 1666 2935 ambigunt,
1695 2865 1741 2920 si
1771 2865 1855 2920 vel

276 2953 470 3022 exigua
520 2969 616 3023 pes
667 2969 856 3009 eorum
888 2953 1212 3009 titubatione
1264 2955 1577 3022 deviaverit,
1621 2963 1714 3010 aut
1741 2971 1856 3011 mo-

277 3043 401 3100 dum
433 3044 574 3100 illius
603 3045 860 3100 salutaris
898 3045 1214 3101 directionis
1237 3046 1559 3112 excesserit,
1589 3045 1681 3116 qui
1727 3046 1853 3102 dum

277 3143 392 3190 arte
419 3135 645 3191 miriﬁca
669 3136 847 3191 aerios
892 3151 1112 3207 gressus
1153 3151 1250 3206 per
1276 3136 1438 3192 inane
1467 3136 1777 3202 moliuntur,
1808 3136 1852 3192 si
1881 3112 1926 3176 (ἶ

276 3225 421 3280 illam
448 3227 811 3297 angustiorem
847 3226 1073 3298 vestigio
1101 3228 1347 3282 semitam
1374 3242 1480 3282 non
1513 3235 1666 3282 cauta
1693 3236 1855 3298 atque

274 3315 505 3371 sollicita
534 3318 902 3373 moderatione
953 3319 1318 3385 servaverint,
1349 3327 1492 3374 terra
1523 3335 1642 3390 qnze
1679 3320 1855 3375 omni-

273 3406 376 3462 bus
402 3407 548 3462 velut
569 3408 832 3463 naturalis
853 3417 937 3463 est
956 3409 1104 3464 basis
1150 3417 1204 3464 et
1232 3409 1615 3466 solidissimum
1641 3410 1852 3466 cunctis

271 3513 339 3553 ac
380 3499 707 3553 tutissimum
753 3499 1152 3554 ﬁrmamentum
1179 3541 1194 3567 ,
1245 3501 1306 3556 ﬁt
1351 3502 1457 3558 illis
1504 3518 1745 3572 prmsens
1788 3518 1852 3558 ac

275 3587 564 3643 manifesta
590 3589 875 3658 pernicies,
904 3604 1010 3643 non
1039 3591 1164 3658 quia
1191 3591 1333 3646 illius
1359 3600 1596 3646 mutetur
1619 3601 1813 3646 natura
1832 3632 1848 3659 ,

277 3678 373 3733 sed
399 3677 526 3747 quia
552 3677 624 3731 illi
649 3678 716 3732 ad
755 3692 877 3732 eam
919 3679 1184 3749 praecipiti
1228 3680 1409 3735 carnis
1435 3681 1672 3750 pondere
1716 3682 1852 3736 dila-

275 3769 504 3825 buntur.
542 3769 622 3823 ita
652 3769 817 3824 etiam
847 3769 1118 3823 indefessa
1167 3769 1257 3824 illa
1294 3770 1389 3825 Dei
1415 3771 1628 3825 bonitas
1657 3770 1852 3826 immu-

277 3861 562 3932 tabilisque
583 3862 882 3918 substantia
904 3862 1020 3932 ipsa
1043 3863 1260 3933 quidem
1280 3865 1550 3919 neminem
1574 3864 1737 3931 laedit,
1759 3865 1856 3920 sed

276 3968 376 4008 nos
417 3952 734 4008 declinando
767 3968 798 4007 a
834 3968 1046 4009 summo
1099 3962 1263 4024 atque
1308 3956 1376 4010 ad
1427 3955 1532 4010 ima
1587 3956 1855 4011 tendendo

275 4042 431 4098 nobis
450 4043 581 4113 ipsis
605 4042 990 4098 consciscimus
1012 4051 1258 4109 mortem,
1289 4045 1398 4099 imo
1424 4045 1539 4114 ipsa
1570 4043 1855 4100 declinatio

275 4151 423 4192 mors
465 4135 694 4192 eilicitur
743 4135 1058 4192 declinanti.
1104 4155 1123 4188 ι
1169 4138 1262 4194 Vae
1307 4138 1474 4203 enim,
1505 4137 1701 4208 inquit,
1751 4137 1850 4203 eis,

275 4225 532 4297 quoniam
577 4233 920 4282 recesserunt
966 4241 995 4280 a
1031 4241 1116 4280 me
1144 4241 1158 4280 :
1187 4227 1560 4294 vastabuntur,
1599 4227 1853 4298 quoniam

271 4317 613 4389 pmvaricati
641 4325 768 4370 sunt
808 4317 863 4370 in
892 4332 980 4372 me
1014 4315 1158 4389 (Ose.
1198 4333 1293 4383 vu,
1330 4318 1440 4390 13).
1473 4337 1492 4370 ι
1524 4317 1589 4372 Ει
1611 4319 1806 4374 iterum
1837 4335 1850 4373 :

280 4428 300 4462 ε
334 4409 428 4465 Vm
471 4410 549 4465 eis
580 4425 702 4465 cum
734 4424 1008 4466 recessero
1033 4411 1102 4466 ab
1127 4411 1206 4468 eis
1251 4430 1265 4467 :
1298 4420 1488 4484 arguet
1534 4427 1767 4483 namque
1800 4423 1852 4470 te

275 4499 480 4562 malitia
533 4509 620 4554 tua
677 4507 732 4555 et
772 4501 985 4556 aversio
1027 4511 1114 4557 tua
1169 4503 1470 4573 increpabit
1511 4512 1580 4558 te.
1613 4503 1761 4559 Scito
1799 4513 1855 4559 et

274 4587 418 4655 vide,
449 4590 571 4658 quia
603 4589 802 4644 malum
832 4598 887 4644 et
937 4606 1182 4646 amarum
1222 4602 1307 4647 est
1360 4591 1640 4663 reliquisse
1669 4603 1722 4648 te
1756 4594 1856 4650 Do-

274 4679 482 4733 minum
509 4679 680 4733 Deum
707 4687 857 4733 tuum
879 4678 1024 4758 (Ose.
1051 4696 1128 4746 ιι,
1157 4681 1266 4752 12).
1304 4701 1323 4734 ›
1351 4681 1485 4736 Cum
1505 4697 1634 4752 ergo
1660 4692 1857 4738 semet-

275 4769 424 4840 ipsos
466 4769 706 4840 quotidie
753 4769 990 4825 sentiant
1035 4771 1207 4826 sancti
1247 4779 1476 4826 terrena:
1513 4773 1857 4841 cogitationis

270 4859 514 4934 pondere
536 4867 919 4931 praegravatos,
965 4862 1032 4916 ab
1059 4861 1146 4916 illa
1182 4863 1376 4917 mentis
1410 4862 1740 4918 sublimitate
1766 4864 1858 4919 de-

270 4948 466 5004 cedere
490 4956 545 5004 et
569 4949 784 5016 invitos,
804 4949 912 5006 imo
935 4966 1064 5006 vero
1089 4952 1252 5006 etiam
1275 4954 1577 5008 nescientes
1604 4955 1656 5009 in
1681 4954 1854 5026 legem

269 5038 481 5112 peccati
509 5041 802 5112 mortisque
825 5041 1116 5106 transduci,
1143 5051 1326 5111 atque,
1343 5052 1400 5097 ut
1422 5052 1612 5099 caetera
1637 5054 1859 5115 prieter-

274 5131 628 5198 mittam,illis
653 5132 843 5187 saltem
869 5146 988 5202 qua:
1011 5132 1257 5203 superius
1283 5134 1685 5204 comprehendi,
1704 5136 1859 5191 bonis

272 5225 492 5293 quidem
533 5239 597 5279 ac
634 5223 830 5292 justis,
877 5224 970 5278 sed
1021 5232 1197 5279 tamen
1240 5227 1468 5281 terrenis
1506 5242 1536 5282 a
1565 5235 1858 5300 conspectu

273 5314 370 5369 Dei
397 5314 653 5384 operibus
697 5313 962 5380 revocari,
1007 5313 1207 5369 habent
1244 5315 1486 5386 profecto
1525 5333 1624 5390 pro
1665 5317 1859 5389 quibus

269 5405 343 5460 ad
368 5403 649 5458 Dominum
671 5401 872 5474 jugiter
900 5403 1275 5474 ingemiscant,
1307 5406 1506 5460 habent
1529 5422 1627 5478 pro
1665 5407 1861 5476 quibus

270 5493 330 5551 in
371 5494 600 5549 veritate
656 5492 921 5548 humiliati
971 5503 1131 5564 atque
1163 5495 1473 5564 compuncti
1523 5511 1630 5550 non
1675 5496 1858 5551 verbis

273 5588 647 5646 tantummodo
673 5587 767 5643 sed
790 5585 984 5642 affectu
1019 5590 1337 5659 semetipsos
1360 5589 1714 5659 pronuntient
1735 5603 1860 5660 pec-

273 5690 490 5736 catorcs
545 5690 599 5735 et
641 5681 850 5736 veniam
876 5695 973 5752 pro
1017 5683 1266 5738 onmibus
1295 5697 1413 5753 qua:
1456 5681 1728 5752 quotidie,
1771 5697 1861 5737 su-

1954 1872 2157 1928 bonum
2193 1869 2337 1926 istud
2380 1861 2522 1940 quad
2552 1869 2739 1924 volunt
2782 1885 2886 1924 non
2924 1883 3081 1939 posse
3116 1868 3356 1939 perfecte
3380 1869 3538 1938 perﬁ-

1956 1977 2102 2028 cere,
2128 1961 2222 2016 sed
2251 1961 2306 2016 in
2329 1960 2462 2016 illud
2485 1959 2629 2030 quod
2657 1953 2865 2025 nolunt,
2895 1960 3144 2030 quodque
3169 1959 3400 2015 oderunt
3420 1974 3536 2013 ma-

1955 2051 2088 2118 lum,
2115 2051 2168 2106 id
2197 2059 2298 2114 est,
2331 2048 2716 2121 cogitationum
2744 2055 2927 2104 motus
2965 2055 3020 2103 et
3046 2063 3232 2103 curam
3272 2061 3528 2117 corpora-

1954 2141 2083 2196 lium
2113 2154 2294 2196 rerum
2320 2154 2536 2210 semper
2560 2139 2817 2194 incidere.
2848 2138 2917 2193 Et
2949 2136 3392 2194 condelectantur
3415 2135 3534 2206 qui-

1955 2233 2077 2288 dem
2121 2231 2226 2301 legi
2281 2229 2400 2296 Dei,
2438 2229 2732 2285 secundum
2763 2228 3078 2284 interiorem
3121 2227 3394 2282 hominem
3437 2226 3533 2296 qui

1953 2323 2187 2380 visibilia
2223 2329 2414 2378 cuncta
2446 2321 2833 2376 transcendens
2867 2326 3093 2374 conatur
3120 2317 3230 2373 Deo
3265 2315 3363 2372 soli
3391 2330 3536 2372 sem-

1953 2430 2049 2486 per
2069 2413 2232 2481 uniri,
2249 2414 2343 2469 sed
2363 2411 2546 2468 vident
2565 2429 2583 2462 ε
2612 2411 2770 2466 aliam
2795 2409 2966 2482 legem
2989 2409 3043 2464 in
3067 2408 3326 2463 membris
3351 2406 3485 2472 suis,
3508 2425 3527 2457 ι

1954 2509 2010 2564 id
2056 2516 2170 2574 est,
2217 2507 2273 2562 in
2318 2513 2512 2562 natura
2557 2505 2810 2559 humanae
2857 2501 3182 2558 conditionis
3231 2500 3488 2555 insertam
3517 2537 3532 2563 ,

1955 2616 2076 2672 quae
2100 2619 2119 2652 ε
2147 2607 2408 2670 repugnat
2426 2597 2531 2670 legi
2553 2596 2748 2651 mentis
2767 2615 2786 2648 ι
2812 2609 3023 2660 eorum,
3045 2594 3388 2663 etcaptivum
3414 2605 3538 2662 per-

1955 2691 2124 2746 trahit
2150 2705 2366 2745 sensum
2386 2685 2624 2743 violenta
2647 2686 2762 2758 lege
2789 2685 3021 2755 peccati,
3036 2682 3363 2753 compellens
3385 2680 3536 2736 scili-

1954 2792 2042 2840 cet
2065 2797 2209 2848 enm,
2251 2781 2440 2836 relicto
2469 2779 2560 2834 illo
2583 2777 2866 2850 principali
2894 2778 3057 2842 bono,
3086 2785 3301 2831 terrena
3327 2772 3536 2843 cogita-

1957 2875 2104 2930 tione
2129 2871 2392 2937 submitti,
2420 2885 2540 2940 qua:
2573 2868 2822 2940 quamvis
2849 2866 3157 2922 necessaria
3199 2871 3360 2933 atque
3389 2860 3538 2916 utilis

1955 2964 2206 3019 videatur
2235 2975 2360 3017 cum
2397 2958 2743 3030 dispensione
2787 2957 3087 3029 cujuSpiam
3135 2955 3400 3025 religiosae
3445 2969 3540 3007 ne-

1955 3053 2226 3111 cessitatis
2278 3051 2642 3121 impenditur,
2707 3047 3112 3120 comparatione
3164 3054 3343 3101 tamen
3393 3043 3538 3098 illius

1957 3144 2081 3202 boni
2096 3143 2235 3214 quod
2248 3151 2556 3198 sanctorum
2579 3139 2819 3195 omnium
2840 3137 3076 3194 oblectat
3096 3137 3372 3200 intuitum,
3396 3132 3538 3188 mala

1956 3238 2143 3308 utique
2171 3237 2241 3291 ab
2266 3235 2345 3292 eis
2381 3249 2445 3290 ac
2487 3232 2740 3304 fugienda
2769 3230 3099 3296 decernitur,
3141 3228 3233 3299 qui
3271 3242 3366 3298 per
3417 3241 3538 3281 eam

1956 3343 2174 3401 quoquo
2201 3327 2361 3384 modo
2390 3325 2473 3382 vel
2498 3326 2566 3381 ad
2605 3325 2876 3381 modicum
2903 3333 3114 3395 tempus
3143 3323 3210 3380 ab
3251 3321 3392 3377 illius
3415 3335 3539 3391 per-

1954 3418 2109 3476 fectae
2145 3417 2494 3474 beatitudinis
2515 3417 2711 3488 gaudio
2736 3416 3104 3472 retrahuntur.

2029 3511 2259 3583 (Moyses
2280 3511 2333 3565 in
2358 3507 2552 3564 Collal.
2588 3507 2852 3575 Cassiod.,
2881 3507 3004 3562 coll.
3033 3525 3086 3574 ι,
3115 3525 3231 3579 cap.
3251 3506 3366 3580 15.)
3389 3505 3534 3562 Cun-

1951 3588 2235 3672 Vtemplatio
2262 3616 2392 3656 vero
2415 3600 2509 3654 Dei
2551 3599 2848 3656 multifarie
2885 3601 3208 3670 concipitur.
3236 3598 3369 3654 Nam
3395 3597 3538 3653 Deus

1954 3710 2064 3750 non
2107 3693 2217 3750 sola
2265 3693 2826 3763 incomprehensibilis
2863 3694 3008 3748 illius
3061 3693 3378 3748 substantia:
3427 3707 3538 3747 suae

1957 3786 2312 3842 admiratione
2360 3785 2726 3854 cognoscitur,
2752 3786 2894 3856 quod
2919 3794 3098 3841 tamen
3145 3785 3325 3840 adhuc
3358 3785 3412 3839 in
3441 3799 3555 3856 spe,

1955 3877 2330 3950 promissionis
2349 3875 2722 3931 absconditum
2739 3884 2824 3932 est
2840 3893 2854 3942 ;
2873 3876 2965 3932 sed
2985 3876 3150 3931 etiam
3166 3883 3537 3932 creaturarum

1959 3983 2180 4026 suarum
2243 3965 2643 4036 magnitudine,
2704 3966 2790 4021 vel
2837 3965 3108 4036 aequitatis
3149 3981 3260 4020 suae
3299 3963 3542 4020 conside-

1959 4058 2190 4122 ratione,
2219 4055 2304 4111 vel
2343 4055 2670 4126 quotidiana:
2709 4055 3130 4128 dispensationis
3167 4056 3368 4111 auxilio
3410 4068 3536 4126 per—

1958 4149 2200 4212 videtur;
2242 4145 2457 4230 quando
2482 4145 2690 4201 scilicet
2715 4162 2836 4216 qua:
2866 4162 2990 4203 cum
3044 4147 3243 4202 sanctis
3290 4146 3404 4202 suis
3445 4159 3544 4216 per

1959 4237 2197 4310 singulas
2221 4235 2598 4308 generationes
2641 4238 2831 4308 egerit,
2865 4246 3045 4293 mente
3081 4237 3372 4308 purissima
3421 4251 3539 4307 per-

1957 4327 2272 4391 lustramus,
2297 4339 2420 4381 cum
2443 4326 2737 4394 potentiam
2769 4326 2970 4395 ipsius,
2997 4343 3108 4397 qua
3156 4326 3408 4381 universa
3449 4339 3540 4396 gu-

1961 4418 2190 4481 bernat,
2237 4416 2553 4472 moderatur
2593 4431 2658 4471 ac
2712 4417 2888 4488 regit,
2938 4433 3062 4473 cum
3119 4416 3541 4472 immensitatem

1960 4506 2201 4561 scientiae
2247 4503 2384 4574 ejus,
2429 4513 2486 4559 et
2527 4503 2744 4562 oculum
2770 4546 2786 4572 ,
2837 4521 3000 4575 quem
3040 4513 3250 4561 secreta
3296 4504 3539 4560 cordium

1956 4597 2128 4652 latere
2170 4612 2277 4653 non
2301 4605 2549 4668 possunt,
2584 4604 2851 4653 tremente
2889 4597 3054 4652 corde
3081 4598 3372 4661 miramur;
3421 4611 3542 4651 cum

1959 4703 2180 4743 arenam
2210 4687 2377 4742 maris
2429 4687 2803 4756 undarumque
2829 4703 3114 4742 numerum
3159 4687 3463 4746 dimensum
3491 4685 3541 4740 ei

1960 4787 2016 4834 et
2051 4779 2326 4848 cognitum
2365 4778 2546 4848 pavidi
2587 4777 2918 4849 cogitamus;
2948 4794 3069 4833 cum
3093 4779 3397 4848 pluviarum
3425 4787 3544 4850 gut-

1961 4877 2066 4935 tas,
2086 4883 2208 4923 cum
2239 4868 2556 4924 saeculorum
2575 4868 2690 4924 dies
2720 4876 2775 4924 et
2801 4869 2988 4931 horas,
3014 4884 3135 4926 cum
3159 4868 3433 4938 prmterita
3462 4866 3545 4922 fu-

1941 4969 2150 5016 iturave
2188 4960 2441 5016 universa
2487 4961 2953 5029 obstupescentes,
2999 4960 3239 5015 scientiae
3291 4959 3408 5029 ejus
3457 4973 3541 5013 as-

1957 5053 2150 5106 sistere
2176 5051 2604 5121 contemplamur
2639 5069 2650 5106 τ
2679 5067 2801 5111 cum
2829 5050 3151 5112 ineffabilem
3203 5049 3545 5106 clementiam

1958 5145 2076 5214 ejus
2105 5143 2512 5199 consideramus
2554 5159 2659 5214 qua
2699 5143 2978 5201 innumera
3019 5143 3249 5215 ﬂagitia,
3278 5158 3398 5214 quae
3441 5157 3549 5196 sm-

1961 5234 2098 5307 gulis
2147 5234 2450 5306 quibusque
2483 5235 2771 5293 momentis
2819 5235 2918 5291 sub
2955 5234 3101 5289 illius
3134 5233 3548 5291 committuntur

1962 5333 2209 5395 aspectu,
2239 5324 2506 5379 indefessa
2531 5324 2941 5396 longanimitate
2967 5333 3265 5391 sustentat;
3313 5337 3434 5378 cum
3463 5321 3544 5377 in-

1963 5422 2176 5468 tuemur
2224 5414 2563 5469 vocationem
2614 5429 2717 5484 qua
2764 5429 2883 5480 nos,
2913 5414 3072 5470 nullis
3123 5410 3548 5468 praecedentibus

1962 5503 2193 5568 meritis,
2234 5504 2404 5574 gratia
2445 5519 2557 5558 suae
2611 5505 2978 5560 miserationis
3007 5502 3228 5565 ascivit;
3284 5515 3405 5555 cum
3453 5501 3548 5556 dc-

1965 5595 2126 5664 nique
2155 5605 2285 5664 quot
2306 5597 2622 5651 occasiones
2649 5597 2840 5652 salutis
2865 5596 3056 5651 tribuit
3077 5593 3398 5664 adoptandis
3421 5608 3545 5648 cum

1963 5687 2194 5757 quodam
2236 5687 2609 5758 admirationis
2649 5689 2922 5744 intuemur
2957 5701 3180 5741 excessu
3215 5699 3229 5739 :
3287 5683 3430 5755 quod
3471 5684 3545 5739 ita
