3956 6326
451 328 588 420 Ιέῖθθ
737 367 746 371 ’
1083 363 1144 416 Β.
1185 362 1438 418 RABANI
1474 364 1691 421 MAURI
1727 364 2043 421 ARCHIEP.
2085 362 2390 421 MOGUNT.
2433 363 2725 421 OPERUM.
2753 363 2932 419 PARS
2969 363 3055 419 lli.
3569 368 3710 425 {500

433 483 542 528 'nos
565 474 712 529 nasci
742 473 1018 544 prmcepit,
1042 483 1100 527 ut
1119 473 1187 528 ab
1208 474 1340 545 ipsis
1359 477 1639 532 cunabulis
1658 478 1832 550 gratia
1863 477 2019 534 nobis
2045 479 2092 538 A
2120 477 2384 546 propitius
2411 477 2554 534 Deus
2577 477 2668 532 dat
2710 477 3015 547 petentibus
3042 493 3121 542 se,
3168 478 3258 533 hic
3290 488 3377 536 est
3418 479 3710 537 thesaurus

443 563 687 634 legisque
731 579 841 618 sua:
870 563 1063 618 notitia
1092 565 1417 632 traderetur,
1447 568 1591 636 quod
1621 568 1734 638 ipse
1763 569 2020 624 adversa-

2121 577 2329 634 noster,
2350 569 2438 624 hic
2458 577 2542 624 est
2572 569 2655 622 via
2699 575 2904 634 nostra,
2934 568 3023 624 hic
3057 577 3141 624 est
3182 569 3450 639 sapientia
3496 581 3714 640 nostra,

443 652 586 708 rium
613 653 840 709 vincens
867 654 923 708 in
973 653 1129 709 nobis
1152 669 1251 724 pro
1295 655 1409 711 solo
1434 655 1590 710 bonae
1613 657 1905 714 voluntatis
1934 675 2021 714 as-
2116 657 2324 728 justitia
2356 662 2560 724 nostra,
2601 667 2787 729 pastor
2825 667 3027 722 noster,
3065 667 3332 729 etpastor
3371 662 3578 726 bonus,
3627 664 3716 718 hic

442 761 608 803 sensu
645 756 849 801 aeterna
874 747 1210 802 beatitudine
1234 753 1313 803 'ac
1352 749 1628 820 perpetuis
1655 764 1753 804 nos
1783 751 2022 820 praemiis

442 847 795 903 muneratur;
823 853 947 893 cum
980 847 1256 908 postremo
1281 838 1732 910 dispensationem
1777 841 2021 898 incarna-

444 931 608 984 tionis
653 945 763 984 suae
788 945 890 998 pro
933 939 1118 984 nostra
1147 931 1323 986 salute
1354 933 1616 1002 suscepit,
1659 948 1724 988 ac
1751 934 2021 990 mirabilia

443 1019 824 1091 mysteriorum
873 1035 1095 1075 suorum
1124 1021 1178 1074 in
1215 1021 1428 1077 cunctis
1455 1023 1704 1093 gentibus
1751 1023 2017 1081 dilatavit.

387 1119 390 1122 '
445 1108 584 1164 Sunt
619 1118 798 1164 autem
827 1110 946 1166 alite
976 1125 1190 1181 quoque
1226 1112 1536 1181 hujusmodi
1573 1114 1870 1171 innumera:
1892 1132 2022 1172 con-

445 1201 836 1269 templationes,
886 1217 1006 1272 quae
1051 1217 1150 1271 pro
1199 1201 1461 1272 qualitate
1499 1203 1626 1260 vita:
1672 1221 1738 1260 ac
1784 1207 2022 1274 puritate

443 1292 624 1346 cordis
662 1293 714 1347 in
741 1296 944 1351 nostris
970 1296 1219 1352 sensibus
1249 1297 1518 1363 oriuntur,
1546 1297 1742 1369 quibus
1769 1299 1911 1355 Deus
1937 1301 2022 1356 vel

444 1381 659 1437 videtur
684 1386 897 1440 mundis
922 1387 1216 1452 obtutibus,
1238 1386 1324 1443 vel
1346 1396 1577 1442 tenetur.
1611 1389 1757 1456 Quas
1776 1389 2022 1460 profecto

443 1473 621 1530 nullus
673 1486 935 1547 perpetuo
981 1479 1274 1534 retentabit
1319 1479 1373 1534 in
1428 1495 1534 1550 quo
1577 1482 1754 1536 adhuc
1819 1481 2020 1552 aliquid

440 1564 738 1620 carnalium
784 1567 916 1622 vivit
959 1566 1248 1622 affectuum
1268 1608 1282 1634 ,
1314 1569 1440 1638 quia
1472 1587 1490 1620 ι
1524 1584 1632 1624 non
1661 1570 1896 1639 poteris,
1944 1571 2022 1626 ait

440 1655 724 1725 Dominus,
765 1659 949 1714 videre
1001 1659 1196 1714 faciem
1234 1674 1455 1714 meam:
1491 1675 1598 1714 non
1641 1662 1785 1715 enim
1816 1663 2020 1718 videbit

439 1761 527 1804 me
566 1747 732 1804 homo
773 1757 828 1805 et
863 1750 1004 1805 vivet
1050 1749 1265 1822 (Exod.
1316 1767 1523 1818 χχχιιι,
1567 1751 1714 1824 20),
1759 1771 1779 1805 ι
1813 1753 2020 1811 scilicet

438 1843 640 1898 mundo
665 1844 795 1899 huic
823 1843 1217 1915 alfectibusque
1246 1846 1497 1900 terrenis.

508 1933 685 1988 liabet
734 1949 867 2004 ergo
905 1935 1082 1990 cibum
1115 1950 1271 1989 suum
1299 1943 1355 1990 et
1377 1936 1634 1992 amictum
1665 1939 1870 2008 anima,
1897 1937 2018 2011 qua:

434 2023 527 2080 illo
557 2040 770 2080 summo
812 2025 953 2080 bono
981 2026 1241 2093 adhaeret,
1280 2027 1425 2097 quod
1451 2036 1536 2084 est
1570 2029 1813 2086 divinum
1833 2073 1850 2098 ,
1873 2033 2016 2102 quod

435 2118 714 2189 apostolus
765 2117 959 2173 Petrus
999 2117 1194 2174 suadet
1245 2120 1638 2190 quaerendum,
1680 2130 1743 2176 ut
1777 2137 1876 2194 per
1899 2121 2016 2190 ejus

435 2207 763 2280 cognitionis
807 2209 1257 2280 acquisitionem,
1288 2210 1486 2266 divina:
1532 2212 1702 2268 simus
1737 2221 2016 2270 consortes
2074 2274 2078 2276 ,

433 2308 661 2355 naturae.
689 2299 858 2368 Hujus
887 2301 1250 2371 cognitionem
1279 2303 1456 2372 aperit
1487 2303 1695 2360 sanctis
1719 2304 1834 2360 suis
1874 2305 2016 2362 Deus

433 2392 628 2456 bonus,
673 2401 730 2446 et
773 2392 940 2446 donat
975 2393 1045 2460 de
1073 2395 1326 2448 theswro
1356 2410 1456 2450 suo
1480 2393 1649 2461 bono,
1681 2396 1823 2451 sicut
1866 2397 2016 2452 testi-

432 2478 628 2534 ﬁcatur
656 2478 744 2533 lex
767 2494 922 2534 sacra
945 2481 1163 2546 dicens,
1201 2501 1219 2532 ι
1251 2483 1377 2552 quia
1407 2481 1610 2551 juravit
1635 2485 1893 2543 Dominus
1921 2503 2016 2558 pa-

433 2571 609 2626 trihus
630 2571 748 2641 ejus
778 2573 908 2626 dare
942 2573 1035 2628 tibi
1060 2582 1114 2628 et
1143 2574 1358 2644 aperire
1389 2577 1704 2632 thesaurum
1729 2594 1886 2634 suum
1920 2581 2014 2638 bo-

430 2680 580 2730 num,
605 2664 790 2734 dequo
814 2665 1068 2720 thesauro
1093 2666 1298 2721 caelesti
1323 2667 1416 2722 dat
1436 2667 1674 2738 pluviam
1700 2679 1858 2725 terra:
1877 2686 2007 2738 sme,

429 2753 750 2810 benedicere
799 2756 981 2811 omnia
1035 2772 1200 2826 opera
1247 2773 1502 2814 manuum
1550 2775 1768 2816 suarum
1819 2761 2008 2833 (Deut.

432 2845 610 2918 xvm).
668 2865 687 2897 ›
719 2845 845 2902 Haec
881 2856 964 2902 est
991 2847 1172 2917 pluvia
1209 2849 1484 2920 eloquium
1533 2851 1664 2922 legis
1707 2853 1851 2923 quod
1881 2854 2014 2910 irro-

430 2947 517 2992 rat
566 2938 802 2992 animam
843 2939 991 2993 illam
1041 2938 1329 2996 fecundam
1378 2951 1432 2998 et
1469 2942 1702 2999 fertilem
1745 2946 2013 3002 honorum

427 3043 674 3100 operum,
698 3037 755 3084 ut
779 3031 977 3085 habeat
1003 3031 1286 3087 humorem
1313 3035 1497 3103 gratiae
1531 3053 1544 3088 :
1573 3035 1736 3105 hujus
1761 3038 1888 3093 boni
1914 3053 2008 3094 co-

429 3121 723 3192 gnitionem
759 3123 1036 3192 qumrebat
1079 3124 1264 3190 David,
1296 3125 1436 3180 sicut
1471 3125 1586 3196 ipse
1625 3129 1892 3199 signiﬁcat
1929 3130 2012 3185 di-

2122 757 2206 804 est
2249 750 2362 805 vita
2407 759 2614 814 nostra,
2658 749 2810 804 vides
2848 757 3050 818 quanta
3105 749 3268 815 bona,
3301 751 3354 804 in
3405 766 3523 806 uno
3551 752 3716 819 bono,

2123 840 2240 895 haec
2264 839 2402 894 bona
2443 840 2599 894 nobis
2648 839 2942 908 przcdieant
2973 838 3350 907 evangelista,
3403 839 3528 894 haec
3577 841 3720 895 bona

2123 929 2405 999 requirens
2453 926 2624 984 David
2667 928 2783 982 ait:
2834 947 2854 979 ι
2895 927 3028 994 Quis
3073 929 3310 983 ostendit
3362 930 3532 984 nobis
3577 931 3722 984 bona

2125 1017 2295 1091 (Psal.
2325 1036 2403 1086 ιν,
2451 1019 2545 1090 6)?
2587 1037 2606 1070 ι
2642 1029 2696 1074 et
2724 1019 2961 1073 ostendit
3000 1018 3174 1087 ipsum
3215 1033 3338 1074 esse
3367 1020 3514 1074 bona
3546 1019 3724 1088 sul-ii-

2124 1110 2313 1166 ciens:
2343 1128 2364 1162 ο
2401 1109 2683 1181 Signatum
2719 1117 2803 1164 est
2840 1109 2894 1164 in
2937 1109 3096 1165 nobis
3121 1110 3304 1166 lumen
3339 1111 3532 1167 vultus
3562 1113 3660 1174 tui,
3699 1134 3720 1164 ι

2123 1201 2246 1270 quis
2282 1208 2461 1258 autem
2501 1200 2680 1254 lumen
2719 1199 2902 1254 vultus
2937 1199 3134 1266 Patris,
3183 1202 3286 1256 nisi
3312 1201 3582 1272 splendor
3610 1203 3723 1274 glo-

2123 1291 2239 1358 rize,
2267 1300 2322 1346 et
2349 1291 2528 1362 imago
2557 1290 2845 1346 invisibilis
2887 1290 3025 1345 Dei?
3070 1291 3124 1345 in
3176 1307 3286 1362 quo
3313 1301 3368 1346 et
3399 1293 3631 1348 videtur
3670 1304 3726 1349 et

2123 1381 2452 1438 clarificatur
2474 1382 2654 1446 Pater,
2681 1382 2822 1437 sicut
2857 1381 2972 1450 ipse
3002 1381 3270 1439 clarificat
3306 1376 3722 1440 Filiumisuum.

2125 1471 2240 1543 Ipse
2269 1480 2352 1528 est
2387 1487 2517 1542 ergo
2543 1471 2802 1528 Dominus
2837 1471 2998 1528 Jesus
3021 1473 3222 1528 bonum
3247 1489 3533 1529 mimum
3579 1478 3723 1546 quod

2125 1563 2281 1618 nobis
2317 1561 2692 1618 annuntiatum
2733 1578 2764 1617 a
2803 1563 3100 1633 prophetis,
3132 1565 3493 1634 praedicatum
3519 1568 3594 1622 ab
3623 1584 3722 1622 ιιι-

2124 1655 2289 1726 gelis,
2341 1655 2665 1726 promissum
2721 1669 2753 1708 a
2802 1653 3000 1720 Patre,
3046 1655 3488 1727 evangelizatum
3529 1668 3622 1713 est
3656 1661 3725 1715 1b

2125 1747 2407 1818 apostolis;
2437 1746 2530 1816 qui
2565 1745 2720 1801 nobis
2744 1754 3000 1817 tanquam
3026 1749 3317 1806 maturitas
3341 1750 3600 1816 advenit,
3623 1769 3722 1808 nec

2048 1847 2092 1908 Β
2121 1839 2296 1894 solum
2354 1845 2610 1908 tanquam
2670 1839 2956 1893 maturitas
3007 1839 3242 1907 advenit,
3302 1843 3406 1898 sed
3457 1852 3720 1915 tanquam

2119 1929 2407 1984 maturitas
2445 1929 2500 1984 in
2548 1929 2818 1985 mentibus
2855 1931 3030 1996 adest,
3064 1941 3124 1987 ut
3151 1933 3286 1988 nihil
3314 1937 3618 2004 acerbum,
3647 1939 3722 1994 ni-

2117 2027 2194 2083 hil
2224 2027 2570 2082 immaturum
2601 2028 2656 2082 in
2688 2029 2896 2084 nostris
2919 2029 3160 2086 CODSiiilS
3188 2032 3284 2100 sit,
3309 2034 3456 2088 nihil
3485 2035 3722 2102 immite,

2117 2117 2250 2172 nihil
2295 2133 2552 2188 asperum
2581 2119 2634 2173 in
2677 2119 2937 2190 operibus
2982 2136 3046 2176 ac
3073 2124 3341 2191 moribus,
3367 2127 3474 2196 qui
3513 2128 3725 2198 primus

2116 2207 2496 2280 evangelizans
2527 2209 2672 2264 bona
2717 2208 2921 2276 adfuit;
2979 2210 3122 2266 unde
3165 2220 3219 2266 et
3243 2214 3368 2268 ait:
3419 2232 3440 2265 ι
3481 2213 3722 2287 Ipsequi

2116 2296 2398 2368 loquebar,
2413 2299 2606 2354 adsum
2631 2297 2768 2371 (Isa.
2793 2299 2980 2372 Lu,6),
3006 2320 3026 2353 ι
3044 2300 3099 2356 id
3125 2311 3226 2368 est,
3241 2304 3336 2374 qui
3369 2304 3651 2376 loquebar

2116 2389 2414 2459 prophetis,
2436 2389 2628 2444 adsum
2647 2389 2699 2444 in
2717 2406 2944 2462 corpore
2959 2392 3104 2462 quod
3119 2396 3336 2465 suscepi
3357 2411 3437 2451 ex
3455 2397 3717 2468 Virgine:

2116 2481 2306 2535 adsum
2333 2479 2561 2536 interior
2590 2481 2766 2554 imago
2789 2483 2927 2549 Dei,
2955 2484 3244 2541 character
3267 2488 3610 2546 substantia:
3626 2501 3720 2568 ,ει

2117 2575 2307 2628 adsum
2340 2581 2398 2626 ut
2427 2573 2615 2636 homo,
2657 2575 2752 2629 sed
2801 2575 2925 2645 quis
2955 2577 3235 2647 cognoscit
3281 2595 3397 2645 me,
3434 2579 3718 2638 hominem

2119 2664 2262 2720 enim
2281 2664 2532 2719 viderunt
2564 2683 2577 2718 :
2604 2665 2699 2721 sed
2731 2667 2988 2736 operibus
3027 2684 3191 2739 supra
3220 2670 3510 2726 hominem
3535 2675 3716 2728 credi—

2116 2753 2330 2810 derunt.
2365 2754 2450 2810 An
2477 2772 2586 2811 non
2616 2765 2674 2811 ut
2710 2756 2875 2813 homo
2897 2799 2912 2823 ,
2961 2773 3087 2814 cum
3127 2758 3404 2816 Lazarum
3439 2761 3625 2828 ﬂeret,
3665 2773 3716 2820 et

2115 2863 2314 2924 rursus
2333 2863 2496 2918 supra
2527 2849 2824 2916 hominem,
2868 2866 2991 2905 cum
3033 2866 3156 2907 eum
3185 2856 3603 2911 resuscitaret?
3649 2873 3714 2913 an

2114 2953 2221 2993 non
2259 2947 2319 2992 ut
2340 2940 2504 2994 homo
2541 2955 2666 2996 cum
2705 2939 2986 3011 vapularet
3032 2961 3044 2996 :
3099 2959 3289 2999 rursus
3330 2959 3510 3016 supra
3545 2947 3712 3002 homi—

2115 3044 2262 3094 nem,
2285 3045 2408 3084 cum
2440 3031 2604 3087 totius
2629 3031 2813 3086 mundi
2844 3040 3127 3104 peccatum
3154 3035 3422 3092 tolleret?
3451 3038 3538 3093 Ad
3565 3039 3712 3093 illum

2117 3121 2282 3193 igitur
2339 3138 2694 3193 properemus
2739 3125 2794 3179 in
2853 3140 2961 3196 quo
3014 3143 3286 3183 summum
3343 3141 3436 3185 est
3483 3132 3706 3190 bonum.

429 3229 560 3270 cens
589 3229 604 3268 :
651 3233 669 3267 ι
707 3213 881 3270 Unam
913 3216 1076 3284 petivi
1104 3232 1133 3269 a
1162 3217 1412 3283 Domino,
1445 3218 1585 3274 hanc
1628 3221 1924 3290 requirant,
1950 3232 2008 3278 ut
2035 3205 2079 3269 Β
2112 3212 2365 3282 quoniam
2396 3212 2508 3282 ipse
2537 3222 2622 3267 est
2645 3214 2884 3280 bonitas,
2917 3216 3031 3286 ipse
3077 3217 3338 3286 patientia
3371 3219 3576 3284 Israel,
3620 3224 3710 3290 qui

427 3304 728 3360 inhabilem
773 3305 824 3358 in
869 3305 1030 3360 domo
1083 3305 1296 3361 Domini
1350 3309 1602 3364 omnibus
1645 3301 1834 3366 diebus
1886 3314 2009 3368 vitae

429 3410 562 3450 meas
590 3404 644 3450 et
674 3397 888 3452 videam
915 3397 1302 3453 delectationes
1334 3399 1545 3454 Domini
1586 3411 1642 3456 et
1668 3403 2010 3459 considerem

432 3485 694 3554 templum
742 3484 859 3553 ejus
887 3484 1061 3557 (Psat.
1093 3503 1242 3554 xxvi,
1273 3487 1350 3561 4).
1391 3509 1410 3540 ι
1449 3491 1689 3562 Denique
1740 3493 1844 3549 hoc
1890 3509 2010 3550 esse

427 3589 698 3629 summum
752 3576 953 3630 bonum
1002 3578 1278 3633 subtexuit
1325 3581 1513 3635 statim
1547 3583 1600 3636 in
1629 3583 1819 3638 eodem
1863 3585 2010 3657 psal-

427 3682 516 3720 mo
545 3684 558 3720 :
591 3684 609 3716 ι
641 3665 814 3722 Credo
843 3667 1023 3724 videre
1049 3669 1191 3725 bona
1221 3670 1434 3727 Domini
1465 3673 1518 3728 in
1548 3682 1689 3730 terra
1713 3676 2007 3733 viventium

425 3755 476 3827 (1
483 3757 569 3810 bid
575 3756 635 3828 .).
662 3777 681 3809 ι
698 3757 797 3814 Hic
815 3759 959 3814 enim
975 3761 1254 3829 qumritur,
1269 3762 1378 3818 illic
1397 3762 1535 3820 faeie
1550 3765 1616 3820 ad
1635 3764 1826 3822 faciem
1851 3768 2008 3840 plene

423 3847 654 3914 videtur,
678 3849 782 3904 hoc
809 3849 1008 3905 bonum
1055 3851 1109 3906 in
1137 3852 1297 3908 domo
1332 3852 1426 3908 Dei
1457 3863 1558 3921 est,
1600 3855 1654 3910 in
1704 3857 1793 3912 illo
1821 3859 2008 3929 utique

423 3949 635 3996 secreto
655 3940 770 4010 ejus
798 3957 862 3997 ac
886 3957 1138 4010 recessu;
1171 3943 1312 4001 unde
1341 3945 1538 4000 iterum
1560 3948 1634 4002 ait
1658 3965 1672 4002 :
1708 3969 1727 4000 ‹
1759 3948 2009 4020 Replebi—

425 4045 548 4086 mur
585 4031 640 4086 in
681 4033 838 4088 bonis
887 4034 1078 4090 domus
1126 4042 1230 4090 tuae
1281 4033 1454 4108 (Psal.
1497 4054 1654 4104 wa,
1689 4039 1776 4112 6),
1827 4061 1846 4093 ι
1878 4041 2004 4098 alibi

422 4137 634 4193 quoque
663 4123 804 4179 hanc
845 4140 1112 4180 summam
1157 4141 1278 4182 esse
1306 4126 1703 4184 benedictionis
1741 4134 2007 4202 expressit

423 4218 648 4274 dicens:
689 4237 706 4270 ι
747 4219 1040 4275 Benedicat
1069 4229 1120 4276 te
1154 4221 1413 4277 Dominus
1451 4237 1518 4277 ex
1545 4223 1700 4288 Sion,
1730 4232 1785 4279 et
1821 4225 2006 4284 videas

420 4315 542 4380 (iure
584 4310 724 4364 bona
767 4318 892 4365 sunt
919 4310 1217 4367 Jerusalem
1244 4312 1416 4384 (Paul.
1447 4329 1648 4380 cxxvn,
1675 4313 1730 4388 5)
1767 4333 1779 4370 :
1817 4334 1835 4366 ι
1884 4317 2005 4373 ideo

421 4401 609 4460 [tentus
631 4400 896 4474 quLiHic
923 4402 1132 4458 habitat
1167 4403 1220 4457 in
1268 4421 1455 4476 gressu
1497 4406 1621 4461 fidei
1664 4408 2004 4482 hospitioque

420 4496 637 4559 metuis,
681 4494 979 4550 devotionis
1031 4494 1360 4561 habitaculo,
1393 4498 1804 4554 conversatione
1835 4500 2003 4555 virtu-

419 4584 511 4638 tis.
541 4583 598 4637 ln
633 4583 721 4638 illo
759 4582 924 4654 igitur
949 4583 1108 4638 simul
1156 4592 1318 4654 atque
1361 4585 1414 4640 in
1462 4601 1527 4642 eo
1571 4602 1885 4644 maneamus
1933 4590 2002 4646 de

419 4691 528 4744 quo
555 4682 610 4728 et
639 4673 806 4729 lsaias
850 4674 981 4729 dicit
1009 4691 1020 4728 :
1063 4693 1080 4726 ι
1109 4674 1283 4743 Quam
1314 4676 1542 4746 speciosi
1583 4678 1749 4747 pedes
1777 4694 2001 4751 evange-

419 4767 699 4822 lizantium
723 4767 1436 4838 pacem,evangelizantium
1460 4770 1630 4825 bona!
1665 4770 1799 4842 (Isa.
1824 4787 1897 4826 ιιι
1914 4814 1928 4836 ,
1945 4771 1995 4839 7;

419 4857 570 4914 Rom.
609 4876 664 4925 κ,
693 4859 804 4931 15.)
841 4880 860 4912 ι
912 4861 1004 4930 qui
1043 4869 1168 4916 sunt
1195 4861 1288 4931 qui
1336 4861 1707 4932 evangelizant
1755 4863 1858 4918 nisi
1897 4863 2000 4920 Pe-

420 4949 572 5004 trus?
611 4950 714 5004 nisi
743 4950 975 5008 Paulus?
1005 4951 1106 5005 nisi
1138 4966 1330 5006 omnes
1355 4950 1632 5022 Apostoli?
1661 4953 1799 5019 Quid
1835 4968 1999 5008 evan-

417 5040 649 5112 gelizant
687 5040 861 5107 bonis,
905 5041 1007 5096 nisi
1055 5041 1341 5098 Dominum
1390 5041 1607 5098 Iesum?
1657 5043 1746 5101 hic
1773 5053 1855 5099 est
1889 5059 1994 5116 pax

420 5141 604 5188 nostra
632 5173 646 5198 ,
694 5133 783 5188 hic
827 5141 910 5188 est
949 5134 1150 5189 bonum
1198 5133 1324 5188 illud
1373 5149 1678 5201 summum,
1708 5135 1833 5206 quia
1882 5135 1996 5204 ipse

418 5226 590 5280 bonus
619 5239 684 5278 ex
723 5222 885 5290 bono,
917 5239 984 5279 ex
1015 5225 1208 5280 arbore
1231 5225 1376 5280 enim
1407 5225 1546 5279 bona
1571 5225 1745 5281 bonus
1789 5223 1996 5280 fructus

405 5317 631 5388 legitur.
673 5315 915 5386 Denique
951 5326 1007 5372 et
1035 5315 1270 5388 Spiritus
1297 5317 1415 5387 ejus
1446 5316 1634 5377 bonus.
1665 5317 1756 5387 qui
1781 5333 1846 5371 ex
1881 5317 1996 5387 ipso

415 5408 611 5476 accipit
635 5416 688 5462 et
711 5407 926 5462 deducit
953 5407 1048 5462 Dei
1078 5407 1319 5462 servulos
1355 5408 1409 5462 in
1438 5408 1577 5462 viam
1604 5417 1804 5461 rectam
1830 5423 1844 5472 ;
1875 5407 1996 5476 quis

417 5507 597 5553 autem
625 5499 830 5554 habens
860 5497 1122 5568 Spiritum
1155 5497 1245 5553 Dei
1286 5497 1338 5552 in
1362 5513 1422 5552 se
1450 5506 1605 5568 neget
1624 5497 1847 5562 bonum,
1873 5513 1996 5552 cum

417 5589 530 5659 ipse
553 5590 695 5646 dicat
726 5610 736 5644 :
787 5609 804 5640 ‹
839 5592 920 5644 Au
943 5590 1130 5645 oculus
1167 5599 1289 5645 tuus
1335 5606 1564 5660 nequam
1590 5597 1701 5654 est,
1747 5589 1871 5660 quia
1898 5605 1997 5659 ego

417 5682 589 5737 bonus
614 5701 730 5737 sum
762 5683 974 5754 (Matth.
1005 5699 1053 5737 vr
1074 5723 1087 5746 ,
1129 5683 1219 5750 ‘25)
1243 5684 1265 5734 ?
1311 5703 1326 5733 ι
1358 5683 1466 5738 lloc
1497 5684 1693 5737 bonum
1721 5683 1900 5736 veniat
1941 5682 1993 5736 in

421 5772 654 5826 animum
699 5759 970 5833 nostrain,
1024 5771 1075 5826 in
1116 5781 1313 5826 nostrm
1349 5772 1543 5826 metuis
1591 5771 1820 5838 viscera,
1852 5771 1996 5841 quod

2110 3305 2177 3359 ad
2203 3305 2574 3375 paenitentiam
2604 3316 2656 3360 te
2683 3314 2844 3361 vocat
2887 3323 2956 3362 ne
2976 3308 3167 3364 venias
3202 3309 3254 3363 in
3273 3307 3588 3377 judicium,
3617 3313 3710 3368 sed

2109 3399 2342 3468 accipias
2383 3407 2731 3469 peccatorum
2773 3397 3170 3454 remissionem.
3212 3417 3232 3450 ι
3264 3398 3458 3470 Agite,
3509 3402 3708 3474 inquit,

2107 3489 2479 3561 ptenitentiam
2531 3489 2746 3562 (Matth.
2801 3504 2899 3554 ιιι,
2940 3487 3030 3562 2).
3079 3509 3097 3540 ι
3153 3489 3269 3561 [pse
3324 3500 3415 3546 est
3473 3492 3544 3547 de
3605 3509 3709 3564 quo

2107 3579 2304 3636 clamat
2337 3581 2504 3636 Amos
2539 3580 2797 3652 propheta
2837 3599 2849 3634 :
2890 3598 2908 3631 ι
2936 3579 3218 3650 Exquirite
3250 3581 3464 3636 bonum
3485 3624 3503 3648 ,
3539 3604 3562 3637 ι
3595 3586 3708 3656 ira

2107 3677 2192 3724 est
2266 3685 2534 3724 summum
2597 3671 2840 3736 bonum,
2899 3671 2989 3741 qui
3065 3669 3262 3726 nullius
3321 3673 3538 3744 indiget
3571 3716 3590 3740 ,
3651 3685 3704 3731 et

2106 3757 2344 3814 abundat
2409 3759 2677 3815 omnibus.
2725 3759 2909 3814 Facile
2964 3759 3201 3814 abundat
3255 3762 3312 3815 in
3368 3779 3488 3834 quo
3527 3764 3704 3836 pleni-

2107 3851 2235 3906 tudo
2272 3850 2566 3906 divinitatis
2591 3851 2800 3907 habitat
2837 3851 3212 3923 corporaliter,
3245 3853 3410 3911 facile
3459 3856 3704 3912 abundat

2107 3941 2172 3997 de
2215 3941 2369 4013 cujus
2418 3942 2753 4012 plenitudine
2801 3958 2992 3998 omnes
3036 3944 3356 4014 accepimus
3403 3957 3464 4002 et
3509 3950 3564 4003 in
3611 3949 3701 4002 illo

2104 4035 2293 4106 repleti
2322 4052 2530 4103 sumus,
2565 4035 2697 4092 dicit
2729 4036 3088 4108 Evangelista.
3149 4036 3264 4094 Hoc
3300 4039 3473 4112 igitur
3509 4058 3698 4097 verum

2104 4133 2161 4189 et
2195 4139 2465 4180 summum
2496 4125 2720 4191 bonum,
2753 4125 2894 4180 sicut
2936 4125 3029 4180 illo
3075 4129 3496 4198 eoneupiscibili
3526 4141 3700 4186 suoet

2105 4215 2406 4271 delectabili
2433 4215 2612 4270 anima
2652 4217 2968 4286 gustaverit,
2999 4224 3056 4271 et
3091 4217 3303 4273 duabus
3335 4219 3422 4275 his
3453 4221 3700 4276 hauserit

2105 4307 2517 4374 affectionibus,
2575 4307 2870 4364 excludens
2918 4307 3156 4364 dolorem
3212 4320 3267 4366 et
3320 4310 3696 4377 formidinem,

2103 4401 2492 4458 incredibiliter
2533 4407 2813 4466 exmstuat,
2865 4401 3108 4456 osculata
3149 4405 3294 4458 enim
3339 4405 3568 4460 verbum
3601 4406 3698 4461 Dei

2106 4495 2321 4549 modum
2354 4509 2460 4548 non
2491 4493 2653 4562 capit,
2687 4507 2790 4547 nec
2831 4492 3102 4562 expletur,
3135 4493 3327 4550 dicens
3371 4513 3391 4567 _:
3443 4515 3464 4547 σ
3503 4496 3698 4552 Suavis

2104 4601 2196 4652 es,
2237 4583 2483 4647 Domine,
2520 4591 2574 4638 et
2605 4584 2657 4637 in
2677 4584 3018 4655 jucunditate
3044 4593 3133 4640 tua
3159 4585 3291 4642 doce
3319 4586 3698 4655 mejustiﬁca-

2103 4675 2276 4730 tiones
2294 4683 2414 4729 tuas
2431 4673 2447 4741 (
2459 4673 2601 4728 Psal.
2622 4689 2764 4739 χαις,
2783 4675 2870 4747 5);
2895 4695 2912 4726 ι
2931 4676 3172 4731 osculata
3193 4677 3291 4732 Dei
3321 4679 3552 4733 verbum
3568 4694 3700 4735 eon-

2101 4769 2328 4839 cupiscit
2355 4783 2516 4840 super
2537 4784 2749 4824 onmem
2773 4769 3027 4825 decorem
3045 4811 3059 4835 ,
3079 4769 3253 4841 diligit
3276 4786 3445 4842 super
3468 4787 3694 4827 omnem

2101 4858 2342 4914 laetitiam
2369 4901 2384 4924 ,
2423 4858 2722 4914 delectatur
2763 4875 2925 4931 super
2971 4861 3152 4916 omnia
3191 4871 3440 4916 aromata
3465 4902 3485 4928 ,
3543 4863 3696 4933 cupit

2101 4950 2412 5020 frequenter
2451 4951 2650 5015 videre,
2689 4966 2829 5021 saepe
2866 4951 3164 5015 intendere,
3194 4952 3346 5020 cupit
3371 4953 3580 5006 attrahi
3634 4961 3695 5006 ut

2100 5046 2249 5111 sequi
2277 5043 2444 5112 possit
2482 5060 2494 5096 :
2535 5061 2552 5093 ι
2585 5041 2944 5114 Unguentum,
2981 5041 3172 5112 inquit,
3197 5042 3542 5098 exinanitum
3581 5055 3692 5110 est,

2102 5147 2295 5188 nomen
2330 5141 2501 5197 tuum,
2527 5140 2811 5201 propterea
2853 5140 2905 5186 te
2935 5132 3207 5202 diligimus
3239 5132 3689 5194 adolescentulze.

2098 5230 2383 5294 propterea
2413 5230 2702 5285 certamus,
2729 5221 2822 5274 sed
2847 5221 3302 5291 comprehendere
3342 5229 3398 5276 te
3425 5236 3540 5278 non
3568 5237 3690 5291 pos.

2100 5326 2308 5377 sumus,
2332 5313 2542 5367 attrahe
2565 5327 2666 5367 nos
2707 5320 2766 5366 ut
2786 5313 3055 5382 possimus
3077 5328 3316 5377 currere,
3345 5321 3409 5366 ut
3435 5329 3687 5385 unguen—

2102 5412 2278 5459 torum
2326 5412 2540 5458 tuorum
2585 5403 2751 5458 odore
2780 5403 3108 5473 accipiamus
3143 5403 3402 5457 virtutem
3449 5417 3686 5472 sequen-

2098 5493 2173 5549 di.
2207 5513 2224 5546 ι
2254 5493 2493 5548 Festinat
2516 5492 2681 5550 etiam
2711 5492 2850 5546 inter
2889 5491 3147 5562 mysteria
3179 5491 3364 5545 videre
3394 5492 3572 5561 ipsam
3596 5507 3683 5546 re-

2096 5589 2276 5659 quiem
2301 5585 2469 5652 verbi,
2507 5586 2676 5656 ipsam
2707 5584 2832 5644 boni
2876 5584 3018 5641 illius
3058 5585 3252 5639 smnmi
3284 5585 3680 5640 habitationem

2097 5688 2150 5734 et
2171 5679 2345 5732 lucem
2383 5677 2499 5746 ejus
2535 5683 2590 5730 et
2623 5674 2946 5736 claritatem,
2977 5672 3031 5729 in
3076 5673 3164 5728 illo
3197 5673 3318 5728 sinu
3351 5689 3418 5728 ac
3453 5689 3676 5728 recessu

2097 5771 2271 5838 patrio
2329 5769 2539 5824 festinat
2585 5767 2770 5822 audire
2815 5781 3092 5822 sermones
3136 5765 3273 5834 ejus,
3311 5774 3367 5821 et
3407 5781 3534 5821 cum
3587 5779 3676 5818 au-
