3956 6326
230 308 367 364 1301

1398 299 1487 355 DE
1517 297 1870 356 PURITATE
1904 294 2176 354 CORDIS.

2697 241 2847 347 Χ..

3383 277 3521 342 ιδιις

229 415 415 482 dlerit,
445 427 608 484 super
646 427 862 470 omnem
913 413 1240 469 suavitatem
1269 409 1485 482 accipit.
1518 411 1718 468 Doceat
1758 419 1811 466 te
1839 413 1891 473 Α
1916 409 2087 464 Deum
2112 421 2329 478 semper
2354 406 2618 474 intendat,
2648 403 2878 478 accipiet
2908 414 2939 462 α
2978 387 3202 460 βίηίειο
3253 393 3520 482 fulgorem

228 507 516 580 propheta,
535 503 629 574 qui
655 503 890 576 gustavit
915 510 971 558 et
997 502 1105 557 ait:
1133 520 1150 553 ‹
1175 501 1348 568 Quam
1373 500 1550 556 dulcia
1566 497 1814 556 faucibus

229 598 371 654 meis
399 597 561 652 verba
596 602 688 648 tua
721 609 884 665 super
925 593 1029 650 mel
1060 600 1115 649 et
1144 591 1328 648 favum
1373 593 1455 648 ori
1488 607 1609 646 meo
1640 590 1811 663 (Psal.

228 705 416 754 cxvm,
464 673 663 760 105).’›
702 687 839 754 Quid
881 687 1028 743 enim
1078 686 1223 741 aliud
1276 685 1549 740 desideret
1591 683 1771 739 anima
1797 723 1812 750 ,

228 798 354 853 qua:
387 767 553 836 Semel
590 779 915 835 suavitatem
949 778 1100 833 verbi
1128 777 1458 848 gustaverit,
1485 791 1606 847 quae
1648 775 1817 833 semel

228 875 535 930 claritatem
576 872 693 943 ejus
728 870 971 927 viderit?
999 869 1230 941 Moyses
1275 869 1328 923 in
1382 878 1567 925 monte
1607 867 1817 940 positus

230 964 589 1035 quadraginta
622 962 833 1028 diebus,
863 960 1038 1030 legem
1063 959 1337 1021 accipiens
1363 959 1544 1015 cibum
1573 958 1817 1030 corporis

232 1072 342 1113 non
367 1055 698 1126 requirebat,
719 1052 864 1108 Elias
891 1051 959 1106 ad
989 1050 1135 1105 illam
1158 1049 1426 1106 festinans
1451 1050 1697 1121 requiem
1727 1063 1811 1105 ro-

234 1149 400 1220 gabat
446 1155 507 1202 ut
549 1147 888 1216 acciperetur
914 1159 946 1199 a
976 1159 1036 1200 se
1064 1144 1244 1206 anima
1267 1159 1384 1211 sua,
1432 1144 1627 1199 Petrus
1665 1142 1814 1214 aSpi-

233 1239 388 1294 ciens
407 1246 462 1292 et
485 1237 597 1307 ipse
623 1237 676 1290 in
717 1243 901 1291 monte
940 1234 1237 1290 Dominicae
1255 1231 1673 1291 resurrectionis
1703 1233 1815 1306 glo-

234 1333 400 1398 riam,
425 1331 644 1386 nolebat
668 1329 1020 1395 descendere,
1049 1327 1235 1384 dicens
1262 1345 1276 1382 :
1306 1347 1324 1381 ‹
1345 1327 1594 1394 Domine,
1614 1327 1818 1382 bonum

232 1431 323 1480 est
363 1437 463 1478 nos
505 1421 594 1478 hic
629 1419 967 1492 esse(Marc.
997 1435 1072 1486 ιι,
1102 1419 1181 1492 ⁸5).
1217 1440 1235 1472 ι
1265 1418 1476 1488 Quanta
1519 1419 1685 1490 igitur
1728 1417 1819 1472 illa

233 1515 433 1570 divinae
454 1513 767 1569 substantiae
795 1511 1002 1584 gloria!
1031 1519 1232 1582 quanta
1255 1511 1406 1567 verbi
1433 1512 1574 1567 bona
1603 1511 1658 1565 in
1699 1524 1820 1580 qua:

234 1605 628 1676 concupiscunt
649 1611 705 1660 ct
729 1603 904 1674 angeli
929 1603 1268 1674 prospicere!
1293 1603 1487 1658 Anima
1512 1600 1676 1673 igitur
1699 1615 1820 1670 quae

1915 498 2214 568 sapientiae,
2248 505 2307 551 ut
2344 496 2720 552 illuminatum.
2761 497 2817 551 in
2857 491 3145 568 agnitionie
3185 483 3382 543 habeat
3420 489 3521 547 0b-

1915 597 2112 655 tutum,
2145 597 2205 643 ut
2225 587 2407 642 videat
2434 587 2580 641 illam
2613 602 2768 658 spem
2788 594 2991 642 nostra:
3017 573 3350 644 vocationis,
3373 580 3519 652 aspi-

1913 681 2022 736 ciat
2049 680 2181 734 illud
2207 680 2352 750 quod
2381 687 2464 733 est
2485 679 2686 734 bonum
2714 686 2770 734 et
2792 677 3098 748 perfectum
3128 686 3184 733 et
3220 668 3511 746 placitum,

1915 771 2057 842 quod
2087 771 2231 826 enim
2261 771 2462 826 bonum
2511 768 2891 840 complacitum
2931 767 3106 834 Patri,
3157 767 3302 838 quod
3356 781 3507 822 com—

1914 863 2172 936 placitum
2197 862 2524 935 perfectum,
2551 863 2692 919 sicut
2713 863 2881 919 habes
2909 863 2964 918 in
2988 862 3283 934 Evangelia
3312 862 3403 917 ubi
3427 862 3510 918 di-

1915 957 1990 1014 cit
2011 957 2272 1013 Dominus
2305 975 2317 1010 :
2357 975 2376 1008 ε
2407 955 2626 1026 Diligite
2664 954 2914 1012 inimicos
2952 965 3184 1023 vestros,
3219 965 3282 1012 ut
3331 955 3516 1013 imite-

1916 1047 2048 1104 mini
2075 1047 2290 1102 Patrem
2311 1047 2403 1118 qui
2429 1046 2568 1118 pluit
2588 1059 2751 1116 super
2766 1047 2942 1117 justos
2963 1055 3018 1102 et
3035 1045 3264 1116 iniustos
3286 1045 3504 1120 (Matth.

1915 1155 1972 1205 v,
1988 1136 2104 1204 44),
2126 1157 2144 1190 ι
2170 1137 2315 1209 quod
2337 1147 2422 1193 est
2440 1137 2625 1207 utique
2649 1136 2926 1202 bonitatis,
2950 1146 3006 1193 et
3023 1147 3210 1208 postea
3232 1138 3509 1196 concludit

1915 1227 2104 1286 dicens
2136 1249 2151 1284 :
2187 1249 2205 1282 ‹
2233 1229 2421 1285 Estote
2457 1227 2684 1299 perfecti
2723 1228 2871 1285 sicut
2903 1228 3066 1286 Pater
3109 1239 3292 1287 vester
3337 1230 3504 1288 cccle-

1918 1322 2018 1376 stis
2055 1318 2330 1391 perfectus
2358 1326 2444 1375 est
2469 1319 2658 1392 (Ibid.,
2685 1337 2731 1374 υ.
2753 1320 2870 1392 48),
2902 1342 2920 1374 ι
2950 1322 3186 1378 Charitas
3213 1323 3357 1379 enim
3383 1340 3509 1394 per-

1919 1411 2060 1468 fecta
2077 1419 2181 1477 est,
2219 1411 2451 1483 denique
2492 1411 2767 1483 plenitudo
2811 1412 2944 1484 legis
2989 1423 3071 1471 est
3104 1432 3116 1470 :
3167 1416 3296 1485 quid
3326 1424 3509 1471 autem

1920 1515 2032 1560 tam
2057 1505 2257 1560 bonum
2277 1521 2441 1576 quam
2467 1505 2730 1573 Charitas,
2753 1521 2874 1577 quae
2894 1507 3102 1564 malum
3125 1523 3234 1564 non
3283 1508 3509 1578 cogitat,

1919 1607 1978 1654 et
2003 1596 2127 1652 ideo
2150 1605 2324 1653 terras
2347 1597 2541 1668 fugito,
2568 1599 2622 1654 in
2652 1599 2849 1670 quibus
2877 1601 3078 1657 invidia
3109 1609 3218 1670 est,
3252 1602 3343 1658 ubi
3389 1617 3511 1657 am-

236 1697 372 1753 illud
392 1681 558 1762 videt,
590 1711 787 1766 corpus
825 1696 930 1751 hoc
977 1709 1084 1751 non
1133 1694 1380 1764 requirit,
1428 1693 1817 1764 minimamque
1921 1687 2076 1753 bitio,
2119 1689 2210 1744 ubi
2240 1689 2552 1756 contentio;
2607 1690 2734 1745 boni
2781 1705 2910 1763 ergo
2957 1692 3101 1750 illius
3157 1708 3414 1766 capacem
3450 1707 3512 1749 se

238 1790 344 1846 sibi
395 1786 821 1842 familiaritatem
865 1801 991 1842 cum
1041 1799 1107 1840 eo
1149 1785 1345 1840 debere
1381 1800 1501 1842 esse
1542 1784 1814 1856 intelligit,
1845 1766 1892 1826 Β
1919 1783 2099 1838 anima
2119 1790 2209 1837 tua
2224 1784 2480 1854 praebeat,
2505 1791 2565 1839 ut
2584 1797 2747 1854 supra
2771 1785 2942 1841 nubes
2963 1785 3128 1853 volet,
3152 1787 3508 1858 sicutaquila,

239 1877 515 1934 renuntiat
542 1892 599 1932 se
628 1877 760 1944 Deo,
784 1876 1006 1932 abducit
1033 1891 1092 1931 se
1117 1892 1148 1931 a
1171 1876 1399 1931 vinculis
1422 1877 1625 1943 carnis,
1665 1875 1818 1932 exuit
1916 1883 2206 1932 renovetur
2234 1875 2376 1932 sicut
2410 1874 2610 1947 aquila,
2637 1891 2843 1947 pennas
2875 1879 3110 1946 emittat,
3137 1889 3199 1935 ut
3237 1883 3512 1940 renovatis

237 1973 490 2029 omnibus
518 1971 851 2042 voluptatum
885 1971 1112 2027 istarum
1145 1972 1391 2028 nexibus.
1418 1972 1662 2042 Denique
1692 1970 1814 2028 Ste-
1917 1970 2125 2025 alarum
2159 1969 2420 2040 remigiis,
2466 1967 2576 2023 alta
2608 1977 2794 2038 petere
2838 1985 2948 2026 non
3001 1971 3336 2039 reformidet,
3370 1975 3512 2030 hanc

235 2065 450 2135 phanus
473 2062 658 2118 Jesum
689 2063 928 2130 videbat,
955 2070 1012 2118 et
1051 2062 1279 2133 lapidari
1324 2079 1432 2120 non
1467 2063 1813 2130 formidabat,
1919 2062 2313 2118 habitationem
2351 2061 2642 2132 relinquat,
2672 2069 2946 2118 terrenum
2971 2063 3116 2119 enim
3145 2063 3510 2122 habitaculum

235 2157 352 2210 imo
372 2171 492 2210 cum
517 2154 852 2226 lapidaretur
876 2171 983 2211 non
1011 2171 1111 2226 pro
1139 2170 1220 2220 se,
1250 2155 1344 2211 sed
1365 2171 1465 2226 pro
1486 2155 1591 2211 illis
1627 2171 1659 2211 a
1701 2155 1820 2225 qui-

238 2248 343 2303 bus
379 2247 770 2318 perimebatur,
827 2247 1082 2318 rogabat;
1125 2246 1326 2302 Paulus
1365 2261 1578 2318 quoque
1632 2255 1819 2318 raptus

238 2355 413 2410 usque
447 2339 515 2394 ad
562 2340 778 2394 tertium
821 2339 1017 2396 celum
1050 2347 1230 2394 utrum
1262 2355 1384 2394 cum
1422 2354 1648 2410 corpore
1676 2348 1822 2396 esset

237 2448 310 2487 an
341 2432 457 2488 sine
485 2444 712 2501 corpore
744 2430 1041 2494 nesciebat,
1070 2438 1275 2500 raptus,
1304 2429 1549 2500 inquam,
1581 2430 1635 2484 in
1661 2445 1821 2501 para-

242 2519 444 2588 disum,
470 2537 625 2577 usum
645 2522 924 2594 proprium
943 2519 1058 2590 jam
1079 2537 1184 2576 non
1207 2521 1472 2577 sentiebat
1489 2523 1824 2592 oorporis,et

242 2614 465 2670 audiens
484 2615 646 2669 verba
675 2614 790 2680 Dei,
819 2613 1089 2684 quomodo
1111 2613 1179 2668 ad
1216 2614 1460 2684 corporis
1484 2613 1824 2670 infirmitates

241 2705 593 2760 descenderet
613 2704 995 2769 erubescebat;
1036 2705 1217 2775 itaque
1239 2705 1418 2760 sciens
1454 2705 1581 2774 quid
1605 2705 1827 2762 vidisset

246 2797 301 2852 in
348 2798 596 2866 paradiso
648 2797 734 2852 vel
768 2797 893 2866 quid
945 2797 1226 2864 audisset,
1278 2797 1548 2853 clamabat
1593 2797 1821 2854 dicens:

250 2907 270 2941 ‹
300 2887 438 2955 Quid
461 2888 634 2943 adhuc
655 2887 797 2942 velut
819 2888 1061 2944 viventes
1081 2887 1148 2943 de
1171 2890 1272 2944 hoc
1292 2887 1496 2944 mundo
1517 2889 1825 2955 decernitis,

245 2996 318 3038 ne
343 2981 648 3052 tetigeritis,
678 2996 746 3036 ne
767 2980 1236 3047 attaminaveritis,
1261 2996 1328 3036 ne
1348 2981 1692 3052 gustaveritis
1707 2996 1827 3051 qua:

248 3082 374 3132 sunt
397 3075 576 3130 omnia
613 3075 680 3130 ad
703 3074 1063 3146 corruptelam
1086 3075 1204 3145 ipso
1233 3091 1334 3131 usu
1358 3074 1508 3146 (Col.
1535 3091 1573 3130 ιι
1591 3115 1606 3141 ,
1626 3075 1690 3129 2i
1711 3075 1729 3147 )
1747 3114 1763 3141 ,
1803 3094 1822 3128 ι

249 3167 460 3223 volebat
484 3167 628 3222 enim
653 3182 752 3222 nos
778 3167 833 3222 in
859 3167 1031 3238 figura
1051 3181 1172 3223 esse
1198 3167 1356 3224 istius
1374 3167 1581 3234 mundi,
1623 3183 1731 3223 non
1772 3168 1827 3222 in

1919 2162 2109 2228 gravat
2143 2155 2401 2221 animam,
2427 2162 2592 2209 exuat
2618 2164 2829 2221 vetera,
2858 2145 3076 2224 abjiciat
3122 2158 3327 2214 erroris
3371 2158 3512 2214 desi-

1919 2246 2095 2312 deria,
2127 2245 2313 2301 abluat
2338 2244 2526 2301 oculos
2565 2259 2716 2311 suos,
2767 2255 2830 2301 ut
2879 2245 3062 2302 videat
3109 2246 3259 2302 illum
3306 2246 3512 2304 fontem

1921 2351 2065 2392 vera:
2093 2335 2394 2407 sapientiae,
2440 2335 2590 2392 illum
2633 2334 2842 2392 fontem
2893 2337 3018 2394 vitae
3059 2347 3316 2394 aeternae:
3345 2337 3515 2395 allluit

1920 2436 2085 2500 atque
2115 2427 2351 2487 exundat
2375 2427 2650 2494 omnibus,
2681 2427 2881 2484 nullius
2907 2428 3176 2500 indigens,
3209 2431 3333 2501 quis
3366 2431 3513 2485 enim

1923 2520 2070 2576 dedit
2097 2519 2173 2575 illi
2203 2535 2325 2575 cum
2355 2536 2422 2576 ex
2449 2520 2567 2591 ipso
2587 2529 2641 2576 et
2661 2535 2761 2590 per
2787 2520 2982 2591 ipsum,
3006 2529 3063 2576 et
3094 2521 3148 2576 in
3172 2521 3291 2592 ipso
3327 2523 3515 2579 omnia

1924 2611 2231 2667 sint?Vitae
2259 2611 2424 2683 igitur
2452 2610 2575 2667 fons
2597 2620 2682 2668 est
2703 2627 2977 2667 summum
3009 2611 3139 2669 illud
3185 2614 3412 2680 bonum,
3445 2625 3517 2670 ex

1925 2721 2036 2776 quo
2056 2703 2275 2759 vivendi
2296 2704 2602 2760 substantia
2634 2704 2974 2759 ministratur
3021 2705 3294 2772 omnibus,
3337 2705 3517 2776 ipsum

1929 2806 2110 2854 autem
2137 2798 2192 2852 in
2223 2813 2281 2852 se
2322 2798 2486 2853 habet
2532 2797 2700 2853 vitam
2747 2805 3076 2865 manentem,
3103 2814 3134 2854 a
3161 2798 3309 2854 nullo
3361 2796 3518 2869 quasi

1929 2891 2085 2961 inops
2114 2889 2335 2959 accipit,
2365 2889 2593 2961 largitur
2611 2888 2752 2944 bona
2777 2889 2918 2955 aliis,
2949 2903 3056 2944 non
3077 2888 3295 2944 aliunde
3321 2889 3520 2946 adsunt

1929 2980 2051 3035 sibi.
2092 2979 2276 3050 Neque
2294 2979 2438 3034 enim
2474 2979 2678 3051 indiget
2705 2979 2900 3046 nostri,
2931 2980 3074 3035 unde
3096 2989 3151 3036 et
3173 2981 3251 3036 ait
3272 2997 3341 3037 ex
3388 2996 3515 3052 per-

1931 3087 2062 3128 sona
2095 3071 2368 3128 hominis:
2395 3090 2415 3124 ς
2437 3071 2702 3140 Quoniam
2733 3072 2998 3128 bonorum
3033 3088 3278 3130 meorum
3304 3090 3414 3131 non
3436 3076 3517 3130 in-

1931 3163 2083 3231 diges
2114 3162 2229 3234 (Ps.
2258 3178 2348 3228 xv,
2374 3161 2465 3234 2);
2513 3163 2644 3233 quid
2668 3177 2796 3235 ergo
2837 3163 3114 3234 pulchrius
3133 3179 3296 3236 quam
3337 3166 3390 3221 ei
3422 3180 3520 3236 ap-

248 3257 588 3328 possessione
613 3264 774 3326 atque
794 3272 918 3322 usu,
942 3265 1000 3312 ut
1018 3257 1093 3312 ita
1115 3265 1333 3312 utamur
1354 3257 1460 3313 hoc
1488 3258 1693 3312 mundo
1719 3266 1830 3312 tan-
1931 3256 2318 3326 propinquare,
2343 3257 2393 3312 ei
2433 3257 2712 3314 adhzerere
2736 3259 2759 3312 ?
2795 3274 2916 3329 quae
2939 3260 3117 3332 major
3130 3261 3380 3354 voluptas
3399 3261 3524 3318 est?

251 3363 415 3417 quam
456 3363 561 3403 non
589 3356 824 3415 utamur,
847 3355 1103 3416 tanquam
1131 3355 1546 3417 prmtereuntes,
1568 3363 1676 3402 non
1704 3355 1827 3402 tan-
1931 3348 2078 3420 quod
2110 3348 2156 3403 is
2185 3349 2277 3418 qui
2326 3349 2522 3404 viderit
2569 3356 2626 3404 et
2672 3350 2738 3406 de
2779 3350 2927 3407 fonte
2973 3367 3130 3422 aqua:
3175 3348 3311 3408 viva:
3352 3351 3520 3424 gratis

249 3453 414 3507 quam
437 3438 754 3504 residentes,
770 3437 1103 3494 ambulantes
1128 3446 1381 3509 tanquam
1402 3439 1458 3494 in
1483 3439 1716 3510 imagine
1737 3454 1832 3495 sa:-
1932 3438 2249 3509 gustaverit,
2276 3438 2402 3508 quid
2419 3447 2599 3509 potest
2625 3439 2769 3494 aliud
2798 3440 3154 3497 desiderare?
3179 3457 3300 3512 quae
3318 3458 3483 3515 regna
3499 3484 3516 3508 ,

251 3529 360 3586 culi
395 3529 581 3584 nonin
617 3529 939 3599 cupiditate,
979 3538 1040 3582 ut
1080 3529 1419 3584 velocissima
1464 3528 1830 3600 disputatione
1932 3546 2070 3600 quas
2118 3536 2447 3598 potestates,
2499 3545 2662 3599 quam
2710 3531 3027 3600 pecuniam,
3066 3547 3187 3588 cum
3235 3533 3518 3596 advertat,

254 3625 428 3692 ipsam
461 3622 744 3692 imaginem
784 3619 943 3690 hujus
982 3621 1166 3676 mundi
1195 3630 1572 3676 transeamus:
1599 3622 1833 3692 denique
1933 3636 2098 3690 quam
2151 3621 2363 3676 miserae
2415 3620 2579 3675 etiam
2627 3621 2716 3676 hic
2762 3638 2954 3693 regum
2991 3624 3332 3678 conditiones
3373 3624 3514 3687 sint,

255 3713 375 3782 ipse
395 3710 498 3765 ﬁde
518 3710 828 3776 ambulans,
854 3727 959 3765 non
983 3711 1161 3780 specie
1182 3712 1624 3780 peregrinabatur
1649 3727 1683 3767 a
1707 3729 1832 3767 cor-
1935 3725 2101 3780 quam
2130 3709 2413 3764 mutabiles
2445 3711 2654 3780 imperii
2701 3720 2895 3776 status,
2941 3729 3102 3783 quam
3153 3715 3348 3786 exigua
3396 3716 3522 3772 vitae

255 3817 408 3875 pore,
426 3803 612 3858 aderat
630 3802 762 3869 Deo,
777 3811 832 3857 et
849 3817 972 3858 cum
995 3812 1139 3858 esset
1153 3803 1204 3856 in
1221 3803 1398 3868 terris,
1415 3818 1520 3858 non
1535 3803 1589 3857 in
1605 3805 1836 3860 terrenis

255 3895 352 3952 sed
375 3895 428 3950 in
457 3895 768 3951 caalestibus
789 3896 1210 3951 conversabatur
1237 3914 1250 3949 :
1276 3911 1405 3967 ergo
1425 3897 1606 3951 anima
1627 3907 1832 3966 nostra,

253 4004 378 4058 qua:
392 3987 502 4042 Deo
516 3985 629 4040 vult
649 3987 1101 4056 appropinquare,
1113 3985 1286 4041 elevet
1310 4002 1368 4042 se
1389 4002 1419 4039 a
1435 4002 1680 4058 corpore,
1697 4004 1837 4044 sem-

255 4094 356 4149 per
366 4078 441 4133 illi
455 4092 664 4133 summo
678 4078 950 4133 adhaereat
967 4077 1128 4143 bono,
1154 4077 1295 4148 quod
1307 4087 1393 4134 est
1405 4078 1662 4144 divinum,
1694 4079 1839 4150 quod

257 4178 344 4226 est
362 4183 591 4239 semper,
624 4177 679 4223 et
699 4169 840 4239 quod
868 4176 986 4223 erat
1006 4168 1072 4224 ah
1103 4168 1276 4235 initio,
1307 4178 1363 4224 et
1386 4170 1527 4240 quod
1548 4179 1667 4229 erat
1697 4173 1838 4241 apud

255 4263 450 4327 Deum,
481 4262 582 4317 hoc
609 4268 712 4326 est,
735 4261 830 4315 Dei
857 4259 1111 4316 Verbum.
1135 4261 1313 4330 Ipsum
1334 4271 1420 4316 est
1446 4261 1573 4317 illud
1598 4263 1838 4318 divinum

255 4356 315 4410 in
349 4369 455 4423 quo
483 4352 713 4407 vivimus
753 4360 808 4407 et
839 4367 1024 4407 sumus
1072 4359 1128 4406 et
1166 4366 1464 4416 movemur,
1515 4353 1691 4422 ipsum
1730 4362 1836 4422 est,

253 4445 404 4518 quod
426 4450 544 4498 erat
593 4443 646 4497 in
687 4443 966 4512 principio,
1012 4444 1186 4513 ipsum
1222 4451 1325 4508 est,
1363 4444 1506 4513 quod
1535 4451 1638 4511 est,
1686 4463 1704 4497 ι
1741 4445 1835 4501 Dei

1937 3796 2096 3865 hujus
2127 3798 2318 3867 spatia,
2346 3808 2551 3867 quanta
2578 3799 2632 3853 in
2677 3800 2795 3869 ipso
2830 3801 3056 3870 imperio
3108 3805 3350 3870 servitia,
3396 3821 3515 3860 cum

1939 3889 2007 3942 ad
2037 3888 2265 3943 aliorum
2295 3903 2400 3943 non
2430 3890 2497 3943 ad
2529 3905 2687 3945 suum
2712 3890 2898 3945 vivant
2925 3892 3248 3948 arbitrium?
3279 3895 3403 3965 quis
3426 3912 3523 3950 auo

1941 3992 2048 4038 tem
2069 3983 2370 4053 peculiatus
2405 3985 2472 4039 ad
2498 3985 2665 4040 vitam
2697 3995 2955 4042 aeternam
2997 3990 3212 4055 transit,
3265 3991 3370 4047 nisi
3412 3993 3524 4047 vir-

1942 4084 2116 4131 tutum
2135 4074 2301 4131 fultus
2322 4076 2555 4146 peculio,
2597 4078 2740 4147 quod
2781 4087 3058 4156 receptum
3102 4083 3354 4139 omnibus
3395 4084 3526 4140 solis

1939 4168 2196 4224 divitibus
2239 4167 2567 4239 impossibile
2613 4171 3027 4240 pronuntiatur?
3073 4172 3188 4229 Non
3237 4176 3401 4246 igitur
3442 4175 3528 4232 his

1941 4259 2019 4314 uti
2066 4260 2284 4314 beatum
2311 4268 2417 4326 est,
2442 4261 2537 4317 sed
2564 4261 2691 4318 illud
2711 4263 2914 4331 videre,
2953 4281 3060 4335 quo
3091 4267 3194 4322 ista
3235 4268 3521 4339 despicias,

1939 4356 1996 4403 et
2024 4364 2161 4404 vana
2190 4364 2318 4405 vero
2345 4350 2558 4408 refellas
2586 4360 2746 4422 atque
2784 4354 2966 4410 inania
2994 4364 3050 4412 et
3075 4373 3231 4414 cassa
3270 4359 3482 4430 judices
3507 4377 3521 4426 ;

1943 4439 2090 4494 illam
2121 4440 2277 4496 nudae
2300 4443 2544 4498 veritatis
2569 4444 3022 4514 pulchritudinem
3047 4447 3257 4521 diligas,
3285 4466 3405 4519 quae
3426 4451 3526 4507 bas

255 4505 403 4592 enim
425 4535 591 4590 Filius
617 4505 774 4589 Jesus
803 4505 1066 4599 causing,
1093 4535 1144 4588 in
1183 4534 1353 4600 vobis,
1380 4505 1587 4605 inquit,
1632 4544 1732 4599 est,
1781 4537 1828 4591 in

1941 4529 2119 4584 saaculi
2145 4528 2514 4602 fugosissimas
2539 4505 2809 4589 vanitates
2837 4505 3172 4606 redarguat:
3195 4505 3344 4610 erige
3364 4540 3532 4612 igitur

255 4642 368 4697 quo
421 4641 527 4680 non
579 4625 679 4679 fuit
712 4624 808 4679 Est
841 4633 896 4678 et
945 4639 1073 4690 non,
1129 4625 1222 4680 sed
1261 4624 1354 4680 Est
1406 4625 1460 4678 in
1522 4625 1611 4680 illo
1655 4627 1775 4681 fuit.
1812 4647 1830 4681 ο

255 4718 378 4788 Ipse
407 4717 540 4772 dixit
571 4715 739 4786 Moysi
789 4723 849 4769 ut
897 4714 1120 4780 diceret,
1159 4733 1177 4764 ι
1215 4715 1306 4784 qui
1352 4723 1438 4770 est
1475 4716 1622 4770 misit
1671 4731 1778 4771 me.
1813 4736 1833 4770 ι

256 4811 394 4868 Cum
421 4811 524 4866 hoc
549 4810 707 4880 igitur
730 4810 908 4864 anima
931 4817 1115 4865 nostra
1137 4808 1223 4874 sit,
1247 4815 1302 4862 et
1323 4808 1412 4873 sit,
1436 4809 1482 4863 si
1505 4808 1623 4863 ﬁeri
1643 4819 1840 4879 potest,

256 4918 495 4973 semper,
526 4910 585 4956 ut
629 4911 685 4957 et
716 4911 957 4956 nostrum
1011 4901 1181 4969 possit
1213 4899 1335 4969 quis
1375 4901 1577 4965 dicere,
1613 4918 1630 4951 ι
1662 4903 1842 4959 anima

259 5011 382 5053 mea
406 4997 458 5051 in
483 4995 729 5051 manibus
752 4997 855 5050 tuis
877 5010 1089 5065 semper
1108 5014 1126 5046 ι
1151 4995 1276 5058 erit,
1292 5005 1383 5050 aut
1401 4997 1446 5050 si
1477 5011 1581 5050 non
1605 4996 1659 5050 in
1681 5010 1844 5051 carne

259 5090 353 5155 sit,
381 5088 476 5143 sed
505 5087 558 5141 in
581 5085 772 5157 spiritu
806 5087 932 5151 erit,
968 5086 1014 5141 si
1064 5102 1124 5141 se
1169 5087 1399 5142 terrenis
1439 5103 1547 5142 non
1595 5087 1838 5151 misceat,

258 5194 387 5236 cum
413 5178 556 5234 enim
579 5179 647 5233 ad
677 5177 911 5233 carnalia
932 5175 1247 5244 reﬂectitur,
1276 5187 1400 5234 tunc
1413 5179 1463 5234 ei
1487 5179 1734 5235 illecebra
1749 5180 1846 5235 ob-

260 5269 407 5338 repit
450 5268 712 5338 corporis,
758 5276 884 5322 tunc
930 5267 1012 5321 ira
1058 5275 1113 5322 et
1155 5268 1518 5336 indignatione
1559 5278 1841 5334 exaestuat,

261 5367 396 5413 tunc
424 5357 678 5412 maestitia
707 5356 959 5422 afﬁcitur,
989 5364 1116 5411 tunc
1145 5359 1425 5426 supinatur
1457 5374 1555 5430 per
1583 5376 1842 5432 arrogan-

264 5449 422 5514 tiam,
439 5457 566 5504 tunc
580 5449 764 5506 dolore
776 5449 1044 5520 afﬂigitur;
1060 5451 1142 5504 hae
1153 5454 1633 5523 suntscgritudines
1648 5455 1844 5508 animae

260 5555 480 5611 graves,
503 5541 697 5610 quibus
718 5541 1032 5611 plerumque
1052 5542 1121 5597 ad
1159 5551 1386 5598 mortem
1434 5546 1667 5616 cogitur,
1715 5547 1842 5601 dum

263 5630 406 5684 oculi
443 5628 560 5698 ejus
589 5640 881 5696 caecantur,
905 5640 964 5687 ut
987 5648 1093 5688 non
1127 5632 1340 5688 videant
1370 5650 1496 5690 vere
1519 5636 1697 5691 lumen
1732 5638 1844 5708 glo-

270 5723 366 5777 riae
397 5729 451 5776 ct
471 5721 682 5778 divitias
717 5732 927 5778 aeternae
970 5723 1318 5788 bmretlitatis,
1369 5725 1508 5795 quod
1557 5727 1601 5781 si
1635 5743 1726 5782 eos
1777 5730 1841 5784 ad

1940 4628 2145 4693 oculos,
2180 4630 2383 4697 anima,
2413 4641 2552 4698 tuos,
2585 4633 2702 4689 illos
2727 4633 2932 4699 oculos,
2957 4636 3024 4690 de
3052 4637 3247 4706 quibus
3277 4639 3372 4694 tibi
3401 4656 3526 4695 ver-

1942 4721 2070 4776 bum
2096 4721 2193 4776 Dei
2220 4721 2380 4777 dicit:
2403 4740 2420 4773 ‹
2443 4721 2616 4779 Corde
2635 4739 2733 4779 nos
2744 4727 2978 4796 coepisti,
2997 4742 3153 4783 soror
3179 4744 3300 4786 mea
3328 4746 3524 4800 sponsa

1945 4809 2123 4882 (Cant.
2147 4825 2221 4877 IV,
2245 4810 2321 4882 9),
2352 4831 2372 4864 ι
2401 4813 2564 4868 corde
2605 4827 2703 4868 nos
2725 4814 2936 4884 coepisti
2968 4831 3076 4872 uno
3103 4817 3172 4873 ab
3199 4820 3370 4876 oculis
3396 4823 3522 4878 tuis.

1945 4901 2189 4958 Ascende
2216 4903 2271 4957 in
2293 4902 2547 4972 palmam,
2579 4905 2736 4960 vince
2770 4905 3044 4974 saeculum,
3075 4919 3136 4962 ut
3166 4917 3351 4967 teneas
3373 4912 3526 4968 verbi

1946 4993 2322 5060 altitudinem;
2351 4994 2641 5064 imaginem
2663 4995 2820 5051 istam
2865 4999 3049 5053 mundi
3096 4999 3229 5056 foris
3256 5002 3522 5072 relinque,

1945 5085 2080 5142 foris
2113 5085 2397 5151 malitiam,
2444 5087 2691 5144 introduc
2733 5097 2913 5145 autem
2963 5093 3157 5148 mentis
3201 5093 3520 5162 bonitatem,

1947 5192 2066 5248 quae
2099 5179 2258 5234 habet
2291 5181 2520 5252 gratiam
2552 5181 2608 5235 in
2633 5181 2778 5254 ligno
2814 5184 2957 5250 vitae,
2999 5185 3045 5241 si
3091 5186 3283 5242 laverit
3329 5189 3527 5246 stolam

1949 5286 2102 5326 suam
2123 5279 2179 5326 et
2207 5272 2543 5343 ingrediatur
2571 5273 2626 5328 in
2657 5273 2952 5340 civitatem,
2977 5290 3100 5346 quae
3133 5291 3262 5332 vera
3304 5287 3387 5332 est
3431 5293 3527 5347 pa-

1947 5361 2052 5416 tria
2079 5371 2409 5429 sanctorum,
2459 5363 2513 5418 in
2558 5378 2665 5433 qua
2713 5372 2796 5420 est
2835 5363 3047 5420 Domini
3095 5365 3525 5434 tabernaculum,

1945 5453 2089 5508 circa
2123 5453 2268 5523 quod
2295 5454 2486 5509 scribae
2513 5454 2725 5510 Domini
2755 5455 3120 5524 praetendunt,
3145 5455 3238 5510 ubi
3268 5471 3374 5510 non
3411 5456 3527 5513 dies

1945 5556 2040 5600 aut
2065 5546 2143 5603 sol
2175 5555 2272 5602 aut
2293 5547 2419 5602 luna
2451 5548 2632 5604 lumen
2657 5551 2990 5618 ministrant,
3013 5550 3108 5606 sed
3131 5551 3246 5621 ipse
3271 5550 3526 5606 Dominus

1943 5637 2122 5693 lumen
2152 5646 2252 5703 est,
2271 5647 2437 5695 totum
2457 5639 2599 5694 illam
2629 5641 2904 5696 civitatem
2930 5640 3257 5705 illuminans,
3280 5648 3364 5695 est
3383 5654 3526 5695 enim

1947 5730 2032 5784 lux
2065 5731 2266 5797 mundi,
2296 5748 2401 5786 non
2423 5733 2605 5808 utique
2635 5733 2722 5787 lux
2768 5733 3012 5800 visibilis,
3059 5733 3153 5789 sed
3200 5733 3522 5796 animarum,
