3956 6326
449 316 469 368 l
481 314 586 368 305

447 439 564 490 qua!
603 424 654 476 in
685 425 785 478 hoc
819 422 1017 480 mundo
1059 433 1185 478 sunt
1213 423 1562 494 intelligibilis
1592 422 1873 487 claritudo,
1899 419 2018 492 qui-
2049 421 2094 482 Α

445 517 546 569 bus
571 527 629 568 se
655 515 952 584 splendenti
975 514 1177 569 lumine
1193 515 1526 570 rationabilis
1543 513 2019 584 infunditpruden—

447 605 540 667 tia,
565 620 683 673 quae
710 605 1034 675 praedicatur
1065 606 1120 660 in
1148 605 1435 678 Evangelio
1469 624 1486 655 ι
1524 606 1580 660 in
1629 619 1854 674 corpore
1907 605 2018 658 vir-

446 695 598 757 tutis,
624 691 960 750 inﬁammans
980 709 1175 764 vapore
1191 710 1288 749 suo
1301 702 1504 750 secreta
1520 694 1798 759 mentium,
1813 693 2020 747 animo-

445 795 676 849 rumque
703 783 1018 851 penetralia.
1052 802 1070 835 ι
1104 783 1160 837 Si
1187 787 1307 856 quis
1329 785 1492 854 igitur
1507 783 1678 842 incola
1701 797 1820 837 esse
1841 795 2019 850 coepe-

445 870 518 923 rit
544 870 684 925 illius
709 871 940 925 civitatis
988 887 1250 941 supernae,
1289 873 1458 928 incola
1507 873 1754 927 videlicet
1795 886 2020 929 conver-

445 958 654 1012 satione
675 973 738 1013 ae
762 958 1018 1024 moribus,
1061 975 1166 1014 non
1207 960 1468 1026 discedat,
1521 976 1626 1015 non
1682 961 1859 1024 abeat,
1909 975 2018 1014 non

445 1055 623 1112 exeat,
645 1063 752 1101 non
780 1046 1019 1102 reﬂectat
1037 1047 1320 1118 vestigium
1366 1065 1470 1104 non
1495 1049 1738 1120 corporis
1759 1050 1899 1114 dico,
1921 1049 2016 1104 sed

444 1137 640 1191 mentis
688 1137 807 1192 dico
833 1138 1136 1213 vestigium,
1168 1154 1276 1193 non
1311 1148 1613 1195 revertatur
1654 1151 1840 1197 retro:
1870 1149 2016 1194 retro

446 1227 678 1293 luxuria,
705 1238 853 1286 retro
870 1229 1152 1299 impuritas
1183 1241 1306 1297 est;
1339 1232 1570 1301 denique
1613 1233 1906 1287 ascendens
1939 1232 2016 1287 'ad

445 1328 682 1374 montem
713 1319 874 1379 Loth.
910 1329 1056 1376 retro
1107 1322 1325 1393 reliquit
1377 1321 1737 1378 Sodomitari‘a
1791 1321 2010 1390 ﬂagitia.

445 1421 564 1476 quae
594 1416 769 1462 autem
813 1409 1048 1480 respexit
1068 1421 1238 1475 retro,
1267 1425 1370 1464 non
1404 1411 1577 1480 potuit
1623 1409 1690 1463 ad
1737 1411 2012 1479 superiora

443 1498 708 1563 evadere;
740 1513 846 1553 non
890 1516 1020 1570 ergo
1052 1501 1216 1571 pedes
1261 1502 1335 1555 tui
1366 1510 1531 1565 retro,
1571 1501 1664 1556 sed
1703 1515 1880 1556 mores
1907 1516 2011 1555 non

443 1597 801 1655 revertantur,
834 1607 939 1647 non
964 1591 1094 1647 ﬁant
1123 1609 1314 1649 manus
1341 1601 1443 1648 tute
1467 1593 1724 1657 remissa),
1767 1601 1823 1647 et
1849 1593 2010 1646 devo-

443 1681 604 1737 tionis
625 1690 728 1737 tuae
745 1699 804 1738 ac
831 1684 953 1739 ﬁdei
981 1700 1152 1756 genua
1182 1686 1459 1750 dissoluta,
1505 1702 1609 1742 non
1641 1685 1732 1740 ﬁat
1775 1683 2014 1740 volunta-

1075 314 1138 368 B.
1178 311 1430 369 RABANI
1464 311 1684 368 MAURI
1719 307 2038 366 ARCHIEP.
2081 307 2388 367 MOGUNT.
2431 309 2715 369 OPERUM
2750 311 2928 368 PARS
2964 313 3050 370 ΠΙ.

3565 309 3713 370 1564

2581 424 2814 486 LIBER
2858 426 3220 489 TERTIUS.

2495 566 2575 607 DE
2628 566 2804 608 Μυυο
2847 565 3298 610 ΡΟΕΝῘΤΕΝΤΙΕ.

2469 665 2595 720 Car.
2632 665 2672 718 Ι.
2690 665 2849 719 -—De
2871 683 2987 720 vera
3009 669 3325 736 pcnitentia.

2185 774 2317 829 Cum
2353 776 2646 830 maximum
2691 776 2888 831 bonum
2927 777 2997 832 sit
3035 787 3092 832 ut
3137 779 3297 834 homo
3342 781 3712 850 semetipsum

2115 861 2402 919 humilians
2425 866 2688 920 conditori
2711 881 2807 920 suo
2827 882 2884 922 se
2908 881 3004 936 per
3024 871 3200 922 omnia
3230 871 3452 936 subdat,
3485 881 3546 926 et
3571 891 3714 943 pne—

2116 955 2285 1023 ceptis
2312 955 2392 1009 eis
2415 956 2673 1010 obediens
2711 972 2816 1010 non
2867 957 2920 1010 in
2965 960 3255 1030 semetipso
3285 961 3556 1016 ﬁduciam
3607 965 3709 1018 ha-

2113 1043 2255 1110 heat,
2286 1046 2378 1100 sed
2413 1045 2641 1104 firmiter
2674 1047 2727 1101 in
2763 1046 2856 1102 Dei
2889 1049 3131 1103 bonitate
3155 1051 3417 1115 conﬁdat,
3441 1062 3502 1107 et
3539 1056 3706 1121 quid.

2113 1133 2324 1207 quidse
2352 1135 2660 1192 meminerit
2679 1138 2927 1204 nequiter
2951 1139 3148 1208 egisse,
3166 1155 3264 1209 per
3291 1143 3707 1198 confessionem

2114 1225 2384 1280 sacerdoti
2425 1227 2728 1299 patefaciat,
2767 1237 2824 1282 et
2871 1244 2968 1296 pro
3006 1230 3106 1284 hoc
3154 1232 3272 1302 ipso
3308 1235 3707 1303 pmnitentiam

2113 1317 2428 1385 condignam
2468 1326 2642 1389 gerat,
2687 1333 2910 1388 sperans
2951 1320 3004 1374 in
3057 1323 3434 1380 misericordia
3487 1323 3712 1392 opiﬁcis

2112 1408 2192 1461 sui
2241 1409 2365 1477 μιοᾶ
2395 1408 2525 1478 ipse,
2555 1409 2644 1479 qui
2676 1425 2798 1464 eum
2845 1426 2910 1466 ex
2956 1413 3123 1467 nihilo
3174 1415 3440 1480 condidit,
3507 1426 3714 1486 potens

2112 1509 2195 1554 est
2214 1508 2334 1569 post
2362 1501 2571 1570 laps-um
2600 1515 2814 1560 rursum
2841 1518 3186 1572 recuperare,
3219 1516 3272 1559 et
3295 1505 3368 1560 de
3406 1517 3710 1574 peccatore

2104 1588 2310 1657 justum
2341 1589 2542 1655 facere,
2571 1599 2734 1660 atque
2762 1593 2946 1646 aeterni
2971 1595 3117 1664 regni
3151 1595 3308 1649 simul
3337 1611 3466 1649 cum
3502 1599 3708 1652 sanctis

2111 1681 2314 1751 angelis
2352 1681 2464 1736 suis
2491 1682 2808 1750 participem
2839 1681 3070 1749 eﬁ'icere,
3117 1686 3251 1755 proh
3293 1684 3488 1739 dolor!
3551 1688 3704 1742 multi

442 1772 512 1827 tis
537 1780 640 1828 tute
664 1774 899 1829 recidiva
929 1775 1236 1842 inﬁrmitas,
1263 1793 1368 1832 non
1391 1777 1527 1832 ullus
1551 1778 1885 1832 intercursus
1903 1773 2008 1829 cri-
2039 1767 2082 1825 B
2111 1785 2238 1828 sunt
2264 1772 2352 1842 qui
2379 1787 2605 1842 peccare
2649 1789 2756 1828 non
2787 1781 3048 1839 metuunt,
3088 1784 3144 1829 et
3171 1792 3347 1847 usque
3398 1777 3468 1831 ad
3519 1779 3708 1831 termi-

437 1860 664 1926 minum,
699 1864 791 1918 sed
811 1863 1086 1935 ingressus
1105 1880 1180 1928 es,
1210 1881 1389 1932 mane,
1414 1866 1726 1936 pervenisti,
1753 1864 2010 1927 consiste,

438 1952 656 2007 salvans
695 1953 844 2008 salva
883 1955 1118 2012 animam
1165 1965 1334 2023 tuam,
1380 1957 1676 2012 ascendens
1725 1956 2012 2019 directum,

435 2040 620 2096 attolle
655 2043 903 2112 gradum,
930 2045 1108 2100 nullus
1135 2046 1256 2101 inde
1281 2054 1391 2102 tute
1415 2046 1552 2102 sedit
1579 2044 1763 2118 [Forte
1781 2043 1880 2114 leg.
1905 2043 2016 2098 dis-

437 2133 600 2207 cedit]
619 2175 632 2196 ,
663 2135 788 2190 hinc
807 2136 912 2202 via,
940 2136 1064 2191 inde
1093 2137 1247 2192 ruina
1279 2147 1380 2202 est,
1403 2137 1531 2193 hinc
1569 2151 1846 2199 ascensus,
1890 2133 2014 2188 inde

437 2227 816 2296 prmcipitium,
849 2229 1172 2284 ascendendi
1202 2229 1416 2298 quidem
1453 2230 1625 2292 labor,
1673 2229 1764 2283 sed
1792 2227 2014 2282 descen-

437 2317 596 2370 dendi
633 2317 950 2386 periculum,
1003 2318 1096 2373 sed
1131 2328 1322 2387 potens
1371 2327 1455 2373 est
1498 2317 1777 2381 Dominus,
1822 2315 1913 2386 qui
1961 2321 2011 2369 te

407 2407 718 2468 ~fundatnm
765 2409 874 2464 illic
895 2411 1185 2476 custodiat,
1215 2417 1424 2480 septum
1459 2407 1795 2478 Prophetieis
1841 2405 2012 2461 muris

439 2507 496 2553 et
526 2498 835 2568 apostolicis
865 2499 1123 2564 turribus,
1152 2499 1272 2554 ideo
1293 2499 1388 2553 tibi
1414 2498 1546 2554 dicit
1567 2497 1856 2552 Dominus:
1889 2513 1908 2545 ι
1933 2495 2013 2548 ln-

437 2597 596 2655 trate,
621 2589 848 2653 calcate,
879 2591 1002 2658 quia
1036 2590 1243 2645 assistit
1269 2590 1560 2655 vindemia,
1586 2591 1732 2644 intus
1774 2602 1880 2642 non
1931 2585 2012 2639 fo-

439 2678 515 2735 ris
542 2680 730 2743 simus,
763 2699 780 2734 ι
816 2689 868 2735 et
905 2681 957 2734 in
1005 2681 1293 2750 Evangelio
1341 2681 1435 2736 Dei
1466 2680 1633 2735 Filius
1660 2679 1792 2735 dicit
1818 2695 1830 2730 :
1860 2696 1876 2726 ι
1907 2674 2010 2742 Qui

435 2785 466 2825 e
499 2769 594 2824 tin
624 2779 787 2836 tecto,
824 2785 928 2826 non
973 2771 1263 2826 descendat
1289 2785 1413 2826 vasa
1445 2787 1539 2827 sua
1571 2772 1755 2828 tollere
1795 2771 2008 2844 (Matth.

437 2877 584 2928 xxtv,
617 2862 702 2934 l7)
733 2884 752 2915 ι
781 2881 794 2928 ;
829 2879 932 2919 non
957 2863 1139 2934 utique
1172 2865 1240 2920 de
1262 2866 1364 2920 hoc
1386 2873 1526 2921 tecto
1549 2866 1763 2932 dicitur,
1808 2869 1903 2922 sed
1945 2867 2013 2922 de

432 2953 564 3008 illo:
590 2953 840 3008 Extendit
861 2953 1056 3010 cmlum
1077 2955 1216 3010 sicut
1231 2971 1528 3024 cameram;
1555 2958 1697 3012 intus
1724 2973 1850 3028 ergo
1871 2967 2010 3023 esto,

434 3042 575 3099 intra
605 3041 922 3107 Jerusalem,
952 3043 1093 3098 intra
1126 3044 1359 3100 animam
1389 3033 1535 3100 tuam
1574 3047 1877 3117 paciﬁcam,
1916 3049 2013 3103 mi-

2112 1881 2239 1920 num
2261 1879 2398 1934 pene
2424 1865 2547 1919 vita:
2573 1881 2704 1929 sure,
2735 1865 2784 1919 in
2814 1865 3052 1934 peccatis
3076 1867 3255 1922 vivere
3289 1882 3406 1921 non
3458 1878 3708 1932 cessant,

2112 1957 2326 2012 sibimet
2353 1957 2588 2026 periculo
2610 1972 2668 2012 se
2690 1957 3026 2013 blandientes
3045 1967 3218 2028 atque
3265 1959 3532 2014 dicentes
3566 1980 3579 2012 :
3613 1961 3706 2014 bli-

2111 2047 2404 2102 serieordia
2435 2047 2528 2100 Dei
2553 2061 2742 2118 magna
2772 2055 2875 2110 est,
2904 2055 2958 2102 et
2985 2047 3112 2101 licet
3161 2063 3372 2103 omnes.
3415 2051 3542 2104 dies
3589 2053 3710 2107 vita

2110 2153 2244 2192 mea:
2273 2137 2325 2191 in
2351 2139 2588 2207 peccatis
2613 2138 2800 2193 ducam
2826 2147 2879 2192 et
2902 2136 3054 2205 juxta
3091 2137 3298 2192 obitum
3337 2155 3537 2193 meum
3588 2149 3706 2195 tan-

2111 2227 2230 2282 dem
2267 2224 2542 2283 conl‘essus
2568 2227 2720 2283 fuero
2740 2237 2960 2298 peccata
3007 2245 3147 2295 mea,
3205 2237 3263 2284 et
3313 2231 3706 2300 paenitentia

2111 2317 2396 2385 accipiam,
2425 2317 2679 2371 continuo
2703 2318 2881 2373 salvus
2909 2334 3023 2380 ero,
3051 2320 3176 2388 quia
3203 2321 3472 2373 nesciunt
3525 2328 3708 2374 utmm

2109 2407 2190 2460 eis
2213 2407 2370 2461 unius
2396 2407 2500 2461 diei
2527 2407 2756 2476 spatium
2785 2423 2946 2478 super
2978 2417 3177 2462 terram
3200 2411 3396 2464 vivere
3433 2413 3707 2465 conceda—

2110 2505 2217 2552 tur.
2248 2497 2354 2552 Alii
2383 2509 2560 2552 autem
2572 2507 2702 2567 .post
2725 2500 3069 2554 commissum
3098 2502 3402 2555 multorum
3431 2503 3708 2557 scelerum

2109 2591 2428 2659 semetipsos
2457 2590 2829 2659 desperantes,
2857 2575 2910 2646 et
2934 2592 3000 2646 de
3028 2591 3270 2646 bonitate
3297 2593 3399 2647 Dei
3456 2592 3708 2647 diuiden-

2111 2690 2211 2746 tes,
2237 2682 2484 2740 aiuntse.
2517 2682 2560 2735 si
2590 2690 2708 2750 post
2729 2682 3406 2753 baptismiperceptionem
3449 2685 3709 2738 sordibus

2110 2775 2360 2828 Vitiorum
2387 2773 2694 2844 polluerint,
2724 2789 3062 2844 nequaquam
3089 2775 3138 2827 in
3161 2774 3462 2844 pristinum
3500 2783 3703 2828 statam

2111 2863 2416 2933 recuperari
2441 2878 2619 2933 posse,
2645 2872 2698 2917 et
2729 2863 2988 2934 integram
3011 2862 3218 2916 veniam
3240 2865 3580 2932 promereri.
3601 2863 3704 2918 Sed

2111 2953 2234 3022 quia
2267 2954 2368 3007 iste
2387 2968 2541 3008 error
2569 2953 2675 3007 late
2705 2967 2762 3008 se
2783 2953 3000 3022 sparsit.
3022 2960 3075 3006 et
3107 2953 3158 3006 in
3187 2953 3377 3006 multis
3402 2954 3546 3008 locis
3593 2971 3704 3008 ma-

2114 3047 2194 3114 gis
2221 3046 2500 3116 magisque
2539 3045 2776 3110 inolevit,
2809 3047 3024 3116 dignum
3049 3060 3168 3100 esse
3188 3047 3413 3100 videtur
3445 3049 3606 3112 mihi,
3645 3059 3706 3102 nt

435 3144 547 3187 tem
581 3142 744 3203 atque
772 3133 1113 3203 tranquillam
1140 3149 1283 3200 ',non
1307 3151 1478 3191 exeas,
1497 3137 1562 3192 de
1575 3115 1674 3204 ea,
1708 3153 1882 3208 neque
1911 3139 2004 3194 de—
2035 3115 2082 3178 ο
2114 3137 2182 3189 ad
2209 3115 2354 3190 hunc
2381 3134 2720 3196 abolendum,
2754 3115 3042 3189 canonicas
3072 3135 3376 3189 sententias
3427 3144 3485 3189 et
3517 3137 3704 3190 ortho-

439 3224 685 3288 seendas,
712 3239 805 3279 vas
833 3233 980 3278 tuum
1010 3225 1169 3285 istud,
1201 3233 1295 3279 aut
1320 3226 1636 3291 honoribus,
1666 3237 1760 3283 aut
1783 3229 2006 3294 divitiis,

439 3323 534 3388 aut
555 3315 858 3385 arrogantia
885 3313 1147 3378 attollere,
1173 3313 1322 3368 intus
1341 3323 1459 3370 esto
1497 3324 1555 3370 ut
1581 3332 1679 3386 per
1724 3326 1775 3372 te
1823 3303 2012 3372 alieni-

437 3417 588 3474 genu:
610 3418 714 3457 non
740 3409 1034 3467 transeant,
1060 3410 1276 3472 peccata
1292 3405 1526 3460 animam
1543 3416 1685 3461 tuam
1705 3423 1810 3462 non
1834 3416 2010 3463 trans-

435 3501 582 3558 eant,
630 3507 782 3547 vanae
823 3493 1162 3562 operationes
1192 3502 1246 3548 et
1292 3496 1639 3566 cogitationes
1677 3498 1865 3554 inanes
1902 3513 2010 3552 non

436 3594 730 3648 transeant,
765 3585 810 3640 si
847 3593 1024 3640 autem
1073 3586 1491 3643 sanctiﬁcaberis
1519 3587 1701 3662 [Forte
1741 3590 1840 3661 leg.
1882 3605 2008 3646 san-

436 3678 786 3750 ctiﬁcaveris]
816 3679 1013 3737 bellum
1051 3695 1150 3750 pro
1197 3681 1496 3736 devotionis
1546 3691 1601 3738 et
1652 3681 1774 3737 ﬁdei
1829 3692 2005 3738 certa-

435 3770 602 3834 mine,
631 3785 728 3840 pro
759 3771 1002 3828 veritatis
1037 3771 1240 3838 studio,
1283 3772 1539 3828 adversus
1583 3773 1893 3843 passionum
1946 3773 2008 3827 il-

434 3863 697 3929 lecebras,
726 3871 782 3923 et
811 3865 1106 3934 sumpseris
1133 3879 1280 3922 arma
1308 3865 1402 3918 Dei
1433 3866 1715 3920 adversum
1738 3864 2008 3935 spiritales

435 3955 702 4024 nequitias
740 3965 793 4012 et
822 3957 1072 4012 astutiam
1103 3957 1320 4022 diaboli,
1372 3959 1462 4028 qui
1505 3967 1780 4028 pertentat
1817 3973 2007 4014 sensus

435 4057 654 4108 nostros
678 4049 865 4105 fraude
892 4065 954 4106 ac
983 4049 1134 4116 dolo,
1153 4065 1312 4122 quem
1344 4059 1657 4107 mansuetus
1677 4049 1905 4105 bellator
1931 4049 2009 4104 fa-

435 4144 538 4200 cile
561 4146 782 4215 poterit,
822 4145 914 4214 qui
939 4161 1044 4203 non
1085 4152 1229 4201 serat
1257 4143 1453 4215 iurgia,
1503 4146 1596 4200 sed
1649 4143 1790 4199 sicut
1830 4144 2006 4208 decet,

436 4255 653 4300 servum
686 4240 1042 4302 Domini-cum
1068 4239 1328 4294 modestia
1361 4238 1516 4293 ﬁdem
1553 4237 1761 4302 doceat,
1811 4247 1865 4291 et
1915 4251 2008 4292 eos

437 4333 537 4401 qui
571 4333 928 4388 adversantur
955 4331 1258 4400 redarguat,
1303 4331 1368 4386 de
1399 4331 1500 4385 hoc
1527 4329 1658 4385 dicit
1688 4329 1963 4398 Scriptura
1991 4347 2008 4382 :

436 4423 538 4490 Qui
571 4430 883 4481 mansuetus
898 4429 980 4475 est
1008 4419 1233 4475 bellator
1266 4428 1536 4491 exsurgat,
1567 4431 1622 4475 et
1649 4418 1892 4473 inﬁrmus
1929 4418 2010 4472 di-

437 4525 526 4572 cat
551 4530 570 4568 :
596 4532 614 4564 ι
648 4513 838 4568 Omnia
861 4526 1080 4580 possum
1102 4511 1155 4566 in
1182 4526 1250 4565 eo
1272 4512 1368 4580 qui
1402 4525 1488 4565 me
1527 4511 1794 4568 confortat
1841 4509 2004 4580 (Phil.

437 4625 518 4673 1v,
548 4607 634 4679 l5)
654 4645 668 4659 .
703 4625 720 4656 ι
755 4604 862 4660 [lac
888 4605 991 4660 ﬁde
1014 4603 1182 4660 fretus
1201 4605 1362 4659 etiam
1387 4605 1478 4673 qui
1503 4602 1852 4658 inﬁrmusest
1871 4620 2008 4674 prae-

437 4701 658 4761 valebit,
697 4709 752 4755 et
781 4699 885 4753 erit
925 4705 1108 4752 sancta
1154 4698 1330 4752 anima
1375 4695 1512 4766 ejus,
1539 4704 1594 4750 et
1637 4697 1914 4752 stillabunt
1958 4698 2011 4752 ei-

439 4800 652 4848 montes
674 4790 965 4861 prophetici
993 4789 1074 4842 vel
1095 4789 1374 4859 apostolici
1403 4788 1759 4852 dulcedinem,
1800 4795 1856 4844 et
1899 4789 2010 4843 col“.

437 4887 519 4947 les
550 4884 713 4939 (luent
739 4883 820 4937 lac
853 4883 1029 4952 (Amos
1061 4881 1247 4951 rx,l3)
1267 4922 1282 4945 ,
1319 4880 1492 4952 qualis
1518 4881 1606 4936 ille
1631 4880 1781 4934 collis
1808 4881 1898 4950 qui
1941 4881 2014 4935 la-

439 4977 548 5034 etis
573 4981 754 5045 potum
785 4973 1078 5028 Corinthiis
1102 4973 1282 5037 dabat,
1315 4981 1367 5027 et
1395 4971 1559 5026 ﬂuent
1601 4972 1650 5025 ei
1697 4991 1713 5021 ε
1757 4987 1910 5039 aquae
1945 4973 2016 5027 de

440 5068 555 5124 suis
580 5064 746 5122 vasis.
772 5070 828 5122 et
847 5071 1127 5128 puteorum
1151 5076 1368 5116 suorum
1395 5061 1648 5125 fontibus,
1671 5060 1752 5114 vel
1777 5062 1844 5116 de
1883 5076 2012 5116 ven—

441 5166 524 5212 tre
543 5155 659 5226 ejus
688 5167 836 5222 aqua?
863 5151 1016 5214 vivce,
1048 5173 1066 5203 ι
1102 5151 1370 5223 spiritales
1409 5152 1655 5208 videlicet
1699 5167 1835 5222 quas
1883 5151 2014 5208 ﬁde-

441 5247 580 5304 libus
618 5247 730 5302 suis
767 5243 998 5314 Spiritus
1024 5254 1240 5300 sanctus
1268 5245 1553 5307 ministrat,
1591 5245 1686 5313 qui
1713 5245 1874 5299 etiam
1902 5245 2016 5299 ani-

443 5352 586 5394 mam
619 5345 764 5392 tuam
788 5334 1042 5407 dignetur
1069 5337 1262 5406 rigare,
1297 5354 1322 5384 ι·
1354 5347 1413 5390 ut
1445 5335 1680 5390 abundet
1705 5337 1757 5390 in
1802 5345 1852 5390 te
1894 5335 2013 5391 fons

443 5441 596 5505 aquae
622 5427 862 5485 salientis
905 5429 956 5483 in
1004 5427 1166 5480 vitam
1213 5435 1469 5481 aeternam
1538 5427 1711 5483 ’Jaan.
1743 5427 1952 5497 mit).
1989 5448 2008 5481 ι

1117 5609 1330 5624 ’.υ-ν’-

2111 3224 2372 3280 doxorum
2405 3224 2621 3278 Patrum
2655 3224 2795 3278 dicta
2822 3223 2874 3276 in
2901 3238 3064 3276 unum
3099 3223 3350 3278 volumen
3379 3239 3698 3294 congeram,

2111 3317 2310 3386 etquid
2341 3317 2509 3372 sancti
2532 3316 2718 3372 Patres
2743 3316 2866 3370 inde
2885 3317 3190 3371 censuerint
3233 3318 3606 3381 credendum,
3650 3327 3704 3373 et

2110 3408 2238 3478 quid
2266 3423 2368 3478 ego
2397 3407 2526 3462 inde
2546 3407 2778 3462 sentiam
2803 3405 3144 3476 patefaciam.
3190 3405 3330 3460 Nam
3375 3417 3698 3462 sanctorum

2108 3501 2491 3572 prophetarum
2517 3500 2677 3562 dicta,
2706 3499 2832 3554 licet
2863 3500 2917 3554 in
2944 3500 3210 3568 aliquibus
3249 3502 3551 3555 sententiis
3573 3516 3696 3571 pee-

2107 3594 2355 3649 cantibus
2382 3607 2570 3663 ptenas
2601 3592 2890 3656 minentur,
2920 3601 3096 3646 tamen
3142 3591 3439 3646 manifeste
3470 3609 3696 3648 conver—

2107 3684 2184 3738 sis
2210 3700 2239 3737 a
2265 3682 2523 3753 peccatis,
2549 3689 2606 3736 et
2623 3697 2750 3736 vere
2789 3680 3164 3750 paenitentiam
3203 3683 3502 3752 agentibus
3549 3698 3700 3751 spem

2107 3773 2276 3828 veniae
2297 3774 2448 3837 dant,
2479 3779 2533 3827 et
2558 3771 2930 3825 remissionem
2952 3778 3296 3840 peccatorum
3342 3771 3454 3826 illis
3499 3773 3700 3841 praedi-

2108 3875 2253 3930 cant,
2283 3866 2424 3920 unde
2458 3872 2513 3919 et
2535 3863 2651 3933 ipse
2679 3863 2936 3918 Dominus
2960 3864 3011 3916 in
3053 3865 3311 3918 mundum
3363 3867 3599 3922 veniens
3645 3877 3696 3921 et

2107 3954 2223 4008 sine
2276 3965 2499 4024 peccato
2539 3965 2638 4022 per
2669 3953 2930 4022 virginem
2970 3960 3131 4008 natus
3169 3962 3494 4022 peccatores
3536 3958 3606 4010 ad
3641 3973 3697 4011 se

2107 4058 2405 4100 convocare
2427 4043 2681 4113 dignatus
2703 4049 2806 4106 est,
2839 4042 3021 4095 statim
3053 4043 3108 4095 in
3135 4042 3291 4096 initio
3343 4046 3694 4113 praedicatio-

2107 4137 2191 4192 nis
2212 4150 2340 4198 suae,
2365 4137 2506 4188 sicut
2527 4133 2808 4188 Matthzeus
2827 4133 3154 4202 evangelista
3199 4141 3458 4200 testatur,
3506 4138 3696 4192 eadem

2106 4231 2270 4284 verba
2301 4242 2418 4298 quae
2445 4241 2747 4296 praecursor
2770 4241 2899 4280 suus
2926 4223 3162 4281 Joannes
3204 4227 3460 4282 videiicet
3509 4229 3694 4300 Bapti-

2109 4329 2192 4376 sta
2216 4320 2268 4374 in
2290 4317 2505 4373 deserto
2529 4317 2727 4372 Judzeze
2761 4316 3002 4371 docendo
3028 4324 3152 4371 ante
3197 4318 3530 4387 protulerat,
3585 4322 3702 4390 ipse

2110 4410 2454 4481 prmdicabat,
2481 4407 2549 4462 de
2577 4422 2684 4476 quo
2739 4407 3002 4476 scriptum
3044 4416 3128 4462 est
3160 4426 3174 4438 -
3210 4427 3230 4458 ο
3273 4409 3410 4463 Cum
3454 4412 3700 4466 audiss-t

2110 4499 2267 4554 Iesus
2290 4497 2433 4568 quod
2458 4495 2694 4550 Joannes
2717 4496 2949 4551 traditus
2968 4504 3073 4560 est,
3109 4498 3274 4567 cmpit
3301 4500 3610 4567 prmdicare
3643 4512 3700 4557 et

2107 4590 2288 4645 dicere
2321 4607 2334 4643 :
2372 4607 2390 4640 ι
2422 4587 2798 4642 Pmnitentiam
2841 4587 3008 4658 agite,
3049 4588 3508 4658 appropinquahit
3551 4595 3700 4647 enim

2108 4698 2330 4754 regnum
2359 4681 2617 4737 coalorum
2645 4679 2858 4749 (Matth.
2890 4696 2973 4744 ιιι,
2997 4678 3086 4748 2);
3129 4699 3147 4730 ι
3180 4680 3224 4733 si
3260 4681 3407 4734 enim
3443 4681 3538 4736 ille
3573 4699 3698 4754 pec-

2107 4771 2380 4826 catoribus
2406 4771 2565 4840 digne
2593 4784 2692 4837 pro
2729 4769 2965 4838 peccatis
2990 4769 3104 4823 suis
3127 4770 3508 4836 paenitentia-ri
3536 4787 3702 4844 agen—

2107 4863 2253 4917 tibus
2283 4857 2562 4929 ignoscere
2587 4859 2770 4922 nollet,
2805 4874 3144 4928 nequaquam
3173 4874 3268 4913 eos
3313 4875 3484 4930 agere
3519 4866 3698 4930 paeni-

2113 4954 2336 5010 tentiam
2360 4951 2593 5021 iuberet,
2621 4953 2758 5006 bene
2782 4967 2912 5022 ergo
2935 4965 3032 5020 per
3055 4951 3392 5006 Salvatorem
3423 4955 3700 5021 perniten-

2111 5048 2254 5101 tibus
2283 5045 2711 5115 appropinquare
2738 5058 2960 5113 regnum
2987 5044 3246 5098 cmlomm
3294 5043 3526 5109 dicitur,
3571 5047 3700 5115 quia

2111 5154 2208 5210 per
2238 5139 2411 5208 ipsum
2443 5137 2516 5190 de
2537 5136 2659 5190 imis
2687 5136 2753 5190 ad
2775 5135 2882 5188 alta
2908 5135 3272 5200 sublevamur,
3298 5139 3700 5208 appropinqua-

2109 5230 2190 5284 bit
2213 5228 2358 5283 enim
2395 5241 2522 5280 vere
2563 5234 2689 5280 tunc
2735 5226 3120 5295 paenitentibus
3146 5241 3370 5296 regnum
3403 5229 3698 5291 calorum,

2113 5334 2235 5374 cum
2249 5317 2496 5372 Salvator
2509 5324 2692 5371 noster
2706 5317 2758 5370 in
2771 5331 2870 5372 suo
2881 5317 3108 5371 adventu
3121 5318 3373 5372 omnibus
3385 5319 3700 5388 quicumque

2110 5425 2207 5480 per
2233 5409 2606 5478 paenitentiam
2637 5408 2829 5478 priscis
2855 5407 3131 5461 erroribus
3154 5407 3609 5463 abrenuntiantes
3629 5411 3698 5463 ad

2111 5496 2226 5565 ejus
2251 5497 2412 5552 ﬁdem
2435 5505 2490 5552 et
2509 5497 2836 5568 baptismum
2865 5495 3248 5566 confugerunt,
3271 5497 3438 5551 vitam
3485 5501 3696 5568 promi-

2111 5591 2181 5643 sit
2208 5598 2486 5650 :eternam,
2523 5607 2539 5638 σ
2573 5597 2838 5656 quotquot
2870 5596 3046 5642 autem
3076 5597 3396 5656 receperunt
3419 5604 3570 5650 eum,
3601 5591 3696 5642 de-

2111 5682 2183 5742 dit
2209 5681 2288 5738 eis
2307 5678 2630 5751 potestatem
2656 5680 2792 5738 ﬁlios
2813 5679 2905 5734 Dei
2945 5679 3058 5734 ﬁeri
3104 5679 3284 5749 (Joan.
3319 5699 3359 5740 ι,
3394 5681 3480 5744 με)
3504 5721 3518 5743 ,
3553 5700 3570 5728 ι
3601 5696 3696 5738 an—
