3956 6326
168 381 297 439 i305

1360 374 1448 431 DE
1486 372 1675 432 MODO
1707 368 2207 432 ΡοεΝιΤεΝΤιιε.

3272 379 3411 436 I300

165 495 480 568 propinquat
508 492 673 549 etiam
705 498 762 548 et
791 505 954 557 nunc,
986 491 1112 561 quia
1160 490 1275 562 ipse
1300 490 1576 562 discipulis
1616 489 1730 546 suis
1759 494 1805 553 Α
1832 490 1920 547 die
1938 492 2151 564 judicii,
2178 492 2304 547 hinc
2353 491 2553 548 nullam
2598 492 2915 548 servitutem
2962 494 3120 550 nobis
3166 496 3282 562 das,
3326 496 3414 551 vel

165 592 282 655 post
296 582 742 639 resurrectionem
762 595 915 637 suam
933 578 1096 650 jussit
1111 574 1407 651 praedicare
1424 580 1486 635 .in
1516 580 1734 636 nomine

167 674 283 743 ejus
327 674 704 742 ptenitentiam
750 680 806 729 et
861 672 1236 728 remissionem
1285 681 1630 744 peccatorum
1675 673 1731 728 in

164 779 346 820 omnes
392 770 602 834 gentes,
657 781 676 814 ι
716 762 784 818 Et
825 776 971 828 ecce,
999 763 1096 829 ait,
1147 777 1247 833 ego
1288 762 1567 818 vobiscum
1615 777 1734 817 sum

163 856 409 913 omoib'us
432 853 623 910 diebus
648 868 821 924 usque
864 855 930 909 ad
985 853 1502 909 consummationem
1552 852 1735 909 saeculi

167 943 376 1015 (Hattlt.
409 960 602 1010 xxviii,
643 944 759 1017 20).
805 964 826 997 ι
858 944 1092 1000 Necesse
1140 952 1225 999 est
1261 944 1405 999 enim
1448 944 1737 1015 unicuique

165 1037 257 1107 qui
284 1051 340 1093 se
362 1045 704 1108 peccatorem
747 1043 805 1090 et
836 1050 988 1113 reum
1034 1049 1156 1091 esse
1191 1036 1486 1105 cognoscit,
1523 1045 1580 1090 ut
1613 1051 1736 1091 cum

164 1128 489 1199 pmoitentias
506 1127 723 1184 sibimet
742 1127 982 1184 remedio
1029 1127 1334 1192 subveniat,
1373 1142 1476 1182 nec
1528 1125 1740 1183 diil'erat

166 1220 233 1275 de
257 1218 339 1275 die
361 1218 416 1274 in
443 1219 591 1274 diem'
609 1219 852 1275 converti
891 1219 946 1274 in
979 1218 1192 1284 melius,
1221 1217 1317 1274 sed
1340 1217 1466 1275 dum
1497 1228 1654 1285 vacat
1684 1227 1739 1274 et

167 1308 223 1364 in
242 1309 344 1366 hac
365 1311 474 1366 vita
495 1311 760 1378 subsistit,
808 1312 1022 1367 studeat
1066 1311 1240 1382 magis
1292 1300 1547 1382 operibus
1582 1311 1739 1369 bonis

166 1415 345 1457 curam
373 1401 705 1472 impendere,
727 1416 889 1472 quam
910 1402 1249 1474 negligentia:
1273 1402 1478 1458 desidia
1498 1410 1736 1475 torpere,

166 1492 387 1548 docente
409 1480 513 1548 hoc
536 1491 816 1563 Scriptura
856 1503 1021 1565 atque
1058 1493 1310 1549 dicente:
1342 1510 1362 1543 ι
1390 1491 1468 1548 Ne
1516 1493 1740 1565 adjicias

164 1592 444 1655 peccatum
471 1600 637 1656 super
678 1594 958 1657 peccatum
1000 1595 1056 1643 et
1079 1586 1230 1643 dicas
1270 1605 1285 1641 :
1328 1585 1737 1645 «Misericordia

164 1675 261 1731 Dei
286 1676 449 1732 multa
469 1685 582 1744 est;
613 1679 869 1747 quoniam
902 1680 1276 1738 misericordia
1312 1690 1368 1739 et
1405 1683 1487 1737 ira
1533 1683 1602 1738 ab
1648 1680 1741 1736 illo

163 1773 248 1821 est
274 1764 460 1838 (Ecclt'.
493 1782 545 1833 v,
568 1766 622 1833 6,
650 1766 726 1839 7).
760 1787 781 1821 ι

502 1886 630 1944 Car.
652 1887 890 1945 II.—De
910 1900 1044 1948 recte
1066 1894 1367 1951 virentibus.

235 2007 423 2066 Certus
447 2026 566 2068 sum
584 2012 732 2068 enim
753 2013 880 2085 quia
912 2015 1075 2073 homo
1093 2017 1422 2089 baptizatus,
1467 2019 1513 2075 si
1540 2019 1734 2091 vitam,

162 2117 270 2159 non
298 2103 469 2159 audeo
497 2104 680 2162 dicere
713 2105 918 2177 absque
955 2119 1212 2179 peccato,
1261 2112 1385 2182 quis
1430 2112 1575 2169 enim
1620 2112 1738 2169 sine
1772 2173 1777 2177 ,

161 2197 414 2269 peccato?
436 2200 532 2255 sed
550 2199 717 2255 vitam
739 2201 859 2257 sine
886 2203 1116 2261 crimine
1135 2205 1371 2273 duxerit,
1393 2216 1450 2264 et
1477 2209 1581 2264 alia
1606 2223 1735 2279 pec-

162 2295 286 2343 cata
314 2286 583 2356 habuerit,
625 2305 747 2361 quae
771 2293 1013 2363 quotidie
1036 2295 1088 2351 ei
1114 2295 1465 2353 dimittuntur
1504 2300 1558 2355 in
1608 2314 1735 2356 ora-

163 2376 310 2432 tione
333 2376 531 2434 dicenti
556 2393 573 2434 :
607 2398 627 2454 ς
654 2379 875 2437 Dimitte
897 2383 1056 2439 nobis
1081 2384 1262 2441 debita
1288 2397 1496 2454 nostra,
1523 2388 1664 2445 sicut
1684 2396 1739 2444 et

159 2483 265 2526 nos
295 2444 621 2528 dimittimus’
634 2472 971 2531 debitoribus
998 2477 1223 2544 nostris,
1257 2498 1279 2531 ι
1310 2479 1357 2535 si
1383 2444 1548 2536 faciat
1592 2480 1738 2552 quod

159 2562 266 2618 sibi
290 2579 318 2618 a
338 2562 452 2619 Deo
470 2564 619 2636 cupit
647 2565 789 2633 ﬁeri,
813 2568 1030 2638 quando
1051 2570 1179 2625 dum
1198 2571 1421 2637 ﬁnierit,
1441 2573 1606 2629 vitam
1630 2589 1738 2629 non

160 2654 303 2720 ﬁnit,
328 2655 419 2710 sed
440 2655 634 2712 transit
653 2657 718 2712 de
755 2658 865 2714 vita
906 2660 974 2715 ad
1018 2660 1203 2729 vitam,
1240 2662 1309 2718 de
1351 2663 1623 2720 laboriosa
1670 2665 1740 2721 ad

160 2745 424 2816 quietam,
450 2746 518 2802 de
545 2746 743 2804 misera
767 2751 833 2805 ad
850 2749 1090 2818 beatam,
1109 2750 1177 2807 de
1201 2753 1481 2824 temporali
1502 2754 1569 2810 ad
1582 2763 1741 2811 teter-

158 2853 316 2904 natn,
343 2838 456 2895 sive
481 2840 587 2897 iste
608 2841 886 2897 voluntate
912 2858 1009 2899 sua
1044 2852 1229 2900 currat
1280 2846 1350 2901 ad
1386 2845 1738 2917 baptismum,

160 2938 224 2986 et
245 2931 359 2988 sive
380 2932 432 2987 in
452 2933 691 3004 periculo
713 2936 1040 2993 constitutus
1068 2939 1375 3009 baptizetur
1398 2948 1457 2994 ut
1478 2948 1737 3007 transeat,

158 3022 235 3078 ad
271 3023 550 3080 Dominum
579 3026 754 3093 vadit,
796 3026 866 3083 ad
904 3029 1146 3100 requiem
1192 3030 1368 3098 vadit;
1419 3032 1511 3102 qui
1559 3042 1739 3088 autem

1835 585 2104 654 quomodo
2130 585 2267 639 bene
2303 585 2482 641 vivere
2508 594 2633 656 post
2681 584 3057 656 paenitentiam
3097 587 3411 667 debeamus,

1835 677 2032 733 docere
2052 693 2152 734 nos
2179 675 2362 733 debes.
2390 678 2522 735 Dico
2547 695 2698 751 ergo,
2722 680 2997 734 abstinere
3031 680 3098 735 ab
3124 681 3411 746 ebrietate,

1836 781 1868 820 a
1894 766 2353 838 concupiscentia,
2383 783 2414 822 a
2446 766 2613 834 furto,
2642 783 2673 822 a
2702 767 3036 838 maliloquio,
3073 769 3142 823 ab
3168 769 3286 838 ipso
3310 769 3415 824 itii-

1834 855 2119 911 modcrato
2146 855 2278 920 risu,
2322 872 2352 912 a
2391 858 2558 913 verbo
2586 858 2784 923 otioso,
2814 855 2957 912 unde
2980 856 3243 912 reddituri
3288 863 3418 912 sunt

1835 945 2087 1001 homines
2106 946 2373 1002 rationem
2416 948 2469 1001 in
2505 947 2592 1003 die
2639 946 2848 1017 judicii,
2898 961 3026 1003 ecce
3067 961 3228 1016 quam
3277 945 3418 1002 levia

1835 1036 1967 1102 dixi,
2008 1045 2063 1092 et
2088 1037 2266 1093 omnia
2290 1037 2380 1093 illa
2406 1040 2592 1110 gravia
2621 1047 2675 1094 ct
2695 1038 2972 1111 pestifera,
3000 1047 3056 1094 et
3084 1038 3229 1094 aliud
3260 1038 3414 1094 dico:

1836 1140 1944 1181 non
1967 1127 2143 1182 solum
2165 1133 2286 1197 post
2308 1128 2707 1199 paenitentiam,
2738 1127 2807 1183 ab
2835 1127 2967 1198 ipsis
2989 1127 3151 1182 vitiis'
3167 1141 3225 1182 se
3252 1125 3419 1181 homo

1837 1230 2058 1272 scrvare
2087 1216 2267 1282 debet,
2292 1217 2385 1273 sed
2421 1225 2474 1273 et
2504 1225 2628 1273 ante
2650 1217 3051 1294 paenitentiam,
3074 1218 3200 1273 dum
3253 1231 3419 1274 sanus

1837 1315 1939 1373 cst,
1966 1307 2092 1377 quia
2115 1308 2288 1364 nescit
2333 1309 2378 1364 si
2424 1308 2596 1378 ipsam
2629 1309 3007 1379 pmnitentiam
3051 1308 3223 1379 possit
3270 1308 3421 1363 acci-

1836 1415 1968 1471 pere
1998 1409 2051 1456 et
2071 1401 2318 1456 conﬁteri
2359 1400 2469 1456 Deo
2491 1408 2547 1456 et
2566 1400 2834 1458 sacerdoti
2869 1407 3090 1471 peccata
3121 1415 3242 1466 sua,
3266 1392 3421 1455 'ecce

1836 1506 2006 1561 quare
2027 1490 2173 1546 dixi:
2202 1491 2269 1549 Et
2296 1498 2421 1546 ante
2440 1492 2813 1561 paenitentiam
2843 1492 2982 1547 bene
3002 1489 3289 1545 vivendum
3312 1496 3418 1555 est,

1838 1590 1894 1637 et
1914 1592 2039 1651 post
2056 1580 2434 1651 paenitentiam
2463 1580 2675 1647 melius,
2701 1595 2870 1650 agens
2893 1593 3024 1634 vero
3040 1577 3418 1650 paenitentiam

1838 1674 1906 1729 ad
1945 1672 2192 1728 ultimum
2222 1681 2279 1728 ct
2312 1672 2689 1728 reconciliatus
2732 1671 2931 1727 exierit
2974 1671 3043 1726 de
3083 1683 3332 1740 corpore,
3373 1668 3421 1723 si

1838 1779 2065 1821 securus
2098 1763 2225 1820 hinc
2245 1762 2355 1819 exit
2375 1778 2476 1835 ego
2504 1762 2710 1828 nescio,
2739 1760 3117 1833 paenitentiam
3147 1759 3277 1814 dare
3299 1771 3424 1829 pos-

1764 1845 1811 1904 B
1839 1871 1983 1922 sum,
2006 1854 2353 1911 securitatem
2385 1861 2563 1910 autem
2594 1854 2725 1910 dare
2751 1870 2856 1910 non
2880 1868 3099 1924 possum
3131 1870 3143 1905 :
3174 1849 3319 1921 quod
3340 1849 3424 1906 di-

1836 1957 2025 2004 cturus
2052 1962 2195 2013 sum,
2237 1946 2520 2014 attendite,
2560 1946 2736 2003 habeo
2784 1947 3001 2018 planius
3048 1959 3319 2016 exponere
3354 1957 3422 1999 ne

1837 2039 2031 2110 aliquis
2054 2053 2139 2094 me
2161 2039 2300 2094 male
2324 2039 2606 2112 intelligat.

1910 2129 2161 2201 Nunquid
2184 2118 2306 2189 dico
2329 2132 2711 2188 damnabitur?
2727 2132 2944 2207 sednec
2967 2133 3108 2199 dico,
3127 2131 3251 2203 quia
3287 2130 3422 2187 libe-

1838 2223 2065 2285 rabitur,
2090 2231 2146 2277 et
2173 2222 2301 2292 quid
2328 2222 2458 2277 mihi
2482 2222 2634 2289 dicis,
2658 2233 2843 2281 sancte
2872 2224 3156 2295 episcope?
3175 2223 3302 2295 quid
3327 2222 3422 2277 tibi

1838 2313 2012 2370 dicam
2033 2314 2234 2378 nescio,
2261 2313 2373 2384 jam
2404 2313 2537 2377 dixi,
2561 2330 2667 2370 non
2694 2330 2983 2387 praesumo,
3007 2331 3112 2371 non
3140 2315 3419 2386 promitto,

1837 2420 2062 2477 prorsus
2086 2404 2272 2460 nescio
2287 2405 2354 2459 de
2377 2403 2470 2460 Dei
2498 2404 2794 2462 voluntate.
2827 2406 2919 2461 Vis
2939 2413 3138 2471 autem,
3163 2405 3350 2470 frater,
3368 2411 3423 2459 te

1839 2510 1871 2550 a
1891 2493 2053 2551 dubio
2076 2492 2320 2559 liberari,
2344 2494 2427 2548 vis
2454 2494 2596 2563 quod
2624 2494 2889 2549 incertum
2915 2502 2999 2549 est
3042 2495 3287 2557 evadere,
3305 2507 3428 2564 pa:-

1837 2586 2121 2642 niteutiam
2146 2600 2245 2657 age
2272 2584 2399 2639 dum
2423 2599 2588 2639 sanus
2610 2600 2698 2653 es;
2726 2584 2772 2641 si
2800 2585 2943 2640 enim
2966 2585 3082 2655 agis
3104 2600 3287 2640 veram
3310 2598 3427 2654 pm-

1840 2678 2126 2735 nitentiam
2155 2677 2281 2732 dum
2309 2691 2474 2732 sanus
2497 2690 2577 2741 es,
2627 2684 2683 2732 et
2708 2677 2975 2732 invenerit
3004 2685 3056 2731 te
3094 2675 3425 2731 novissimus

1841 2771 1979 2837 dies,
1993 2770 2233 2826 curritur
2255 2777 2315 2824 ut
2342 2758 2729 2835 reconcilieris,
2749 2769 2794 2824 si
2816 2769 2897 2825 sic
2920 2771 3055 2841 agis,
3088 2783 3313 2824 securus
3328 2782 3387 2822 es
3404 2782 3423 2821 :

1838 2858 2011 2934 quare
2038 2875 2263 2917 securus
2283 2859 2380 2915 es?
2403 2859 2485 2914 vis
2508 2858 2629 2914 dico
2656 2858 2751 2913 tibi
2773 2858 2796 2912 ?
2817 2860 2943 2931 quia
2968 2858 3123 2930 egisti
3152 2858 3424 2928 paeniten-

1844 2954 1976 3009 tiam
2006 2969 2073 3010 eo
2102 2961 2343 3022 tempore
2392 2966 2499 3021 quo
2551 2966 2774 3022 peccare
2826 2951 3094 3022 potuisti,
3140 2964 3267 3006 ecce
3313 2948 3426 3004 dixi

1843 3046 1940 3102 tibi
1963 3060 2134 3117 quare
2163 3059 2386 3101 securus
2411 3060 2499 3110 es;
2528 3044 2571 3100 si
2598 3052 2779 3099 autem
2810 3051 2939 3098 tunc
2959 3042 3043 3099 vis
3065 3057 3225 3115 agere
3252 3042 3425 3112 ipsam

155 3114 466 3212 baptizatus
497 3125 686 3187 postea
725 3119 975 3177 desertor
1026 3121 1363 3193 violatorque
1413 3125 1740 3180 sacramenti

1846 3136 2218 3212 penitentiam
2243 3138 2459 3209 quando
2498 3132 2610 3206 jam
2660 3151 2887 3209 peccare
2918 3153 3026 3193 non
3072 3146 3248 3211 potes,
3299 3149 3428 3205 pec-

154 3203 327 3307 fuerit
342 3216 401 3309 et
417 3223 648 3278 peccans
667 3209 954 3268 Dominum
982 3213 1198 3284 repellit
1225 3230 1257 3270 a
1284 3230 1362 3280 se,
1393 3215 1438 3271 si
1468 3206 1593 3287 agat
1618 3232 1740 3287 νω-

1844 3203 1963 3289 cata
2005 3238 2055 3286 te
2083 3203 2424 3309 dimiserunt,
2448 3203 2554 3284 non
2601 3203 2679 3283 tu‘
2702 3236 2945 3299 peccata,
2996 3203 3090 3287 sed
3137 3203 3428 3299 respondet

155 3295 445 3355 nitentiam
475 3312 543 3353 ex
570 3306 684 3355 toto
704 3301 888 3366 corde,
917 3309 974 3357 et
1009 3302 1057 3358 si
1085 3311 1213 3375 agat
1250 3318 1435 3361 veram
1464 3305 1741 3375 paeniten-

160 3387 320 3452 tiam,
350 3387 440 3442 ubi
470 3388 616 3445 videt
641 3393 786 3461 quod
810 3392 944 3448 vidit
966 3408 1065 3450 cor
1082 3393 1277 3462 David,
1305 3396 1522 3466 quando
1567 3396 1743 3454 incre-

160 3481 658 3552 patusapropheta
711 3484 972 3554 graviter,
1021 3493 1080 3541 et
1125 3494 1246 3558 post
1295 3487 1742 3545 comminationes

159 3569 450 3637 terribiles,
483 3572 576 3626 Dei
629 3573 952 3633 exclamavit
1006 3576 1192 3632 dicens
1221 3593 1237 3631 :
1268 3599 1287 3630 ς
1314 3574 1563 3645 Peccavi,
1617 3600 1639 3633 ο
1687 3589 1743 3637 et

153 3678 291 3720 mox
318 3664 628 3719 exaudivit:
665 3684 683 3717 t
716 3666 974 3724 Dominus
996 3668 1521 3742 abstulit'peccatum
1566 3664 1739 3742 tuum,

153 3768 269 3808 non
296 3751 518 3822 peribis.
542 3774 563 3807 ι
579 3753 735 3810 Enim
759 3754 968 3827 [Forte,
994 3759 1294 3833 enimvero]
1316 3770 1573 3832 quantum
1598 3764 1743 3821 valet

153 3841 278 3898 hate
301 3856 423 3908 vox,
454 3852 565 3900 tres
589 3843 805 3916 syllabae
826 3856 971 3914 sunt,
1029 3866 1049 3900 ι
1076 3851 1318 3919 peccavi,
1354 3870 1375 3904 ι
1411 3853 1507 3908 sed
1553 3854 1609 3908 in
1657 3855 1743 3910 his

154 3934 336 3995 tribus
367 3935 587 4007 syllabis
611 3935 825 3997 ﬂamma
847 3940 1102 3998 sacriﬁcii
1130 3944 1309 4000 cordis
1355 3944 1473 4015 ejus
1514 3946 1581 4001 ad
1625 3960 1741 4003 coe-

151 4027 273 4085 lum
318 4028 591 4095 ascendit;
631 4044 763 4103 ergo
802 4033 896 4103 qui
944 4035 1118 4106 egerit
1160 4035 1429 4092 veraciter
1467 4037 1752 4107 poeniten-'

152 4119 319 4185 tiam,
344 4128 402 4175 et
420 4120 628 4177 solutus
649 4121 815 4179 fuerit
840 4140 870 4181 a
892 4123 1207 4205 ligamento,
1228 4140 1338 4197 quo
1356 4135 1475 4182 erat
1501 4135 1745 4183 constru-

146 4220 281 4268 ctus
305 4220 359 4268 et
384 4212 523 4269 bene
541 4223 663 4285 post
685 4217 1061 4285 paenitentiam
1087 4219 1307 4286 vixerit,
1344 4228 1467 4290 post
1498 4223 1744 4278 reconci-

145 4301 439 4361 liationem
466 4321 589 4361 cum
614 4305 898 4364 defunctus
918 4308 1081 4364 fuerit
1125 4310 1191 4366 ad
1236 4310 1522 4367 Dominum
1572 4310 1739 4378 vadit,

147 4387 227 4443 ad
238 4389 497 4459 requiem
518 4390 688 4455 vadit,
715 4407 881 4462 regno
904 4394 997 4449 Dei
1014 4408 1118 4450 non
1138 4395 1466 4465 privabitur,
1488 4412 1521 4452 a
1541 4397 1742 4468 populo

143 4478 359 4541 diaboli
386 4481 560 4537 serabi
568 4490 655 4537 tur
670 4479 855 4554 [Forte
875 4482 975 4555 leg.
1006 4485 1389 4558 separabitur].

514 4598 643 4656 CAP.
666 4600 753 4657 Ill.
771 4601 930 4677 τ-ὓε
958 4620 1073 4660 sero
1102 4606 1382 4661 conversis.

227 4722 488 4797 Quisquis
503 4730 682 4779 autem
696 4724 903 4795 positus
915 4726 969 4780 in
984 4726 1170 4783 ultima
1188 4729 1510 4785 necessitate
1522 4730 1742 4801 aegritu-

145 4814 307 4871 dinis
333 4830 464 4883 suae,
497 4816 770 4887 acceperit
812 4817 1183 4887 ptenitentiatn
1227 4828 1284 4876 et
1326 4834 1452 4875 mox
1491 4821 1737 4877 reconci-

144 4906 326 4961 liatus
374 4903 557 4970 fuerit,
588 4914 643 4961 et
673 4906 951 4963 transierit
996 4909 1061 4963 de
1098 4923 1347 4978 corpore,
1387 4908 1582 4978 fateor,
1630 4926 1738 4966 non

142 4999 232 5056 illi
276 5014 419 5072 nego
448 5001 772 5075 quod‘petit,
815 5003 909 5059 sed
947 5019 1048 5059 nec
1076 5018 1346 5073 prmsumo
1391 4996 1571 5061 dicere
1611 5007 1738 5077 quia

142 5091 301 5146 bene
333 5091 463 5146 hinc
485 5092 635 5157 exiit,
672 5109 779 5147 non
810 5108 1096 5165 praesumo,
1146 5110 1253 5151 non
1300 5095 1580 5168 polliceor,
1630 5112 1737 5151 non

141 5183 305 5247 dico,
336 5182 610 5238 neminem
645 5181 790 5247 fallo,
818 5183 1089 5239 neminem
1124 5184 1352 5259 decipio,
1378 5201 1486 5241 non
1524 5185 1742 5256 penitus

140 5271 518 5342 promittitur.
555 5271 755 5327 Fidelis
782 5270 919 5328 bene
944 5273 1154 5337 vivens,
1179 5288 1413 5330 securus
1428 5273 1494 5329 de
1518 5273 1620 5329 hoc
1641 5288 1742 5329 ste-

138 5364 281 5419 culo
306 5363 525 5431 migrat,
548 5364 591 5419 si
619 5364 727 5433 agit
748 5363 1141 5434 paenitentiam,
1166 5363 1292 5420 dum
1329 5378 1495 5420 sanus
1529 5372 1635 5429 est,
1687 5371 1744 5419 et

138 5454 548 5512 reconciliatus
575 5464 760 5532 postea
790 5455 929 5511 bene
952 5455 1187 5523 vixerit;
1221 5456 1317 5511 sed
1360 5455 1493 5512 dicit
1523 5455 1739 5526 aliquis,

136 5543 299 5613 Quid
328 5554 416 5601 est
435 5545 574 5601 bene
595 5545 827 5602 vixerit?
848 5543 928 5600 vel
962 5545 1066 5607 hoc
1085 5560 1182 5600 nos
1222 5544 1451 5612 instrue,
1485 5546 1745 5602 sacerdos

135 5635 321 5699 bone,
358 5643 416 5689 ut
438 5635 672 5691 sciamus
699 5634 848 5698 illud,
874 5635 1085 5691 nescire
1132 5643 1183 5690 te
1212 5635 1346 5691 dicis
1379 5637 1503 5707 quia
1558 5637 1605 5693 is
1651 5638 1738 5707 qn'

129 5735 385 5797 accepta
407 5727 724 5797 poenitentia
756 5728 822 5784 ad
852 5729 1041 5785 horam
1070 5728 1283 5797 transit,
1310 5730 1353 5785 si
1390 5729 1631 5787 remittat
1665 5712 1741 5786 illi

125 5820 405 5877 facinora
438 5837 554 5889 sua,
582 5822 624 5876 si
649 5821 851 5877 relaxet
896 5814 970 5875 illi
1028 5820 1167 5876 Deus
1207 5831 1427 5892 precata
1472 5822 1641 5893 ipsius
1690 5823 1742 5878 in

1846 3321 2065 3393 aliquis,
2092 3320 2243 3377 Unde
2279 3321 2406 3386 scis,
2436 3319 2480 3374 si
2513 3319 2653 3374 forte
2701 3319 2843 3374 Dens
2889 3319 3213 3375 misereatur
3255 3326 3310 3372 et
3343 3316 3424 3372 di—

1842 3416 2025 3470 mittat
2053 3400 2184 3468 mi'bi
2206 3413 2428 3483 peccata
2453 3410 2609 3466 mea?
2631 3407 2829 3466 Verum
2856 3409 3011 3475 dicis,
3033 3408 3426 3475 l‘rater,verum

1841 3505 1996 3570 dicis,
2022 3486 2325 3570 undescio,
2351 3511 2407 3558 et
2434 3501 2556 3557 ideo
2602 3500 2697 3556 tibi
2756 3499 2827 3555 do
2878 3500 3251 3573 pueuiteutiam
3298 3497 3427 3569 quia

1842 3595 2049 3660 nescio,
2081 3603 2139 3650 ut
2166 3602 2220 3649 tu
2244 3594 2444 3665 inquis,
2476 3609 2606 3664 ergo
2634 3592 2843 3649 dimitte
2865 3609 3087 3649 causam
3113 3608 3290 3649 meam
3312 3589 3420 3645 Do.

1842 3686 2009 3750 mino,
2041 3686 2170 3756 quid
2190 3701 2276 3740 me
2300 3693 2413 3739 tum
2446 3685 2623 3740 verbis
2648 3683 2858 3757 ailligis,
2887 3692 2945 3741 et
2962 3685 3131 3756 judici
3183 3701 3272 3741 me
3312 3685 3424 3740 Deo

1842 3776 2105 3833 dimittis?
2128 3775 2270 3830 illius
2289 3773 2495 3843 judicio
2523 3782 2572 3829 te
2592 3776 2895 3841 committo,
2923 3775 3078 3845 cujus
3101 3772 3308 3843 judicio
3336 3790 3423 3831 me

1843 3873 2162 3930 commendo
2190 3888 2358 3927 suam
2387 3871 2433 3928 si
2454 3872 2649 3928 scirem
2693 3870 2827 3927 nihil
2880 3871 2973 3927 tibi
3015 3871 3269 3942 prodesse
3314 3884 3429 3941 poe-

1843 3965 2150 4031 nitentiam,
2179 3980 2286 4020 non
2316 3963 2410 4018 tibi
2458 3977 2578 4017 eam
2627 3962 2837 4018 darem.
2887 3962 3088 4018 lterum
3133 3962 3178 4017 si
3229 3961 3424 4017 scirem

1842 4055 1941 4109 tibi
1971 4048 2250 4125 prodesse,
2283 4068 2392 4107 non
2414 4064 2467 4108 te
2500 4059 2780 4107 terrorem.
2828 4050 2956 4106 Duae
3005 4064 3094 4105 res
3137 4054 3280 4109 sunt,
3334 4051 3445 4117 ant_

1841 4146 2140 4216 ignoscitur
2166 4144 2283 4209 tibi,
2316 4150 2409 4199 aut
2446 4143 2553 4198 non
2585 4142 2678 4197 tibi
2706 4141 3020 4215 ignoscitur,
3060 4136 3188 4210 quid
3231 4135 3426 4190 horum

1845 4236 1940 4293 tibi
1996 4234 2236 4290 futurum
2268 4234 2338 4291 sit
2377 4249 2478 4306 ego
2499 4233 2702 4305 ignoro,
2758 4233 2850 4288 sed
2884 4229 3168 4286 consilium
3208 4226 3300 4291 do,
3346 4223 3430 4278 di-

1844 4327 1999 4383 mitte
2029 4327 2318 4392 incertum,
2351 4334 2406 4381 et
2441 4335 2561 4383 tene
2588 4336 2817 4393 certum,
2842 4333 2897 4381 et
2916 4323 3044 4379 dum
3092 4320 3252 4386 vivis,
3297 4318 3424 4373 dum

1845 4436 2011 4476 sanus
2038 4434 2117 4485 es,
2139 4434 2236 4490 age
2256 4418 2625 4490 pmnitentiam
2658 4432 2863 4483 veram,
2902 4423 2963 4470 ιιι
2987 4429 3109 4470 cum
3130 4410 3344 4467 veneris
3368 4410 3423 4464 in

1795 4543 1805 4581 ᾗ
1842 4510 2101 4581 judicium
2130 4507 2246 4575 Dei,
2267 4523 2374 4563 non
2401 4507 2469 4563 ab
2498 4523 2564 4564 eo
2591 4506 2955 4571 confundat-is,
2980 4504 3076 4561 sed
3103 4503 3158 4558 in
3198 4515 3424 4575 regnum

1764 4576 1819 4636 D
1842 4576 2063 4657 caeleste
2095 4601 2386 4657 inducaris.
2412 4599 2539 4656 Haec
2564 4600 2629 4655 de
2651 4598 2720 4655 iis
2743 4599 2834 4670 qui
2872 4596 3271 4670 paenitentiam,
3296 4594 3422 4649 dum

1841 4699 2050 4762 tempus
2062 4700 2420 4763 opportunum
2435 4692 2653 4758 habent,
2674 4704 2835 4761 agere
2854 4687 3214 4751 dissimulant,
3236 4692 3296 4739 ut
3317 4698 3423 4738 non
3440 4758 3445 4765 '

1838 4798 2012 4856 usque
2038 4782 2106 4839 ad
2134 4784 2254 4839 vitae
2285 4784 2575 4840 terminum
2608 4796 2729 4837 eam
2750 4781 3043 4855 protelent,
3100 4775 3422 4834 admonitio—

1839 4873 1925 4928 nis
1945 4870 2112 4928 verba
2140 4870 2349 4943 prolata
2375 4869 2670 4937 suiliciant;
2704 4885 2849 4927 nunc
2896 4868 2961 4925 de
2989 4868 3073 4924 his
3111 4866 3202 4941 qui
3233 4865 3423 4921 nolunt

1840 4978 2000 5038 agere
2022 4963 2419 5035 pmnitrentiam,
2451 4961 2542 5017 sed
2574 4963 2641 5017 de
2666 4962 2838 5018 salute
2862 4960 3075 5031 penitus
3113 4959 3419 5030 desperant,

1838 5064 2008 5113 restat
2034 5065 2093 5111 ut
2133 5055 2558 5110 nrtbodoxorum
2588 5052 2812 5107 Patrum
2844 5052 3165 5107 documenta
3215 5049 3280 5107 ad
3329 5062 3423 5103 eo~

1839 5165 1958 5204 rum
1984 5146 2378 5203 correctionem
2403 5143 2745 5215 replicemus.

1838 5247 1964 5305 CAP.
1983 5237 2070 5303 IV.
2086 5278 2156 5288 —
2172 5245 2325 5312 Quod
2348 5262 2449 5300 non
2477 5246 2543 5300 sit
2563 5244 2941 5317 desperandum
2964 5243 3028 5301 de
3053 5242 3150 5299 Dei
3173 5242 3416 5328 bonitate.

1909 5361 2027 5419 Non
2056 5362 2220 5417 debes
2244 5376 2394 5432 ergo,
2424 5375 2458 5414 ο
2477 5360 2659 5425 homo,
2689 5356 2925 5416 diﬂidere
2949 5358 3079 5425 Deo,
3110 5363 3168 5412 et
3204 5354 3271 5411 de
3314 5351 3417 5407 mi-
3446 5404 3451 5413 .

1842 5454 2133 5511 sericordia
2160 5452 2277 5522 ejus
2302 5453 2617 5524 desperare;
2649 5452 2772 5507 nolo
2809 5451 3043 5517 dubites,
3094 5462 3269 5519 neque
3318 5445 3416 5519 de—
3444 5498 3447 5503 .

1843 5560 2030 5618 speres
2057 5545 2514 5616 mntariteposse
2554 5544 2607 5599 in
2652 5543 2882 5601 melius:
2912 5542 2961 5597 si
3008 5540 3153 5596 enim
3209 5544 3420 5591 tantum

1844 5637 2018 5709 potuit
2042 5635 2309 5700 diabolus,
2338 5644 2449 5691 uta
2480 5635 2641 5692 celsis
2668 5635 2928 5691 virtutum
2955 5630 3197 5702 vestigiis
3217 5630 3270 5685 in
3294 5644 3417 5700 pro-

1846 5729 2067 5784 luridum
2100 5737 2155 5784 te
2191 5728 2415 5785 duceret
2438 5727 2726 5793 malorum,
2757 5732 2960 5798 quanto
3006 5721 3181 5792 magis
3223 5721 3421 5791 poterit

1846 5825 1987 5891 Deus
2015 5824 2082 5879 ad
2113 5804 2382 5878 summum
2408 5827 2460 5877 te
2480 5820 2742 5876 bonorum
2769 5815 3025 5873 verticem
3047 5828 3320 5876 revocare,
3368 5818 3420 5866 ct
