3956 6326
495 320 625 372 15οῖ

1122 309 1183 362 Β.
1223 304 1476 362 RABANI
1520 303 1738 360 MAURI
1777 297 2100 358 ARClllEP.
2145 295 2451 356 MOGUNT.
2494 299 2780 357 OPEllUM
2815 299 2997 356 PARS
3035 298 3122 354 ΙΙΙ.

3645 303 3774 358 138

490 456 594 494 non
623 436 793 492 solum
822 450 877 488 in
908 432 960 488 id
991 432 1278 487 restituere
1298 428 1440 499 quod
1466 426 1636 490 fuisti,
1666 425 1760 482 sed
1790 434 1843 479 et
1877 422 2082 479 beatio-
2107 420 2161 481 A
2187 433 2348 494 atque
2375 439 2427 477 in
2453 422 2782 493 profundum
2805 423 3073 478 malorum
3123 430 3404 482 enecetur,
3448 419 3608 487 quod
3663 434 3778 472 cu

491 545 604 584 rem
663 527 828 581 multo
878 539 1038 595 quam
1078 523 1228 592 prius
1277 520 1544 576 videbaris
1596 515 1844 574 efficere?
1897 515 2081 586 Neque

488 619 637 675 enim
669 625 880 672 tantum
907 615 1172 671 concedas
1209 614 1412 677 animo,
1457 627 1558 666 nec
1584 610 1851 666 bonorum
1897 623 2082 678 quzeso

489 726 640 782 spem
697 709 791 764 tibi
813 707 1133 771 abscondas,
1185 720 1251 760 ne
1303 703 1515 758 accidat
1571 703 1664 757 tibi
1719 701 1862 772 quod
1902 699 2082 770 impiis

492 805 649 870 solet,
682 820 788 858 non
811 803 954 858 enim
982 801 1267 856 multitudo
1295 809 1643 871 peccatorum
1665 799 1720 853 in
1743 797 2081 868 desperatio-

493 909 617 949 nem
665 894 871 949 inducit
913 894 1172 959 animam,
1222 893 1318 948 sed
1369 891 1637 962 impietas,
1696 897 1752 945 et
1795 895 2080 959 propterea

496 985 750 1040 Salomon
783 985 918 1040 dixit
943 985 1070 1054 quia
1100 1003 1118 1036 ι
1147 984 1328 1040 omnis
1371 983 1464 1052 qui
1505 981 1714 1037 venerit
1763 981 1814 1034 in
1857 965 2083 1050 profun-

497 1079 623 1133 dum
657 1077 938 1142 malorum,
974 1077 1272 1132 contemnit
1315 1073 1496 1147 (Prov.
1543 1091 1698 1136 XVIII,
1721 1073 1797 1145 5).
1830 1093 1848 1126 ι
1882 1073 2081 1144 lmpio-

498 1185 619 1224 rum
646 1186 774 1241 ergo
809 1179 891 1224 est
915 1170 1200 1239 desperare
1225 1168 1456 1224 salutem
1484 1175 1538 1222 ct
1558 1174 1932 1232 contemnere,
1957 1181 2079 1220 cum

498 1260 554 1314 in
585 1259 914 1330 profundum
945 1259 1210 1313 malorum
1254 1259 1506 1314 venerint
1551 1264 1919 1328 peccatorum.
1980 1256 2084 1310 lm-

498 1355 672 1425 pietas
699 1353 842 1408 enim
883 1368 986 1406 non
1028 1352 1157 1407 sinit
1202 1366 1296 1406 eos
1338 1351 1406 1405 ad
1433 1350 1740 1425 Dominum
1787 1349 2080 1419 respicere,

499 1423 555 1500 et
581 1445 707 1500 illuc
737 1444 913 1499 redire
935 1444 1077 1499 unde
1104 1443 1308 1514 delapsi
1333 1423 1478 1497 sunt.
1511 1441 1616 1497 Ista
1647 1456 1776 1511 ergo
1801 1440 2082 1508 cogitatio,

499 1553 620 1607 qua:
647 1552 797 1607 spem
830 1533 1202 1592 conversionis
1251 1533 1503 1598 abscidit,
1549 1533 1617 1588 ab
1667 1532 1941 1600 impietate
1988 1531 2082 1586 de-

499 1630 729 1694 scendit,
763 1639 818 1684 et
840 1629 984 1684 sicut
1007 1629 1147 1698 lapis
1182 1626 1536 1698 gravissimus
1565 1624 1868 1679 cervicibus
1891 1625 2085 1679 anima:

502 1719 837 1780 incumbens,
894 1734 1110 1786 semper
1151 1716 1458 1784 eam.cogit
1502 1715 1752 1770 deorsum
1790 1713 1841 1768 in
1884 1723 2082 1769 terram

2186 517 2417 573 senserit
2441 516 2713 581 inimicus,
2736 525 2790 571 et
2817 516 3015 571 viderit
3040 530 3138 569 nos
3161 523 3520 585 peccatorum
3568 520 3783 566 nostro-

2185 625 2305 664 rum
2334 607 2732 664 multitudinem
2759 607 3263 678 perhorrescentes,
3305 601 3788 672 increpationibus

2184 699 2348 756 etiam
2379 699 2550 770 ipsius
2573 699 2926 755 conscientize
2948 697 3228 756 deterreri,
3273 695 3498 750 accedit
3543 702 3602 748 et
3657 693 3780 762 ipse,

2148 799 2239 856 ~et
2299 790 2656 860 cogitationes
2709 788 2866 844 nobis
2906 786 3125 856 subjicit
3177 783 3518 855 desperandi
3575 782 3787 853 plumbo

2183 881 2328 938 omni
2360 889 2415 936 et
2435 881 2580 936 omni
2611 895 2775 935 arena
2805 879 3103 952 graviores,
3136 893 3273 947 quas
3300 876 3346 930 si
3389 874 3784 944 receperimus,

2185 989 2408 1030 necesse
2433 983 2518 1029 est
2544 989 2642 1029 nos
2671 973 2855 1029 statim
2879 973 3117 1043 pondere
3145 971 3263 1041 ipso
3291 967 3562 1039 abruptis
3607 967 3790 1022 saluus

2185 1074 2385 1121 nostra:
2421 1065 2736 1120 retinaculis
2763 1065 2814 1118 in
2841 1062 3168 1134 profundum
3195 1061 3446 1130 demergi
3496 1058 3786 1120 malorum,

2185 1161 2390 1216 scimus
2416 1161 2561 1214 enim
2583 1158 2766 1230 plures
2793 1166 2850 1213 et
2873 1172 2940 1212 ex
2973 1156 3174 1211 nostris
3201 1153 3578 1224 temporibus,
3614 1161 3672 1205 et
3694 1165 3787 1204 me-

2185 1239 2358 1308 moria
2387 1251 2655 1321 majorum
2682 1249 2965 1320 prolapsos
2994 1246 3062 1300 ab
3089 1246 3288 1300 itinere
3316 1253 3504 1306 recto,
3559 1252 3620 1295 et
3669 1256 3790 1310 pne-

2186 1343 2439 1414 cipitatos
2466 1343 2534 1396 ab
2557 1341 2806 1412 ingressu
2831 1340 2936 1394 via:
2973 1345 3238 1409 angusta,
3294 1336 3370 1389 ita
3425 1348 3634 1388 rursus
3687 1346 3792 1384 esse

2189 1441 2490 1504 reparatos,
2524 1441 2582 1486 ut
2610 1431 3001 1503 posterioribus
3032 1429 3214 1500 priora
3252 1426 3623 1488 transierint,
3643 1433 3792 1493 atque

2187 1525 2255 1580 ad
2305 1525 2540 1595 palmam
2588 1522 2958 1593 pervenerint,
3004 1532 3059 1576 et
3105 1534 3398 1583 coronam,
3459 1530 3796 1584 numeroque

2190 1633 2376 1670 rursus
2401 1631 2462 1670 ac
2489 1615 2658 1670 choro
2705 1613 2890 1682 scripti
2936 1612 3232 1667 creduntur
3278 1623 3412 1663 esse
3461 1616 3796 1670 sanctorum,

2190 1709 2284 1762 sed
2307 1706 2478 1762 donec
2509 1705 2634 1776 quis
2659 1711 2941 1775 permanet
2989 1702 3041 1756 in
3087 1701 3203 1770 ipsa
3250 1699 3444 1753 adhuc
3483 1696 3710 1750 ﬂamma
3743 1711 3800 1750 ac

499 1812 764 1882 aspicere,
791 1810 857 1864 ad
878 1809 1162 1864 Dominum
1196 1821 1323 1862 vero
1357 1821 1514 1860 suum
1562 1821 1668 1860 non
1719 1805 1848 1859 sinit
1899 1803 2086 1859 oculos
2114 1772 2162 1832 Β
2194 1800 2411 1856 fornace
2425 1799 2682 1862 libidinis,
2703 1798 2819 1852 ιιωο
2839 1796 2889 1850 ei
2907 1793 3260 1864 impossibilia
3281 1787 3798 1882 videntum-etiamsi

499 1901 775 1967 allevare;
817 1899 911 1955 sed
940 1899 1110 1953 vrrilis
1159 1897 1329 1951 animi
1362 1905 1446 1952 est
1479 1905 1534 1950 et
1569 1895 1844 1966 prmclarzc
1888 1895 2089 1949 mentis

499 1991 732 2063 dejicere
758 2008 787 2045 a
809 1991 1112 2046 cervicibus
1139 1988 1345 2043 anisz
1373 2005 1484 2043 suae
1519 1987 1728 2057 pondus
1778 1985 2088 2041 inimicissi-

501 2101 671 2150 mum,
725 2085 834 2139 imo
873 2083 1267 2154 deprimentem
1303 2097 1362 2138 se
1398 2080 1633 2150 abjicere
1683 2079 1980 2144 diabolum,
2035 2086 2090 2133 et

503 2179 772 2245 imperare
803 2177 997 2230 anima:
1024 2191 1154 2241 sum,
1209 2184 1268 2230 ut
1307 2188 1508 2230 canens
1565 2174 1729 2228 verba
1774 2170 2088 2242 prophetica

502 2273 648 2327 dicat
675 2272 742 2326 ad
771 2272 1098 2328 Dominum:
1133 2291 1151 2324 ι
1185 2271 1339 2328 Sicut
1362 2270 1503 2326 oculi
1532 2286 1814 2325 servorum
1872 2269 1924 2323 in
1976 2283 2092 2323 ma-

503 2361 664 2416 nibus
691 2361 1031 2416 dominorum
1058 2378 1298 2427 suorum,
1325 2361 1466 2417 sicut
1487 2361 1629 2416 oculi
1657 2359 1867 2414 ancillae
1889 2358 1943 2414 in
1972 2375 2090 2412 ma-

505 2453 667 2508 ibus
709 2454 941 2509 dominae
971 2469 1104 2519 sua},
1155 2454 1228 2508 ita
1275 2453 1418 2508 oculi
1462 2452 1634 2508 nostri
1683 2452 1752 2507 ad
1804 2451 2091 2506 Dominum

507 2543 678 2598 Deum
707 2553 973 2608 nostrum,
1018 2544 1190 2599 donec
1241 2543 1566 2598 misereatur
1615 2543 1791 2600 nobis.
1837 2543 2093 2598 Miserere

507 2636 684 2701 nobis,
717 2636 961 2699 Domine,
993 2637 1252 2692 miserere
1280 2635 1452 2701 nobis,
1489 2637 1616 2706 quia
1641 2636 1871 2690 multum
1902 2635 2092 2706 repleti

505 2739 696 2778 sumus
725 2723 1069 2793 despectione
1099 2721 1270 2794 (Psal.
1291 2738 1461 2788 cxx",
1489 2722 1567 2793 2).
1602 2742 1620 2774 ›
1652 2721 1920 2776 Praeclara
1967 2737 2094 2777 vero

508 2814 562 2868 in
591 2813 677 2868 his
712 2813 891 2868 verbis
916 2821 971 2868 et
999 2814 1237 2869 caelestis
1265 2813 1618 2884 philosophia:
1667 2813 1914 2868 doctrina
1963 2823 2048 2868 est
2079 2832 2090 2866 :

513 2925 531 2956 ε
563 2904 796 2974 chlcti,
823 2905 1014 2975 inquit,
1040 2921 1225 2958 sumus
1245 2905 1613 2974 despectione,
1644 2923 1663 2957 ι
1714 2904 1817 2959 hoc
1836 2912 1918 2958 cst
1952 2903 2094 2973 quod

507 2998 702 3052 docere
729 3013 826 3052 nos
848 2996 1034 3062 voluit,
1074 2999 1199 3068 quia
1225 2998 1329 3053 etsi
1357 3014 1455 3068 pro
1495 3005 1840 3067 peccatorum
1885 3003 2098 3052 nostro-

511 3093 630 3142 rum
676 3089 1020 3143 multitudine
1073 3089 1262 3160 repleti
1303 3104 1492 3144 sunms
1543 3089 1888 3159 despectione
1936 3096 2098 3157 atque

2193 1890 2336 1946 mille
2360 1896 2686 1959 provocetur
2707 1884 3002 1956 exemplis;
3035 1883 3080 1938 si
3104 1898 3233 1937 vero
3263 1879 3520 1950 coeperit
3567 1879 3686 1933 ﬁeri
3725 1879 3800 1931 vel

2191 1995 2360 2052 parva
2385 1979 2692 2044 conversio,
2731 1985 2787 2031 et
2817 1976 3030 2031 initium
3063 1973 3278 2030 dederit
3319 1972 3656 2041 repetendi,
3685 1987 3802 2039 pau-

2191 2073 2344 2128 latim
2370 2070 2689 2142 procedens,
2721 2077 2776 2123 et
2802 2067 2866 2121 ad
2892 2066 3173 2136 superiora
3189 2063 3456 2120 referens
3477 2062 3704 2133 pedem,
3725 2059 3799 2114 im

2191 2165 2410 2235 quidem
2435 2179 2554 2234 quae
2580 2161 2955 2217 vehementior
2979 2167 3099 2214 erat
3128 2157 3348 2212 flamma
3413 2164 3553 2226 post
3609 2165 3798 2225 tergm

2193 2255 2522 2319 remanebit,
2555 2261 2680 2308 ante
2706 2253 2872 2324 pedes
2900 2266 3032 2306 vero
3079 2257 3285 2319 quanto
3331 2249 3540 2303 acrius
3593 2247 3802 2316 ceperit

2192 2348 2464 2415 incedere,
2495 2357 2643 2404 tanto
2665 2348 2844 2403 omnia
2871 2345 3106 2401 inveniet
3129 2343 3298 2398 divini
3326 2341 3642 2410 cujusdam
3683 2339 3798 2393 mis

2193 2445 2369 2515 sopita
2402 2444 2709 2515 refrigerio,
2741 2450 2948 2497 tantum
2997 2450 3081 2495 est
3120 2447 3180 2494 ut
3200 2431 3388 2492 unum
3412 2437 3579 2508 quod
3631 2437 3798 2507 praci-

2193 2550 2297 2592 nue
2323 2535 2601 2591 inimicum
2631 2541 2716 2592 est
2743 2533 2902 2589 saluti
2926 2532 3054 2587 huic
3080 2545 3404 2587 caveamus.

2365 2669 2493 2726 Car.
2517 2669 2855 2737 V.—Quom
2899 2667 3189 2740 periculosa
3220 2669 3291 2722 sit
3321 2668 3644 2737 desperatio

2268 2805 2492 2861 Inimica
2529 2815 2617 2861 est
2651 2815 2833 2860 autem
2864 2803 3204 2859 conversioni
3234 2813 3294 2859 et
3323 2804 3684 2874 poenitentiae
3721 2809 3802 2858 de-

2196 2899 2458 2968 speratio,
2482 2913 2604 2967 quae
2625 2898 2670 2952 si
2695 2896 2956 2952 insederit
2977 2896 3164 2962 menti,
3196 2906 3708 2966 quantumcunque
3739 2897 3802 2950 sit

2199 2990 2389 3048 salutis
2413 2990 2764 3057 desiderium,
2793 2991 3042 3062 quamvis
3065 2992 3274 3059 grande
3301 2991 3376 3045 sit
3399 2991 3658 3046 salvandi
3687 3005 3800 3061 pro-

2201 3084 2456 3152 positum,
2517 3084 2892 3153 desperatione
2952 3091 3295 3148 occurrente,
3361 3085 3560 3138 omnis
3627 3083 3802 3138 salutis

508 3179 816 3250 Opprobriis
837 3179 1010 3249 operti
1040 3155 1247 3246 sumus,
1285 3179 1430 3235 oculi
1476 3155 1658 3234 nostri
1678 3188 1858 3234 malea
1881 3177 1950 3233 ad
1990 3155 2096 3233 Do-
2124 3155 2167 3216 C
2201 3177 2378 3231 aditus
2414 3175 2758 3241 obstruetur;
2806 3173 3089 3244 interiecta
3133 3175 3278 3230 enim
3320 3175 3680 3243 paenitentiae
3703 3175 3797 3232 via.

511 3268 719 3323 minum
746 3269 914 3323 Deum
945 3277 1190 3324 nostrum
1220 3268 1394 3324 donec
1419 3269 1744 3324 misereatur
1771 3267 1948 3334 nobis,
1997 3283 2098 3324 nec

509 3358 664 3428 prius
704 3358 773 3414 ab
815 3359 1191 3414 obsecratione
1243 3374 1539 3424 cessemus,
1597 3375 1759 3429 quam
1809 3359 2100 3428 impetrare

511 3457 861 3517 peccatorum
893 3455 1199 3503 nostrorum
1226 3449 1441 3503 veniam
1470 3463 1794 3504 mereamur.
1821 3448 1936 3506 Hoc
1955 3449 2098 3505 enim

515 3552 646 3592 vere
667 3545 750 3592 est
777 3538 1075 3594 constantis
1104 3539 1298 3595 anima:
1326 3547 1382 3594 et
1427 3540 1744 3610 pertinacis,
1785 3548 1846 3596 ut
1891 3557 2096 3611 nequa-

517 3644 682 3697 quam
705 3627 991 3698 repellatur
1025 3646 1055 3684 a
1084 3631 1487 3702 perseverantia
1538 3630 1864 3701 deposcendi
1913 3632 2101 3702 despe-

517 3720 727 3776 ratione
751 3721 1098 3790 impetrandi,
1147 3723 1241 3777 sed
1271 3732 1585 3794 perseveret
1636 3737 1701 3778 ac
1740 3723 1997 3794 persistat
2045 3723 2099 3778 in

513 3813 766 3883 precibus
793 3813 965 3869 donec
986 3813 1036 3870 ei
1061 3814 1385 3870 misereatur
1415 3815 1580 3881 Deus,
1606 3823 1661 3870 et
1683 3831 1748 3870 ne
1793 3815 1931 3871 forte
1958 3816 2104 3871 arbi-

517 3903 678 3959 treris
702 3912 754 3957 te
775 3902 1033 3959 offensam
1062 3907 1236 3977 magis
1264 3905 1592 3961 contrahere
1616 3906 1757 3974 apud
1789 3907 2098 3975 Dominum,

516 3993 563 4047 si
585 4009 708 4048 cum
733 4009 840 4049 non
870 3999 1131 4052 mercaris
1161 3997 1337 4051 audiri
1367 3998 1728 4069 importunius
1751 4000 2009 4068 persistas
2046 4000 2100 4054 in

515 4084 789 4154 precibus,
823 4087 1109 4141 recordare
1132 4087 1405 4160 Evangelii
1429 4089 1768 4158 parabolam,
1812 4099 1868 4146 et
1897 4091 1970 4145 ibi
2023 4091 2103 4146 in-

516 4177 701 4231 venies
727 4178 871 4248 quod
891 4188 1301 4248 perseverantes
1321 4190 1376 4236 et
1412 4182 1750 4253 importunos
1789 4194 2103 4254 prccatores

519 4267 780 4322 Dominus
815 4285 918 4324 non
951 4270 1052 4324 sibi
1083 4271 1321 4326 ostendit
1348 4272 1607 4344 ingratos,
1656 4274 1732 4327 ait
1774 4273 1918 4328 enim
1947 4295 1960 4328 :
1990 4292 2008 4324 ι
2038 4275 2106 4328 Et

519 4357 567 4413 si
599 4373 705 4413 non
730 4359 880 4414 dabit
905 4370 1124 4432 propter
1149 4363 1465 4427 amicitiam,
1503 4373 1681 4418 tamen
1731 4373 1952 4434 propter
2004 4365 2104 4419 im-

518 4452 908 4522 portunitatem
941 4454 1057 4524 ejus
1085 4463 1286 4526 surget,
1316 4464 1370 4510 et
1392 4456 1539 4511 dabit
1568 4457 1619 4511 ei
1656 4469 1919 4526 quantum
1966 4473 2104 4528 opus

521 4543 702 4599 habet.
746 4567 764 4596 ι
815 4545 1054 4617 lntellige
1078 4562 1226 4617 ergo,
1259 4547 1598 4613 charissime,
1645 4548 1772 4619 quia
1819 4558 2104 4620 prepterca

523 4635 769 4691 diabolus
795 4637 1224 4706 desperationem
1248 4636 1465 4707 subiicit
1490 4640 1838 4710 impetrandi,
1873 4650 1930 4695 ut
1953 4657 2106 4712 spem

524 4727 679 4782 nobis
707 4727 798 4782 Dei
831 4729 1088 4784 bonitatis
1117 4730 1419 4797 abscindat,
1471 4747 1590 4801 qua:
1639 4743 1724 4788 est
1771 4732 1962 4788 Salutis
2013 4749 2107 4789 no-

525 4826 656 4905 strze
702 4821 960 4886 anchora,
1007 4829 1061 4875 et
1109 4821 1230 4876 vita:
1274 4830 1472 4878 nostra:
1523 4823 1953 4891 fundamentum,
1999 4824 2108 4879 dux

528 4909 758 4976 itineris,
789 4927 894 4980 quo
917 4913 1023 4967 itur
1051 4913 1119 4968 ad
1147 4914 1364 4981 coelum,
1390 4914 1622 4986 denique
1649 4917 1939 4987 Apostolus
1984 4920 2058 4973 ait
2092 4933 2106 4974 :

533 5021 552 5052 ι
587 5001 693 5071 Spe
713 5011 891 5057 autem
914 5003 1044 5059 salvi
1068 5005 1194 5060 l'acti
1225 5023 1413 5062 sumus
1435 5007 1608 5077 (Rom.
1639 5025 1758 5074 vin,
1784 5007 1898 5081 ‘24),
1933 5031 1951 5061 ι
1991 5027 2116 5081 spes

525 5111 657 5165 ergo
683 5102 787 5158 est,
819 5093 872 5149 in
898 5111 1003 5165 qua
1027 5096 1172 5152 salus
1195 5107 1378 5153 nostra
1407 5099 1672 5165 consistit,
1703 5109 1758 5154 ct
1781 5117 1899 5170 quae
1921 5102 1987 5157 de
2011 5110 2118 5157 ter-

529 5189 605 5244 ris
632 5189 842 5244 animas
873 5189 1017 5244 velut
1042 5191 1358 5260 quibusdam
1402 5193 1609 5248 catenis
1655 5192 1870 5248 coalitus
1919 5194 2116 5263 depen-

529 5284 784 5339 dentibus
809 5282 1035 5340 innexas
1070 5285 1171 5341 sibi
1201 5285 1382 5341 evehit
1405 5286 1474 5342 ad
1501 5301 1758 5355 superna,
1781 5294 1837 5340 et
1889 5294 2112 5342 revocat

529 5375 598 5430 ad
635 5375 790 5431 sedes
815 5375 1066 5432 cmlestes
1091 5391 1184 5432 eos
1232 5377 1325 5446 qui
1369 5377 1471 5433 sibi
1522 5378 1892 5433 vehementius
1940 5377 2110 5432 inhre-

532 5474 676 5532 rent,
695 5467 1058 5536 celsioresque
1085 5482 1178 5522 eos
1206 5467 1330 5521 vita:
1358 5465 1516 5536 hujus
1539 5483 1602 5522 ac
1629 5477 1971 5523 tcrrenorum
2001 5483 2114 5523 ma-

531 5557 706 5612 lorum
731 5559 1038 5614 turbinibus
1065 5558 1251 5613 reddet
1279 5574 1292 5622 ;
1331 5560 1377 5613 si
1406 5559 1526 5628 quis
1553 5573 1681 5630 ergo
1706 5560 1849 5614 inter
1873 5561 1989 5615 haec
2019 5576 2114 5631 po-

534 5650 673 5704 situs
699 5650 998 5704 resolvatur
1030 5650 1262 5714 animus,
1288 5658 1343 5704 et
1375 5649 1628 5703 Salutaris
1651 5651 1762 5720 spei
1819 5653 2112 5707 anchoram

536 5740 771 5794 dimittat
797 5756 826 5793 e
850 5741 1115 5807 manibus,
1144 5740 1357 5796 decidat
1391 5754 1614 5794 necesse
1641 5753 1721 5795 est
1754 5741 1806 5794 in
1840 5742 2110 5812 abyssum,

2131 4507 2185 4568 D

2200 3266 2471 3322 clauditur
2509 3266 2715 3335 pariter
2748 3275 2806 3321 et
2851 3266 3037 3338 agonis
3082 3265 3388 3336 ingressus,
3437 3275 3494 3320 et
3537 3265 3801 3335 quomodo

2195 3358 2308 3430 jam
2343 3358 2544 3430 poterit
2571 3360 2664 3428 qui
2718 3366 2872 3414 extra
2899 3359 3042 3413 viam
3067 3366 3152 3413 est
3178 3366 3236 3412 et
3262 3358 3354 3413 cui
3397 3359 3616 3412 ostium
3669 3357 3798 3411 dan-

2201 3450 2348 3506 ditur
2375 3451 2502 3505 boni
2532 3449 2737 3520 aliquid
2763 3448 2944 3520 operis
2967 3449 3214 3518 implere,
3242 3465 3369 3504 eum
3417 3449 3493 3502 ad
3543 3463 3798 3502 nouorum

2201 3557 2307 3598 non
2332 3541 2514 3597 veniat
2534 3541 2862 3613 ingressum,
2885 3541 3262 3612 desperatione
3283 3541 3668 3611 prohibente?
3688 3540 3792 3595 Pro

2201 3638 2324 3702 pter
2348 3631 2450 3687 hoc
2477 3639 2533 3687 et
2553 3631 2798 3688 diabolus
2825 3633 3075 3687 omnibus
3117 3634 3292 3688 modis
3341 3632 3582 3687 molitur
3627 3631 3798 3700 huius-

2203 3723 2348 3778 modi
2375 3723 2726 3794 cogitationes
2761 3723 3010 3794 plantare
3052 3725 3104 3778 in
3143 3725 3400 3780 cordibus
3457 3728 3712 3788 nostris;
3759 3723 3798 3778 si

2204 3814 2350 3870 enim
2379 3829 2480 3870 nos
2505 3815 2902 3884 desperationis
2939 3823 3116 3870 metus
3164 3816 3356 3885 procul
3387 3831 3422 3870 a
3455 3817 3544 3870 via
3593 3816 3799 3871 virtutis

2202 3907 2466 3971 effecerit,
2520 3907 2724 3963 nullum
2767 3908 2816 3963 ei
2847 3909 3134 3964 adversum
3175 3923 3275 3963 nos
3327 3918 3621 3963 certamen
3673 3909 3799 3961 ultr:

2204 3999 2529 4064 remanebit,
2581 4015 2743 4070 quem
2771 3999 2917 4056 enim
2947 4001 3225 4071 impugnet
3261 4015 3386 4054 cum
3429 3999 3620 4054 nullus
3669 3999 3801 4054 obsi-

2205 4097 2311 4146 stat
2335 4091 2359 4144 ?
2386 4090 2430 4146 si
2457 4089 2578 4160 quis
2606 4099 2786 4145 autem
2816 4090 2960 4146 istud
2985 4090 3254 4145 resolvere
3273 4091 3484 4158 poterit
3507 4091 3802 4151 vincula,

2207 4179 2467 4235 continuo
2495 4179 2639 4234 vires
2660 4195 2771 4234 sua:
2797 4179 3025 4234 redeunt
3060 4179 3128 4234 ad
3147 4194 3294 4244 eum,
3327 4179 3624 4234 incalescit
3664 4181 3800 4249 vigor

2207 4270 2397 4337 animi,
2429 4269 2785 4326 delectabitur
2814 4271 2868 4325 in
2897 4271 3010 4325 suis
3043 4269 3342 4325 certamina
3375 4287 3574 4326 rursus
3605 4273 3804 4325 instau-

2207 4379 2332 4419 rare
2360 4379 2374 4418 :
2407 4363 2610 4418 videbit
2643 4362 2789 4418 enim
2831 4363 3078 4433 refugare
3110 4377 3232 4416 cum
3261 4378 3322 4417 se
3351 4378 3522 4432 quem
3547 4362 3806 4433 fugiebat,

2208 4467 2264 4513 et
2293 4457 2541 4528 persequi
2569 4466 3015 4529 persequentem;
3059 4458 3200 4526 quod
3247 4463 3302 4509 et
3331 4457 3378 4510 si
3435 4456 3612 4522 forte,
3663 4467 3720 4510 ut
3757 4471 3810 4510 se

2210 4551 2450 4606 conditio
2479 4551 2642 4605 habet
2678 4549 2884 4620 agonis,
2915 4562 3134 4603 rursum
3163 4547 3368 4602 labitur
3391 4555 3454 4601 ut
3491 4549 3685 4612 cadat,
3711 4563 3808 4601 non

2210 4643 2473 4699 continuo
2502 4641 2682 4712 lapsus
2710 4641 2789 4696 sui
2817 4640 3022 4710 pudore
3049 4638 3340 4708 desperare
3389 4637 3598 4692 iterum
3633 4639 3808 4698 debet.

2210 4735 2306 4791 sed
2333 4733 2642 4788 meminerit
2670 4732 2808 4786 hanc
2837 4745 2958 4786 esse
3001 4729 3190 4800 agonis
3215 4736 3270 4782 et
3299 4729 3686 4782 certaminum
3739 4729 3806 4780 le-

2211 4842 2355 4900 gem,
2383 4841 2489 4880 non
2516 4833 2574 4878 ut
2603 4838 2875 4894 nunquam
2906 4823 3028 4892 quis
3056 4821 3232 4884 cadat,
3264 4819 3358 4874 sed
3411 4828 3474 4872 ut
3535 4835 3808 4890 nunquam

2213 4923 2334 4992 quis
2360 4921 2517 4976 cedat
2555 4939 2568 4974 :
2604 4919 2730 4989 quia
2767 4936 2870 4973 non
2896 4918 2984 4973 ille
3033 4918 3124 4987 qui
3179 4931 3320 4987 sirpe
3370 4916 3582 4970 cecidit
3643 4917 3812 4969 victus

2217 5015 2435 5080 dicitur,
2469 5015 2561 5069 sed
2586 5014 2676 5069 ille
2707 5012 2797 5084 qui
2830 5014 2897 5066 ad
2930 5012 3179 5067 ultimum
3213 5009 3404 5073 cessit,
3427 5025 3565 5062 nam
3593 5010 3690 5078 qui
3723 5009 3808 5061 de-

2218 5107 2540 5180 sperationis
2568 5105 2989 5176 cogitationibus
3018 5103 3193 5157 victus
3236 5109 3339 5165 est,
3394 5103 3683 5170 quomodo
3737 5099 3812 5152 vel

2219 5199 2362 5253 vires
2393 5212 2647 5270 reparare
2675 5194 2941 5260 certandi,
2971 5209 3054 5248 ve.
3087 5193 3339 5247 resistere
3369 5200 3424 5246 et
3447 5206 3704 5261 pugnare
3725 5205 3812 5259 po-

2219 5297 2466 5344 testeum
2493 5286 2684 5358 fugiat,
2721 5300 2821 5340 nec
2851 5284 3072 5339 omnino
3102 5283 3286 5337 redeat
3310 5281 3379 5335 ad
3397 5280 3731 5336 certamen?
3753 5276 3814 5332 Et

2220 5398 2320 5453 ego
2351 5380 2474 5435 nolo
2502 5379 2626 5448 quia
2681 5386 2737 5432 tu
2778 5386 2934 5446 putes
2959 5376 3084 5445 quia
3111 5373 3179 5428 de
3207 5374 3291 5428 his
3322 5373 3458 5428 mihi
3505 5388 3698 5427 sermo
3747 5370 3814 5425 sit

2223 5479 2428 5525 tantum
2459 5468 2550 5538 qui
2581 5468 2631 5521 in
2667 5466 2852 5538 paucis
2888 5473 2942 5519 et
2965 5465 3171 5518 levibus
3194 5471 3586 5533 peccaverunt,
3617 5461 3720 5514 sed
3751 5459 3812 5512 de

2221 5563 2312 5617 illo
2341 5559 2532 5631 loquor
2563 5558 2654 5630 qui
2701 5558 2948 5612 omnibus
2989 5553 3290 5610 succumbit
3323 5551 3507 5614 malis,
3555 5552 3652 5620 qui
3712 5551 3808 5603 im-

2223 5655 2484 5710 manitate
2514 5651 2776 5707 scelerum
2822 5648 2962 5702 viam
2990 5646 3088 5701 sibi
3121 5643 3414 5698 excluserit
3445 5643 3604 5712 regni
3647 5641 3812 5694 calo-

2183 5782 2200 5806 .
2223 5762 2366 5803 rum.
2395 5751 2448 5799 et
2490 5757 2594 5797 non
2623 5741 2688 5796 de
2721 5738 3021 5794 infidelibus
3043 5735 3136 5789 sed
3164 5734 3230 5789 de
3255 5733 3506 5788 fidelibus
3547 5731 3738 5796 fuerit,
3765 5745 3810 5786 ei
