3956 6326
125 334 256 393 1369

1318 327 1407 382 DE
1447 324 1634 382 MODO
1671 321 2167 380 ΡἘΕΝΙΤΕΝΤΙᾹΞ.

3233 326 3372 382 1510

122 460 192 499 ex
214 443 297 499 his
319 441 412 511 qui
441 439 594 511 prius
619 439 884 510 placuerit
912 439 1042 508 Deo,
1068 448 1190 511 post
1225 443 1339 496 haec
1379 450 1558 496 autem
1593 439 1688 494 de—
1713 440 1764 498 A
1789 439 2033 494 vertendi
2054 438 2328 494 materias.
2356 438 2538 495 Primo
2561 439 2777 510 quidem
2804 454 2871 495 ex
2917 439 3022 496 hoc
3066 441 3184 512 ipso
3227 443 3370 512 quod

120 533 314 591 ciderit
326 533 407 588 vel
422 533 476 588 in
491 532 776 599 adulteria,
790 533 872 588 vel
887 534 940 588 in
954 549 1140 589 omnes
1155 534 1538 603 impudicitias,
1551 549 1691 604 quae,

123 637 187 683 ut
197 626 482 698 Apostolus
495 626 591 691 ait,
611 634 764 695 turpe
779 633 865 682 est
875 627 1038 681 etiam
1053 629 1255 694 dicere,
1284 641 1384 682 nec
1397 628 1542 682 hunc
1565 642 1694 698 ergo

122 716 476 774 dicosalutem
489 717 778 784 desperare
791 716 1004 781 debere,
1020 717 1232 772 etiamsi
1248 718 1315 775 ad
1330 717 1572 772 ultimam
1592 717 1693 772 hu-

117 808 209 879 jus
223 807 365 864 modi
378 808 537 863 malis
547 809 805 863 obsessus
813 823 985 877 usque
1004 809 1311 879 pervenerit
1333 816 1690 873 senectutem,

123 903 216 956 sed
241 916 358 970 quae
386 901 456 956 sit
493 899 632 955 ratio
657 900 787 955 dicti
835 899 996 969 hujus
1043 899 1283 956 ausculta
1316 917 1330 953 :
1361 898 1418 954 Si
1472 901 1552 954 ira
1599 898 1695 954 Dei

120 990 388 1062 passibilis
416 998 562 1046 esset
585 989 798 1056 affectu,
840 999 988 1048 recte
1031 991 1332 1046 diceremus
1379 1007 1488 1046 non
1537 1005 1696 1060 posse

115 1085 231 1156 jam
264 1084 521 1156 restingui
549 1083 839 1151 flammam,
863 1099 983 1154 qum
1011 1093 1088 1139 tot
1119 1099 1184 1140 ac
1223 1084 1388 1138 tantis
1441 1090 1694 1153 peccato-

123 1190 242 1228 rum
267 1189 523 1230 succensa
546 1174 617 1230 sit
645 1175 818 1230 malis.
850 1175 984 1231 Cum
1006 1190 1137 1231 vero
1164 1175 1550 1246 impassibilem
1572 1188 1695 1234 esse

121 1274 368 1320 naturam
399 1265 635 1320 divinam
661 1264 903 1321 definitio
928 1267 1176 1322 veritatis
1209 1267 1476 1334 ostendat,
1537 1265 1696 1321 intel-

119 1354 284 1426 ligere
329 1356 588 1412 debemus
635 1355 762 1425 quia
811 1356 1023 1412 etiamsi
1066 1357 1221 1426 punit
1263 1356 1423 1422 Deus,
1483 1355 1693 1411 etiamsi

118 1460 309 1515 poenas
337 1444 519 1511 infert,
545 1461 652 1501 non
677 1447 781 1502 hoc
820 1462 944 1502 cum
990 1447 1070 1501 ira
1119 1448 1385 1517 passibili,
1428 1447 1521 1503 sed
1570 1462 1695 1502 cum

119 1533 369 1590 ineffabili
411 1536 693 1591 clementia
744 1536 873 1592 facit
921 1537 1184 1592 medentis
1225 1553 1332 1593 non
1379 1538 1696 1609 perimentis

117 1623 334 1691 allectu,
369 1633 423 1680 et
461 1625 581 1681 ideo
618 1625 772 1682 valde
825 1626 1052 1684 libenter
1104 1628 1368 1698 poenitere
1414 1628 1691 1694 debemus,

117 1713 445 1782 paenitentia:
490 1715 632 1770 enim
663 1715 1112 1772 medicamentum
1141 1717 1184 1772 si
1209 1717 1546 1788 praeveniens
1599 1733 1693 1773 cu-

1793 529 1843 584 ei
1875 529 1928 583 in
1953 529 2172 585 fornace
2193 530 2331 600 ignis
2367 531 2538 586 tribus
2581 531 2764 601 pueris
2788 531 3049 588 sociatus
3101 535 3370 604 apparuit,

1795 627 1907 674 tum
1929 620 2141 686 deinde,
2170 622 2311 690 quod
2335 621 2598 678 visionem
2619 623 2767 677 videt
2790 623 2935 677 illam
2981 639 3144 692 quam
3197 625 3370 679 inter-

1793 717 2036 779 pretatus
2055 719 2137 766 est
2162 711 2388 777 Daniel;
2417 727 2539 782 qua:
2575 712 2659 768 vel
2709 713 2823 768 sola
2877 711 3150 768 sufﬁceret
3205 716 3370 770 etiam

1794 801 2000 872 lapidea
2022 803 2186 857 corda
2211 803 2446 869 mollire,
2475 805 2568 860 sed
2591 812 2876 875 postquam
2916 807 3080 861 rebus
3125 807 3372 862 admoni-

1796 901 1884 947 tus
1923 901 2025 955 est,
2059 893 2290 948 accessit
2334 895 2498 952 etiam
2541 907 2849 949 sermonum
2882 910 2980 965 per
3028 895 3370 965 prophetiam

1795 983 2115 1050 cohortatio,
2146 984 2355 1054 accepit
2389 985 2532 1040 enim
2559 993 2611 1040 et
2631 986 2907 1054 prophetae
2952 986 3236 1042 consilium
3284 986 3368 1040 (i-

1794 1075 1970 1130 centis
1995 1094 2007 1129 :
2043 1093 2062 1126 r
2093 1074 2411 1146 Propterea,
2441 1091 2474 1131 o
2505 1091 2625 1141 rex,
2653 1076 2936 1130 consilium
2962 1091 3140 1131 meum
3160 1075 3372 1145 placeat

1796 1166 1912 1231 tibi,
1947 1174 2004 1221 et
2029 1174 2248 1234 peccata
2278 1172 2370 1219 tua
2391 1165 2747 1235 eleemosynis
2775 1166 3000 1230 redime,
3043 1174 3099 1220 et
3119 1165 3360 1234 iniquita-

1797 1268 1876 1314 tes
1901 1265 2020 1315 tuas
2046 1259 2414 1330 misericordia
2461 1274 2759 1329 pauperum
2796 1277 2808 1312 :
2849 1257 3079 1314 fortasse
3125 1259 3229 1314 erit
3273 1275 3368 1328 pa-

1795 1349 1984 1405 tientia
2011 1350 2138 1404 inde
2188 1350 2330 1404 votis
2380 1349 2487 1403 tuis
2535 1349 2694 1420 (Dan.
2725 1348 2936 1420 mil).
2975 1369 2995 1401 ι
3050 1348 3186 1416 Quid
3234 1349 3371 1404 dicis

1794 1444 1861 1498 ad
1899 1444 2036 1510 haec,
2067 1442 2151 1497 vir
2177 1443 2393 1513 sapiens
2423 1451 2479 1497 et
2515 1443 2692 1509 beate,
2721 1450 2777 1496 et
2819 1449 2941 1512 post
2969 1449 3148 1496 tantos
3191 1441 3372 1510 lapsus

1795 1537 1969 1593 adhuc
1994 1537 2236 1593 redditus
2261 1544 2367 1601 est,
2385 1535 2515 1590 mihi
2543 1535 2722 1600 crede,
2750 1534 2876 1604 quia
2897 1543 2951 1588 et
2973 1543 3096 1604 post
3115 1533 3373 1604 gravissi-

1793 1643 1938 1683 mam
1957 1627 2355 1698 aegritudinem,
2391 1634 2553 1696 atque
2578 1626 2646 1680 ab
2670 1625 2787 1696 ipso
2807 1641 2943 1696 pene
2970 1625 3160 1679 mortis
3207 1624 3372 1680 conti-

1794 1721 1885 1776 nio
1912 1721 2053 1776 redit
2073 1719 2280 1774 sanitas
2308 1727 2364 1773 et
2387 1726 2510 1788 post
2538 1719 2881 1787 desperatam
2912 1716 3177 1771 insaniem
3219 1714 3372 1770 multi

117 1813 202 1860 ret
221 1806 476 1871 animam,
508 1821 614 1861 non
644 1807 772 1863 facit
801 1824 920 1864 eam
949 1810 1016 1864 ad
1043 1811 1441 1867 medicamenta
1477 1811 1691 1866 iracun-
1719 1795 1767 1856 Β
1796 1811 2134 1881 resipiscunt.
2166 1809 2306 1864 Ecce
2333 1808 2499 1873 enim,
2532 1815 2588 1862 ut
2622 1823 2786 1878 supra
2810 1806 3256 1870 memoravimus,
3275 1820 3370 1860 rex

115 1893 217 1950 dia:
240 1896 547 1966 pervenire,
578 1914 677 1968 pro
704 1899 790 1954 his
815 1915 935 1969 qua:
957 1901 1230 1957 commisit
1251 1902 1306 1956 in
1337 1901 1527 1957 Deum.
1575 1899 1692 1957 Non

112 1985 277 2050 enim,
302 1993 361 2040 ut
388 1986 641 2054 diximus,
663 1996 884 2058 propter
913 2000 1262 2060 semetipsum
1283 1993 1522 2048 vindicat
1550 1992 1693 2048 Deus

111 2075 167 2130 in
205 2085 542 2145 peccatorem
573 2080 727 2149 quasi
764 2079 1030 2136 ulciscens
1055 2080 1306 2150 injuriam
1339 2099 1515 2149 suam,
1557 2081 1693 2138 nihil

109 2166 255 2221 enim
288 2167 397 2222 tale
427 2169 618 2239 recipit
647 2169 702 2223 in
731 2184 789 2225 se
814 2179 1004 2225 natura
1038 2170 1245 2237 divina,
1277 2172 1375 2227 sed
1423 2174 1492 2226 ad
1541 2173 1690 2228 utili-

111 2265 277 2312 tatem
311 2266 574 2325 nostram,
605 2257 734 2314 facit
756 2260 936 2315 omnia
963 2276 1061 2330 pro
1101 2261 1331 2317 utilitate
1380 2271 1586 2328 nostra,
1636 2271 1693 2326 et

110 2352 481 2422 correptiones
501 2353 706 2409 inducit
731 2363 786 2409 et
823 2369 1032 2425 pmnas,
1073 2371 1180 2412 non
1218 2364 1278 2411 ut
1325 2370 1385 2412 se
1431 2357 1688 2423 vindicet,

107 2441 206 2496 sed
243 2451 306 2496 ut
328 2457 426 2498 nos
452 2443 734 2510 emendet;
775 2445 918 2514 quod
953 2446 998 2501 si
1026 2447 1280 2517 persistat
1305 2447 1425 2518 quis
1456 2448 1509 2503 in
1537 2449 1687 2504 duri-

105 2531 204 2596 tia,
232 2531 373 2587 sicut
398 2531 487 2588 ille
510 2532 601 2604 qui
626 2535 821 2588 avertit
848 2535 1034 2592 oculos
1061 2551 1187 2591 suos
1209 2551 1240 2590 a
1262 2536 1404 2603 luce,
1432 2537 1689 2594 damnum

105 2624 328 2694 quidem
355 2625 460 2681 luci
491 2625 693 2681 nullum
726 2627 928 2696 intulit,
965 2630 1317 2700 semetipsum
1359 2646 1490 2686 vero
1545 2639 1692 2688 tene-

103 2715 222 2771 bris
253 2715 632 2771 condemnavit
664 2735 680 2772 ;
711 2717 785 2772 ita
811 2726 867 2773 et
911 2719 1003 2789 qui
1049 2735 1147 2790 per
1197 2735 1291 2775 cor
1344 2721 1689 2792 impmnitens

104 2816 459 2863 contemnere
482 2823 541 2864 se
569 2817 721 2879 putat
748 2809 1003 2866 virtutem
1026 2811 1142 2877 Dei,
1172 2813 1523 2883 semetipsum
1551 2813 1686 2869 alie-

105 2915 239 2954 num
269 2898 430 2956 eliicit
463 2915 495 2955 a
533 2902 725 2959 salute.
757 2901 906 2970 Quod
935 2903 980 2959 si
1007 2904 1250 2960 medicus
1277 2904 1345 2960 ab
1376 2906 1463 2961 his
1487 2906 1578 2975 qui
1603 2906 1688 2961 vel

103 2991 418 3060 phrenesin]
446 2992 743 3063 patiuntur,
775 2993 860 3049 vel
885 2979 1111 3050 cerebro
1139 2997 1270 3051 moti
1297 3004 1442 3062 sunt,
1484 2996 1687 3067 patitur

103 3079 355 3150 injurias,
390 3097 564 3152 neque
585 3084 728 3140 dolet
758 3100 856 3155 pro
885 3085 1008 3151 hoc,
1053 3101 1228 3156 neque
1258 3087 1534 3154 irascitur,
1588 3088 1684 3144 sed

103 3167 242 3225 facit
268 3171 449 3226 omhia
479 3187 598 3242 quae
627 3175 871 3230 medendi
891 3176 1029 3231 ratio
1059 3178 1317 3247 deposcit,
1344 3179 1540 3247 quibus
1562 3194 1686 3234 cru-

104 3260 241 3315 ciari
268 3260 485 3330 quidem
509 3263 757 3320 videatur
811 3264 898 3318 ille
944 3265 1036 3336 qui
1077 3266 1298 3336 patitur.
1354 3267 1522 3323 Porro
1566 3283 1691 3322 cru-

103 3353 285 3410 ciatus
314 3355 429 3426 ipse
453 3371 560 3412 non
602 3365 688 3412 est
730 3356 1050 3427 injuriarum
1104 3360 1360 3426 vindicta,
1412 3362 1507 3418 sed
1559 3378 1688 3418 cura

104 3443 436 3516 languentis,
459 3447 691 3518 denique
713 3449 757 3504 si
789 3464 1013 3520 parvum
1060 3451 1190 3521 quid
1237 3467 1382 3524 aeger
1426 3453 1691 3522 proficere

104 3534 341 3604 cmperit
369 3537 437 3590 ad
465 3535 713 3602 salutem,
749 3538 934 3592 statim
959 3539 1107 3595 vides
1132 3542 1364 3611 gaudere
1396 3543 1687 3610 medicum,

101 3624 283 3681 ltetari
306 3639 476 3694 usque
497 3632 550 3680 et
571 3625 802 3683 alacrius
821 3630 1044 3699 exsequi
1067 3630 1328 3700 reliquam
1357 3647 1563 3698 curam,
1588 3649 1692 3690 nec

99 3729 342 3786 usquam
367 3729 588 3785 prorsus
617 3714 937 3784 injuriarum
960 3719 1227 3784 meminit,
1259 3720 1355 3775 sed
1396 3719 1586 3776 salutis
1634 3723 1690 3776 in

101 3805 365 3862 omnibus
422 3818 610 3876 gerere
656 3815 1048 3876 prospectum;
1079 3815 1283 3878 quanto
1330 3810 1500 3880 magis
1549 3811 1692 3867 Deus

100 3896 276 3952 etiam
299 3911 419 3950 cum
443 3896 512 3951 ad
536 3895 1059 3951 ultimaminsaniam
1077 3898 1457 3965 deciderimus,
1476 3915 1583 3955 non
1613 3899 1690 3954 ul-

102 3989 278 4044 tionis
303 3987 518 4054 affectu,
546 4003 647 4060 pro
672 3988 757 4044 his
779 4003 899 4058 quae
923 3989 1293 4045 commisimus
1333 3999 1580 4046 movetur
1636 3992 1689 4046 in

101 4098 230 4148 nos,
263 4081 357 4137 sed
379 4081 602 4151 cupiens
628 4080 928 4136 visceribus
957 4081 1159 4137 nostris
1181 4082 1511 4138 inveteratas
1539 4083 1692 4138 vitio-

99 4189 232 4228 rum
261 4186 456 4227 curare
480 4171 786 4242 languores,
838 4186 938 4242 pro
967 4172 1073 4227 hoc
1092 4180 1148 4227 et
1177 4173 1332 4228 docet
1385 4173 1589 4239 omnia,
1635 4181 1692 4228 et

97 4266 241 4338 agit,
269 4265 496 4334 cupidus
523 4264 770 4321 sanitatis
797 4272 1014 4330 nostrae,
1044 4280 1151 4320 non
1179 4281 1384 4336 preme;
1421 4267 1515 4321 sed
1545 4267 1690 4338 quod

95 4356 358 4429 quamvis
381 4356 519 4411 ratio
545 4356 657 4426 ipsa
680 4355 896 4425 pietatis
920 4355 1247 4413 sufficienter
1291 4359 1559 4423 ostendat,
1608 4366 1690 4414 ta-

94 4462 232 4504 men
256 4462 325 4501 ue
352 4445 446 4500 tibi
465 4446 530 4501 de
557 4444 860 4514 huiusmodi
896 4449 1163 4504 sententia
1190 4449 1451 4505 dubitatio
1473 4449 1577 4503 ulla
1607 4449 1688 4504 vi-

92 4539 322 4604 deatur,
354 4552 638 4607 possumus
663 4538 778 4594 haec
810 4539 972 4594 etiam
998 4556 1066 4596 ex
1111 4541 1312 4598 divinis
1367 4541 1685 4613 Scripturis,

91 4628 254 4703 quod
277 4628 350 4683 ita
381 4643 439 4685 se
465 4629 699 4685 habeant
723 4630 967 4686 edocere.

92 4786 238 4843 CAP.
272 4783 777 4869 VL—Testinfonio
834 4788 1318 4869 Scripturwnsacrw
1361 4805 1408 4850 et
1455 4797 1691 4869 exempla

512 4859 867 4926 paenitentiam
893 4859 1014 4914 inde
1033 4861 1262 4931 prolata.

177 4988 281 5044 Dic
300 4988 443 5045 enim
464 4991 596 5046 mihi
624 4993 753 5062 quid
790 4993 1105 5051 sceleratius
1149 4995 1250 5051 fuit
1289 5012 1415 5070 rege
1461 4999 1689 5073 Babylo-

93 5079 236 5144 niae,
260 5079 498 5149 quicum
521 5081 575 5136 in
601 5083 800 5139 multos
825 5093 1079 5154 expertus
1099 5096 1244 5144 esset
1260 5091 1557 5158 potentiam
1583 5093 1688 5150 Do-

93 5169 268 5235 mini,
296 5169 374 5224 ita
399 5180 456 5226 ut
479 5172 795 5243 prophetam
830 5173 945 5244 ejus
977 5179 1244 5246 adoraret,
1281 5188 1335 5235 et
1364 5180 1580 5250 iuberet
1636 5186 1687 5242 ei

95 5261 238 5316 thus
271 5268 327 5314 et
347 5263 622 5331 myrrham
653 5263 941 5331 immolari,
968 5283 1156 5324 rursus
1187 5278 1368 5326 tamen
1414 5274 1482 5328 ad
1536 5278 1685 5343 prio-

93 5366 224 5408 rem
258 5351 519 5408 adversus
548 5353 717 5407 Deum
746 5356 1052 5424 superbiam
1081 5358 1362 5415 devolutus
1393 5371 1492 5425 est,
1521 5373 1688 5420 eteos

93 5441 200 5512 qui
236 5439 526 5512 imaginem
557 5441 673 5512 ejus
698 5443 924 5501 adorare
967 5448 1274 5514 noluerunt,
1338 5452 1688 5520 prmfet'entes

97 5530 517 5586 venerationem
555 5531 675 5600 Dei,
704 5534 914 5592 vinctos
941 5536 994 5590 in
1027 5537 1300 5594 fornacem
1331 5542 1525 5612 dejccit
1548 5544 1686 5614 ignis

93 5621 354 5678 ardentis
385 5640 399 5676 :
430 5632 485 5678 et
516 5631 695 5681 tamen
730 5628 875 5684 hunc
910 5639 1017 5684 tam
1071 5632 1384 5698 immanem,
1442 5644 1549 5690 tam
1579 5637 1682 5690 im-

96 5712 259 5782 pium
301 5723 558 5784 provocat
590 5717 729 5774 Deus
751 5719 818 5775 ad
861 5721 1231 5788 pomitcntiam
1255 5731 1309 5779 ct
1337 5725 1428 5778 dat
1454 5725 1502 5780 ei
1550 5742 1681 5781 con--

1791 1903 1894 1958 iste
1919 1901 2248 1972 Babylonius
2268 1913 2456 1955 omnes
2485 1897 2600 1967 jam
2639 1897 2742 1953 sibi
2767 1897 2948 1952 aditus
2971 1894 3164 1951 salutis
3187 1893 3372 1948 exclu-

1792 2001 1960 2058 serat,
1982 2007 2078 2064 per
2104 1993 2156 2048 id
2178 1991 2322 2062 quod
2349 1975 2693 2046 exacerbavit
2721 1989 2912 2052 Deum,
2960 1986 3054 2056 qui
3108 2001 3166 2042 se
3221 1984 3371 2049 fecit,

1791 2092 1847 2140 et
1871 2084 1938 2138 ad
1968 2083 2182 2154 fastigia
2212 2081 2364 2152 regni
2390 2079 2534 2136 celsa
2558 2079 2829 2149 perduxit,
2865 2077 2957 2147 qui
2988 2075 3089 2131 sibi
3131 2073 3371 2130 caelestia

1791 2174 1958 2230 etiam
1980 2173 2236 2244 mysteria
2253 2171 2530 2236 revelavit,
2549 2169 2639 2239 qui
2655 2167 2956 2222 futurorum
2973 2180 3186 2236 quoque
3203 2164 3375 2219 scien-

1791 2265 1922 2322 tiam
1947 2265 2094 2321 dedit
2115 2271 2169 2319 et
2190 2263 2341 2334 regni
2371 2261 2540 2316 totius
2570 2275 2769 2315 arcana
2793 2258 3076 2323 reseravit,
3130 2255 3223 2325 qui
3261 2270 3374 2309 ma-

1791 2359 1958 2430 gicas,
1990 2355 2406 2417 astronomicas,
2434 2351 2766 2414 Gazarenas,
2793 2347 3222 2415 Chaldaicasque
3243 2360 3374 2414 pra:-

1789 2453 1979 2525 stigias
2012 2450 2288 2522 propheta:
2313 2448 2394 2504 sui
2417 2447 2599 2501 divina
2627 2442 3074 2514 interpretatione
3111 2438 3369 2502 confudit,

1789 2552 1844 2600 et
1873 2539 2143 2598 ineffabile
2182 2545 2583 2594 sacramentum
2631 2533 2831 2604 captivi
2877 2531 3030 2603 pueri
3081 2528 3371 2599 sapientis-

1789 2634 1926 2690 sima
1955 2631 2281 2688 discretione
2312 2626 2584 2699 patefecit,
2617 2626 2690 2680 ita
2713 2633 2901 2678 utnon
2943 2621 3117 2677 solum
3149 2620 3374 2674 credere

1790 2738 2002 2780 summo
2032 2721 2141 2776 Deo
2167 2720 2464 2782 videretur,
2495 2717 2591 2772 sed
2625 2717 2678 2769 in
2703 2714 2850 2772 omni
2892 2713 3025 2768 orbe
3053 2712 3220 2765 Deum
3272 2710 3376 2762 Da-

1789 2815 1947 2870 nielis
1966 2814 2136 2868 Deum
2166 2825 2354 2865 verum
2385 2821 2504 2863 esse
2529 2805 2876 2876 praedicaret,
2925 2811 2980 2857 et
3032 2816 3138 2855 non
3195 2799 3372 2854 solum

1787 2906 1933 2962 hunc
1950 2904 2125 2973 ipsum
2151 2899 2368 2970 negavit
2387 2897 2646 2968 posthzec,
2674 2895 2771 2950 sed
2791 2900 2846 2948 et
2869 2893 2922 2946 in
2946 2899 3148 2944 tantam
3179 2904 3372 2944 rursus

1787 2995 2054 3052 insaniam
2089 2991 2372 3048 devolutus
2408 2997 2510 3054 est,
2551 2995 2612 3041 ut
2647 2999 2834 3042 servos
2870 2983 2967 3038 Dei
2995 2981 3086 3051 qui
3137 2996 3242 3034 non
3275 2980 3372 3034 ad-

1786 3091 2007 3141 orarent
2052 3081 2341 3152 imaginem
2402 3092 2554 3132 suam
2606 3075 2660 3130 in
2705 3074 2980 3129 fornacem
3010 3070 3379 3142 praecipitaret

1711 3145 1757 3211 θ
1790 3176 1928 3248 ignis
1964 3145 2224 3237 ardentis,
2248 3179 2303 3226 et
2337 3179 2515 3224 tamen
2542 3183 2608 3222 ne
2637 3165 2709 3220 ibi
2738 3165 2956 3234 quidem
2995 3178 3140 3217 cura:
3186 3170 3238 3217 et
3290 3173 3376 3212 re-

1789 3266 1952 3322 medii
1981 3265 2097 3334 ejus
2124 3261 2461 3319 obliviscitur
2481 3259 2664 3314 divina
2696 3255 2992 3319 miseratio,
3026 3254 3120 3309 sed
3150 3253 3202 3308 in
3233 3253 3371 3322 ipso.

1789 3365 1852 3414 ut
1877 3357 2136 3421 diximus,
2160 3353 2298 3425 ignis
2318 3351 2518 3416 medio,
2538 3349 2630 3405 ubi
2661 3347 2893 3403 ﬂammis
2919 3345 3220 3400 tradiderat
3242 3358 3373 3415 pue-

1789 3464 1880 3505 ros
1918 3449 2086 3504 Deum
2115 3446 2378 3508 colentes,
2405 3441 2570 3498 etiam
2603 3439 2676 3495 ibi
2727 3453 2849 3493 eum
2896 3453 3004 3492 non
3050 3435 3372 3500 terroribus,

1790 3541 1883 3598 sed
1905 3537 2240 3593 mirabilibus
2262 3533 2492 3604 mitigat,
2519 3538 2771 3600 potuerat
2792 3527 2936 3583 enim
2964 3535 3019 3582 et
3062 3527 3240 3598 ignem
3282 3537 3374 3578 re-

1789 3631 2083 3700 stinguere,
2121 3635 2176 3682 et
2203 3626 2405 3680 imbres
2441 3622 2658 3678 caelitus
2679 3619 2963 3686 inundare,
2996 3619 3090 3676 sed
3121 3619 3225 3674 hoc
3266 3633 3372 3672 non

1791 3722 1919 3777 facit
1941 3736 2009 3776 ne
2032 3720 2152 3790 plus
2179 3716 2445 3773 accendat
2469 3715 2760 3778 insaniam,
2814 3712 2911 3767 sed
2967 3710 3239 3781 permittit
3289 3709 3376 3762 in-

1794 3823 1998 3871 tantum
2030 3813 2348 3883 exaggerari
2381 3810 2675 3872 flammam,
2703 3816 2967 3876 quantum
3005 3803 3236 3858 furentis
3277 3803 3373 3858 de-

1790 3903 2063 3960 siderabat
2087 3901 2415 3966 immanitas,
2437 3907 2492 3954 et
2515 3914 2624 3953 non
2645 3897 2821 3952 solum
2848 3894 3034 3950 inferri
3060 3908 3249 3964 pmnas
3267 3909 3376 3949 non

1791 3996 2062 4068 prohibet,
2087 3995 2182 4050 sed
2212 3993 2377 4048 illatis
2402 3999 2724 4062 potestatem
2750 3989 2972 4060 perimit
2993 3987 3294 4050 cruciandi,
3320 3994 3376 4040 et

1791 4103 1860 4143 ne
1881 4087 2004 4158 quis
2024 4086 2213 4141 videns
2235 4099 2339 4139 non
2355 4083 2438 4138 uri
2452 4095 2671 4154 pueros,
2694 4080 3240 4152 putaretphantasma
3255 4093 3376 4132 esse

1790 4177 2054 4242 flammas,
2105 4174 2352 4248 permisit
2406 4174 2559 4229 exuri
2604 4187 2888 4244 poenarum
2935 4172 3232 4236 ministros,
3281 4185 3376 4225 eos

1792 4271 2002 4328 scilicet
2024 4269 2118 4339 qui
2140 4269 2289 4324 circa
2337 4265 2615 4321 fornacem
2660 4265 2894 4328 stabant,
2956 4271 3015 4317 ut
3067 4262 3377 4319 ostenderet

1790 4363 1916 4435 quia
1944 4377 2072 4418 vere
2096 4360 2235 4432 ignis
2259 4367 2397 4425 erat,
2429 4357 2522 4428 qui
2546 4357 2867 4422 videbatur;
2900 4357 2994 4411 sed
3018 4363 3138 4410 erat
3177 4371 3373 4425 praece-

1789 4462 1940 4527 ptum
1970 4451 2181 4507 Domini
2221 4449 2360 4521 ignis
2379 4449 2578 4503 virtute
2600 4446 2846 4512 validius,
2869 4461 3028 4502 omne
3057 4446 3203 4500 enim
3229 4444 3370 4514 quod

1790 4555 1895 4612 est,
1915 4543 2223 4600 necessario
2258 4541 2551 4596 famulatur
2578 4539 2628 4595 ei
2660 4556 2689 4594 a
2723 4555 2831 4608 quo
2872 4548 2931 4592 ut
2976 4543 3123 4594 esset
3165 4538 3376 4608 accepit

1791 4637 2074 4707 originem,
2107 4633 2332 4703 suscipit
2359 4632 2500 4703 ignis
2521 4645 2648 4700 ergo
2670 4629 2759 4684 ille
2785 4643 3012 4698 corpora
3039 4636 3369 4695 sanctorum,

1792 4735 1848 4784 et
1865 4733 2135 4798 praecepto
2160 4739 2223 4778 ac
2250 4723 2526 4778 voluntate
2556 4719 2652 4775 Dei
2678 4727 2885 4774 natura:
2913 4735 3021 4789 qua
3069 4719 3180 4772 urit
3229 4718 3370 4774 obli-

1795 4826 1906 4883 tus,
1936 4817 2103 4871 solam
2135 4813 2252 4883 ejus
2305 4821 2510 4882 partem
2539 4827 2644 4880 qua
2675 4809 2942 4864 illuminat
2972 4818 3224 4880 operatus
3264 4823 3369 4876 cst,

1796 4910 1871 4964 ita
1905 4917 1964 4963 ut
1987 4915 2204 4964 sanctos
2257 4921 2321 4960 ac
2372 4902 2556 4959 ﬁdeles
2609 4903 2882 4973 depositus
2931 4919 3037 4958 non
3088 4915 3371 4974 corruptos

1794 4997 2064 5062 redderet,
2090 4995 2184 5051 sed
2216 4994 2543 5059 illustratos;
2577 5003 2959 5064 processerunt
2987 4995 3130 5049 enim
3161 4995 3228 5050 de
3263 4995 3373 5050 for-

1794 5103 1928 5142 nace
1955 5086 2095 5158 ignis
2121 5094 2377 5155 tanquam
2409 5085 2477 5140 de
2503 5085 2623 5139 aula
2649 5086 2816 5157 regali
2840 5085 3072 5142 mirandi
3119 5089 3371 5144 omnibus

1793 5186 1850 5235 et
1873 5175 2122 5232 omnibus
2147 5173 2468 5243 venerandi;
2500 5183 2625 5231 tunc
2647 5175 2826 5232 nullus
2847 5178 3030 5234 oculos
3051 5195 3178 5236 suos
3197 5181 3264 5235 ad
3288 5197 3372 5236 re-

1795 5284 1914 5340 gem
1943 5267 2228 5332 convertit,
2265 5282 2500 5337 purpura
2546 5275 2602 5322 et
2649 5267 2950 5325 diademate
2995 5272 3371 5341 rel‘ulgentem,

1795 5360 1888 5414 sed
1921 5359 2137 5414 relictus
2170 5367 2255 5414 est
2282 5375 2313 5413 a
2335 5369 2547 5414 cunctis
2579 5367 2831 5430 tanquam
2853 5363 2899 5417 si
2930 5377 3037 5418 non
3057 5371 3220 5426 esset,
3245 5362 3371 5431 quia

1792 5451 2031 5506 omnium
2062 5450 2115 5504 in
2155 5465 2215 5505 se
2243 5450 2516 5506 mirabiles
2549 5452 2699 5521 pueri
2745 5467 2972 5522 rapuere
3000 5459 3322 5521 conspectus
3351 5465 3368 5505 :

1792 5542 1913 5612 quis
1934 5541 2078 5595 enim
2103 5556 2209 5595 non
2238 5542 2342 5596 ista
2363 5551 2603 5612 stuperet
2626 5543 2695 5596 ad
2729 5559 2957 5614 corpora
2989 5541 3246 5610 juvenum
3277 5557 3372 5611 pa-

1792 5632 1935 5686 visse
1961 5630 2203 5686 ﬂalnmas
2231 5641 2285 5686 et
2311 5648 2416 5686 non
2443 5632 2614 5687 solum
2641 5634 2846 5687 viscera
2879 5631 3138 5702 refugisse
3159 5641 3371 5688 sancto-

1795 5728 1933 5790 r’um,
1965 5739 2151 5778 verum
2183 5725 2346 5780 etiam
2375 5741 2441 5782 ne
2480 5726 2670 5795 capitis
2697 5727 2914 5790 quidem
2946 5739 3177 5786 comam,
3227 5726 3368 5785 quod
