3956 6326
584 369 712 424 1511

1211 353 1566 415 B.'RABANI
1606 356 1824 412 MAURI
1863 353 2182 412 ARCHIEP.
2227 351 2536 409 MOGUNT.
2581 351 2867 410 OPERUM
2906 352 3086 410 PARS
3122 349 3207 410 III.

3739 355 3860 415 {3B

577 489 660 535 est
693 475 934 530 omnium
979 472 1245 544 fragilius,
1299 481 1394 526 aut
1441 486 1707 526 summam
1750 469 1943 525 saltem
1994 466 2160 522 vesti-
2186 469 2234 528 Α
2263 479 2361 520 nes
2389 463 2507 530 Dei,
2532 473 2587 519 et
2615 466 2894 522 immensa:
2929 466 3188 522 bonitatis
3212 466 3332 538 ejus
3376 466 3734 536 profundum
3759 475 3862 540 qni-

574 570 743 626 menti
771 565 1038 621 ﬁmbriam
1070 563 1516 634 praestrinxisse?
1553 562 1675 632 quis
1707 577 1813 616 non
1841 562 2068 615 miretur
2103 559 2156 612 in

573 665 653 720 eis
673 662 916 718 membra
937 661 1232 724 montibus,
1272 659 1594 713 vestimenta
1644 657 1896 721 metallis,
1939 655 2159 725 capillos

571 756 862 810 adamante
885 751 1177 808 fortiores?
1205 751 1298 805 sed
1323 750 1376 804 in
1403 766 1469 804 eo
1504 749 1880 804 admirationis
1909 747 2158 801 cumulus

570 848 793 913 crescit,
823 845 964 916 quod
995 847 1048 899 in
1076 845 1254 899 medio
1282 842 1621 896 ﬂammarum
1650 841 1844 910 positi,
1894 841 2158 912 hymnum

571 941 686 998 Deo
713 940 1002 1002 canebant,
1031 955 1151 994 cum
1178 939 1367 1008 utique
1411 946 1595 992 notum
1625 938 1698 992 sit
1726 953 1820 994 eos
1869 938 1958 1007 qui
2006 936 2159 991 ﬁam-

569 1033 678 1088 rnis
709 1033 1015 1094 traduntur,
1047 1032 1227 1086 statim
1251 1039 1310 1084 ut
1345 1045 1406 1084 os
1441 1032 1754 1099 aperuerint
1797 1029 2063 1093 consumi,
2101 1037 2158 1084 et

571 1123 649 1178 illi
674 1123 892 1193 quidem
915 1122 1056 1177 beati
1089 1121 1254 1190 pueri
1275 1130 1496 1174 manent
1538 1121 1678 1190 apud
1715 1121 1883 1175 Deum
1934 1121 2152 1192 gloriosi

570 1223 627 1270 et
653 1214 792 1283 apud
845 1214 1090 1268 homines
1130 1211 1441 1275 mirabiles,
1479 1226 1575 1265 rex
1623 1225 1753 1265 vero
1806 1210 2022 1280 impius,
2055 1225 2156 1265 nec

572 1305 910 1360 mirabilibus
931 1313 1200 1369 movetur,
1229 1318 1328 1358 nec
1353 1301 1577 1357 visionis
1598 1310 1651 1356 et
1675 1299 2012 1358 confusionis
2043 1315 2154 1355 sum

572 1406 910 1454 sacramenta
950 1397 1199 1462 miratur,
1240 1396 1335 1451 sed
1377 1401 1661 1465 permanet
1693 1393 2021 1459 incredulus,
2054 1408 2154 1449 nec

571 1485 752 1544 tamen
784 1488 1024 1559 punitur,
1056 1502 1232 1556 neque
1265 1487 1410 1541 enim
1435 1486 1672 1540 vincitur
1697 1485 1752 1539 in
1799 1501 1863 1540 eo
1895 1485 2155 1555 patientia

571 1581 692 1646 Dei,
717 1580 810 1636 sed
833 1588 1072 1648 tempore
1089 1579 1322 1649 plurimo
1339 1585 1721 1643 sustentatum,
1748 1576 1840 1631 vix
1863 1576 2154 1647 aliquando

570 1672 850 1741 corripuit,
896 1677 1001 1725 non
1025 1670 1296 1739 prmterita
1317 1669 1570 1740 puniens,
1602 1669 1696 1725 sed
1723 1670 2152 1724 emendationem

567 1764 904 1834 prospiciens
933 1763 985 1816 in
1031 1760 1245 1826 futuris,
1294 1762 1529 1830 denique
1573 1777 1681 1816 non
1733 1761 1787 1814 in
1837 1767 2152 1830 perpetuum

570 1853 879 1918 damnatur,
898 1853 988 1907 sed
1007 1867 1171 1922 parvo
1187 1861 1427 1922 tempore
1448 1860 1751 1922 correptus,
1775 1853 1930 1908 annis
1943 1852 2152 1922 paucis-

569 1947 721 2000 simis
751 1947 1069 2000 ememlatus
1092 1947 1158 2000 ad
1202 1945 1440 2015 priorem
1483 1961 1674 2001 rursus
1724 1946 2000 2000 reducitur
2042 1956 2154 2002 sta-

569 2045 704 2102 tum,
734 2036 808 2090 ita
837 2045 895 2090 ut
919 2036 1100 2091 damni
1132 2034 1266 2090 nihil
1289 2043 1566 2104 pateretur
1587 2051 1654 2090 ex
1676 2051 1856 2105 pmna,
1886 2036 2022 2092 lucri
2057 2054 2152 2093 au—

570 2135 677 2181 tem
721 2126 1012 2198 plurimum
1057 2143 1122 2182 ex
1163 2127 1540 2182 emendatione
1585 2127 1950 2197 conquireret.
1982 2129 2145 2194 Talis,

569 2218 700 2271 mihi
723 2217 903 2280 crede,
937 2226 992 2272 et
1017 2216 1137 2270 talis
1163 2225 1245 2272 est
1270 2232 1398 2286 erga
1421 2216 1666 2271 homines
1680 2217 1854 2287 pietas
1874 2216 1992 2283 Dei,
2017 2233 2151 2271 nun-

569 2321 729 2376 quam
757 2308 964 2375 spernit
990 2307 1388 2376 pmnitentiam,
1419 2307 1464 2361 si
1487 2306 1537 2360 ei
1573 2307 1785 2363 sincere
1819 2315 1875 2362 et
1918 2308 2151 2363 ﬁdeliter

569 2394 810 2458 offertur,
838 2397 1050 2451 etiamsi
1083 2397 1149 2450 ad
1172 2412 1442 2452 sumnmm
1486 2399 1608 2466 quis
1656 2399 1940 2468 perveniat
1973 2399 2147 2454 malo—

569 2501 710 2549 rum,
746 2495 800 2541 et
833 2487 954 2542 inde
983 2497 1160 2542 tamen
1189 2487 1346 2542 vellet
1378 2489 1573 2542 reverti
1589 2489 1670 2542 ‘ad
1719 2488 1936 2543 virtutis
1981 2489 2147 2555 viam,

568 2578 794 2648 suscipit
819 2578 1044 2634 libenter
1077 2587 1129 2633 et
1153 2578 1512 2646 amplectitur,
1561 2579 1694 2633 facit
1738 2579 1918 2634 omnia
1964 2589 2150 2649 quate-

568 2686 673 2725 nus
719 2686 842 2725 eum
890 2672 956 2725 ad
994 2671 1230 2740 priorem
1259 2679 1474 2726 revocet
1520 2679 1752 2737 statum;
1785 2672 2032 2742 quodque
2067 2682 2151 2728 est

569 2763 748 2818 adhuc
771 2765 1114 2834 prmstantius
1141 2774 1196 2820 et
1213 2765 1564 2831 eminentius,
1595 2766 1806 2820 etiamsi
1830 2782 1936 2822 non
1960 2776 2150 2837 potue-

568 2858 640 2910 rit
667 2857 788 2924 quis
809 2856 1028 2926 explere
1054 2872 1268 2911 omnem
1291 2855 1655 2913 satisfaciendi
1683 2857 1951 2924 ordinem,
1978 2875 2149 2930 quan-

566 2948 950 3017 tulamcunque
1001 2955 1180 3002 tamen
1222 2955 1276 3002 et
1311 2948 1604 3017 quamlibet
1655 2947 1837 3004 brevis
1891 2949 2148 3018 temporis

567 3048 771 3108 gestam
805 3054 909 3093 non
945 3040 1151 3110 respuit
1179 3040 1577 3108 penitentiam,
1612 3039 1838 3108 suscipit
1865 3040 2032 3094 etiam
2061 3039 2145 3109 ip-

567 3143 706 3193 sam,
733 3144 831 3184 nec
852 3130 1052 3200 patitur
1071 3120 1548 3201 quamvis’exigua:
1569 3129 1938 3185 conversionis
1969 3129 2148 3200 perire

567 3220 892 3275 mercedem.
1399 3224 1414 3238 ’

865 3300 867 3302 ’
1032 3291 1160 3347 Car.
1189 3291 1295 3346 ΥΠ.
1322 3320 1395 3332 -
1421 3290 1496 3344 De
1525 3290 1692 3346 Isaia.

639 3400 752 3456 Hoc
771 3402 914 3456 enim
939 3401 1067 3455 mihi
1085 3401 1321 3456 indicare
1337 3401 1741 3466 videturlsaias,
1760 3401 1848 3456 ubi
1868 3401 1934 3456 de
1950 3401 2147 3470 populo

567 3489 874 3544 Iudaeorum
903 3489 1027 3544 talia
1057 3492 1303 3560 quaedam
1343 3491 1508 3546 dicit:
1552 3510 1570 3542 ι
1609 3491 1835 3560 Propter
1865 3501 2145 3561 peccatum

570 3579 839 3634 modicum
855 3581 1171 3635 eontristavi
1197 3595 1336 3645 eum,
1369 3583 1841 3652 etpercussieum,
1877 3591 1934 3637 et
1975 3583 2146 3636 averti

568 3670 760 3725 faciem
774 3686 946 3725 meam
962 3674 1126 3737 abeo,
1141 3674 1552 3728 etcontristatus
1565 3681 1668 3737 est,
1685 3683 1738 3728 et
1751 3673 2044 3727 ambulavit
2057 3674 2147 3728 tri-

569 3763 669 3818 stis
699 3778 881 3818 coram
912 3779 1018 3828 me,
1041 3779 1140 3834 ego
1162 3764 1270 3819 vidi
1295 3773 1349 3819 et
1370 3765 1555 3818 sanavi
1579 3780 1723 3829 eum,
1753 3773 1807 3819 et
1835 3764 2146 3820 consolatus

569 3871 686 3910 sum
710 3871 831 3910 eum
853 3855 986 3928 (Isa.
1013 3873 1142 3922 Lvn,
1178 3857 1286 3928 18).
1319 3877 1336 3909 ι
1371 3857 1686 3912 Evidentius
1715 3858 1870 3912 nobis
1905 3859 2146 3913 testimo-

569 3949 717 4002 nium
733 3949 1054 4004 dabitetiam
1070 3965 1162 4004 rex
1179 3949 1264 4004 ille
1279 3951 1588 4020 impius,qui
1605 3951 1914 4020 cupiditatis
1927 3951 2144 4020 quidem

569 4053 679 4093 sua:
695 4039 930 4108 prtedam
954 4040 1141 4095 uxoris
1163 4041 1400 4108 nequitia
1430 4041 1701 4112 quaesivit,
1726 4042 1822 4096 sed
1852 4051 1906 4095 et
1932 4050 2144 4110 pertur—

568 4127 727 4184 batus
770 4131 937 4200 ipsius
959 4131 1177 4185 sceleris
1215 4131 1550 4186 immanitate
1576 4131 1850 4201 paenituit,
1883 4140 1938 4186 et
1963 4129 2141 4186 cilicio

569 4219 934 4276 circumdatus
961 4221 1170 4276 facinus
1205 4238 1362 4277 suum
1393 4221 1557 4286 ﬁevit,
1598 4232 1761 4292 atque
1806 4223 1880 4277 ita
1920 4237 2047 4293 erga
2086 4237 2143 4277 se

465 4349 474 4356 —
570 4315 664 4370 Dei
691 4316 1114 4370 misericordiam
1145 4319 1481 4387 provocavit,
1530 4327 1589 4372 ut
1638 4319 1847 4374 cunctis
1895 4335 2018 4373 eum
2049 4318 2142 4374 ab-

569 4406 804 4462 solveret
832 4407 1008 4471 malis,
1061 4408 1140 4462 sic
1169 4409 1311 4462 enim
1343 4410 1419 4463 ait
1451 4427 1462 4462 :
1509 4429 1526 4460 (
1570 4409 1636 4462 Ει
1659 4410 1796 4463 dixit
1828 4409 1894 4463 ad
1921 4409 2092 4464 Eliam
2123 4427 2136 4464 :

569 4494 760 4551 Vidisti
789 4498 1056 4566 quomodo
1084 4507 1437 4567 compunctus
1456 4507 1538 4553 est
1565 4500 1753 4554 Achab
1779 4515 1807 4553 a
1833 4500 1968 4554 facie
1998 4514 2134 4563 mea,

567 4596 625 4642 et
653 4588 776 4657 quia
801 4587 946 4642 flevit
985 4589 1036 4642 in
1059 4597 1350 4658 conspectu
1398 4604 1540 4655 meo,
1565 4605 1669 4643 non
1700 4590 1951 4645 inducam
1995 4590 2137 4645 mala
2166 4560 2216 4620 D

567 4681 623 4734 in
649 4681 836 4736 diebus
861 4682 976 4752 ejus
1005 4680 1122 4752 (III
1148 4680 1274 4752 Reg.
1299 4698 1411 4746 xxi,
1441 4681 1552 4753 29).
1589 4703 1607 4734 ι
1642 4682 1745 4738 Sed
1770 4693 1824 4738 et
1851 4692 1974 4754 post
1997 4685 2141 4740 hunc

569 4771 760 4826 iterum
817 4771 1090 4827 Manasses
1136 4776 1225 4845 qui
1262 4789 1448 4828 omnes
1479 4781 1736 4846 tyrannos
1797 4775 2138 4829 immanitate

570 4863 833 4917 scelerum
866 4875 1234 4934 superaverat,
1265 4868 1358 4937 qui
1398 4867 1604 4922 cultum
1634 4867 1830 4922 divina:
1859 4869 2139 4939 religionis

569 4963 625 5010 et
647 4955 1044 5013 observantiam
1097 4959 1230 5028 legis
1275 4969 1565 5024 everterat,
1623 4960 1713 5028 qui
1748 4960 2005 5030 templum
2039 4961 2136 5017 Dei

570 5044 730 5099 idolis
756 5046 1055 5115 repleverat
1085 5047 1292 5104 caelesti
1346 5048 1491 5103 cultu
1518 5057 1862 5114 evacuatnm,
1893 5049 1980 5104 hic
2011 5066 2140 5122 ergo

569 5135 845 5205 impietate
874 5137 1136 5193 scelerum
1165 5140 1575 5210 supergrediens
1605 5154 1819 5194 omnem
1852 5141 2138 5208 malitiam,

572 5239 777 5295 tamen,
803 5231 925 5300 quia
953 5233 1220 5302 poenituit,
1257 5234 1396 5288 inter
1423 5234 1624 5289 amicos
1659 5234 1754 5289 Dei
1799 5237 2139 5303 postmodum

571 5330 887 5376 numeratus
937 5332 1038 5377 est.
1073 5323 1222 5391 Quod
1265 5325 1309 5379 si
1345 5325 1427 5378 vel
1456 5324 1509 5379 hi
1558 5324 1639 5379 vel
1669 5325 1764 5390 illi,
1814 5341 1949 5394 quos
1977 5341 2138 5395 supra

570 5404 1010 5480 memoravimus,
1049 5417 1456 5472 considerantes
1507 5419 1926 5473 immensitatem
1973 5417 2143 5474 scele-

573 5522 688 5560 rum
730 5523 970 5576 suorum,
1024 5510 1391 5564 conversionis
1445 5521 1498 5564 et
1546 5513 1876 5580 pmnitentize
1909 5513 2143 5568 reditum

571 5598 965 5668 desperassent,
1006 5600 1074 5653 ab
1098 5599 1348 5653 omnibus
1377 5601 1560 5669 utique
1598 5601 1777 5667 bonis,
1805 5618 1924 5672 qua:
1956 5618 2050 5657 eos
2076 5619 2142 5658 ex

573 5688 946 5741 emendatione
1003 5697 1284 5755 prosecuta
1318 5699 1462 5752 sunt,
1510 5691 1696 5758 procul
1723 5692 1885 5745 dubio
1912 5691 2145 5749 decidis-

575 5782 712 5840 sent,
738 5775 977 5843 quinimo
1024 5778 1373 5845 respit'icutcs
1406 5781 1469 5830 ad
1509 5779 1800 5837 ineffabiles
1843 5781 2144 5839 miSeratio-

2261 554 2384 610 dem
2405 554 2672 610 diabolica
2697 571 2727 610 a
2751 557 3054 612 cervicibus
3073 558 3186 612 suis
3211 558 3632 628 desperationis
3656 561 3860 616 tinuit:

2261 651 2559 717 solverunt,
2588 652 2916 708 suscitantes
2941 668 3071 708 vero
3099 653 3428 723 semetipsos
3455 655 3730 708 conversi
3753 667 3861 709 sunt

2259 742 2328 796 ad
2359 743 2576 799 virtutis
2603 745 2770 810 viam,
2801 753 2856 799 et
2887 754 3211 800 revocantes
3249 760 3279 798 a
3306 745 3640 815 ιιι-εεείρὶἠο
3679 747 3860 816 pedm

2260 849 2478 890 suorum
2519 852 2742 892 cursum
2781 853 2998 892 rursum
3051 847 3598 892 consummaverunt
3647 838 3857 893 bonum.

2327 1010 2454 1066 Car.
2493 1010 2625 1065 Vill.
2655 1043 2725 1051 —
2753 1011 2828 1066 De
2866 1012 3133 1066 sententiis
3163 1012 3492 1082 propheticis
3523 1024 3580 1065 et
3623 1015 3860 1082 muniit

2467 1082 2777 1152 euangelicis
2813 1083 2877 1136 de
2900 1084 3236 1138 conversione
3277 1094 3666 1152 peccatorum.

2329 1235 2456 1291 llzec
2485 1237 2701 1307 quidem
2735 1239 2801 1293 de
2831 1237 3094 1307 exemplis
3121 1248 3250 1292 sunt
3273 1237 3442 1292 nobis
3469 1237 3629 1292 dicta
3656 1249 3858 1292 sancto-

2259 1342 2398 1393 rum,
2432 1328 2554 1381 audi
2603 1344 2748 1384 nunc
2803 1328 3072 1398 quomodo
3122 1328 3289 1382 etiam
3355 1328 3734 1381 sermonibus
3780 1344 3859 1396 per

2257 1418 2552 1487 prophetas
2578 1417 2644 1472 ad
2693 1417 3105 1472 conversionem
3161 1416 3476 1470 invitamur
3529 1431 3566 1468 a
3599 1415 3854 1470 Domino:

2263 1529 2279 1561 ι
2313 1509 2501 1575 Hodie,
2536 1511 2738 1580 inquit,
2770 1511 2814 1564 si
2859 1510 3142 1564 audieritis
3163 1525 3356 1565 vocem
3390 1509 3547 1577 ejus,
3586 1511 3758 1564 nolite
3783 1508 3860 1564 et»

2257 1603 2456 1657 durare
2477 1603 2637 1657 corda
2670 1611 2851 1656 vestra
2881 1600 3054 1672 (Psal.
3092 1617 3236 1667 xcrv,
3266 1600 3346 1670 8),
3382 1602 3544 1671 quod
3579 1613 3764 1656 autem
3789 1601 3856 1655 di-

2257 1693 2332 1746 cit
2359 1693 2542 1757 hodie,
2565 1707 2726 1748 omne
2755 1701 2984 1762 tempus,
3009 1706 3117 1760 quo
3149 1692 3393 1746 vivimus
3426 1692 3672 1754 indicat,
3709 1695 3854 1746 etiam

2179 1823 2227 1882 Β
2258 1799 2430 1853 usque
2477 1783 2542 1836 ad
2573 1782 2839 1846 ultimam,
2870 1779 2918 1837 εἰ
2958 1797 3046 1836 res
3096 1782 3172 1836 ita
3208 1782 3445 1844 accidit,
3501 1793 3850 1838 senectutem.

2253 1874 2369 1930 Non
2401 1875 2543 1930 enim
2578 1874 2833 1943 temporis
2867 1873 3226 1945 longitudine,
3270 1873 3370 1929 sed
3408 1874 3660 1930 affectus
3705 1876 3853 1930 since-

2253 1965 2413 2019 ritate
2456 1963 2736 2033 pmnitudo
2797 1973 3074 2032 pensatur.
3131 1963 3239 2017 Aut
3291 1980 3410 2018 non
3447 1965 3692 2034 legimus
3741 1966 3850 2018 levi-

2252 2063 2334 2109 tas
2359 2061 2640 2124 peccatum
2672 2052 2798 2107 illud
2827 2054 3204 2124 gravissimum
3235 2054 3292 2107 in
3327 2055 3578 2108 deserto
3607 2071 3712 2109 non
3735 2067 3848 2109 teta-

2248 2146 2398 2216 poris
2449 2144 2802 2214 longitudine,
2862 2144 2954 2198 sed
3002 2145 3161 2199 unius
3211 2145 3318 2200 diei
3369 2145 3528 2200 hora
3569 2147 3760 2217 exigua
3784 2148 3848 2200 di-

2251 2235 2461 2289 luisse?
2489 2235 2581 2290 sed
2609 2242 2664 2288 et
2686 2233 2828 2290 latro
2856 2233 2944 2288 ille
2975 2235 3065 2303 qui
3093 2235 3369 2304 pendebat
3415 2236 3478 2289 in
3515 2251 3704 2298 cruce,
3755 2254 3843 2290 nos

2249 2327 2396 2397 eguit
2441 2325 2752 2394 prolixitate
2813 2326 3073 2394 temporis
3125 2335 3184 2378 ut
3234 2325 3576 2396 ingressum
3633 2330 3840 2399 paradisi

2249 2424 2573 2481 mereretur,
2623 2414 2718 2471 sed
2773 2424 2983 2470 tantum
3035 2415 3085 2470 ei
3133 2417 3296 2485 spatii
3336 2415 3562 2472 sufﬁcit
3609 2429 3840 2488 quantum

2249 2507 2476 2578 expendi
2508 2507 2700 2576 potuit,
2747 2507 2916 2563 donec
2945 2522 3111 2561 unum
3140 2508 3316 2576 possit
3345 2509 3625 2577 proferre
3653 2525 3834 2564 sermo-

2249 2615 2394 2664 nem,
2435 2599 2504 2653 ita
2535 2606 2592 2653 ut
2639 2599 2782 2653 intra
2814 2608 3146 2654 momentum
3197 2601 3483 2670 temporis
3541 2603 3712 2656 totius
3739 2603 3839 2655 vit:

2248 2692 2546 2748 sceleribus
2573 2694 2871 2763 absolutus,
2896 2694 3203 2765 praecedere
3231 2696 3304 2749 ad
3330 2697 3672 2765 paradisum
3695 2699 3838 2751 eti:

2247 2783 2533 2852 Apostolos
2583 2795 2905 2840 mereretur.
2963 2785 3102 2853 Quid
3161 2794 3349 2842 autem
3414 2797 3478 2842 et
3547 2790 3836 2860 martyres!

2249 2887 2426 2928 nonne
2463 2873 2776 2945 frequenter
2819 2891 2923 2929 una
2983 2876 3092 2940 die,
3133 2875 3418 2930 interdum
3453 2893 3598 2932 vero
3653 2887 3706 2932 et
3757 2877 3842 2931 sub

2247 2965 2406 3020 unius
2438 2965 2583 3021 hora-3
2609 2967 2784 3037 spatio
2813 2983 3044 3022 coronas
3068 2982 3352 3038 sumpsere
3381 2969 3696 3042 ingentium
3717 2986 3841 3039 pra:-

2249 3059 2618 3114 miorum?Et
2671 3060 2792 3114 ideo
2840 3061 3142 3114 audendum
3198 3069 3286 3115 est
3350 3063 3838 3125 tantummodo,ct

2249 3151 2512 3220 promptis
2541 3160 2702 3220 atque
2752 3151 2990 3206 incitatis
3032 3151 3228 3207 animis
3258 3154 3712 3224 aggrediendum
3743 3197 3759 3219 ,
3789 3162 3836 3206 t

2251 3242 2483 3311 quadam
2513 3242 2659 3297 velut
2701 3243 3072 3312 indignatione
3117 3246 3351 3313 permoti
3409 3247 3732 3302 irascamur
3757 3248 3836 3301 ad-

2251 3349 2467 3388 versum
2503 3333 2925 3404 deceptatricem
2970 3343 3213 3389 nostram
3249 3335 3576 3402 libidinem,
3635 3349 3692 3392 et
3731 3335 3838 3390 λεε-

2250 3433 2395 3477 ctum
2427 3432 2590 3493 atque
2616 3438 2856 3478 amorem
2885 3432 3125 3477 nostrum
3153 3437 3559 3482 convertamus
3593 3429 3664 3481 ad
3695 3429 3836 3482 virts-

2246 3525 2354 3572 tem
2382 3516 2497 3581 Dei,
2526 3516 2627 3571 hoc
2654 3527 2738 3571 est
2769 3517 2913 3571 enim
2937 3517 3082 3586 quod
3119 3525 3173 3571 et
3196 3518 3373 3587 poscit
3399 3535 3436 3572 a
3471 3521 3648 3574 nobis
3693 3521 3832 3578 Dens.

2247 3609 2578 3678 non'quaerit
2599 3616 2899 3678 temporum
2922 3607 3332 3678 longitudinem,
3359 3625 3469 3666 nec
3501 3610 3832 3665 aﬂ'iictionem

2247 3700 2443 3764 crucis,
2487 3699 2552 3753 ad
2592 3700 2694 3754 hoc
2722 3699 3261 3770 prrecipue'respicit,
3305 3701 3354 3755 si
3381 3717 3524 3756 vera
3559 3704 3640 3756 sit
3669 3711 3718 3755 et
3739 3703 3832 3754 sin-

2247 3806 2371 3846 cera
2418 3791 2700 3846 conversio
2727 3831 2742 3856 ,
2789 3790 2912 3844 ideo
2971 3791 3204 3860 denique
3249 3791 3499 3847 vidimus
3555 3791 3831 3863 aliquoties

2245 3881 2534 3936 nonnullos
2580 3882 2809 3950 coepisse
2834 3891 3140 3952 postremos
3177 3890 3233 3936 et
3267 3881 3454 3937 factos
3488 3899 3623 3939 esse
3661 3885 3832 3939 erit}

2244 3973 2477 4042 priores,
2506 3986 2611 4025 non
2655 3986 2785 4042 ergo
2822 3971 3082 4026 cecidisse
3137 3971 3209 4024 ita
3242 3970 3453 4025 malum
3486 3982 3600 4038 est,
3639 3983 3695 4026 ut
3731 3982 3836 4042 post

2245 4063 2455 4134 lapsum
2479 4064 2662 4134 jacere
2685 4071 2739 4117 et
2787 4063 2927 4117 nolle
2975 4077 3326 4130 consurgere,
3357 4069 3416 4116 et
3446 4079 3584 4117 cum
3617 4066 3834 4135 quadarn

2243 4154 2519 4209 voluntate
2555 4169 2619 4208 ac
2663 4152 2990 4208 resolutione
3022 4167 3267 4222 peccare,
3321 4153 3831 4223 desperationisqse

2245 4245 2583 4302 sermonibus
2607 4243 2733 4297 mali
2763 4243 3024 4314 propositi
3055 4244 3243 4296 vitium
3270 4252 3488 4314 tegere,
3518 4253 3718 4298 contra
3749 4244 3834 4296 hos

2243 4339 2388 4393 enim
2412 4337 2674 4407 propheta
2707 4351 2828 4391 cum
2868 4335 3097 4406 quadam
3123 4335 3505 4407 indignatione
3536 4337 3833 4406 proclam-

2243 4430 2339 4487 bat
2357 4430 2583 4485 dicens:
2621 4450 2638 4480 ‹
2674 4427 2924 4498 Nunquid
2971 4429 3062 4498 qui
3101 4429 3248 4483 cadit
3292 4445 3402 4484 non
3441 4440 3726 4501 resurget,
3753 4435 3833 4481 aet

2243 4523 2334 4592 qui
2365 4535 2587 4576 aversus
2639 4529 2751 4586 est,
2800 4536 2908 4576 non
2953 4527 3301 4575 convertetur
3351 4519 3494 4590 (Jer.
3523 4535 3657 4582 vm,
3687 4519 3826 4587 ιν.

2243 4612 2387 4682 quod
2429 4612 2474 4666 si
2502 4611 2672 4676 dicas,
2724 4611 2982 4681 quaeritur
3030 4609 3076 4664 si
3113 4609 3307 4679 aliquis
3357 4609 3612 4664 ﬁdelium
3655 4609 3833 4665 cecidit

2243 4713 2298 4760 et
2324 4697 2505 4775 potuit
2531 4703 2772 4772 reparari
2793 4742 2808 4764 ,
2838 4701 2992 4764 audi,
3027 4709 3080 4755 et
3112 4700 3215 4755 hoc
3251 4700 3317 4755 de
3346 4701 3471 4770 ipso
3521 4703 3678 4770 quod
3711 4699 3828 4754 dici-

2244 4811 2367 4851 mus
2406 4814 2424 4846 ι
2452 4794 2678 4859 cecidit,
2736 4812 2753 4845 υ
2789 4792 3002 4848 stetisse
3042 4808 3190 4857 eum,
3247 4802 3552 4862 antequam
3595 4793 3826 4849 eadem.

2242 4885 2581 4956 proﬁtemur.
2609 4882 2778 4939 Nemo
2803 4883 2946 4958 enim
2982 4883 3246 4938 cecidisse
3275 4883 3410 4937 dicit
3422 4897 3555 4936 eum
3578 4881 3684 4952 q'ui
3705 4894 3828 4936 sese

2244 4972 2342 5046 per
2385 4975 2574 5044 jacnit,
2605 4982 2661 5029 et
2709 4988 2981 5042 nunquam
3030 4973 3202 5038 stetit,
3252 4971 3604 5042 proferamus
3665 4983 3828 5025 tamen

2245 5066 2406 5120 etiam
2434 5079 2498 5118 ex
2529 5063 2823 5134 Seripturis
2848 5063 3068 5129 divinis,
3112 5064 3158 5117 si
3182 5078 3285 5132 qua
3336 5077 3508 5131 super
3535 5063 3644 5117 hoc
3675 5061 3756 5114 vel
3781 5060 3827 5112 is

2245 5152 2514 5224 parabolis
2565 5152 2645 5207 vel
2705 5167 2803 5222 per
2851 5161 3064 5222 apertas
3120 5151 3418 5206 sententias
3465 5160 3621 5216 sunt,
3649 5153 3694 5204 si
3735 5164 3826 5217 qua

2246 5243 2486 5297 etiamin
2543 5242 2805 5312 majorum
2845 5242 3190 5296 continentur
3225 5241 3518 5310 exemplis.
3567 5241 3708 5312 Quid
3743 5239 3826 5292 tibi

2248 5331 2461 5386 videtur
2490 5332 2634 5386 aliud
2670 5332 2946 5386 continere
2975 5330 3226 5394 ovisilla,
3257 5345 3377 5399 qua:
3404 5346 3537 5386 eum
3580 5347 3610 5385 a
3661 5343 3826 5383 nona-

2250 5424 2394 5494 ginta
2432 5440 2621 5479 novem
2673 5426 2864 5480 ovibus
2902 5425 3230 5487 aberrasset,
3271 5424 3539 5494 requisita
3587 5435 3822 5497 postme-

2251 5513 2376 5566 dum
2415 5527 2480 5568 ac
2510 5515 2745 5583 pastoris
2782 5514 3022 5568 lmmcris
3077 5521 3374 5583 reportata,
3407 5529 3593 5567 nonne
3647 5523 3824 5582 apere

2251 5614 2306 5660 et
2354 5604 2563 5674 lapsum
2599 5615 2654 5660 et
2709 5606 3106 5676 reparationem
3161 5604 3333 5659 ﬁdelis
3385 5605 3652 5666 ostendit,
3711 5602 3822 5655 ovis

2250 5697 2390 5750 enim
2425 5705 2582 5751 estet
2613 5697 2749 5765 ipsa,
2787 5697 2927 5751 sicut
2975 5705 3028 5750 et
3079 5694 3180 5748 illae
3207 5695 3496 5760 nonaginta
3529 5709 3746 5746 novem-
3775 5697 3820 5742 et

2251 5800 2355 5835 non
2387 5785 2630 5839 alterius.
2660 5785 2956 5851 sedunius,
2989 5785 3331 5853 ejusdemque
3361 5797 3565 5852 gregis,
3587 5791 3641 5834 et
3671 5779 3820 5834 acies
