3956 6326
148 333 274 391 ιδιδ
339 403 348 412 _

1332 322 1420 377 DE
1458 315 1650 377 MODO
1687 311 2183 374 ΡἚΝΙΤΕΝΤΙᾸΕ.

3252 315 3390 376 1516

144 448 478 518 ejusdemque
507 445 761 514 pastoris,
792 443 1033 514 ejusdem
1050 455 1283 512 namque
1299 439 1516 510 pascuis
1536 437 1707 507 prius,
1735 436 1789 495 Α
1812 430 1958 500 quod
1984 444 2082 484 nos
2110 427 2396 498 prohibeat
2423 419 2677 497 conjungi
2709 426 2839 482 Deo.
2871 426 2961 484 Vis
2985 427 3082 484 tibi
3110 431 3393 487 ostendam

144 540 330 612 quibus
355 546 409 594 et
462 535 566 591 illae
611 544 838 601 caeterre,
893 533 1099 589 eisdem
1142 530 1372 602 poculis,
1399 529 1713 598 eisdemque

143 630 398 690 cubilibus
445 629 716 693 utebatur,
769 626 862 682 sed
889 625 1114 689 erravit,
1144 631 1199 678 et
1237 638 1426 678 errore
1454 637 1562 676 non
1611 619 1713 674 mi-

140 722 425 790 nimo,,per
449 725 663 772 montes
691 716 840 772 enim
868 725 923 772 et
949 715 1115 771 colles
1155 723 1380 785 evagata
1409 722 1511 779 est,
1552 713 1712 783 longe

141 813 344 870 scilicet
368 821 422 866 et
444 810 748 867 difﬁcilibus
770 810 1101 866 circumacta
1125 810 1330 865 erroris
1352 808 1708 873 anfractibus,

140 918 239 959 nec
267 911 443 956 tamen
476 899 696 970 reliquit
739 899 887 954 illam
940 907 1127 969 pastor
1154 898 1329 953 bonus
1373 897 1619 952 consumi
1650 897 1708 951 in

140 993 408 1049 erroribus
431 991 562 1056 suis,
593 991 688 1046 sed
739 991 969 1060 requirit
996 998 1051 1045 et
1100 998 1338 1055 revocat,
1367 996 1589 1044 revocat
1617 1003 1712 1042 au-

139 1090 244 1136 tem
275 1096 380 1135 non
405 1079 669 1136 violenter
698 1095 996 1152 perurgens
1023 1094 1125 1135 nec
1151 1079 1468 1134 verberibus
1489 1093 1707 1148 cogens,

139 1173 228 1230 sed
254 1173 491 1228 humeris
514 1172 748 1242 propriis
779 1173 1103 1228 subvectans
1127 1187 1141 1238 ;
1177 1170 1320 1226 sicut
1343 1171 1490 1224 enim
1521 1167 1710 1240 Optimi

54 1287 58 1294 ν
138 1263 334 1334 quique
396 1262 726 1317 medicorum
780 1277 909 1333 erga
961 1277 1054 1317 eos
1106 1276 1239 1331 quos
1285 1260 1520 1315 viderint
1584 1259 1710 1314 tabe

136 1355 302 1423 longae
323 1353 656 1423 aegritudinis
679 1352 906 1408 alllictos
938 1354 992 1407 in
1019 1352 1291 1408 nonnullis
1319 1353 1551 1423 rigorem
1576 1360 1710 1406 tem-

133 1453 322 1516 perant
343 1444 621 1498 medicina:
643 1452 698 1499 et
731 1443 1014 1499 delicatius
1037 1459 1100 1498 ac
1126 1443 1366 1498 tenerius
1397 1451 1564 1512 agunt
1585 1456 1710 1495 cum

133 1535 232 1600 eis,
275 1534 348 1587 ita
373 1542 426 1588 ct
449 1533 591 1591 Deus
621 1549 736 1599 eos,
762 1549 898 1604 quos
927 1534 1074 1589 videt
1095 1534 1472 1588 Vehementius
1513 1547 1710 1602 pecca-

134 1624 205 1678 tis
230 1638 349 1677 esse
383 1631 688 1692 corruptos,
721 1639 829 1678 non
863 1624 1110 1679 districta
1148 1624 1281 1678 satis
1317 1632 1374 1678 et
1407 1624 1571 1677 ardua
1619 1621 1710 1678 ob-

132 1711 418 1765 servantia:
449 1711 746 1767 intentione
802 1724 1022 1769 revocat
1066 1713 1134 1770 ad
1165 1715 1306 1768 viam
1337 1714 1576 1780 virtutis,
1613 1714 1708 1769 sed

1816 523 1932 577 haac
1954 535 2061 575 non
2092 519 2265 574 solum
2293 519 2348 574 in
2394 517 2668 588 parabolis
2699 519 2844 574 dicta
2893 519 2986 575 sed
3016 529 3070 576 et
3098 523 3261 578 rebus
3291 522 3397 576 im-

1813 613 1994 685 pleta?
2017 611 2173 682 Apud
2203 611 2514 667 Corinthios
2541 618 2660 666 erat
2687 611 2908 682 quidam
2936 613 3040 678 vir,
3072 621 3132 668 ut
3159 614 3390 678 videtur,

1814 719 1922 760 non
1961 702 2234 774 ignobilis,
2267 703 2357 758 hic
2377 703 2726 757 commiserat
2760 702 2868 758 tale
2903 711 3212 774 peccatum,
3233 703 3396 774 quale

1813 812 1914 854 nec
1943 797 2086 851 inter
2108 804 2296 868 gentes
2324 795 2541 865 quidem
2577 795 2789 850 admitti
2843 796 3002 862 solet,
3053 804 3111 850 et
3158 804 3277 851 erat
3307 796 3395 851 hic

1813 905 1880 946 ex
1910 905 2136 945 numero
2157 889 2392 945 filiorum
2423 899 2477 944 et
2503 886 2829 943 familiarum
2857 887 2976 953 Dei,
3003 889 3224 959 quidam
3247 888 3394 942 enim

1812 995 1935 1035 eum
1957 996 2024 1035 ex
2052 979 2371 1035 sacerdotali
2399 979 2590 1034 ordine
2617 979 2780 1034 fuisse
2799 979 3034 1033 tradunt.
3059 978 3196 1046 Quid
3219 978 3396 1054 ergq?

1812 1071 2058 1142 nunquid
2086 1072 2291 1127 excidit
2325 1087 2448 1127 eum
2473 1070 2675 1126 Paulus
2719 1071 2784 1127 de
2814 1087 3046 1127 numero
3083 1086 3270 1126 eorum
3300 1070 3394 1140 qui

1813 1176 1962 1231 spem
1989 1169 2185 1232 gerunt
2216 1161 2408 1216 salutis
2429 1162 2453 1214 ?
2471 1161 2715 1230 quinimo
2742 1170 3094 1232 posteaquam
3131 1161 3397 1218 sufﬁmen-

1815 1262 1896 1309 ter
1914 1252 2224 1310 Corinthios
2273 1254 2451 1325 arguit
2505 1269 2602 1324 pro
2650 1269 2732 1319 eo,
2765 1254 2950 1309 volens
2980 1269 3168 1308 rursus
3213 1264 3396 1309 osten-

1812 1343 1941 1399 dere
1995 1345 2122 1415 quia
2172 1343 2380 1398 nullum
2435 1343 2628 1399 vulnus
2659 1352 2762 1408 est,
2808 1343 2952 1397 nulla
2986 1343 3246 1412 aegritudo
3277 1359 3397 1413 qua:

1813 1450 1920 1490 non
1971 1437 2150 1501 cedat,
2201 1444 2256 1490 et
2308 1443 2531 1491 sanetur
2587 1435 2986 1490 medicamento
3041 1435 3392 1504 pmnitentize,

1805 1527 1960 1597 jubet
1983 1541 2108 1580 eum
2139 1526 2279 1580 tradi
2309 1525 2524 1580 Satanae
2552 1526 2605 1580 in
2637 1526 2914 1580 interitum
2949 1526 3130 1580 carnis
3159 1533 3217 1578 ut
3242 1525 3397 1597 spiri-

1812 1628 1898 1673 tus
1929 1618 2110 1673 salvus
2136 1618 2208 1672 sit
2230 1617 2286 1671 in
2312 1617 2399 1672 die
2452 1615 2664 1672 Domini
2697 1616 2868 1670 nostri
2892 1615 3021 1670 Jesu
3047 1615 3272 1680 Christi,
3301 1616 3397 1672 sed

1810 1706 1927 1761 hzec
1945 1707 2099 1777 jubet
2127 1715 2418 1775 antequam
2450 1705 2517 1760 de
2545 1703 2863 1776 paenitentia
2892 1706 3010 1776 ejus
3033 1715 3390 1775 agnosceret;

131 1800 330 1854 sensim
359 1807 413 1854 et
439 1800 723 1868 paulatim.
763 1802 836 1855 ita
868 1811 927 1856 ιιι
965 1803 1018 1857 in
1051 1804 1462 1874 quamplurimis
1498 1813 1710 1860 susten-
1741 1790 1789 1849 B
1815 1795 1907 1849 ubi
1937 1809 2068 1865 ergo
2119 1795 2412 1864 pmnituit:
2451 1812 2471 1846 ι
2506 1792 2728 1856 Sufﬁcit,
2779 1794 2976 1863 inquit,
3020 1796 3070 1850 ei
3098 1796 3396 1866 increpatio

129 1896 228 1954 tet,
255 1888 309 1942 in
341 1887 589 1958 plurimis
625 1890 884 1957 sublevet,
931 1908 998 1949 ne
1040 1893 1176 1948 dura
1219 1893 1300 1950 eis
1327 1902 1383 1949 et
1412 1895 1584 1950 ardua
1623 1895 1708 1949 vi-

127 1978 320 2033 deatur
346 1979 627 2049 repentina
677 1982 984 2048 conversio,
1024 1989 1078 2037 et
1130 1997 1238 2038 non
1290 1991 1400 2038 tam
1447 1985 1709 2054 peccandi

127 2085 312 2126 amore
336 2071 556 2126 retracti
579 2072 818 2128 residere
843 2074 1131 2129 videantur
1155 2075 1208 2129 in
1227 2077 1523 2140 erroribus,
1547 2092 1710 2146 quam

124 2159 498 2217 conversionis
541 2162 835 2232 aSperitate
870 2163 1133 2228 deterriti,
1182 2165 1275 2218 sed
1322 2180 1428 2218 non
1461 2164 1573 2219 haec
1597 2163 1710 2220 sola

122 2267 252 2323 pars
300 2252 417 2322 pari
441 2252 820 2309 moderatione
868 2255 1024 2308 nobis
1082 2255 1453 2309 conversionis
1494 2255 1708 2310 modum

121 2343 386 2408 ostendit,
416 2349 611 2399 verum‘
634 2353 689 2400 et
717 2345 823 2410 illa,
864 2362 983 2415 quae
1009 2347 1075 2402 de
1103 2346 1363 2402 luxuriasi
1410 2347 1504 2401 filii
1534 2349 1707 2402 reditu

123 2432 408 2497 scribitur,
450 2442 506 2488 et
551 2433 639 2488 ille
683 2436 829 2489 enim
861 2435 1003 2492 filius
1047 2444 1184 2502 erat,
1233 2452 1340 2492 non
1367 2447 1484 2492 erat
1529 2447 1709 2492 extra-

125 2539 291 2587 neus,
319 2539 612 2594 germanus
656 2537 772 2581 erat
801 2525 918 2596 ejus
945 2528 1038 2599 qui
1066 2544 1343 2599 nunquam
1372 2544 1403 2582 a
1424 2539 1579 2600 patre
1602 2531 1711 2584 dis-

121 2624 391 2677 cesserat,
433 2613 576 2670 filius
603 2630 732 2688 ergo
787 2626 886 2682 est,
923 2619 1014 2688 qui
1060 2619 1128 2674 ad
1179 2620 1400 2675 ultimos
1445 2621 1710 2674 malorum

119 2705 265 2760 fines
303 2706 501 2762 dicitur
541 2700 875 2780 pervenisse,
922 2713 1133 2768 abierat
1165 2715 1307 2770 enim
1351 2716 1404 2769 in
1435 2717 1711 2787 regionem

121 2797 502 2869 longinquam,
539 2811 594 2856 et
623 2801 779 2874 longe
810 2804 943 2858 satis
992 2820 1025 2857 a
1055 2805 1164 2861 Deo
1200 2805 1446 2871 effectus,
1479 2807 1570 2875 qui
1597 2805 1714 2861 fue-

122 2898 214 2944 rat
241 2891 394 2948 dives
438 2901 493 2948 et
531 2893 748 2961 nobilis,
807 2896 1046 2951 deterior
1073 2913 1229 2953 servo
1260 2907 1316 2953 et
1369 2899 1712 2954 mercenaria

119 2985 309 3036 tactus
335 2990 440 3048 est,
466 2983 560 3038 sed
595 2992 775 3040 tamen
801 3000 1079 3057 regressus
1131 2995 1185 3041 et
1214 2988 1486 3058 paenitens
1527 2989 1581 3042 in
1611 3005 1710 3042 an-

119 3072 342 3142 tiquum
377 3073 639 3144 recipitur
665 3084 888 3144 statum,
919 3086 975 3132 et
1009 3077 1062 3131 in
1099 3077 1338 3148 priorem
1364 3078 1594 3149 gloriam
1625 3094 1710 3134 re-

118 3141 373 3232 paratur;
413 3141 554 3234 quod
582 3165 627 3220 si
651 3141 1014 3236 desperasset,
1045 3141 1116 3222 et-
1129 3141 1436 3224 erubuisset
1463 3185 1563 3239 pro
1597 3169 1704 3234 bis,
1736 3141 1780 3202 Ο

121 3269 248 3324 qua:
280 3254 589 3310 acciderant
614 3256 683 3322 ei,
717 3258 919 3313 reverti
941 3259 1008 3313 ad
1038 3266 1270 3329 patrem,
1301 3261 1394 3314 sed
1425 3261 1712 3316 mansisset

121 3345 180 3399 in
208 3346 432 3415 regione
480 3346 770 3418 longinqua
798 3359 853 3404 et
895 3350 1092 3416 aliena,
1130 3365 1237 3404 non
1265 3352 1452 3421 utique
1483 3352 1712 3422 adeptus

121 3444 275 3490 esset
304 3453 367 3492 ea
403 3452 523 3506 qua:
552 3437 777 3509 adeptus
802 3451 907 3506 est,
941 3442 1036 3496 sed
1057 3441 1202 3497 fame
1225 3445 1502 3512 periturus
1531 3444 1714 3500 infeli-

121 3529 412 3584 cissimam
445 3540 676 3586 mortem
723 3535 994 3588 subiisset.
1029 3533 1193 3590 Vides
1237 3551 1368 3606 ergo
1400 3550 1604 3607 quanta
1629 3545 1714 3592 est

119 3621 341 3675 utilitas
366 3622 717 3690 ptenitentiae,
741 3632 942 3692 quanta
975 3624 1046 3678 sit
1071 3627 1442 3680 conversionis
1468 3642 1591 3697 spes
1617 3642 1716 3696 per

120 3711 532 3782 paenitentiam,
563 3712 704 3768 filius
751 3714 1007 3784 prodigus
1048 3714 1242 3783 recipit
1278 3700 1478 3784 prioris
1531 3717 1717 3786 gloria:

121 3811 358 3867 statum,
381 3817 542 3872 quem
572 3804 754 3858 senior
782 3804 951 3859 frater
980 3804 1212 3860 habebat
1247 3821 1344 3875 per
1373 3807 1716 3876 patientiam,

121 3893 235 3948 etsi
260 3892 460 3946 audere
489 3893 541 3946 in
570 3894 773 3950 talibus
806 3895 888 3949 fas
919 3904 1022 3960 est,
1071 3895 1288 3950 videtur
1314 3897 1447 3950 mihi
1479 3897 1624 3968 quod
1651 3912 1718 3952 ex

123 3985 492 4040 conversione
520 3986 608 4042 hic
634 3988 798 4042 etiam
827 3988 1056 4058 amplius
1086 3987 1291 4058 aliquid
1321 3990 1558 4055 meruit;
1599 3991 1720 4044 vide

126 4079 282 4134 enim
305 4081 577 4148 Quomodo
622 4082 804 4136 senior
833 4082 1002 4136 frater
1027 4082 1159 4137 dicit
1187 4099 1200 4136 :
1241 4100 1259 4134 ι
1291 4082 1431 4138 Ecce
1461 4093 1537 4140 tot
1563 4083 1721 4137 annis

127 4170 317 4225 servio
366 4171 486 4237 tibi,
537 4180 593 4226 et
636 4188 912 4242 nunquam
959 4174 1155 4228 dedisti
1203 4175 1337 4229 mihi
1387 4175 1624 4240 haedum,
1659 4183 1719 4229 ut

128 4276 261 4316 cum
292 4262 482 4316 amicis
539 4263 673 4318 meis
720 4265 989 4334 epularer,
1020 4280 1145 4320 cum
1193 4274 1373 4320 autem
1403 4268 1550 4321 venit
1579 4267 1721 4323 filius

131 4358 264 4404 tuus
303 4351 390 4405 hic
415 4351 506 4420 qui
532 4354 765 4408 comedit
816 4356 1173 4410 substantiam
1217 4364 1365 4410 tuam
1394 4372 1518 4411 cum
1546 4373 1721 4415 mere-

133 4444 388 4509 tricibus,
429 4445 684 4517 jugulasti
734 4459 789 4502 et
817 4447 1041 4502 vitulum
1088 4448 1391 4519 saginatum
1439 4447 1592 4522 (Luc.
1625 4467 1721 4522 xv,

1813 1883 1929 1938 haac
1956 1898 2076 1952 quae
2108 1883 2223 1938 ﬁta
2251 1883 2529 1954 pluribus;
2565 1903 2585 1934 ι
2621 1891 2684 1938 et
2713 1883 2862 1937 addit
2893 1902 2904 1937 :
2944 1903 2962 1934 ‹
2997 1883 3235 1940 Obsecro
3275 1900 3394 1950 vos,

1811 1974 2129 2030 confirmate
2156 1975 2209 2028 in
2242 1990 2368 2029 eum
2398 1975 2744 2040 cbaritatcm,
2770 1989 2838 2029 ne
2866 1975 3211 2044 possideatur
3231 1991 3263 2030 a
3296 1975 3396 2030 Sa-

1811 2074 1935 2121 tana
1961 2083 1975 2133 ;
2008 2082 2115 2121 non
2142 2065 2287 2120 enim
2313 2066 2628 2136 ignoramus
2657 2066 2884 2120 astutias
2911 2064 3030 2134 ejus
3060 2065 3142 2137 (II
3177 2064 3300 2120 Cor.
3331 2080 3393 2131 ιι,

1810 2161 1887 2232 8).
1921 2182 1939 2214 ›
1976 2162 2114 2229 Quid
2143 2177 2274 2230 ergo
2301 2160 2444 2215 aliud
2473 2176 2573 2230 per
2607 2162 2723 2215 hazc
2768 2161 2951 2215 omnia
2995 2161 3243 2224 docetur,
3289 2161 3396 2216 nisi

1811 2253 1938 2324 quia
1970 2252 2225 2321 possibile
2251 2254 2321 2306 sit
2343 2261 2401 2306 ut
2437 2252 2601 2306 etiam
2625 2252 2671 2306 si
2694 2250 2750 2306 in
2773 2252 3017 2306 u.timam
3047 2260 3395 2321 peccatorum

1809 2346 2108 2417 perniciem
2169 2345 2456 2410 corruerit,
2513 2359 2702 2399 rursus
2747 2345 2922 2414 possit
2945 2345 2999 2398 in
3045 2361 3110 2400 eo
3145 2343 3396 2400 Christus

1809 2454 1906 2509 per
1933 2437 2309 2508 paenitentiam
2335 2436 2623 2492 reformari
2652 2453 2667 2490 :
2702 2455 2720 2486 ι
2757 2435 2875 2492 Non
2907 2437 3051 2491 enim
3100 2435 3213 2490 vult
3243 2451 3392 2491 mor-

1811 2535 1921 2581 tem
1947 2527 2271 2597 peccatoris,
2305 2524 2400 2580 sed
2432 2533 2493 2580 ut
2514 2534 2867 2580 convertatur
2891 2535 2946 2580 et
2996 2525 3144 2578 vivat
3174 2525 3394 2597 (Κλεώ.

1813 2633 2010 2682 xxxm,
2043 2616 2132 2688 ll)
2159 2634 2173 2681 ;
2212 2636 2230 2668 ›
2268 2631 2367 2671 nec
2397 2616 2508 2670 ullo
2533 2616 2694 2671 modo
2730 2615 2983 2670 audiendi
3013 2623 3139 2670 sunt
3174 2614 3272 2679 illi,
3301 2615 3396 2684 qui

1783 2715 1786 2718 ’
1813 2709 2000 2763 dicunt
2021 2706 2164 2777 quod
2193 2707 2380 2762 fideles
2411 2716 2535 2778 post
2560 2707 2768 2776 lapsum
2807 2707 3040 2776 peccati,
3071 2715 3126 2761 et
3159 2708 3396 2763 maxime

1813 2801 1914 2870 ipsi
1944 2800 2036 2870 qui
2093 2817 2147 2854 ιιι
2203 2799 2374 2869 gradu
2407 2799 2778 2854 ecclesiastico
2808 2806 2934 2853 sunt
2987 2799 3243 2867 promoti,
3285 2814 3394 2854 non

1811 2892 2022 2961 possint
2048 2890 2101 2945 in
2132 2891 2425 2960 pristinum
2449 2898 2652 2944 statum
2684 2905 2751 2943 ex
2795 2890 3008 2960 integro
3063 2891 3296 2956 restitui,
3329 2891 3398 2946 de

1812 2998 1921 3054 quo
1963 2982 2095 3052 quid
2143 2990 2365 3037 sanctus
2407 2997 2543 3052 papa
2595 2981 2891 3052 Gregorius
2948 2984 3180 3037 senserit
3234 2992 3397 3053 atque

1815 3078 1992 3133 amico
2022 3077 2373 3148 interroganti
2421 3076 2781 3148 responderit,
2811 3079 2879 3134 ad
2929 3079 3396 3134 confirmationem

1812 3181 2005 3222 sensus
2042 3167 2234 3232 nostri,
2286 3167 2390 3222 hoc
2432 3166 2486 3220 in
2521 3166 2641 3222 loco
2673 3167 3125 3236 interponendum
3175 3183 3396 3234 censeo,

1813 3259 1906 3328 qui
1956 3258 2012 3311 in
2063 3257 2293 3328 epistola
2339 3272 2503 3326 quam
2532 3255 2600 3311 ad
2630 3255 2996 3312 Secundinum
3056 3271 3274 3313 servum
3300 3258 3398 3313 Dei

1812 3352 2078 3407 inclusum
2131 3353 2455 3422 conscripsit
2503 3351 2648 3406 inter
2703 3350 2809 3404 alia
2857 3351 2938 3406 sic
2986 3352 3062 3404 ait
3095 3370 3108 3404 :
3138 3349 3272 3406 Nam
3302 3360 3397 3407 tua

1812 3445 2074 3501 sanctitas
2108 3445 2233 3499 inde
2274 3459 2304 3498 a
2330 3443 2486 3499 nobis
2546 3442 2853 3512 requisivit,
2887 3450 2946 3496 ut
2993 3443 3092 3497 tibi
3122 3443 3395 3498 rescribe-

1815 3552 1952 3602 rem,
1981 3537 2047 3590 de
2086 3534 2404 3590 sacerdotali
2427 3533 2625 3598 ofﬁcio,
2653 3541 2776 3603 post
2801 3533 3010 3603 lapsum
3058 3533 3398 3604 resurgendi,

1815 3630 1942 3684 dum
1971 3627 2106 3682 dicis
2142 3627 2209 3681 de
2239 3627 2343 3682 hoc
2392 3641 2631 3682 canones
2673 3625 2919 3680 diversos
2968 3634 3020 3679 te
3061 3625 3278 3695 legisse,
3319 3625 3400 3681 di-

1816 3727 2114 3784 versasque
2139 3714 2460 3779 sententias,
2501 3715 2638 3768 alias
2659 3714 3000 3783 resurgendi,
3031 3714 3167 3769 alias
3196 3730 3400 3784 nequa-

1819 3819 1980 3874 quam
2004 3819 2182 3873 posse.
2205 3803 2340 3859 Nam
2365 3819 2464 3858 nos
2489 3803 2814 3875 generaliter
2839 3821 2868 3859 a
2897 3802 3116 3859 Nicaena
3139 3807 3401 3877 incipien-

1822 3905 1922 3959 tes,
1961 3896 2101 3951 hanc
2153 3912 2275 3950 cum
2322 3895 2546 3965 reliquis
2599 3906 2832 3966 quatuor
2879 3911 3222 3964 veneramur,
3273 3901 3400 3968 quia

1822 3987 1994 4058 ipsam
2023 3995 2310 4056 sequentes
2338 3996 2548 4042 czeterze
2575 3986 2629 4042 in
2655 3987 2867 4042 cunctis
2892 3989 3179 4044 sententiis
3205 3992 3397 4045 unani-

1822 4094 1940 4134 mes
1993 4078 2344 4144 concordant,
2398 4093 2497 4134 nos
2553 4094 2682 4150 ergo
2716 4087 2770 4134 et
2819 4079 3184 4150 praecedentes
3210 4082 3404 4146 Patres

1823 4171 2120 4240 sequimur,
2143 4171 2268 4240 quia
2319 4178 2539 4227 auctore
2583 4171 2694 4227 Deo
2730 4187 2760 4225 a
2793 4187 2948 4228 sacra
2994 4173 3240 4229 doctrina
3277 4175 3399 4231 illo-

1825 4277 1943 4316 rum
1969 4276 2077 4315 non
2106 4261 2502 4317 discordamus.
2553 4263 2598 4316 A
2640 4265 2816 4333 capite
2861 4264 3050 4334 itaque
3083 4266 3406 4337 incipientes

1823 4369 1994 4424 usque
2023 4354 2078 4408 in
2107 4362 2363 4424 quartum
2390 4355 2578 4410 altaris
2619 4357 2981 4412 ministerium
3006 4359 3146 4414 hanc
3169 4359 3402 4415 formam

1825 4447 2146 4502 servandam
2186 4447 2582 4516 cognoscimus,
2630 4456 2691 4501 ut
2732 4449 2858 4518 quia
2915 4449 3179 4504 minorem
3231 4449 3407 4520 major
3479 4451 3482 4453 Α

126 4536 262 4605 29);
303 4556 320 4588 ι
353 4538 620 4606 quomodo
647 4556 775 4611 ergo
803 4555 906 4594 non
945 4517 1174 4608 amplius
1212 4517 1537 4597 consecutus
1565 4517 1715 4598 vide:-
1749 4517 1800 4577 D
1825 4538 2100 4608 praecedit,
2126 4538 2269 4592 sicut
2294 4539 2500 4594 honore
2528 4547 2611 4594 est
2636 4517 2828 4608 maior,
2861 4540 2934 4594 ita
2973 4540 3044 4594 sit
3071 4540 3128 4594 in
3155 4517 3402 4608 crimine,

127 4638 247 4693 tur,
286 4630 378 4698 qui
421 4644 516 4698 per
563 4632 932 4701 paenitentiam
983 4632 1162 4696 rediit,
1204 4647 1327 4686 cum
1373 4633 1460 4687 ille
1505 4633 1719 4690 haedum

123 4734 415 4788 nunquam
445 4722 731 4788 acceperit,
763 4721 960 4775 vitulus
987 4720 1112 4776 huic
1146 4721 1359 4776 occisus
1384 4723 1455 4776 sit
1500 4723 1717 4794 sagina-

125 4819 246 4863 tus.
299 4808 424 4865 Haec
449 4811 631 4880 igitur,
668 4812 990 4874 charissimi,
1019 4810 1281 4866 habentes
1306 4813 1554 4882 exempla
1591 4827 1713 4883 pte-

120 4901 397 4964 nitentizc,
428 4916 534 4954 non
565 4916 969 4970 perseveremus
999 4903 1051 4955 in
1098 4902 1270 4966 malis,
1319 4917 1418 4956 nec
1457 4903 1714 4974 despere-

119 5004 260 5044 mus
286 4990 797 5056 reconciliationem,
828 4993 922 5047 sed
955 4992 1199 5046 dicamus
1232 5009 1247 5044 :
1292 5007 1390 5046 nos
1418 4995 1581 5048 etiam
1633 5011 1717 5052 re-

121 5078 363 5133 deamus
410 5081 478 5134 ad
539 5089 784 5150 patrem,
835 5090 888 5135 et
935 5083 1371 5151 approximemus
1425 5100 1523 5140 nos
1577 5085 1710 5158 Deo,

121 5182 437 5237 nunquam,
468 5170 598 5224 mihi
629 5172 808 5236 crede,
841 5173 1179 5226 aversabitur
1208 5189 1496 5230 conversos
1539 5177 1605 5231 ad
1635 5192 1715 5241 se,

122 5272 238 5312 nos
281 5273 488 5325 sumus,
535 5261 625 5329 qui
653 5261 1010 5330 nosmetipsos
1037 5260 1192 5331 longe
1217 5261 1491 5318 effecimus
1513 5279 1542 5317 a
1575 5265 1711 5330 Deo;

124 5353 257 5420 ipse
307 5353 451 5406 enim
504 5354 674 5408 dicit:
706 5375 723 5405 ι
766 5356 906 5410 Deus
956 5359 1334 5426 approximans
1383 5375 1482 5429 ego
1526 5376 1663 5426 sum,
1693 5382 1711 5413 ι

125 5453 190 5499 et
232 5439 341 5499 non
371 5446 512 5502 Deus
549 5448 614 5502 de
653 5447 829 5520 longe,
865 5459 919 5504 et
952 5451 1145 5506 iterum
1179 5469 1278 5522 per
1313 5457 1558 5511 eumdem
1594 5472 1716 5526 pro-

123 5537 382 5606 phetam,
436 5557 454 5588 ‹
510 5549 750 5606 peccata,
801 5541 996 5610 inquit,
1046 5553 1295 5612 separant
1329 5560 1414 5600 me
1449 5554 1505 5600 et
1531 5562 1643 5612 vos,
1694 5567 1712 5599 ι

126 5629 180 5683 si
212 5644 346 5698 ergo
378 5639 594 5700 peccata
647 5642 770 5687 sunt
795 5649 914 5703 quae
961 5650 1059 5690 nos
1106 5646 1356 5706 separant
1390 5654 1420 5693 a
1447 5640 1578 5706 Deo,
1623 5655 1719 5696 au-

134 5723 384 5776 feramus
438 5723 671 5779 medium
727 5725 868 5782 istud
918 5727 1286 5798 obstaculum,
1340 5739 1394 5786 et
1447 5729 1578 5788 nihil
1634 5741 1717 5788 est

1827 4638 1883 4684 et
1915 4643 2079 4698 quem
2107 4629 2281 4698 major
2309 4630 2554 4698 sequitur
2590 4629 2771 4700 culpa,
2807 4627 2981 4698 major
3005 4631 3056 4685 ei
3097 4631 3404 4701 implicetur

1830 4720 2089 4787 vindicta,
2123 4729 2177 4776 et
2209 4721 2289 4776 sic
2318 4729 2503 4791 postea
2533 4722 2849 4790 paenitentia
2876 4723 3131 4778 credatur
3151 4738 3272 4780 esse
3294 4724 3405 4779 fru-

1831 4821 2016 4868 ctuosa
2051 4812 2221 4881 :quid
2271 4812 2416 4866 enim
2469 4814 2690 4882 prodest
2740 4814 2977 4868 triticum
3025 4817 3313 4885 seminare,
3349 4829 3406 4874 et

1831 4903 2064 4957 fructum
2090 4902 2232 4957 illius
2254 4919 2360 4957 non
2390 4903 2663 4973 colligere,
2695 4913 2787 4958 aut
2827 4907 3044 4960 domum
3066 4919 3401 4979 construere,

1833 5001 1887 5047 et
1915 5009 2020 5046 non
2051 4992 2162 5046 illic
2193 4993 2482 5048 habitare?
2505 5002 2632 5064 post
2653 4996 2866 5066 dignam
2906 4998 3049 5052 enim
3079 5000 3404 5057 satisfactio-

1830 5099 1954 5137 nem
1986 5083 2258 5138 credimus
2303 5098 2462 5153 posse
2510 5086 2687 5140 redire
2734 5103 2801 5142 au
2831 5087 3114 5157 honorem,
3141 5094 3404 5163 propheta

1831 5173 2044 5227 dicente
2071 5191 2082 5226 :
2117 5191 2135 5224 ι
2174 5172 2427 5243 Nunquid
2467 5175 2559 5246 qui
2587 5179 2730 5232 cadit
2756 5193 2863 5232 non
2893 5179 3111 5249 adjiciet
3138 5192 3196 5238 ut
3226 5200 3408 5238 resur-

1833 5273 1925 5335 gat
1971 5273 2070 5319 :et
2098 5266 2188 5334 qui
2238 5281 2462 5322 aversus
2510 5278 2612 5334 est,
2665 5287 2772 5326 non
2816 5277 3166 5330 revertetur?
3204 5296 3222 5328 ι
3259 5277 3403 5348 (Ιεα.

1832 5371 1980 5420 xxw,
2009 5355 2126 5427 20.)
2152 5356 2296 5411 idem
2321 5367 2376 5412 et
2401 5361 2801 5428 peccatoriait:
2844 5382 2862 5414 ι
2887 5365 2940 5418 ln
2965 5363 3285 5436 quacunque
3319 5369 3408 5423 die
3458 5431 3466 5438 _

1831 5462 2126 5502 conversus
2183 5448 2533 5520 ingemueris,
2595 5461 2726 5509 tunc
2785 5455 2967 5511 salvus
3028 5457 3136 5511 eris
3185 5458 3403 5528 (Ezech.

1832 5555 2026 5605 xxxm,
2071 5539 2161 5611 12)
2191 5556 2204 5605 ;
2243 5559 2260 5591 ι
2297 5544 2440 5598 unde
2467 5554 2523 5600 et
2548 5543 2838 5602 Psalmista
2868 5549 2983 5602 ait:
3020 5568 3038 5600 ι
3089 5548 3196 5604 Cor
3245 5565 3406 5605 mun-

1833 5625 1960 5685 dum
1984 5645 2106 5686 crea
2137 5631 2192 5684 in
2233 5647 2339 5698 me,
2371 5635 2532 5699 Deus,
2587 5653 2641 5692 et
2669 5639 2916 5708 spiritum
2959 5647 3166 5694 rectum
3212 5640 3407 5698 innova

1832 5724 1890 5780 in
1916 5724 2215 5782 visceribus
2253 5727 2388 5784 meis
2420 5746 2431 5784 :
2468 5744 2535 5785 ne
2563 5729 2814 5802 projicias
2853 5744 2943 5786 me
2982 5745 3009 5786 a
3048 5727 3186 5787 facie
3212 5738 3323 5798 tua,
3354 5740 3411 5790 et
