3956 6326
573 325 711 380 1315

1209 320 1273 376 6.
1316 318 1567 375 RABANI
1608 317 1824 374 MAURl
1859 317 2179 374 ARCHIEP.
2231 316 2543 376 MOGUNT.
2581 317 2870 376 OPERUM
2908 319 3089 376 PARS
3127 321 3214 377 lli.

3725 323 3838 380 {316

576 437 838 509 Spiritum
866 443 1110 490 sanctum
1152 440 1306 487 tuum
1338 446 1407 486 ne
1450 431 1667 486 auferas
1694 445 1725 485 a
1754 446 1843 486 me
1889 428 2063 502 (Psal.
2096 447 2147 498 ι,
2178 435 2224 495 Α
2257 425 2506 502 paratum
2548 440 2654 496 est,
2695 439 2906 487 tantum
2963 449 3032 488 ne
3076 433 3445 504 nosmetipsos
3497 447 3575 488 an
3628 449 3840 504 ngrm

576 529 688 602 l2).
711 549 729 582 ι
763 528 898 582 Dum
917 527 1062 583 enim
1095 525 1231 596 petit
1257 539 1325 579 ne
1357 539 1387 578 a
1419 523 1530 578 Deo
1553 523 1931 594 projiceretur,
1953 539 2054 594 pro
2076 523 2156 579 la-

574 620 658 690 psi
708 618 886 689 culpa,
937 616 1171 672 alienam
1221 631 1314 670 rex
1346 624 1401 670 et
1429 615 1690 685 pr0pheta
1720 614 1880 670 simul
1911 615 2156 686 rapuisse

576 724 803 764 uxorem
855 705 1205 764 tremefactus
1268 705 1503 775 expavit,
1570 705 1832 776 propheta
1883 705 2156 762 indicante

575 801 835 870 ﬂagitium
857 813 1031 863 suum,
1063 796 1438 868 paenitentiam
1464 811 1628 867 agens
1652 796 1892 852 addidit:
1924 816 1942 848 ι
1971 795 2156 854 Redde

575 892 709 948 mihi
746 890 983 944 laetitiam
1011 888 1265 943 salutaris
1301 888 1398 954 tui,
1428 897 1482 942 et
1501 888 1693 958 spiritu
1722 887 2006 957 principali
2027 903 2157 943 con-

579 981 733 1036 ﬁrma
763 995 851 1034 me
879 977 1050 1050 (Paul.
1080 995 1134 1044 ι,
1167 977 1278 1049 id),
1309 996 1328 1028 ι
1364 978 1409 1032 si
1439 978 1582 1032 enim
1635 978 1750 1048 ipse
1803 978 2019 1048 dignam
2045 978 2156 1034 Deo

577 1071 950 1142 paenitentiam
977 1084 1084 1124 non
1105 1068 1345 1133 fecisset,
1372 1084 1714 1138 nequaquam
1744 1067 1866 1124 aliis
1893 1056 2157 1138 praedica-

578 1170 698 1226 ret;
732 1161 807 1214 ait
831 1161 1012 1214 enim:
1050 1177 1069 1210 ι
1107 1160 1340 1214 Doceam
1371 1158 1586 1227 iniquos
1617 1157 1734 1213 vias
1763 1165 1885 1212 tuas
1920 1164 1976 1212 et
2003 1156 2155 1226 impii

577 1255 644 1308 ad
674 1262 726 1308 te
765 1259 1154 1307 convertentur
1186 1247 1360 1320 (Psal.
1394 1266 1446 1314 L,
1477 1247 1564 1320 15)
1592 1266 1606 1314 ;
1641 1267 1660 1300 ι
1695 1247 1821 1303 dum
1857 1248 2001 1303 enim
2027 1261 2154 1318 pec-

577 1352 698 1397 cata
737 1357 832 1396 sua
869 1340 1148 1411 prospexit
1185 1341 1446 1409 propheta
1474 1339 1732 1394 mundata
1760 1353 1858 1407 per
1884 1337 2154 1408 pmniten-

577 1435 730 1499 tiam,
758 1449 864 1488 non
907 1431 1172 1486 dubitavit
1196 1431 1540 1501 praedicando
1562 1432 1832 1502 castigare
1861 1430 2060 1494 aliena,
2101 1435 2159 1484 et

577 1525 657 1579 sic
707 1522 1035 1579 sacrificium
1069 1522 1136 1576 de
1165 1521 1459 1590 semetipso
1498 1520 1698 1576 offerre
1746 1519 1974 1585 studuit,
2032 1533 2155 1574 cum

577 1615 830 1670 dicebat:
871 1633 890 1666 ‹
928 1613 1272 1669 Sacriﬁcium
1321 1615 1432 1667 Deo
1475 1613 1699 1682 spiritus
1753 1611 2155 1668 contribulatus

577 1704 766 1776 (Ibid.,
792 1722 837 1759 υ.
871 1704 980 1774 l9).
1014 1722 1032 1755 ι
1065 1702 1149 1757 Ad
1178 1704 1294 1758 hrec
1325 1703 1430 1757 ista
1478 1702 1821 1767 suffecerant,
1856 1703 1950 1758 sed
1977 1701 2156 1756 omnis

2255 523 2520 578 bonorum
2541 523 2885 594 persistendo
2916 523 2974 579 in
3016 525 3175 580 malis
3209 526 3580 595 pertinaciter
3599 527 3839 582 excludao

2257 629 2398 679 mus,
2431 613 2604 669 donec
2627 627 2772 668 enim
2819 629 3007 669 sumus
3033 614 3089 668 in
3118 615 3219 670 hac
3253 616 3390 679 vita,
3423 623 3842 688 quantacunque

2255 703 2415 758 nobis
2441 702 2751 757 acciderint
2771 711 3020 773 peccata,
3052 704 3310 774 possibile
3356 715 3447 759 est
3474 704 3638 760 ablui
3685 710 3843 762 omnia

2254 806 2354 863 per
2392 792 2792 862 paenitentiam,
2826 808 2952 848 cum
2999 803 3182 849 autem
3225 795 3452 850 abducti
3489 794 3843 853 fuerimusde

2256 882 2454 938 saeculo
2483 884 2605 949 hoc,
2636 899 2748 954 jam
2775 885 2992 940 etiamsr
3029 886 3316 956 paenitebit
3350 902 3480 950 nos,
3527 886 3699 941 valde
3727 891 3844 942 enim

2254 974 2559 1044 pmnitehit,
2594 973 2690 1030 sed
2726 973 2872 1029 nulla
2903 976 3012 1031 erit
3059 977 3266 1031 utilitas
3299 976 3694 1046 pmnitentite,
3723 987 3774 1032 et
3797 979 3845 1032 li-

2256 1073 2345 1119 cet
2377 1063 2581 1119 stridor
2610 1064 2853 1120 dentium
2883 1065 2978 1132 sit,
3008 1065 3135 1122 licet
3163 1067 3410 1122 ululatus
3438 1078 3501 1123 et
3531 1068 3725 1132 ﬂetus,
3747 1068 3846 1123 litrt

2256 1155 2548 1212 fundamus
2572 1172 2781 1228 preces,
2804 1165 2859 1213 et
2889 1158 3194 1213 innumeris
3221 1159 3730 1214 obsecrationibus
3747 1175 3846 1229 pro

2257 1246 2578 1314 clamemus,
2634 1264 2794 1304 nemo
2855 1249 3060 1316 audiet,
3093 1263 3254 1305 nemo
3315 1251 3649 1314 subveniet,
3683 1253 3846 1306 sedne

2257 1352 2503 1393 extremo
2543 1338 2761 1408 quidem
2814 1339 2984 1410 digito
3033 1355 3231 1408 aquam
3284 1341 3416 1409 quis
3469 1339 3846 1394 infundetlia-

2256 1441 2375 1497 gnte
2406 1435 2605 1482 nostra:
2655 1427 2844 1498 positae
2871 1427 2927 1483 in
2951 1427 3203 1492 flammis,
3237 1430 3333 1484 sed
3387 1431 3702 1484 audiemus
3741 1431 3846 1486 illud

2256 1519 2401 1589 quod
2424 1519 2576 1575 dives
2610 1519 2702 1575 ille
2730 1521 2940 1575 audivit
2965 1520 3034 1576 ab
3058 1520 3366 1587 Abraham,
3394 1521 3538 1590 quia
3563 1523 3738 1576 chaos
3757 1540 3848 1577 na-

2257 1627 2421 1682 gnum
2451 1611 2831 1667 confirmatum
2883 1620 2970 1667 est
2997 1612 3146 1668 inter
3195 1628 3296 1668 nos
3324 1620 3390 1667 et
3413 1627 3552 1677 vos,
3602 1622 3664 1668 et
3701 1629 3846 1684 nepa

2258 1703 2388 1759 hinc
2440 1703 2568 1759 illuc
2600 1703 2836 1760 transire
2873 1701 3084 1776 [Forte,
3146 1703 3402 1777 transiri]
3448 1713 3667 1775 potest,
3697 1721 3846 1776 nequ

576 1795 847 1850 sententia
874 1810 980 1864 quo
1015 1794 1138 1864 plus
1161 1795 1336 1848 sacris
1379 1792 1786 1862 Scripturarum
1831 1792 2155 1848 testimoniis
2181 1797 2230 1857 B
2256 1795 2381 1850 inde
2409 1796 2536 1851 huc.

575 1886 948 1951 confirmatur,
987 1883 1202 1940 facilius
1258 1884 1532 1950 creditur;
1567 1885 1634 1940 de
1681 1884 1785 1939 hoc
1837 1883 1983 1937 enim
2029 1897 2156 1954 pro-

576 1979 737 2050 pheta
767 1978 900 2034 dicit
927 1991 942 2031 :
976 1995 995 2029 ‹
1025 1976 1160 2032 Nolo
1185 1987 1416 2032 mortem
1445 1977 1770 2046 peccatoris,
1805 1974 1898 2031 sed
1942 1984 2002 2030 ut
2030 1989 2157 2030 con-

575 2076 822 2124 vertatur
872 2075 928 2123 et
953 2067 1138 2132 vivat;
1178 2087 1197 2119 ι
1257 2067 1324 2122 de
1375 2067 1479 2122 hoc
1527 2066 1880 2138 peccantibus
1907 2065 2152 2122 dicitur:

581 2175 600 2207 ι
647 2158 908 2213 Peccator
954 2155 1010 2211 in
1051 2171 1376 2226 quacunque
1415 2157 1502 2212 die
1535 2170 1832 2211 conversus
1878 2155 2156 2228 ingemue-

576 2247 665 2310 rit,
713 2261 904 2302 omnes
933 2246 1247 2316 iniquitates
1276 2245 1396 2314 ejus
1447 2245 1502 2300 in
1553 2246 1883 2301 oblivionem
1941 2243 2158 2300 traden-

579 2346 700 2402 tur;
739 2357 759 2390 ι
799 2338 845 2392 si
901 2339 1046 2392 enim
1101 2337 1431 2408 Redemptor
1459 2347 1664 2400 noster,
1721 2337 1814 2406 qui
1842 2344 2158 2406 peccatores

577 2444 685 2483 non
731 2429 958 2498 perdere
993 2431 1088 2484 sed
1136 2428 1438 2498 justificare
1463 2430 1611 2483 venit
1637 2429 1694 2483 in
1737 2428 2010 2484 oblivione
2039 2443 2159 2498 pec-

579 2516 823 2572 cantium
851 2516 1045 2569 delicta
1074 2515 1424 2584 derelinquit,
1456 2516 1579 2584 quis
1604 2516 1884 2570 hominum
1911 2517 2160 2570 condem-

580 2607 759 2662 nanda
795 2605 1074 2660 reservet?
1104 2620 1230 2659 cum
1278 2606 1568 2676 Apostolus
1624 2607 1772 2664 dicat
1803 2621 1818 2660 :
1848 2624 1866 2657 ι
1902 2607 1959 2661 Si
2017 2605 2160 2661 Deus

571 2698 859 2769 justiticat,
889 2700 1012 2768 quis
1037 2707 1123 2753 est
1144 2699 1238 2768 qui
1267 2699 1631 2754 condemnet?
1675 2718 1693 2752 υ
1724 2699 1807 2754 Ad
1829 2698 2034 2754 fontem
2060 2699 2160 2752 mi-

578 2789 891 2846 sericordia:
919 2797 1262 2844 recurrentes
1283 2789 1648 2856 evangelicam
1676 2788 2016 2860 proferamus
2038 2804 2161 2843 sen-

579 2881 848 2936 tentiam:
886 2896 905 2931 c
940 2879 1220 2944 Gaudebo,
1266 2879 1465 2950 inquit,
1527 2895 1692 2950 super
1722 2896 1830 2936 uno
1877 2890 2160 2950 peccatore

579 2971 958 3043 paenitentiam
984 2977 1179 3040 agente
1207 2984 1370 3039 quam
1419 2984 1582 3040 super
1631 2972 1921 3040 nonaginta
1967 2985 2159 3024 novem

573 3063 736 3134 justis
780 3063 873 3134 qui
929 3077 1037 3117 non
1081 3061 1327 3133 indigent
1377 3063 1700 3132 pmnitentia
1747 3061 1966 3133 (Matth.
2001 3076 2152 3126 xvtu,

2324 1929 2454 1987 CAP.
2487 1930 2577 1985 IX.
2609 1961 2682 1971 —
2706 1930 2783 1986 De
2825 1940 3053 2003 tempore
3089 1931 3420 2001 mirantia
3472 1930 3782 2000 factura.

2328 2068 2561 2123 Proinde
2587 2076 2801 2137 oportet
2828 2082 2928 2123 nos
2967 2067 3230 2122 intentius
3259 2065 3646 2122 considerare
3663 2081 3724 2121 ac
3749 2066 3838 2120 sel-

2258 2159 2460 2215 licitius
2521 2165 2759 2214 tractare
2821 2157 2967 2228 quod
3025 2166 3241 2227 tempus
3299 2155 3654 2226 acquirendi
3701 2156 3836 2209 vita:

2257 2260 2519 2307 teteruam
2544 2251 2600 2305 in
2643 2250 2748 2305 ista
2781 2257 2989 2304 tantum
3015 2249 3128 2304 vita
3155 2249 3303 2304 Deus
3331 2248 3676 2304 hominibus
3699 2249 3832 2306 (biit.

2257 2345 2350 2400 ubi
2379 2343 2549 2399 voluit
2576 2342 2741 2398 etiam
2768 2357 2889 2398 esse
2916 2341 3293 2412 pmnitentiam
3333 2339 3720 2404 fructuosam,
3741 2341 3834 2394 idm

2257 2443 2437 2490 autem
2476 2433 2566 2489 hic
2593 2435 2913 2504 paenitentia
2937 2433 3214 2488 fructuosa
3239 2442 3350 2500 est,
3387 2434 3530 2502 quia
3562 2442 3740 2504 potest
3769 2433 3834 2486 hic

2259 2526 2444 2590 homo,
2480 2524 2723 2594 deposita
2780 2523 3012 2588 malitia,
3045 2524 3182 2578 bene
3208 2523 3409 2578 vivere
3437 2531 3500 2577 et
3529 2533 3742 2577 mutata
3765 2539 3838 2576 re

2258 2618 2466 2673 luntate
2489 2616 2684 2671 merita
2715 2614 2874 2670 simul
2899 2630 3173 2686 Operaque
3201 2624 3460 2679 mutare,
3501 2623 3566 2670 et
3596 2615 3654 2668 in
3677 2616 3838 2668 tilum

2259 2705 2353 2761 Dei
2401 2722 2466 2762 ea
2508 2721 2695 2777 gerere
2743 2722 2864 2777 quae
2894 2706 3147 2776 placeant
3175 2707 3321 2771 Deo;
3371 2706 3538 2776 quod
3561 2707 3660 2776 qui
3687 2707 3840 2761 iubant

2259 2796 2371 2850 vita
2401 2811 2506 2849 non
2534 2795 2742 2860 fecerit,
2783 2795 3006 2850 habebit
3027 2797 3244 2866 quidem
3277 2795 3688 2866 paenitentiam
3707 2797 3759 2848 in
3781 2797 3842 2847 tl-

2262 2895 2382 2942 turo
2404 2886 2602 2941 seculo
2633 2886 2699 2940 de
2729 2886 2886 2940 malls
2923 2886 3054 2951 suis,
3094 2887 3189 2942 sed
3219 2873 3642 2956 indulgentiam
3667 2886 3718 2939 in
3741 2901 3842 2939 cea-

2260 2985 2449 3048 spectu
2479 2977 2574 3031 Dei
2605 2992 2714 3031 non
2760 2976 3024 3043 inveniet,
3054 2977 3182 3046 quia
3203 2976 3310 3032 etsi
3338 2978 3458 3032 erit
3512 2977 3596 3032 ibi
3621 2977 3842 3031 stimulus

2258 3067 2630 3139 paenitudinis,
2663 3066 2807 3122 nulla
2841 3067 2915 3122 ibi
2945 3068 3047 3124 erit
3072 3068 3344 3124 correctio
3367 3067 3708 3132 voluntatis.
3731 3083 3760 3121 a
3777 3077 3842 3120 ta-

583 3155 712 3226 1‘3);
757 3173 776 3205 ³
810 3162 867 3208 ει
884 3143 1040 3208 ονθω
1078 3153 1368 3222 Perilli-am.
1391 3153 1684 3224 nonaginta
1724 3167 1918 3206 novem
1940 3166 2046 3206 non
2069 3165 2160 3206 er-
2187 3143 2232 3204 C
2264 3158 2403 3214 libus
2440 3157 2583 3214 enim
2633 3157 2705 3212 ita
2741 3156 3047 3228 culpabitur
3077 3157 3339 3227 iniquitas
3375 3173 3510 3221 sua,
3541 3166 3608 3210 ut
3643 3157 3840 3212 nullate-

581 3245 828 3302 rantibus
855 3244 1078 3310 relictis,
1113 3244 1170 3296 in
1197 3243 1426 3298 humero
1453 3243 1521 3299 ad
1563 3242 1706 3298 ovile
1735 3241 2032 3312 reportavit
2061 3255 2076 3295 :
2114 3241 2158 3296 si

583 3339 704 3394 ovis
724 3351 914 3392 errans
935 3343 1058 3404 post
1074 3333 1442 3388 inventionem
1463 3332 1530 3387 ad
1553 3333 1695 3388 ovile
1725 3333 1952 3387 humero
1981 3346 2161 3401 repor-

586 3436 756 3492 tatur,
801 3442 898 3481 cur
946 3434 1068 3495 post
1123 3438 1342 3494 poenam
1393 3425 1460 3478 ad
1495 3423 1753 3479 Ecclesia:
1799 3423 2159 3477 ministerium

587 3521 839 3575 minister
870 3534 977 3574 non
1014 3516 1343 3572 revocetur?
1373 3515 1513 3584 Quid
1542 3524 1624 3571 est
1647 3531 1777 3588 ergo
1802 3516 2021 3588 gravius
2047 3531 2163 3570 car—

586 3613 711 3670 nale
759 3613 1017 3669 delictum
1067 3611 1376 3677 admittere,
1416 3612 1533 3666 sine
1558 3626 1665 3680 quo
1699 3627 1807 3665 non
1840 3609 2019 3676 multi,
2065 3611 2160 3666 sed

585 3707 746 3781 pauci
769 3706 1137 3771 inveniuntur,
1165 3712 1259 3758 aut
1307 3703 1402 3759 Dei
1433 3703 1625 3757 Filium
1657 3702 1895 3757 timendo
1924 3703 2162 3773 negare?

587 3803 647 3860 ln
691 3817 799 3872 quo
829 3808 1054 3872 peccato
1086 3799 1261 3868 ipsum
1306 3797 1523 3851 beatum
1555 3795 1854 3865 principem
1893 3795 2164 3865 apostolo-

589 3910 712 3950 rum
731 3893 969 3955 Petrum,
1000 3889 1065 3944 ad
1089 3887 1242 3956 cujus
1273 3903 1415 3942 nunc
1439 3901 1634 3955 corpus
1659 3885 1863 3955 indigni
1890 3887 2159 3951 sedemus,

590 3990 801 4058 lapsum
829 4001 948 4041 esse
978 3983 1374 4056 cognoscimus,
1413 3979 1507 4035 sed
1538 3987 1660 4048 post
1683 3978 2024 4049 negationem
2053 3993 2165 4048 poe-

587 4079 815 4134 nitentia
843 4085 1028 4133 secuta
1069 4081 1171 4139 est,
1203 4082 1256 4128 et
1299 4081 1423 4143 post
1453 4070 1826 4141 [iterliter-tiam
1857 4069 2166 4124 misericorc

587 4170 674 4226 dia
695 4170 840 4233 data,
871 4168 996 4236 quia
1039 4165 1190 4220 illum
1219 4165 1287 4219 ab
1313 4163 1611 4234 apostolatu
1661 4177 1770 4217 non
1817 4161 2031 4231 dejecit,
2069 4161 2162 4233 qui

587 4271 714 4318 ante
763 4262 1000 4331 seipsum
1031 4273 1228 4328 negare
1273 4257 1545 4326 prmdixit.
1575 4255 1976 4310 Convertamur
2005 4269 2160 4325 ergo,

587 4371 622 4410 ο
646 4352 961 4408 amicissimi
998 4350 1150 4414 mihi,
1183 4357 1238 4404 et
1276 4331 1561 4403 redeamus
1604 4348 1674 4402 ad
1702 4347 2037 4401 voluntatem
2068 4345 2163 4400 Dei

589 4447 940 4519 implendam,
963 4453 1247 4516 propterea
1276 4441 1419 4496 enim
1443 4441 1646 4496 creavit
1674 4455 1774 4495 nos
1793 4439 1936 4494 Deus
1959 4448 2014 4493 et
2042 4452 2164 4494 esse

589 4538 744 4604 fecit,
773 4538 867 4609 qui
919 4551 1025 4591 non
1073 4549 1310 4598 eramus,
1368 4541 1427 4587 ut
1456 4543 1661 4588 aeterna
1714 4532 1874 4586 nobis
1919 4529 2164 4586 conferat

587 4634 754 4699 bona,
800 4640 856 4686 et
911 4637 1132 4700 prmstet
1160 4642 1324 4698 regna
1371 4626 1654 4691 caelorum,
1689 4641 1798 4680 non
1827 4639 1928 4680 nos
1961 4623 2030 4677 ad
2063 4623 2167 4690 hoc

589 4721 742 4786 fecit,
771 4729 831 4775 ut
853 4721 1112 4790 gehenna:
1144 4733 1241 4772 nos
1269 4717 1463 4780 tradat,
1503 4715 1721 4786 ignique
1764 4723 2048 4786 perpetuo,
2073 4730 2164 4770 re-

591 4828 756 4884 gnum
793 4811 1051 4866 cmlorum
1081 4816 1302 4880 propter
1326 4823 1447 4873 nos,
1479 4808 1726 4878 gehenna
1747 4813 1967 4876 propter
1988 4805 2167 4860 diabo-

593 4903 704 4960 lum
753 4902 895 4956 facta
919 4909 1026 4965 est,
1062 4909 1118 4954 et
1145 4900 1249 4954 hoc
1297 4898 1369 4952 ita
1395 4914 1516 4954 esse
1549 4912 1614 4952 ex
1645 4897 1946 4968 Evangeliis
1971 4897 2165 4952 docea-

596 5010 736 5060 mus,
765 4995 878 5064 ipse
907 4993 1050 5046 enim
1082 4991 1342 5046 Dominus
1369 4989 1499 5043 dicit
1526 4989 1612 5043 his
1641 4988 1732 5057 qui
1763 5002 1794 5040 a
1822 4987 2028 5041 dextris
2049 4987 2167 5057 ejus

594 5093 722 5141 sunt
753 5101 768 5139 :
801 5102 819 5136 ι
861 5081 1074 5148 Venite,
1098 5080 1367 5138 benedicti
1415 5078 1591 5133 Patris
1634 5078 1760 5142 mei,
1788 5076 2050 5146 percipite
2075 5089 2163 5129 re-

595 5193 759 5248 gnum
814 5175 957 5246 quod
1018 5174 1172 5229 vobis
1231 5181 1479 5241 paratum
1530 5178 1614 5225 est
1641 5171 1710 5224 ab
1737 5168 1945 5239 origine
1981 5167 2167 5222 mundi

598 5266 814 5340 (Matth.
864 5282 991 5330 xxv,
1024 5264 1150 5334 54);
1178 5263 1280 5317 illis
1331 5271 1512 5317 autem
1563 5261 1654 5330 qui
1709 5276 1738 5314 a
1783 5259 2023 5316 sinistris
2051 5258 2168 5328 ejus

596 5368 747 5425 sunt,
777 5359 948 5414 dicit:
982 5377 998 5408 ι
1034 5357 1301 5412 Discedite
1333 5373 1363 5410 a
1407 5371 1514 5420 me,
1549 5354 1844 5417 maledicti,
1896 5353 1948 5406 in
1986 5353 2162 5422 ignem

596 5458 884 5512 internum,
911 5447 1000 5516 qui
1027 5454 1361 5516 praeparatus
1389 5454 1473 5500 est
1498 5445 1712 5499 diabolo
1737 5452 1792 5498 et
1813 5442 2020 5512 angelis
2049 5441 2168 5511 ejus

599 5537 790 5610 (Ibid.,
821 5537 954 5608 41),
993 5556 1012 5589 ι
1071 5551 1178 5590 non
1221 5535 1394 5599 dixit,
1445 5535 1618 5601 vobis,
1655 5535 1751 5590 sed
1815 5533 2066 5598 diabolo;
2121 5533 2171 5587 si

599 5629 746 5683 enim
775 5636 994 5698 propter
1035 5626 1308 5681 diabolum
1337 5627 1578 5696 gehenna
1616 5626 1776 5698 ignis,
1824 5634 2048 5695 propter
2073 5626 2172 5681 ho-

606 5719 804 5774 minem
830 5736 1051 5792 regnum
1079 5720 1338 5776 ctelorum
1363 5736 1392 5776 a
1420 5722 1802 5778 constitutione
1832 5720 2014 5775 mundi
2038 5737 2173 5792 prae-

2260 3266 2362 3305 nus
2389 3249 2457 3305 ab
2485 3249 2566 3304 eis
2617 3249 2790 3319 possit
2832 3249 2918 3303 vel
2964 3249 3111 3320 diligi
3157 3248 3241 3303 vel
3283 3249 3610 3304 desiderari
3637 3249 3838 3319 iustitia,

2259 3341 2510 3397 voluntas
2529 3340 2673 3394 enim
2700 3355 2889 3394 eorum
2917 3339 3041 3394 talis
3068 3339 3195 3404 erit,
3227 3347 3288 3392 ut
3319 3339 3534 3393 habeat
3565 3339 3626 3392 in
3657 3355 3714 3392 se
3735 3353 3843 3392 sel-

2260 3451 2359 3505 per
2387 3432 2736 3504 malignitatis
2782 3448 2894 3487 sua:
2944 3431 3290 3502 supplicium,
3345 3446 3648 3499 nunquam
3688 3440 3840 3484 tam

2261 3527 2505 3597 recipere
2557 3524 2731 3596 possit
2780 3523 3036 3579 bonitatis
3070 3521 3345 3586 affectum,
3407 3524 3545 3592 quia
3585 3524 3728 3576 sicut

2261 3622 2504 3693 quicum
2546 3618 2764 3674 Christo
2818 3617 3141 3689 regnabunt,
3187 3615 3364 3670 nullas
3399 3616 3458 3668 in
3491 3631 3554 3668 se
3589 3616 3740 3668 make
3761 3629 3839 3666 vo-

2261 3712 2484 3766 luntatis
2521 3708 2780 3778 reliquias
2807 3708 3103 3771 habebunt,
3130 3707 3204 3759 ita
3227 3705 3308 3759 illi
3332 3707 3430 3774 qui
3459 3716 3634 3760 erunt
3667 3703 3839 3774 suppi-

2261 3803 2346 3859 cio
2366 3801 2506 3870 ignis
2528 3799 2716 3856 aeterni
2740 3813 2864 3854 cum
2883 3795 3100 3852 diabolo
3126 3803 3180 3851 et
3203 3795 3422 3866 angelis
3445 3796 3577 3865 ejus
3603 3793 3840 3865 deputati.

2261 3895 2403 3950 sicut
2431 3892 2632 3947 nullam
2670 3892 2899 3947 ulterius
2926 3891 3203 3947 habebunt
3235 3891 3522 3960 requiem,
3555 3891 3646 3946 sic
3669 3893 3840 3945 ὶιωω

2262 3986 2569 4042 nullatenus
2620 3984 2821 4040 habere
2876 3991 3166 4054 potuerunt
3218 3982 3596 4048 voluntatem,
3649 3993 3704 4036 et
3729 3983 3842 4035 sicut

2262 4075 2634 4130 cohzeredibus
2679 4071 2883 4128 Christi
2939 4072 3158 4128 dabitur
3207 4072 3487 4144 perfectio
3545 4074 3744 4144 grati:
3789 4071 3846 4126 ad

2261 4176 2520 4222 mternam
2559 4165 2809 4236 gloriam,
2857 4164 2937 4219 sic
2977 4166 3326 4220 consortibus
3348 4164 3590 4226 diaboli,
3621 4163 3844 4219 cumula-

2261 4258 2342 4313 bit
2367 4257 2482 4326 ipsa
2513 4255 2822 4325 malignitas
2854 4270 3092 4325 poenam,
3118 4255 3337 4324 quando
3359 4255 3744 4310 exterioribus
3769 4253 3844 4307 ὼ-

2262 4350 2432 4419 putati
2465 4348 2722 4412 tenebris,
2753 4348 2899 4404 nullo
2927 4345 3346 4403 illustrabuntur
3369 4348 3644 4403 interiori
3663 4348 3841 4403 lumine

2264 4440 2530 4495 veritatis.
2562 4437 2796 4493 Proinde
2822 4439 2969 4493 omni
3007 4438 3211 4494 homini
3239 4438 3293 4492 in
3322 4438 3429 4492 hac
3461 4438 3580 4492 vita
3611 4454 3738 4494 esse
3765 4453 3844 4507 po-

2270 4540 2377 4586 test
2416 4530 2564 4585 utilis
2612 4530 2952 4601 poenitentia,
3005 4546 3170 4601 quam
3222 4545 3560 4600 quocunque
3619 4541 3844 4600 tempus

2268 4623 2431 4678 homo
2471 4621 2664 4692 egerit,
2709 4621 3004 4690 quamlibet
3053 4621 3294 4690 iniquus,
3326 4620 3648 4690 quamlibet
3695 4635 3842 4674 anuo-

2267 4731 2382 4780 sus,
2414 4714 2458 4768 si
2490 4722 2602 4768 toto
2627 4713 2790 4768 corde
2827 4712 3225 4767 renuntiaverit
3257 4713 3506 4782 peccatis
3541 4711 3840 4782 preter-itis.

2258 4812 2323 4858 'et
2342 4818 2439 4874 pro
2469 4803 2534 4857 iis
2567 4802 2620 4856 in
2645 4810 2936 4871 conspectu
2967 4801 3088 4868 Dei,
3121 4817 3227 4857 non
3263 4801 3439 4856 solum
3465 4803 3740 4871 corporis.
3765 4797 3840 4852 sed

2267 4895 2431 4950 etiam
2455 4894 2636 4948 cordis
2665 4893 2932 4965 lacrymas
2969 4891 3194 4957 fuderit,
3223 4903 3280 4948 et
3323 4892 3606 4946 malorum
3637 4903 3838 4962 opem

2269 4987 2510 5043 maculas
2535 4986 2690 5041 bonis
2728 4986 2984 5057 operibus
3013 4985 3221 5040 diluere
3274 4986 3586 5048 curaverit,
3621 4983 3840 5039 omnia

2268 5090 2612 5152 peccatorum
2664 5079 3050 5150 indulgentiam
3103 5095 3228 5134 mox
3267 5079 3524 5143 habebit,
3581 5074 3841 5132 lic-cenis

2268 5175 2424 5230 nobis
2451 5173 2710 5228 Dominus
2737 5173 3056 5243 prophetico
3081 5171 3350 5242 promittit
3375 5170 3606 5241 eloquio
3633 5172 3836 5223 dicens:

2275 5282 2294 5314 ι
2331 5264 2388 5317 Si
2430 5277 2726 5317 conversus
2769 5260 2938 5316 fueris
2990 5271 3048 5316 ct
3103 5260 3463 5330 ingemueris,
3529 5261 3718 5314 salvus
3751 5257 3842 5309 eris

2269 5356 2488 5429 (Ezech.
2519 5370 2712 5418 xxxm,
2747 5354 2876 5422 l2);
2918 5373 2935 5405 ι
2994 5361 3046 5407 et
3099 5352 3204 5407 alio
3250 5352 3372 5407 loco
3399 5351 3650 5404 dicitur:
3689 5367 3708 5398 σ
3735 5347 3840 5401 ΓιΕ.

2268 5446 2524 5518 peccasti,
2555 5460 2622 5500 ne
2651 5444 2872 5514 adjicias
2908 5443 3101 5499 iterum
3136 5442 3327 5512 (Eccli.
3364 5457 3482 5504 nt,
3515 5441 3591 5510 Ι),
3635 5461 3655 5490 ι
3689 5437 3844 5492 suist

2271 5543 2336 5597 de
2355 5539 2647 5611 praeteritis
2661 5539 2976 5609 deprecare,
2992 5547 3051 5591 ut
3076 5538 3172 5592 tibi
3193 5537 3842 5602 dimittantur,uunqm

2271 5633 2517 5704 peccanti
2561 5639 2706 5686 esset
2748 5630 2950 5685 indicta
2999 5644 3098 5699 pro
3146 5627 3388 5697 peccatis
3417 5623 3760 5696 deprecatio,
3803 5621 3838 5672 sl

2275 5722 2582 5792 deprecanti
2606 5736 2712 5778 non
2734 5729 2876 5778 esset
2902 5719 3149 5776 remissio
3172 5716 3547 5781 concedenda,
3572 5714 3666 5772 sed
3691 5714 3838 5768 etiam
