3956 6326
169 319 302 374 1517

1375 306 1463 362 DE
1502 303 1690 362 MODO
1723 300 2217 359 ΡαζΝΙΤΕΝΤΙΑ-Ξ.

3269 307 3405 366 1518

163 421 481 496 ρωιιίιειιιίει
505 416 777 491 peccatori
807 423 935 473 tunc
962 415 1205 488 prodest,
1251 417 1296 471 si
1320 431 1438 471 eam
1468 416 1521 470 in
1550 416 1737 471 Eccle-
1764 418 1817 479 Α
1841 412 2058 484 gissima
2088 419 2382 476 senectute,
2408 412 2501 468 sed
2525 412 2627 468 hoc
2655 421 2896 484 tempore
2913 413 3041 482 isto,
3064 414 3186 474 vide
3205 429 3407 490 quanta

165 516 261 572 sia‘
279 512 546 568 catholica
569 518 746 582 gerat,
781 509 867 565 cui
893 509 1034 564 Deus
1073 509 1127 564 in
1155 523 1384 578 persona
1412 510 1557 564 beati
1585 509 1734 568 Petri

167 605 368 676 ligandi
429 603 779 672 solvendique
843 601 1032 656 tribuit
1087 609 1428 670 potestatem,
1491 603 1677 660 dicens
1722 623 1734 659 :

172 714 192 747 ι
228 695 356 762 Quae
385 693 688 764 alligaveris
723 705 886 763 super
933 701 1158 757 terram,
1193 699 1355 745 erunt
1394 691 1562 762 ligata
1605 702 1661 748 et
1684 693 1738 748 in

166 785 320 841 caelis
352 803 364 838 :
394 793 448 839 et
476 799 596 853 qua:
623 783 850 838 solveris
895 796 1059 852 super
1087 789 1307 844 terram,
1360 791 1519 836 erunt
1564 783 1739 840 soluta

170 885 229 931 et
265 876 318 929 in
345 874 498 930 castis
527 873 740 944 (Matth.
774 889 924 938 xvm,
949 872 1056 943 18).
1089 891 1108 924 ι
1139 872 1197 926 1n
1227 887 1545 942 quacunque
1575 874 1742 944 igitur

169 969 332 1023 homo
353 975 514 1022 aetate
535 980 717 1020 venam
747 973 1090 1035 peccatorum
1113 979 1332 1018 suorum
1363 965 1737 1034 paenitentiam

172 1058 362 1130 egerit,
391 1066 446 1112 et
466 1057 632 1111 vitam
683 1072 834 1111 suam
878 1057 987 1110 Deo
1039 1055 1376 1110 illuminante
1421 1057 1735 1122 correxerit,

172 1162 278 1201 non
308 1144 607 1216 privabitur
637 1143 978 1214 indulgentiae
1013 1159 1254 1206 munere,
1288 1144 1415 1212 quia
1446 1143 1610 1210 Deus,
1641 1145 1741 1199 sio-

171 1243 234 1289 ut
264 1249 360 1306 per
387 1233 710 1304 Prophetam
745 1233 914 1297 dicit,
949 1247 1056 1288 non
1091 1232 1206 1286 vult
1232 1242 1463 1288 mortem
1508 1234 1742 1288 morien-

173 1325 264 1388 tis,
295 1331 555 1393 quantum
583 1332 642 1378 ut
673 1331 978 1378 revertatur
1015 1338 1046 1376 a
1075 1323 1160 1377 via
1185 1340 1280 1378 sua
1311 1325 1474 1390 mala,
1515 1333 1571 1380 et
1594 1324 1742 1378 vivat

172 1415 354 1469 anima
378 1415 494 1485 ejus
517 1415 732 1485 (Ezeclt.
758 1431 952 1480 xxxnt,
990 1416 1098 1486 11).
1149 1415 1534 1472 Verumtamen
1564 1417 1742 1472 nullus

171 1501 453 1560 hominum
480 1505 639 1560 debet
659 1505 759 1560 sub
785 1505 1154 1560 misericordia
1181 1507 1276 1560 Dei
1318 1506 1372 1560 in
1401 1507 1515 1562 suis
1537 1506 1741 1562 diutius

172 1611 454 1651 remanere
475 1596 730 1666 peccatis,
763 1611 886 1651 cum
909 1595 1071 1652 etiam
1098 1597 1150 1650 in
1182 1596 1297 1666 ipso
1333 1611 1559 1666 corpore
1581 1612 1740 1652 nemo

168 1685 302 1744 velit
351 1687 450 1741 sub
476 1702 571 1757 spe
607 1686 802 1742 futurte
838 1687 1026 1742 salutis
1061 1687 1263 1742 diutius
1289 1697 1575 1758 aegrotare,
1603 1687 1742 1742 tales

1841 500 2173 555 intervenire
2184 509 2430 570 possunt.
2447 501 2628 557 Primo
2640 503 2784 572 quod
2805 518 2985 569 nemo,
3008 505 3221 564 etiamsi
3239 526 3412 582 usque

1840 588 1908 642 ad
1935 602 2218 659 veSperum
2247 591 2548 659 perveniat,
2577 598 2759 646 certus
2781 600 2882 657 est,
2907 591 3102 650 deinde
3123 597 3266 666 quod
3294 615 3412 656 mo-

1839 678 1961 734 bilis
1987 693 2199 748 semper
2227 681 2584 736 bumanarum
2609 698 2790 737 rerum
2820 691 2992 739 status
3019 693 3122 751 est,
3157 687 3411 759 frequen-

1841 776 1924 823 ter
1967 769 2111 823 enim
2149 769 2256 824 vita
2285 771 2500 840 quidem
2552 773 2768 846 longum
2815 783 3024 847 tempus
3070 781 3408 852 producitur,

1839 872 1940 912 nec
1978 867 2154 912 tamen
2185 857 2469 917 facultates
2511 877 2576 918 ac
2603 865 2804 920 divitiae
2829 867 2879 920 ei
2915 866 3147 923 fideliter
3188 887 3407 942 perma-

1840 957 1992 1013 nent,
2030 951 2124 1004 sed
2163 966 2304 1021 szepe
2333 954 2528 1009 accidit
2558 964 2617 1011 ut
2660 957 2811 1026 prius
2855 960 2978 1029 quis
3013 962 3204 1032 opibus
3247 981 3410 1034 quam

1840 1040 1951 1094 vita
1978 1041 2226 1107 deficiat;
2257 1053 2626 1102 verumtamen
2650 1050 3006 1106 concedamus
3032 1053 3128 1107 tibi
3153 1055 3337 1111 vivere
3361 1065 3413 1113 te

1839 1147 1997 1202 posse
2029 1149 2200 1188 annos
2225 1136 2441 1202 multus,
2473 1147 2527 1192 et
2554 1139 2754 1194 nullam
2785 1145 3238 1211 permutationem
3268 1157 3409 1202 tem-

1839 1235 2030 1290 porum
2053 1222 2184 1291 pati,
2201 1231 2254 1276 et
2271 1234 2554 1294 quantum,
2576 1242 2778 1297 quteso,
2804 1229 2930 1284 illud
2945 1234 3102 1301 spatii
3125 1235 3192 1289 ad
3209 1244 3412 1292 arterna

1841 1309 2134 1379 supplicia?
2162 1323 2418 1380 quantum
2445 1314 2549 1370 hoc
2573 1319 2590 1336 ‘
2620 1317 2910 1373 voluntatis
2940 1318 3122 1391 [Forte
3142 1323 3240 1394 leg.
3264 1325 3414 1380 volu-

1839 1401 2023 1474 ptatis]
2051 1411 2154 1469 est,
2184 1404 2252 1458 ad
2272 1405 2390 1460 illas
2423 1409 2781 1465 exsecrabiles
2807 1421 2860 1466 et
2889 1412 3252 1471 intolerabiles
3292 1432 3412 1488 pte-

1839 1493 1972 1547 nas?
1995 1508 2120 1546 nam
2144 1503 2198 1548 et
2225 1495 2278 1549 iu
2297 1497 2397 1551 bac
2410 1497 2625 1566 quidem
2639 1500 2772 1566 vita,
2793 1502 2906 1557 sive
2931 1503 3091 1570 bona,
3111 1507 3224 1561 sive
3246 1508 3411 1574 mala,

1842 1583 2129 1636 terminum
2159 1599 2314 1638 suum
2344 1595 2564 1655 norunt,
2612 1603 2842 1660 eumque
2873 1592 3130 1648 velociter
3175 1597 3412 1651 sortiun-

1843 1679 1948 1736 tur,
1978 1673 2032 1727 in
2081 1672 2264 1729 futuro
2311 1685 2487 1732 autem
2518 1679 2712 1734 saeculo
2761 1689 2986 1751 utraque
3016 1683 3415 1741 immortalibus
3469 1711 3474 1715 υ

170 1777 315 1833 enim
343 1777 436 1846 qui
461 1779 528 1832 ab
549 1777 926 1847 iniquitatibus
961 1778 1073 1833 suis
1134 1778 1390 1833 recedere
1441 1778 1737 1850 negligunt,

1847 1764 2034 1832 spatiis
2064 1766 2477 1835 protenduntur.
2525 1768 2676 1824 Adde
2703 1779 2758 1825 et
2787 1770 2915 1827 illud
2944 1774 3086 1843 quod
3106 1775 3270 1830 etiam
3297 1790 3414 1846 pte»

167 1874 226 1920 et
248 1866 352 1921 sibi
375 1865 441 1919 de
478 1865 590 1920 Deo
625 1866 1011 1935 indulgentiam
1049 1868 1453 1938 repromittunt,
1484 1883 1736 1922 nonnun-

166 1971 334 2026 quam
361 1957 434 2011 ita
459 1957 860 2026 praeveniuntur
888 1958 1170 2026 repentino
1196 1957 1290 2012 Dei
1321 1956 1526 2023 furore,
1557 1966 1616 2012 ut
1640 1973 1741 2013 nec

164 2045 540 2100 conversionis
595 2052 825 2115 tempus,
877 2060 980 2101 nec
1027 2046 1348 2102 beneficium
1405 2046 1741 2103 remissionis

163 2135 467 2191 inveniant.
498 2135 622 2192 ldeo
653 2149 1088 2206 unumquemque
1110 2145 1348 2191 vestrum
1376 2145 1565 2192 sancta
1593 2135 1742 2192 Scri-

160 2235 327 2296 ptura
374 2225 602 2295 benigne
649 2233 945 2294 praemonet
993 2225 1219 2280 dicens:
1259 2243 1278 2276 ‹
1313 2225 1392 2280 Ne
1439 2226 1738 2282 tardaveris

159 2315 411 2371 converti
442 2317 510 2370 ad
544 2315 848 2381 Dominum,
872 2323 928 2370 et
953 2330 1018 2370 ne
1043 2314 1258 2372 differas
1282 2316 1349 2371 de
1375 2316 1462 2372 die
1490 2317 1542 2371 in
1571 2317 1736 2372 diem.

162 2407 362 2463 Subito
387 2407 531 2462 enim
558 2408 741 2463 veniet
765 2409 845 2463 ira
872 2409 1004 2479 ejus,
1039 2418 1096 2464 et
1133 2411 1186 2464 in
1217 2419 1458 2482 tempore
1483 2411 1738 2467 vindictae

159 2500 446 2570 disperdet
484 2509 534 2555 te
565 2500 752 2572 (Eccli.
779 2517 834 2566 v,
879 2501 953 2571 8).
990 2521 1008 2554 ι
1038 2501 1179 2556 Dicit
1205 2503 1368 2558 etiam
1413 2503 1605 2558 beatus
1634 2502 1740 2556 Da-

159 2589 259 2647 vid
286 2604 302 2644 :
339 2609 359 2643 ι
409 2589 579 2646 Hodie
606 2592 654 2645 si
681 2607 869 2647 vocem
896 2593 1015 2662 ejus
1046 2591 1348 2659 audieritis,
1373 2593 1546 2649 nolite
1571 2583 1738 2649 obdu-

159 2695 296 2736 rare
329 2681 494 2736 corda
523 2689 700 2736 vestra
729 2679 902 2753 (Psal.
934 2699 1077 2748 xcrv,
1104 2683 1180 2755 8),
1224 2703 1244 2736 ›
1281 2685 1366 2740 cui
1387 2686 1579 2741 beatus
1604 2700 1737 2755 quo-

156 2789 272 2846 que
295 2773 494 2830 Paulus
524 2775 814 2830 concordat
837 2776 924 2831 bis
953 2777 1170 2831 verbis:
1207 2796 1226 2829 ι
1267 2776 1478 2844 Videte,
1509 2777 1732 2844 fratres,

155 2883 232 2924 ne
261 2866 403 2923 forte
431 2867 502 2922 sit
528 2867 582 2922 in
610 2868 790 2938 aliquo
818 2879 1056 2924 vestrum
1087 2884 1183 2924 cor
1215 2868 1416 2924 malum
1443 2869 1738 2925 increduli-

159 2959 297 3014 tatis
327 2957 634 3013 discedendi
687 2973 717 3012 a
743 2959 853 3015 Deo
906 2959 1048 3024 vivo,
1086 2959 1181 3014 sed
1211 2959 1574 3014 adhortamini
1613 2973 1737 3014 vos-

155 3049 428 3118 metipsos
450 3063 547 3118 per
583 3048 820 3117 singulos
851 3047 988 3115 dies,
1040 3049 1212 3104 donec
1245 3049 1407 3104 hodie
1457 3049 1734 3118 cognomi-

1840 1871 1924 1910 na:
1971 1857 2138 1926 ipsius
2167 1857 2324 1927 longe
2351 1859 2455 1914 alia
2493 1869 2549 1915 et
2593 1861 2803 1918 diversa
2846 1865 3082 1921 conditio
3129 1877 3230 1932 est,
3274 1869 3418 1939 ignis

1839 1949 1984 2005 enim
2031 1951 2116 2006 bic
2149 1953 2238 2020 qui
2281 1953 2334 2007 in
2363 1955 2614 2024 praesenti
2660 1957 2771 2012 vita
2819 1967 2922 2027 est,
2957 1961 3192 2018 absumit
3219 1973 3413 2021 cuncta

1839 2055 1960 2110 quae
2001 2041 2223 2112 recipit,
2266 2043 2355 2099 ille
2395 2060 2522 2100 vero
2552 2061 2687 2117 quos
2731 2059 3009 2120 receperat
3049 2067 3263 2123 semper
3292 2070 3416 2110 cru-

1838 2131 1970 2196 ciat,
1989 2138 2043 2185 et
2068 2146 2241 2202 poma:
2266 2149 2379 2189 sua:
2401 2149 2615 2207 semper
2635 2137 2872 2209 integros
2894 2150 3093 2207 servat,
3121 2152 3410 2213 propterea
3476 2137 3481 2142 ’

1837 2221 1982 2275 enim
2008 2229 2064 2275 et
2093 2217 2545 2296 inexstinguibilis
2571 2228 2786 2296 dicitur,
2815 2245 2921 2285 non
2948 2232 3119 2287 solum
3147 2235 3273 2304 quia
3301 2236 3416 2305 ipse

1837 2325 1944 2366 non
1977 2312 2362 2384 exstinguitur,
2393 2317 2488 2372 sed
2533 2319 2660 2389 quia
2690 2335 2790 2375 nec
2818 2336 2912 2377 eos
2952 2336 3088 2393 quos
3118 2329 3416 2398 susceperit

1836 2401 2132 2474 exstinguit
2154 2412 2249 2458 aut
2286 2405 2526 2475 perimit,
2559 2425 2665 2463 non
2695 2425 2824 2480 ergo
2865 2420 3114 2481 putemus
3140 2417 3264 2485 quia
3288 2433 3415 2488 sup—

1835 2493 2121 2564 pliciorum
2152 2495 2406 2552 nimietas
2432 2498 2547 2568 ipsa
2577 2500 2797 2555 donabit
2820 2500 2979 2556 finem
3006 2504 3271 2573 dolorum,
3296 2509 3411 2573 sed,

1837 2591 1897 2636 ut
1918 2584 2176 2651 diximus,
2199 2597 2422 2655 peccata
2446 2589 2660 2658 quidem
2681 2604 2871 2661 poenas
2891 2595 3212 2663 accendunt,
3237 2597 3414 2654 incor-

1838 2673 2017 2744 ruptio
2067 2691 2194 2731 vero
2241 2678 2436 2734 animae
2484 2690 2538 2734 et
2580 2683 2823 2751 corporis
2873 2700 3078 2740 nu..um
3133 2691 3412 2759 suppliciis

1839 2763 2130 2820 terminum
2177 2765 2347 2821 dabit.
2413 2768 2509 2824 Dic
2553 2786 2682 2841 ergo
2727 2787 2870 2826 nunc
2915 2784 3116 2842 quanta
3170 2787 3413 2850 tempora

1837 2854 2087 2922 luxurize,
2117 2872 2238 2927 quae
2276 2859 2592 2916 deliciarum
2625 2865 2795 2933 spatia
2829 2880 3146 2936 comparare
3171 2873 3253 2927 vis
3285 2875 3408 2930 tali-

1835 2945 1938 3002 bus
1957 2948 2178 3018 pmnis?
2206 2959 2426 3006 centum
2449 2952 2626 3022 placet
2659 2971 2830 3010 annos
2858 2957 3065 3015 deliciis
3093 2961 3244 3029 dare,
3277 2966 3413 3021 adde

1837 3048 1891 3095 et
1919 3039 2054 3094 alios
2080 3049 2320 3108 centum,
2345 3043 2390 3098 si
2420 3042 2552 3098 libet
2577 3045 2755 3100 decies
2783 3055 2999 3101 centum
3027 3051 3188 3118 adde,
3211 3063 3265 3108 et
3292 3071 3413 3124 qua:

157 3148 348 3206 natur,
376 3147 434 3194 ιιι
464 3153 570 3193 non
609 3139 904 3194 obduretur
947 3140 1068 3210 quis
1095 3155 1160 3194 ex
1191 3139 1343 3195 vobis
1369 3136 1581 3194 fallacia
1608 3154 1734 3210 pec.
1761 3120 1804 3182 C
1836 3129 1938 3186 erit
1963 3143 2029 3184 ex
2177 3132 2242 3186 ad
2264 3132 2619 3188 aeternitatem
2648 3137 3014 3204 comparatio?
3045 3155 3220 3195 nonne
3254 3120 3413 3199 omne

156 3231 296 3286 cati.
332 3249 352 3283 ι
393 3228 666 3285 Obdurato
701 3229 865 3300 igitur
914 3230 1077 3284 corde
1128 3229 1279 3294 vivit,
1332 3229 1445 3284 sive
1473 3229 1564 3298 qui
1600 3244 1733 3284 con-

157 3320 396 3375 vertitur
433 3320 724 3390 desperans
761 3319 827 3374 dc
865 3319 1192 3390 indulgentia
1221 3326 1588 3388 peccatorum,
1620 3318 1735 3372 sive

159 3411 260 3480 qui
293 3413 372 3467 sic
394 3410 822 3466 misericordiam
850 3410 946 3466 Dei
973 3418 1174 3482 sperat,
1207 3421 1266 3465 ut
1291 3426 1462 3480 usque
1489 3410 1544 3464 in
1571 3411 1733 3464 finem

159 3503 294 3558 vita
342 3502 621 3572 praesentis
661 3501 714 3555 in
767 3516 988 3556 suorum
1041 3501 1328 3556 criminum
1378 3500 1734 3571 perversitate

159 3598 466 3646 remaneat.
536 3589 768 3645 Proinde
828 3591 1110 3660 diligentes
1160 3590 1585 3645 misericordiam
1636 3590 1731 3644 Dei

159 3687 578 3747 metuentesque
599 3679 884 3748 justitiam,
916 3694 1016 3734 nec
1041 3679 1107 3734 de
1141 3679 1460 3733 remissione
1485 3688 1736 3749 peccato.

161 3784 291 3824 rum
344 3768 712 3838 desperemus,
765 3784 866 3824 nec
921 3783 1297 3822 remaneamus
1358 3769 1410 3821 in
1473 3768 1732 3837 peccatis,

163 3859 402 3914 seientes
431 3857 557 3927 quia
583 3857 673 3912 illa
697 3857 935 3912 omnium
959 3857 1238 3912 hominum
1277 3855 1457 3910 debita
1507 3856 1579 3909 sit
1607 3870 1736 3910 exa-

161 3957 326 4004 ctura
351 3948 575 4017 aequitas
597 3946 884 4016 justissimi
931 3946 1150 4016 judicis,
1181 3961 1300 4015 qua:
1327 3961 1432 3999 non
1467 3945 1735 3999 dimiserit

162 4039 540 4096 misericordia
567 4038 968 4095 clementissimi
1000 4038 1403 4109 Redemptoris;
1432 4037 1570 4092 sicut
1591 4036 1735 4090 enim

163 4129 535 4185 misericordia
561 4131 804 4201 suscipit,
833 4131 1166 4199 absolvitque
1213 4145 1526 4200 conversos,
1560 4131 1632 4185 ita
1649 4127 1738 4198 ju«

163 4220 316 4276 stitia
346 4220 568 4289 repellet
606 4229 660 4276 et
685 4223 872 4292 puniet
900 4221 1214 4287 obduratos,
1249 4222 1303 4276 hi
1334 4231 1458 4277 sunt
1485 4223 1575 4292 qui
1608 4238 1734 4293 pec-

163 4310 429 4365 cantcsin
457 4309 716 4380 Spiritum
767 4320 1037 4378 sanctum,
1068 4327 1242 4382 neque
1293 4313 1348 4367 in
1387 4313 1491 4369 hoc
1538 4313 1735 4369 saeculo

167 4415 344 4470 neque
397 4401 451 4456 in
501 4402 680 4458 futuro
732 4403 1103 4459 remissionem
1163 4404 1432 4474 accipient
1486 4414 1734 4476 peccato-

169 4510 312 4549 rum.

164 4649 298 4707 CAP.
325 4649 394 4706 Χ.
422 4679 492 4691 -
516 4649 848 4722 Comparatio
875 4652 1120 4733 gehenna:
1145 4652 1214 4706 ad
1245 4651 1425 4706 luxum
1464 4652 1734 4722 prementis

876 4732 992 4776 vitae

240 4851 367 4908 Haec
394 4853 696 4918 recordare,
720 4853 792 4907 mi
821 4854 1010 4918 amice,
1025 4862 1078 4909 et
1107 4855 1255 4909 illum
1279 4856 1537 4927 gehennae
1560 4856 1734 4928 ignem

169 4945 256 5000 bis
288 4959 407 5012 qua":
434 4951 486 4998 te
512 4960 652 4999 nunc
680 4945 958 5017 exagitant
984 4945 1215 5001 ﬂammis
1241 4947 1482 5004 libidinis
1508 4957 1563 5004 et
1587 4949 1740 5018 cupi-

169 5035 354 5090 ditatis
392 5053 618 5107 oppone,
653 5046 734 5094 est
759 5041 902 5093 enim
934 5041 1035 5094 hoc
1066 5040 1311 5094 mirabile
1334 5041 1601 5110 quoddam
1629 5057 1742 5098 me-

170 5127 460 5180 dicamenti
487 5143 677 5198 genus,
723 5139 780 5182 ut
805 5131 956 5200 ignes
983 5131 1194 5200 ignibus
1212 5133 1663 5203 exstinguantnr;
1695 5134 1740 5188 si

169 5216 312 5272 enim
359 5218 626 5274 restinctse
671 5235 775 5273 non
821 5220 1020 5274 fuerint
1063 5221 1308 5277 libidines
1357 5223 1474 5278 ista;
1525 5239 1644 5294 qua:
1690 5232 1742 5278 te

169 5321 314 5360 nunc
355 5308 652 5378 exagitant,
682 5309 800 5364 illos
832 5309 924 5364 tibi
955 5319 1188 5366 :nternos
1234 5313 1384 5383 ignes
1413 5313 1654 5368 acriores
1683 5322 1738 5370 et

169 5398 634 5468 inexstinguibiles
663 5400 906 5454 reddent.
935 5400 1147 5468 Quanto
1173 5411 1332 5474 putas
1347 5413 1585 5472 tempore
1610 5419 1734 5474 pcr—

170 5504 393 5546 manere
422 5492 515 5546 tibi
543 5507 700 5561 posse
747 5493 1027 5562 prazsentis
1067 5494 1191 5550 vita:
1233 5495 1498 5550 delicias?
1539 5506 1597 5550 ut
1637 5512 1737 5566 ego

169 5582 388 5654 quidem
417 5599 558 5652 reor,
588 5601 687 5640 nec
716 5585 1229 5657 quinquagintajam
1273 5589 1366 5642 tibi
1397 5589 1520 5642 anni
1549 5603 1740 5658 super-

171 5687 294 5729 esse
323 5690 494 5744 usque
517 5675 582 5731 ad
613 5684 911 5732 extremum
939 5685 1181 5746 possunt.
1219 5679 1464 5747 quamvis
1513 5679 1589 5734 sis
1616 5679 1735 5734 lon-

1838 3230 2048 3290 tempus
2059 3222 2182 3278 vita:
2196 3222 2376 3292 hujus,
2393 3241 2500 3295 quo
2515 3225 2722 3281 deliciis
2733 3227 2936 3296 perfrui
2950 3230 3163 3287 videtur
3173 3244 3226 3287 et
3240 3235 3412 3290 indul-

1834 3327 1961 3383 gere
1988 3313 2218 3380 libidini,
2247 3317 2402 3384 quasi
2438 3318 2598 3373 unius
2627 3319 2802 3374 noctis
2835 3323 3122 3388 somnium,
3153 3328 3220 3381 ad
3255 3337 3413 3383 teter-

1834 3405 2020 3461 nitatis
2072 3409 2526 3478 comparationem
2576 3412 2790 3466 videtur
2838 3415 3002 3469 esse?
3043 3415 3101 3471 Si
3147 3427 3231 3474 est
3281 3435 3410 3494 ergo

1833 3497 2048 3567 aliquis,
2071 3499 2162 3568 qui
2187 3502 2366 3569 utjuna
2389 3510 2547 3556 nocte
2571 3502 2891 3558 delectabile
2916 3506 3094 3562 videat
3115 3512 3402 3577 somnium,

1833 3598 2064 3644 aeternas
2093 3590 2273 3644 subire
2295 3591 2458 3661 eligat
2488 3607 2699 3661 poenas,
2728 3601 2783 3648 et
2815 3593 2904 3649 illa
2937 3611 3036 3664 pro
3065 3598 3150 3654 bis
3173 3603 3413 3672 recipere

1836 3675 1918 3729 vel
1945 3691 2043 3746 pro
2070 3677 2173 3731 illis
2199 3678 2298 3732 ista
2329 3687 2572 3735 mutare:
2604 3682 2841 3736 nondum
2882 3684 3148 3742 descendo
3177 3689 3241 3743 ad
3273 3692 3385 3746 vitu

1835 3764 2170 3832 perationem
2197 3766 2528 3832 deliciarum,
2559 3784 2732 3837 neque
2759 3772 3171 3830 amaritudinem
3209 3793 3327 3847 qua:
3358 3780 3412 3834 in

1837 3854 1919 3908 eis
1973 3862 2058 3910 est
2092 3871 2236 3910 nunc
2271 3857 2474 3926 aperio,
2517 3858 2644 3927 quia
2687 3874 2786 3914 nec
2833 3860 3134 3928 hujusmodi
3183 3867 3413 3924 orationi

1838 3945 1940 4000 hoc
1970 3953 2179 4016 tempus
2223 3955 2325 4012 est,
2358 3948 2451 4002 sed
2479 3957 2604 4003 tunc
2649 3965 2770 4004 cum
2803 3949 2939 4005 forte
2969 3953 3036 4007 ab
3067 3955 3153 4010 bis
3181 3955 3413 4028 effugere

1836 4036 2098 4107 potueris,
2130 4053 2272 4092 nunc
2301 4039 2446 4092 enim
2477 4054 2600 4092 cum
2631 4039 2685 4093 in
2717 4041 2782 4095 iis
2808 4034 3134 4110 passibiiiter
3157 4050 3408 4114 tenearis,

1837 4128 2069 4183 delirare
2117 4145 2216 4184 nos
2259 4130 2455 4196 credis,
2510 4130 2554 4185 si
2605 4132 2744 4187 dona
2791 4131 3048 4200 libidinis,
3095 4153 3214 4207 quze
3258 4149 3412 4210 grata

1838 4221 2090 4276 omnibus
2125 4220 2376 4276 videntur
2401 4231 2454 4278 et
2479 4221 2738 4292 jucunda,
2768 4240 2959 4295 aspera
3009 4243 3314 4286 asseramus
3357 4240 3413 4287 et

1837 4327 2050 4378 amara;
2101 4311 2147 4367 si
2189 4328 2317 4369 vero
2347 4330 2442 4384 per
2485 4315 2908 4370 misericordiam
2951 4317 3044 4372 Dei
3073 4321 3299 4374 evadere
3341 4337 3410 4376 ex

1837 4401 2203 4471 hujuscemodi
2249 4404 2562 4474 aegritudine
2599 4405 2859 4475 quiveris,
2889 4415 3014 4464 tunc
3043 4411 3169 4479 quid
3211 4412 3410 4466 amari-

1763 4465 1812 4524 D
1841 4465 2040 4548 tudinis
2064 4535 2078 4560 ,
2113 4494 2218 4549 imo
2265 4465 2393 4550 vero
2432 4495 2560 4567 quid
2583 4465 2774 4551 veneni
2830 4465 3085 4555 habuerit
3129 4501 3294 4556 libido
3313 4502 3410 4557 de-

1839 4585 2138 4656 prelicndes

1910 4719 2037 4775 CAP.
2067 4717 2157 4773 XI.
2184 4719 2342 4773 —De
2366 4736 2470 4774 non
2497 4719 2759 4774 tardando
2792 4720 3019 4773 converti
3045 4720 3115 4774 ad
3148 4720 3334 4777 Deum.

1912 4851 2051 4924 Quid
2081 4850 2422 4906 differimus?
2463 4849 2592 4920 quid
2619 4849 2930 4904 moramur?
2956 4857 3010 4904 et
3034 4849 3210 4905 divina
3241 4851 3406 4924 largi-

1839 4944 1986 4998 tione
2013 4957 2119 4997 non
2163 4941 2402 4996 utimur?
2451 4941 2544 4995 Dei
2573 4941 2719 4995 enim
2751 4938 3037 4995 ineﬂ‘abilis
3063 4949 3118 4995 et
3145 4941 3405 4998 immensa

1840 5033 2053 5088 bonitas
2111 5017 2276 5086 etiam
2337 5032 2439 5086 hoc
2483 5031 2748 5101 providit,
2793 5038 2854 5084 ut
2898 5030 3138 5085 laborum
3189 5033 3405 5101 quidem

1841 5133 2052 5194 tempus
2073 5131 2128 5178 et
2141 5123 2328 5194 agouis
2353 5138 2460 5177 non
2486 5122 2822 5186 extenderet,
2846 5134 2914 5175 ne
2939 5120 3154 5192 longum
3179 5122 3405 5190 faceret,

1841 5227 1934 5271 aut
1967 5225 2247 5281 aeternum,
2281 5217 2376 5270 sed
2423 5216 2608 5279 breve,
2637 5223 2694 5269 et
2735 5221 2796 5267 ut
2823 5213 2898 5268 ita
2944 5213 3121 5269 dicam
3163 5230 3406 5271 momen-

1841 5316 1957 5362 tum
1989 5306 2257 5377 quoddam
2304 5306 2450 5360 bora:
2495 5305 2674 5369 unius,
2709 5304 2811 5359 hoc
2855 5304 2998 5358 enim
3042 5312 3130 5361 est
3167 5320 3409 5376 praesens

1844 5401 1960 5455 hzec
1987 5401 2117 5463 vita,
2149 5400 2194 5454 si
2224 5399 2290 5454 ad
2322 5399 2464 5453 illam
2491 5396 2800 5454 conferatur
2839 5405 3091 5452 aeternam
3117 5413 3133 5463 ;
3175 5399 3410 5467 providit

1841 5507 1970 5562 ergo
1997 5491 2208 5546 bonitas
2243 5491 2360 5555 Dei,
2383 5497 2441 5543 ut
2471 5489 2523 5542 in
2553 5489 2654 5543 hac
2681 5488 2828 5542 brevi
2848 5495 2902 5542 et
2921 5487 3110 5557 exigua
3140 5486 3251 5541 vita
3281 5502 3408 5556 ago-

1845 5600 1939 5640 nes
1967 5593 2151 5640 essent
2177 5596 2231 5639 et
2276 5583 2502 5647 labores,
2528 5581 2581 5636 in
2608 5581 2698 5635 illa
2736 5594 2865 5636 vero
2897 5593 3016 5648 quae
3058 5585 3258 5634 mterna
3300 5588 3406 5645 est,

1844 5691 2044 5734 corona
2088 5687 2142 5732 et
2184 5673 2403 5744 prtemia
2455 5672 2795 5736 meritorum,
2833 5679 2894 5725 ut
2935 5670 3148 5725 labores
3193 5670 3409 5740 quidem
