3956 6326
559 291 697 346 1519

1231 285 1290 340 Β.
1335 286 1584 340 ΒᾹΒΑΝΙ
1625 283 1840 338 MAUIU
1882 281 2194 337 AItCHIEP.
2235 278 2543 337 MOGUNT.
2583 281 2864 338 OPERUNI
2905 281 3084 338 PARS
3113 283 3200 338 III.

3671 282 3792 338 15ὶο

561 403 670 457 cito
710 400 1019 462 (inirentur,
1070 397 1386 450 meritorum
1433 411 1560 450 vero
1604 393 1824 465 pmmia
1872 392 1988 446 sine
2031 391 2136 445 fine
2163 397 2212 456 Α
2240 391 2356 444 duit
2382 391 2522 444 sicut
2550 389 2626 444 sol
2665 388 2880 460 (Matth.
2911 407 3040 454 xvn,
3076 392 3151 463 2),
3193 413 3210 444 ι
3243 394 3684 464 incorruptam
3713 410 3792 448 au-

557 497 856 557 durarent;
889 490 983 545 sed
1014 490 1116 544 hoc
1145 489 1285 543 sicut
1313 488 1548 542 laetiﬁcat
1577 501 1670 541 eos
1722 486 1811 554 qui
1843 499 1940 554 per
1984 483 2133 536 labo:

531 601 678 639 trum
709 583 1023 654 patientiam
1066 588 1419 644 coronantur,
1462 580 1536 633 ita
1567 577 1753 648 afﬂigit
1782 577 1901 631 illos
1929 583 1982 629 et
2011 590 2133 629 cru-

559 678 666 732 ciat
711 677 764 730 in
815 674 1020 738 futuro,
1047 673 1138 742 qui
1187 671 1369 724 vident
1409 685 1468 724 se
1515 685 1613 740 pro
1655 683 1822 738 parvo
1856 675 1912 722 et
1939 665 2134 734 exiguo

560 766 876 822 deliciarum
905 773 1145 833 tempore
1170 761 1467 831 perdidisse
1489 760 1707 829 quidem
1741 760 1878 813 bona
1907 764 2130 819 aeterna,

559 855 700 909 mala
744 869 875 909 vero
923 853 1180 923 quresisse
1223 861 1501 921 perpetua.
1554 848 1631 904 Ne
1661 863 1789 918 ergo
1831 847 1992 902 etiam
2037 860 2135 899 nos

560 945 619 999 in
666 945 829 999 istum
871 944 1149 997 veniamus
1183 942 1376 994 animas
1411 940 1710 995 cruciatum
1733 979 1748 1004 ,
1788 937 2131 1008 expergisca—

560 1050 682 1089 mus
703 1033 994 1108 aliquando
1023 1033 1148 1087 dum
1174 1043 1385 1101 tempus
1405 1031 1692 1095 habemus,
1723 1038 1778 1084 et.
1820 1044 1947 1083 ecce
1991 1043 2134 1083 nunc

562 1136 774 1194 tempus
801 1132 1104 1192 acceptum,
1132 1139 1275 1177 nunc
1303 1123 1420 1177 dies
1449 1122 1662 1185 salutis,
1688 1135 1831 1176 nunc
1859 1128 1941 1174 est
1967 1118 2135 1188 ι)ωηί-

562 1213 708 1268 tendi
727 1212 956 1266 facultas
984 1221 1040 1265 et
1063 1221 1298 1280 tempus,
1332 1226 1439 1280 quo
1468 1219 1525 1264 et
1550 1210 1756 1266 fructus
1786 1209 2134 1276 consequitur

559 1303 928 1374 pcenitentiae;
959 1317 1147 1356 verum
1174 1317 1281 1355 non
1313 1302 1428 1354 haec
1456 1301 1569 1355 sola
1611 1316 1730 1370 qua:
1757 1299 1991 1354 diximus
2019 1315 2134 1352 ma-

562 1405 692 1452 nent
714 1411 815 1450 nos
845 1395 1005 1459 mala,
1029 1408 1150 1462 quae
1177 1394 1229 1448 in
1247 1394 1504 1463 .gebenna
1531 1393 1873 1463 perferimus,
1899 1391 1943 1445 si
1969 1391 2134 1460 negli-

557 1501 750 1558 gamus
790 1487 953 1540 vitam
996 1494 1275 1551 nostram,
1326 1485 1420 1539 sed
1453 1493 1537 1539 est
1586 1483 1754 1538 multo
1806 1483 2007 1538 malunt
2049 1482 2134 1536 his

561 1577 796 1649 gravius,
811 1577 1025 1631 excludi
1050 1577 1193 1632 enim
1219 1592 1250 1630 a
1271 1577 1424 1632 bonis
1449 1576 1665 1630 aeternis
1684 1584 1740 1630 et
1761 1576 1995 1629 alienum
2023 1573 2134 1641 etii-

560 1671 610 1725 ci
633 1669 701 1723 ab
728 1669 813 1723 his
852 1684 972 1739 qua:
1001 1678 1303 1740 praeparata
1325 1677 1453 1722 sunt
1482 1669 1704 1733 sanctis,
1736 1675 1941 1720 tantum
1971 1682 2133 1736 gese—

2233 490 2340 534 tem
2394 475 2561 550 gloria
2609 495 2899 549 corporum
2945 493 3052 535 n0n
3099 483 3200 538 hoc
3255 491 3466 537 tantum
3517 484 3800 554 splendoris

2232 569 2464 632 emittet,
2493 577 2753 638 quantum
2802 584 2866 624 ex
2898 570 3003 624 ista
3032 572 3368 642 corruptibili
3402 571 3526 628 luce
3555 575 3801 644 procedit,

2233 673 2333 713 nec
2363 659 2523 712 talem
2550 659 2725 714 lucem
2751 659 2965 729 qualem
3001 677 3142 718 nunc
3169 665 3429 720 mortales
3460 666 3610 720 oculi
3638 682 3804 736 capue

2233 756 2477 816 possunt,
2504 749 2596 802 sed
2623 757 2802 803 tantus
2829 751 2935 805 erit
2962 751 3158 806 futurae
3179 752 3313 808 lucis
3340 754 3628 824 splendor,
3658 771 3806 824 quan-

2234 846 2346 891 tum
2377 853 2670 906 COI‘pOI‘CUS
2699 837 2842 894 ferre
2865 855 2969 894 non
2994 850 3168 910 potest
3196 852 3476 913 aspectus,
3502 858 3630 896 CIIII]
3655 853 3805 899 tamen

2234 926 2381 980 illum
2414 927 2595 981 tulerit
2623 927 2713 997 qui
2742 929 2794 982 in
2827 931 3025 985 montis
3053 931 3375 987 formatione
3407 931 3630 1004 [Forte,
3653 943 3808 990 trans-

2234 1013 2577 1090 fmmatione]
2602 1020 2950 1088 resplenduit;
2971 1021 3113 1076 unde
3133 1025 3448 1078 ostenditur
3469 1025 3605 1094 quia
3629 1034 3806 1079 tanta

2235 1110 2529 1164 revelatum
2561 1113 2650 1177 sit,
2680 1122 2939 1182 quantum
2969 1113 3110 1169 ferre
3137 1116 3280 1170 oculi
3315 1117 3646 1170 mortalium
3679 1129 3808 1188 pote-

2236 1208 2377 1264 rant,
2409 1216 2508 1253 nec
2532 1209 2709 1255 tamen
2742 1201 3108 1257 toleraverunt
3135 1221 3202 1258 ex
3232 1205 3472 1274 integro,
3511 1209 3614 1260 sed
3647 1226 3668 1258 ι
3696 1210 3809 1260 ceci-

2235 1289 2470 1356 derunt,
2520 1291 2732 1360 inquit,
2771 1292 2823 1345 in
2870 1291 3062 1347 faciem
3116 1309 3280 1363 super
3331 1304 3573 1349 terram.
3629 1317 3649 1348 ι
3695 1296 3808 1362 Quid

2234 1395 2385 1451 ergo,
2414 1381 2500 1434 dic
2538 1381 2688 1446 mihi,
2735 1383 2975 1436 onmium
3023 1384 3290 1438 bonorum
3322 1385 3531 1438 horum
3583 1397 3811 1455 expertes

2234 1473 2592 1540 nosmetipsos
2619 1471 2902 1538 faciemus,
2943 1483 2997 1528 et
3037 1473 3194 1539 alios,
3223 1475 3304 1528 uti
3348 1491 3426 1529 ne
3468 1489 3701 1545 parvum
3737 1478 3814 1530 ali-

2235 1579 2395 1634 quem
2425 1565 2780 1635 suscipiamus
2805 1565 3066 1632 laborem,
3097 1575 3153 1621 et
3188 1569 3391 1638 exiguo
3425 1569 3681 1638 tempore
3719 1569 3811 1622 libi-

2236 1655 2379 1709 dinis
2405 1654 2686 1708 illecebras
2717 1656 3047 1709 retutemus?
3096 1656 3154 1711 Si
3183 1657 3332 1712 enim
3373 1639 3634 1726 quotidie
3677 1675 3810 1729 opor-

560 1768 647 1813 rat
679 1759 998 1824 cruciatum,
1052 1768 1262 1812 tantum
1310 1758 1581 1823 dolorem,
1618 1765 1678 1812 ut
1724 1757 1936 1812 etiamsi
1990 1757 2134 1810 nulla
2165 1745 2212 1805 Β
2242 1760 2378 1806 teret
2427 1766 2526 1805 nos
2576 1758 2844 1805 tormenta
2895 1750 3159 1821 perferre,
3204 1751 3249 1805 si
3297 1751 3490 1822 ipsam
3543 1753 3812 1823 gehennam

505 1845 514 1863 '
555 1849 894 1904 extrinsecus
939 1862 1100 1916 paena
1151 1855 1465 1918 torqueret,
1514 1849 1630 1902 hac
1680 1847 1795 1902 sola
1843 1845 2134 1912 sulliceret,

558 1937 645 1991 illa
676 1953 833 2008 poena
871 1952 1060 1992 omnes
1085 1938 1344 2006 gehenna:
1373 1946 1590 2007 superat
1625 1938 1918 2004 cruciatus,
1947 1953 2137 1993 carere

557 2027 715 2083 bonis
742 2029 937 2098 quibus
965 2028 1017 2082 in
1043 2035 1307 2098 potestate
1335 2027 1540 2097 perfrui
1563 2028 1843 2082 habueris.

808 2137 938 2192 Car.
975 2136 1086 2192 XII.
1118 2168 1187 2178 —-
1212 2137 1292 2192 De
1325 2147 1467 2192 statu
1507 2138 1702 2207 fatum
1737 2139 1876 2192 vitas.

627 2249 923 2304 Considera
970 2249 1134 2314 enim,
1181 2264 1401 2318 quatso,
1445 2257 1646 2304 statum
1693 2249 1818 2303 vita:
1868 2249 2032 2314 illius,
2081 2251 2136 2304 in

558 2354 821 2416 quantum
847 2344 939 2398 tibi
963 2344 1305 2398 considerare
1333 2344 1587 2412 possibile
1612 2354 1716 2409 est,
1746 2354 1806 2399 ut
1832 2345 1978 2399 enim
2007 2361 2136 2400 vere

560 2442 668 2499 est,
692 2433 1149 2506 comprehendere
1176 2433 1354 2488 nullus
1375 2449 1556 2489 sermo
1580 2433 1829 2500 sufficiet,
1853 2435 1949 2489 sed
1971 2450 2140 2504 quan-

561 2535 674 2578 tum
705 2539 989 2594 possumus
1015 2539 1080 2578 ex
1110 2523 1196 2578 his
1225 2539 1344 2592 qua:
1367 2524 1594 2596 legimus
1643 2533 1698 2578 et
1723 2539 1821 2593 per
1847 2525 2136 2595 aenigmata

559 2615 852 2684 accipimus
879 2624 1092 2668 tenuem
1121 2615 1408 2682 quamdam
1435 2614 1744 2683 opinionem
1769 2613 1835 2668 de
1861 2631 1924 2670 ea
1955 2615 2138 2684 capia-

556 2721 678 2760 mus
715 2715 770 2760 et
800 2705 997 2760 dicitur
1027 2705 1093 2760 de
1121 2720 1185 2759 ea
1229 2706 1462 2774 quodam
1495 2706 1634 2771 loco,
1666 2707 1806 2776 quod
1844 2727 1862 2758 ε
1897 2707 2138 2778 aufugiet

558 2797 631 2852 ibi
662 2797 813 2853 dolor
843 2806 897 2852 et
918 2798 1138 2852 tristitia
1166 2807 1218 2852 et
1245 2800 1500 2869 gemitus,
1538 2820 1557 2852 ι
1593 2801 1724 2871 quid
1747 2801 1849 2854 hac
1874 2801 1985 2854 vita
2014 2803 2136 2855 bea-

555 2889 703 2944 tius?
735 2890 824 2943 ubi
853 2904 958 2943 non
991 2897 1073 2943 est
1097 2891 1435 2960 paupertatis
1464 2900 1656 2955 metus,
1706 2907 1815 2946 non
1846 2893 2134 2962 aegritudo,

556 2995 718 3036 nemo
767 2981 911 3035 lmdit
959 2981 1156 3050 injuste
1207 2989 1300 3034 aut
1348 2981 1598 3047 Iazditur,
1650 2997 1809 3036 nemo
1859 2983 2134 3048 irascitur,

557 3090 718 3128 nemo
765 3073 987 3144 invidet,
1039 3073 1184 3130 nulla
1235 3074 1501 3149 cupiditas
1547 3075 1875 3146 exardescit,
1930 3075 2134 3136 nullum
2164 3093 2206 3162 ρ

559 3173 665 3228 cibi
698 3173 1050 3237 desiderium,
1097 3173 1242 3226 nulla
1291 3174 1514 3228 honoris
1541 3173 1720 3243 pulsat
1747 3184 1800 3229 et
1849 3179 2137 3244 potestatis

558 3263 804 3327 ambitio,
845 3263 938 3315 sed
966 3263 1141 3315 omnis
1174 3261 1426 3316 vitiorum
1457 3261 1605 3317 labes
1633 3263 1876 3332 deposita
1926 3274 1981 3318 et
2023 3279 2138 3334 poe-

555 3354 702 3406 nitus
730 3353 997 3406 exstincta
1027 3361 1128 3415 est,
1160 3367 1264 3421 pax
1309 3360 1505 3407 cuncta
1548 3355 1791 3409 continet
1842 3365 1896 3409 et
1926 3355 2133 3423 laatitia,

557 3442 846 3511 tranquilla
875 3450 1000 3496 sunt
1039 3443 1219 3496 omnia
1248 3452 1303 3497 et
1347 3444 1547 3513 quieta,
1571 3444 1718 3517 jugis
1748 3447 2002 3517 splendor
2030 3465 2136 3504 non

559 3537 661 3592 iste
685 3537 778 3607 qui
814 3553 956 3590 nunc
998 3545 1101 3602 est,
1133 3537 1230 3592 sed
1277 3547 1426 3594 tanto
1457 3539 1804 3609 splendidior,
1838 3551 1986 3596 tanto
2027 3543 2137 3596 cla-

555 3627 668 3681 rior
711 3636 914 3696 quanto
945 3625 1276 3695 splendidior
1319 3637 1403 3683 est
1434 3629 1514 3684 sol
1558 3629 1776 3684 lucerna
1805 3647 1818 3696 ;
1849 3633 1995 3686 nulla
2026 3648 2134 3688 nox

554 3719 648 3784 ibi,
677 3718 839 3772 nulla:
877 3720 1131 3784 tenebrae,
1166 3719 1343 3774 nullus
1383 3721 1604 3775 nubium
1637 3725 1817 3788 turbo,
1861 3725 2002 3779 nulla
2035 3726 2131 3780 fri-

553 3811 718 3881 goris.
751 3807 894 3862 nulla
923 3809 1132 3863 ardoris
1156 3811 1444 3879 asperitas,
1475 3812 1567 3865 sed
1599 3811 1720 3866 talis
1750 3815 1996 3884 quaedam
2029 3817 2134 3869 erit

554 3916 734 3955 rerum
784 3899 1084 3968 temperies,
1116 3916 1276 3969 quam
1311 3901 1484 3956 scient
1513 3901 1585 3954 illi
1627 3902 1724 3956 soli
1756 3903 1846 3972 qui
1897 3918 1958 3957 ea
1986 3905 2130 3973 digni

553 3989 752 4044 fuerint
785 3989 1018 4058 perfrui:
1048 4005 1153 4044 non
1183 3999 1266 4045 est
1305 3999 1554 4046 senectus
1589 3992 1685 4056 ibi,
1713 4008 1811 4047 nec
1837 3995 2132 4050 senectutis

555 4082 791 4147 miseria,
820 4080 914 4135 sed
936 4095 1093 4135 omne
1115 4080 1372 4150 quidquid
1398 4082 1759 4152 corruptionis
1787 4092 1871 4138 est
1891 4086 2132 4140 exsolvat

555 4172 762 4245 [Forte,
821 4171 1076 4246 exsulat],
1119 4182 1174 4227 et
1223 4172 1391 4244 gloria
1459 4175 1878 4246 incorruptionis
1935 4186 2130 4232 cuncta

551 4265 874 4329 circumdat,
901 4281 1088 4319 verum
1122 4279 1283 4334 super
1305 4266 1420 4320 Iizec
1443 4270 1624 4321 omnia
1647 4277 1730 4324 est
1759 4269 1954 4323 sociari
1999 4285 2132 4324 con-

552 4355 738 4409 sortiis
784 4354 1096 4426 angelorum
1149 4366 1204 4410 et
1247 4356 1732 4428 archangelorum,
1783 4361 2133 4432 omniumque

553 4445 855 4500 caelestium
920 4461 1383 4516 supernarumque
1431 4447 1695 4503 virtutum
1761 4453 2129 4508 contuberniis
2160 4472 2208 4530 ι)

550 4535 776 4606 perfrui,
804 4536 945 4590 ultra
972 4552 1188 4592 omnem
1237 4553 1363 4592 vero
1383 4538 1526 4592 hanc
1554 4540 1861 4609 hujusmodi
1890 4553 1993 4608 est,
2021 4544 2131 4614 glo-

552 4627 689 4680 riam
740 4626 909 4696 ipsius
972 4626 1182 4680 Domini
1234 4628 1404 4682 nostri
1448 4626 1575 4682 Jesu
1625 4628 1826 4685 Christi
1875 4631 2130 4692 ineffabili

554 4717 778 4786 adipisci
824 4727 1113 4787 conspectu
1159 4729 1216 4772 et
1261 4719 1560 4790 majestatis
1606 4720 1720 4788 ejus
1781 4707 2128 4780 inenarrabili

553 4805 839 4874 splendore
867 4809 1088 4862 radiari.

693 4917 821 4974 CAP.
861 4920 1000 4974 XIII.
1031 4951 1100 4960 —
1126 4920 1204 4976 De
1232 4921 1506 4992 splendore
1539 4923 1722 4993 gloria:
1761 4923 1978 4979 Christi.

627 5031 979 5087 Conferamus
1001 5033 1187 5087 oculos
1205 5034 1270 5089 ad
1299 5043 1534 5090 montem
1560 5021 1708 5090 illum
1729 5035 1782 5090 in
1808 5053 1914 5106 quo
1949 5046 2126 5093 trans-

552 5124 816 5181 formatus
845 5135 930 5180 est
955 5127 1202 5180 Christus
1225 5136 1280 5181 et
1327 5128 1631 5183 intueamur
1676 5129 2016 5198 splendorem
2057 5131 2123 5186 il-

550 5218 662 5272 Ium
707 5233 814 5287 quo
861 5226 986 5272 tunc
1025 5218 1081 5272 in
1127 5218 1597 5273 transformatione
1646 5220 1993 5291 resplenduit,
2025 5238 2126 5278 nec

549 5311 629 5365 sic
655 5309 869 5380 quidem
898 5309 1235 5364 inveniemus
1265 5322 1514 5366 cunctam
1544 5313 1700 5367 nobis
1743 5311 1907 5367 futuri
1945 5315 2148 5380 seculi

549 5402 774 5472 gloriam
803 5402 1147 5471 patefactam,
1187 5403 1275 5458 illa
1303 5406 1444 5458 enim
1476 5406 1880 5461 transformatio
1913 5407 2124 5478 patefa-

551 5501 639 5549 cta
685 5503 787 5558 est,
815 5508 942 5556 non,
974 5493 1027 5546 in
1057 5504 1314 5548 quantum
1344 5497 1610 5551 bonorum
1645 5497 1948 5553 futurorum
1979 5501 2125 5554 veri-

553 5591 637 5637 tas
665 5583 845 5649 habet,
878 5583 971 5637 sed
997 5595 1256 5652 quantum
1287 5586 1430 5640 ferre
1453 5588 1592 5641 oculi
1626 5597 1875 5657 poterant
1905 5589 2124 5644 intuen-

553 5675 710 5738 tium,
741 5677 818 5732 sic
847 5677 989 5732 enim
1030 5685 1084 5731 et
1113 5676 1461 5748 Evangelinm
1490 5679 1635 5746 dicit,
1676 5700 1692 5730 ε
1731 5682 1854 5750 quia
1885 5683 2125 5753 resplen-

2239 1857 2408 1912 parvo
2439 1852 2678 1912 tempore
2719 1842 2972 1907 tolerare,
3001 1851 3061 1896 ut
3107 1841 3396 1898 Christum
3431 1843 3632 1898 videre
3675 1846 3812 1912 possi-

2238 1950 2360 1989 mus
2389 1935 2441 1988 in
2484 1933 2654 2005 gloria
2683 1934 2990 1990 venientem
3013 1944 3067 1990 et
3096 1947 3425 1990 sanctorum
3465 1935 3592 2005 ejus
3623 1954 3812 1991 numero

2238 2025 2458 2089 sociari,
2491 2041 2666 2079 nonne
2709 2035 2852 2079 esset
2893 2022 3056 2097 [erat]
3084 2025 3309 2094 dignum
3338 2026 3468 2096 pati
3501 2041 3666 2080 omne
3703 2029 3812 2096 quod

2239 2116 2396 2170 triste
2423 2127 2526 2180 est,
2561 2115 2720 2169 modo
2755 2123 2816 2169 ut
2848 2115 2980 2169 tanti
3009 2115 3134 2170 boni
3166 2124 3462 2185 tantarque
3492 2116 3682 2186 glori:
3723 2134 3812 2187 [nr-

2239 2205 2430 2276 ticipes
2464 2205 2824 2260 haberemur?
2861 2204 3000 2258 Audi
3046 2205 3174 2275 quid
3202 2205 3339 2260 dicit
3385 2207 3605 2261 beatus
3629 2207 3811 2262 Petrus;

2244 2317 2263 2352 ι
2293 2299 2498 2354 Bonum
2547 2307 2629 2352 est
2657 2313 2756 2352 nos
2796 2298 2885 2352 hic
2915 2312 3034 2352 esse
3080 2297 3299 2368 (Matth.
3341 2315 3500 2366 xvii,
3529 2300 3618 2369 ι),
3655 2321 3673 2350 ι
3709 2301 3814 2368 quod

2238 2390 2283 2444 si
2335 2389 2420 2442 ille
2474 2399 2689 2444 tenuem
2736 2389 3025 2458 quamdam
3075 2387 3276 2442 futura:
3326 2390 3540 2460 gloria:
3570 2392 3816 2461 imaginem

2239 2481 2428 2536 videns
2476 2481 2658 2536 omnia
2706 2481 2887 2536 subito
2932 2479 3160 2551 projecit
3210 2497 3280 2536 ex
3312 2483 3544 2546 animo,
3579 2484 3818 2538 dulcedine

2240 2558 2464 2626 visionis
2493 2585 2654 2640 quam
2682 2570 2959 2640 perspexit
2984 2571 3235 2637 innean,
3267 2575 3411 2642 quid
3448 2574 3606 2628 dicet
3639 2575 3818 2644 aliquis,

2239 2662 2284 2717 si
2319 2664 2492 2732 ipsam
2522 2677 2703 2716 rerum
2735 2660 2928 2717 faciem
2959 2672 3018 2717 ut
3047 2679 3106 2717 se
3152 2665 3321 2719 habet
3348 2667 3584 2721 veritas
3615 2679 3823 2721 contem-

2238 2753 2462 2823 pletur?
2494 2763 2621 2807 tunc
2651 2753 2881 2818 scilicet,
2910 2768 3033 2808 cum
3058 2754 3299 2809 caelestis
3329 2757 3468 2809 aula
3503 2760 3770 2826 pandetur
3783 2767 3824 2810 et

2241 2863 2420 2916 regem
2447 2845 2710 2902 eceli‘non
2751 2845 2863 2915 jam
2891 2862 2989 2918 per
3016 2848 3296 2917 speculum
3328 2859 3388 2904 et
3448 2852 3505 2904 in
3541 2853 3825 2920 :rnigrnetr,

2239 2938 2332 2992 sed
2359 2937 2496 2992 faeie
2522 2937 2590 2991 ad
2635 2936 2830 2991 faciem
2864 2936 3203 3017 revelaverit,
3234 2953 3345 2992 non
3405 2938 3527 3012 iam
3561 2956 3666 3018 pa:
3693 2943 3824 2996 ﬁdem

2241 3029 2330 3091 sed
2354 3043 2451 3105 per
2475 3029 2708 3106 speciem
2738 3035 3124 3090 contuendum.
3159 3036 3423 3092 Nonnulli
3467 3042 3825 3110 impentnmn

2240 3134 2432 3196 putant
2470 3125 2572 3180 sibi
2601 3125 2732 3180 satis
2759 3138 2879 3180 esse
2921 3134 2976 3180 et
3005 3126 3242 3196 optabile
3275 3128 3484 3193 videri,
3519 3131 3570 3184 si
3608 3131 3825 3199 gebenaa

2243 3215 2613 3269 tantummodo
2663 3223 2902 3282 careant,
2945 3231 3045 3286 ego
3091 3226 3273 3270 autem
3327 3218 3514 3273 multo
3569 3222 3824 3289 graiiores

2239 3323 2401 3378 quam
2456 3307 2716 3378 gehennae
2764 3308 2886 3362 dico
2933 3323 3054 3363 esse
3109 3309 3392 3363 cruciatus
3445 3313 3724 3365 removeri
3785 3323 3826 3362 et

2239 3399 2397 3468 abjici
2422 3401 2489 3454 ab
2510 3399 2600 3453 illa
2623 3399 2818 3468 gloria,
2845 3415 2942 3454 nec
2973 3410 3101 3470 puto
3130 3411 3238 3454 tam
3261 3401 3470 3456 acerba
3494 3418 3629 3457 esse
3648 3406 3824 3472 gehen-

2239 3506 2321 3544 na:
2369 3490 2653 3560 supplicia,
2684 3500 2742 3544 ut
2773 3499 2900 3546 sunt
2931 3491 3020 3545 illa
3067 3492 3262 3560 quibus
3324 3501 3638 3564 torquetur
3679 3497 3723 3549 is
3747 3496 3824 3562 qui

2237 3591 2454 3638 arcetur
2479 3598 2509 3636 a
2531 3584 2912 3652 conspectibus
2929 3581 3150 3649 Christi,
3179 3584 3304 3652 hoc,
3334 3587 3508 3642 crede
3541 3588 3698 3650 mihi,
3725 3603 3824 3656 p1-

2237 3675 2322 3729 nis
2346 3675 2598 3730 omnibus
2620 3676 2840 3745 gravius
2866 3683 2970 3730 est.

2236 3828 2362 3882 CAP.
2394 3826 2530 3883 XIV.
2562 3858 2630 3868 ——
2662 3827 2736 3881 De
2791 3829 3014 3883 adventu
3057 3829 3223 3900 futuri
3275 3829 3496 3887 Iudicis
3539 3837 3826 3889 (estiussus

2586 3901 2906 3968 prophetica,
2933 3911 2980 3954 et
3014 3911 3208 3954 terrore
3230 3900 3266 3954 .1
3273 3904 3465 3958 υάὶεὲἕ.

2307 4029 2458 4087 Ilunc
2489 4040 2670 4086 autem
2708 4048 2889 4103 regem
2917 4050 3077 4103 quem
3107 4035 3344 4091 diximus
3377 4054 3491 4093 non
3523 4049 3692 4110 putes
3711 4057 3828 4110 qua-

2235 4123 2413 4193 driges
2460 4123 2726 4177 mularum
2777 4133 2870 4178 aut
2911 4127 3161 4181 curribus
3207 4131 3398 4183 aureis
3451 4141 3700 4197 vectum,
3751 4133 3827 4186 vei

2233 4223 2484 4267 ornatum
2537 4228 2807 4283 purpura,
2857 4223 2951 4269 aut
2997 4231 3097 4286 per
3145 4217 3451 4274 terribilem
3499 4229 3828 4290 potantes:

2234 4305 2553 4360 diadematis
2583 4305 2894 4360 adfuturum
2927 4322 3047 4361 cum
3090 4309 3157 4363 ad
3191 4307 3568 4377 judicandum
3627 4315 3828 4367 venerit

2233 4398 2420 4451 orbem
2455 4407 2743 4451 terrarum.
2780 4398 2888 4452 Sed
2913 4397 3035 4454 audi
3062 4402 3335 4469 quomodo
3360 4419 3513 4458 nunc
3550 4407 3828 4476 prephetis

2235 4489 2605 4544 nuntiantibus
2633 4489 2941 4545 annuntiari
2968 4493 3217 4547 omnibus
3246 4491 3331 4547 fas
3360 4493 3498 4548 fecit
3555 4508 3622 4550 ut
3645 4499 3828 4566 pradi-

2231 4588 2386 4634 cetur
2407 4580 2523 4649 ejus
2552 4580 2842 4634 adventus:
2874 4581 2950 4635 ait
2977 4597 3107 4652 ergo
3135 4583 3352 4652 quidam
3373 4602 3448 4640 ex
3471 4587 3560 4642 eis
3583 4603 3602 4639 :
3647 4609 3666 4638 ι
3697 4589 3828 4643 Dens

2231 4671 2516 4727 manifeste
2559 4673 2754 4737 veniet,
2787 4673 2928 4728 Deus
2969 4687 3154 4728 noster
3179 4684 3232 4729 et
3278 4691 3388 4730 non
3445 4678 3670 4742 silebit,
3702 4679 3828 4749 iisiis

2230 4763 2284 4817 in
2321 4770 2612 4832 conspectu
2657 4763 2774 4834 ejus
2803 4762 3036 4828 ardebit,
3063 4772 3118 4817 et
3171 4764 3224 4818 in
3253 4767 3495 4820 circuitu
3525 4769 3662 4838 ejus
3709 4784 3826 4838 pra—

2229 4854 2363 4911 cella
2395 4854 2588 4920 valida,
2621 4863 2675 4908 et
2704 4854 2916 4908 vocabit
2942 4855 3140 4908 coelum
3167 4855 3232 4910 de
3254 4871 3482 4912 sursum
3510 4869 3574 4913 et
3609 4871 3822 4914 terra.

2227 4948 2536 5003 discernere
2579 4945 2833 5016 populum
2880 4962 3033 5001 suum
3066 4946 3237 5016 (Psal.
3284 4963 3456 5014 xux,
3504 4949 3592 5018 3).
3639 4973 3658 5003 ο
3691 4951 3828 5004 Alius

2227 5056 2380 5105 vero,
2411 5039 2504 5110 qui
2540 5047 2595 5093 et
2639 5053 2921 5108 pennarum
2955 5038 3110 5093 nobis
3152 5037 3362 5108 species
3393 5042 3618 5096 indicat
3651 5044 3826 5101 Isaias.

2228 5131 2352 5185 audi
2379 5129 2647 5199 quomodo
2679 5129 2841 5184 dicit:
2878 5149 2896 5178 ο
2916 5128 3055 5184 Ecce
3084 5129 3199 5184 dies
3227 5131 3447 5186 Domini
3474 5137 3673 5188 veniet
3697 5136 3830 5187 issa-

2231 5222 2448 5286 nabilis,
2477 5223 2591 5276 dies
2637 5221 2837 5276 furoris
2879 5229 2935 5274 et
2975 5222 3086 5285 irae,
3119 5233 3176 5274 ut
3206 5231 3373 5291 ponat
3417 5224 3624 5280 orbem
3681 5237 3834 5279 terr:

2229 5317 2502 5370 desertum
2550 5323 2603 5368 et
2647 5324 2961 5382 peccatores
3006 5316 3198 5383 perdat
3226 5331 3292 5368 ex
3339 5331 3430 5380 eo,
3465 5317 3654 5369 stellae
3695 5333 3832 5370 emat

2227 5405 2370 5468 cceli,
2402 5412 2458 5458 et
2495 5403 2658 5459 Orion
2707 5413 2763 5458 et
2792 5404 2968 5458 omnis
3011 5413 3238 5458 ornatus
3285 5403 3412 5460 coeli
3453 5407 3654 5460 lumen
3681 5419 3834 5458 satam

2227 5511 2334 5550 non
2366 5495 2530 5560 dabit,
2556 5503 2612 5548 et
2653 5493 3028 5550 obscurabitur
3071 5493 3151 5549 sol
3200 5496 3254 5550 in
3301 5505 3428 5550 ortu
3461 5513 3590 5560 suo,
3626 5511 3688 5550 et
3715 5497 3834 5548 tua:

2228 5604 2333 5641 non
2366 5586 2514 5642 dabit
2552 5586 2730 5640 lumen
2759 5603 2938 5654 suum,
2968 5596 3023 5642 et
3073 5587 3346 5642 mandabo
3385 5590 3668 5643 universo
3721 5587 3830 5640 orbi

2230 5679 2385 5746 mala,
2414 5691 2465 5734 et
2496 5679 2675 5749 impiis
2695 5689 2914 5748 peccata
2944 5695 3156 5744 eorum,
3181 5689 3234 5734 et
3271 5679 3498 5747 perdam
3531 5689 3828 5733 contume-
