3956 6326
125 289 254 346 I321

1313 289 1399 343 ne
1437 287 1624 366 nono
1661 288 1714 342 Pl

1819 278 2152 340 llTENTL‘E.
3222 273 3363 329 £532

129 405 256 459 liam
286 404 616 474 iniquorum,
643 415 699 462 et
731 406 980 477 injuriam
1005 403 1354 474 superborum
1379 401 1692 468 humiliabo,
1720 407 1770 466 Α
1796 411 1904 451 non
1931 391 2320 464 aspicientibus
2343 407 2463 462 quae
2493 391 2766 454 videntur,
2795 390 2889 444 sed
2915 403 3035 457 qua:
3059 403 3165 442 non
3189 386 3368 442 viden-

119 505 175 550 et
205 506 366 552 erunt
393 498 486 566 qui
515 496 687 552 relicti
718 497 916 553 fuerint
943 497 1289 568 pretiosiores
1317 495 1486 565 magis
1524 509 1686 562 quam

122 605 310 643 aurum
333 591 450 644 sine
477 590 617 660 igne,
644 601 699 645 et
719 591 880 646 homo
903 591 1192 661 pretiosior
1211 589 1318 644 erit
1335 589 1504 658 magis
1526 603 1688 657 quam

122 679 258 750 lapis
304 694 372 734 ex
415 681 656 751 saphiro,
687 681 888 737 coelum
934 681 1078 737 enim
1127 681 1425 750 quatietur,
1453 689 1514 741 .et
1545 689 1689 732 terra

122 769 426 823 movebitur
450 784 480 822 a
527 768 891 825 fundamentis
931 770 1046 825 suis
1075 777 1292 839 prepter
1320 768 1556 823 furorem
1598 769 1693 822 ira:

122 862 336 916 Domini
380 861 637 926 Sabaoth,
671 861 724 915 in
749 862 836 916 die
864 877 970 931 qua
1001 859 1370 931 supervenerit
1399 860 1548 913 furor
1575 857 1692 926 ejus

124 950 259 1022 (lea.
309 965 428 1014 xm,
467 950 543 1021 9).
582 968 600 1001 ι
649 949 716 1004 Et
757 951 951 1004 iterum
975 949 1107 1004 dicit
1145 967 1158 1003 :
1195 969 1212 1000 ι
1249 949 1522 1004 Fenestrte
1570 947 1692 1002 cteli

123 1043 430 1114 aperientur
453 1049 509 1097 et
533 1041 889 1096 movebuntur
912 1040 1258 1095 fundamenta
1281 1048 1459 1101 teme,
1483 1047 1694 1107 pertur-

123 1132 340 1188 batione
365 1130 770 1201 perturbabitur
800 1137 966 1194 terra,
1013 1137 1234 1197 stupore
1261 1126 1496 1196 stupebit
1525 1135 1692 1190 terra,

125 1221 471 1277 inclinatione
498 1219 848 1275 inclinabitur
865 1229 1005 1274 terra
1031 1228 1089 1275 et
1117 1219 1381 1274 inclinata
1409 1226 1514 1282 est,
1540 1232 1691 1272 com-

125 1315 360 1369 motione
404 1312 846 1376 commovebitur,
875 1311 1016 1367 sicut
1059 1311 1243 1367 ebrius
1271 1319 1328 1364 et
1359 1309 1693 1379 crapulatus,

125 1402 428 1458 excutietur
474 1400 614 1456 sicut
637 1415 922 1470 pomorum
949 1400 1212 1464 custodia,
1240 1407 1388 1452 terra
1433 1397 1613 1461 cadet,
1641 1405 1699 1452 et

127 1507 233 1548 non
271 1491 470 1562 poterit
495 1491 793 1560 insurgere,
826 1488 1051 1544 invaluit
1076 1489 1220 1544 enim
1251 1502 1415 1556 super
1441 1501 1564 1541 eam
1589 1485 1696 1539 ini-

126 1583 326 1654 quitas,
348 1591 403 1637 et
428 1581 644 1636 inducet
671 1581 812 1636 Deus
831 1595 994 1650 super
1017 1587 1268 1634 ornatum
1290 1577 1416 1632 coeli
1442 1578 1497 1631 in
1517 1577 1698 1632 excel-

127 1690 190 1730 so
217 1689 434 1729 manum
459 1688 614 1728 suam
635 1673 690 1726 in
717 1671 804 1726 die
833 1671 944 1736 illa,
969 1680 1026 1726 et
1063 1685 1224 1740 super
1251 1682 1415 1740 regna
1441 1677 1601 1723 teme
1643 1675 1698 1722 et

1791 496 1880 541 tur
1903 505 1916 540 :
1942 502 2062 556 quae
2082 485 2227 540 enim
2250 483 2516 547 videntur,
2535 482 2852 552 temporalia
2867 491 3020 544 sunt;
3044 495 3162 550 qua:
3183 487 3365 534 autem

1789 591 1896 631 non
1919 575 2192 638 videntur,
2222 581 2421 628 :eterna
2453 581 2579 626 sunt
2606 572 2666 639 (ll
2693 570 2815 626 Cor.
2849 586 2922 634 tv,
2950 571 3057 636 l7).
3087 591 3106 623 ι
3141 568 3292 636 Quod
3321 571 3387 626 si

1792 664 2171 719 tribulationes
2198 663 2344 718 leves
2369 663 2605 732 appellat
2631 661 2829 716 Paulus
2858 669 2914 716 et
2937 661 3146 724 faciles,
3179 676 3280 732 pro
3301 675 3372 716 eo
3459 729 3462 732 ἢ

1791 755 1934 825 quod
1964 769 2072 808 non
2095 754 2161 808 ad
2192 754 2310 807 hate
2334 768 2455 823 qua:
2481 753 2753 817 videntur,
2780 752 2874 806 sed
2901 751 2970 805 ad
2997 752 3084 805 illa
3111 767 3230 821 quae
3258 767 3367 806 non

1790 849 2042 903 videntur
2069 847 2416 916 aspiciamus,
2449 855 2651 917 quanto
2688 846 2856 916 magis
2884 845 3001 899 leve
3049 845 3144 899 tibi
3171 846 3278 900 erit
3311 855 3370 900 et

1792 937 1952 992 facile
1999 936 2245 991 desinere
2275 936 2344 990 ab
2383 935 2731 1006 impudicitiae
2781 933 3112 1004 ponderibus
3157 935 3317 990 l'tedis
3344 933 3370 986 ?

1792 1028 1978 1099 Neque
2019 1028 2164 1083 enim
2193 1041 2336 1081 nunc
2361 1035 2413 1080 te
2439 1026 2508 1080 ad
2535 1025 2657 1080 illos
2686 1023 2900 1078 labores
2949 1024 3239 1078 invitemus
3277 1032 3372 1078 aut

1792 1120 2049 1191 pericula,
2080 1129 2173 1173 aut
2198 1118 2264 1172 ad
2301 1118 2418 1173 illas
2457 1117 2847 1181 tribulationes,
2877 1125 2971 1170 aut
3006 1117 3074 1170 ad
3099 1117 3372 1186 quotidia-

1791 1227 1891 1267 nas
1919 1219 2140 1276 mortes,
2172 1225 2306 1280 quas
2335 1208 2562 1280 apostoli
2607 1207 2972 1278 perferebant,
3009 1207 3095 1262 vel
3148 1208 3214 1263 ad
3242 1223 3370 1277 per-

1792 1301 2098 1358 secutiones
2149 1300 2307 1366 illas,
2365 1309 2460 1354 aut
2503 1299 2772 1364 verbera,
2817 1306 2910 1352 aut
2966 1297 3218 1363 vincula,
3275 1308 3370 1352 aut

1793 1408 2060 1456 carceres,
2084 1402 2178 1447 aut
2203 1392 2271 1447 ad
2311 1392 2476 1446 totius
2503 1391 2688 1446 mundi
2710 1391 3004 1455 theatrum,
3028 1398 3120 1443 aut
3151 1388 3371 1454 famem,

1796 1491 1891 1538 aut
1931 1482 2265 1548 nuditatem,
2313 1491 2408 1536 aut
2451 1482 2663 1553 vigilias
2708 1481 2940 1546 multas,
2991 1489 3085 1534 aut
3130 1481 3369 1550 pericula

1795 1572 2072 1637 itinerum,
2108 1571 2388 1643 naufragia
2431 1572 2621 1637 maris,
2666 1572 2907 1642 pericula
2957 1571 3250 1635 latronum,
3280 1585 3374 1640 pe-

1797 1661 1966 1716 ricula
2012 1678 2080 1716 ex
2120 1677 2338 1732 genere,
2389 1661 2627 1732 pericula
2679 1678 2748 1716 ex
2779 1662 2931 1716 falsis
2970 1660 3253 1726 fratribus,
3283 1670 3367 1715 at-

129 1765 596 1837 congregationem
623 1761 740 1831 ejus
775 1771 939 1832 ponet
978 1761 1033 1815 in
1060 1759 1311 1826 vinculis,
1341 1769 1398 1815 et
1421 1758 1706 1814 concludet
1732 1757 1780 1816 B
1809 1765 1913 1819 que
1942 1749 2034 1804 illa
2064 1751 2243 1806 omnia
2295 1767 2416 1821 qua:
2448 1751 2674 1820 apostoli
2705 1765 2906 1821 agones
2941 1750 3240 1814 desudanl;
3283 1751 3368 1804 ni-

127 1869 248 1910 eam
263 1855 318 1908 in
346 1853 524 1908 locum
548 1852 816 1908 munitum
845 1851 982 1923 (Isa.
1016 1865 1166 1915 xxiv,
1202 1849 1313 1920 18).
1353 1867 1372 1901 ι
1405 1847 1541 1903 Cum
1569 1862 1700 1918 ergo

128 1949 247 2003 hzec
272 1946 358 2017 agi
379 1945 665 2016 coeperint,
696 1944 998 2014 pandentur
1021 1943 1138 1998 sine
1167 1941 1329 1997 dubio
1357 1941 1481 1997 cteli
1509 1950 1700 2012 portte,

129 2041 240 2094 imo
289 2037 470 2108 potius
521 2036 696 2105 ipsum
743 2034 938 2090 ctelum
991 2032 1266 2088 auferetur
1311 2031 1544 2088 emedio
1585 2041 1704 2085 tan-

127 2145 290 2200 quam
342 2129 387 2184 si
433 2127 768 2182 tabernaculi
817 2126 1046 2196 alicujus
1103 2126 1347 2181 velamen
1413 2124 1700 2196 colligitur,

127 2220 337 2277 scilicet
381 2227 442 2273 ut
487 2227 767 2288 reparetur
811 2225 868 2272 et
931 2216 1347 2272 transformetur
1390 2215 1445 2269 in
1479 2215 1701 2278 melius;

129 2320 261 2364 tunc
299 2324 429 2379 ergo
477 2308 659 2362 omnia
701 2316 877 2364 metus
920 2307 1159 2372 habebit,
1188 2307 1350 2361 timor
1391 2321 1454 2361 ac
1501 2316 1706 2360 tremor

129 2401 376 2472 implebit
403 2400 684 2464 universa;
722 2408 851 2454 tunc
881 2400 1047 2454 etiam
1071 2399 1220 2469 ipsos
1267 2398 1487 2468 angelos
1518 2397 1705 2453 formi-

127 2492 254 2546 dine
264 2490 559 2560 quassabit,
572 2497 627 2544 et
641 2505 747 2545 non
773 2489 946 2544 solum
967 2489 1208 2558 angelos,
1225 2489 1316 2544 sed
1332 2496 1388 2543 et
1409 2489 1629 2543 thronos
1650 2496 1708 2543 et

128 2580 530 2636 dominationes
560 2588 615 2634 et
641 2579 974 2650 principatus
1000 2587 1055 2634 et
1082 2587 1378 2649 potestates
1405 2577 1555 2644 cteli',
1601 2580 1706 2632 hoc

128 2669 280 2725 enim
322 2669 594 2724 indicatur
621 2669 678 2723 in
705 2682 769 2722 eo
797 2669 942 2738 quod
973 2669 1139 2724 dicit:
1177 2687 1195 2720 ι
1229 2669 1298 2723 Et
1326 2669 1554 2723 virtutes
1578 2667 1706 2723 caeli

129 2761 633 2826 commovebuntur,
662 2760 908 2815 conservi
927 2760 1073 2815 enim
1098 2768 1224 2815 sunt
1245 2774 1434 2815 eorum
1461 2759 1552 2828 qui
1571 2759 1709 2829 judi-

131 2851 295 2906 candi
344 2859 491 2916 sunt,
537 2860 592 2904 et
633 2850 759 2905 vitae
794 2850 956 2921 hujus
995 2850 1220 2920 posituri
1250 2849 1538 2904 rationem.
1573 2867 1594 2900 ι
1628 2847 1708 2902 Tu

130 2929 267 3000 vero
290 2945 427 3000 adde
455 2944 523 2998 ad
547 2943 660 2998 haec
683 2943 864 2998 omnia
892 2944 1057 2998 etiam
1082 2943 1466 3013 suppliciorum
1498 2941 1711 2997 dolores

131 3047 192 3092 et
238 3051 348 3090 non
377 3033 550 3090 solum
599 3033 992 3099 confusionem,
1030 3048 1205 3103 neque
1229 3033 1399 3089 solius
1431 3033 1711 3088 dedecoris

1801 1841 1878 1896 hil
1928 1841 2121 1896 horum
2157 1857 2302 1897 nunc
2347 1850 2461 1897 ate
2505 1842 2797 1912 poscimus,
2843 1840 2939 1896 sed
2983 1841 3113 1896 illud
3162 1835 3410 1894 tantum?

1802 1947 2078 2002 rogamus,
2108 1939 2191 1997 ut,
2223 1932 2534 2001 turpissima
2563 1932 2666 1986 hac
2690 1931 2950 1986 servitute
2981 1930 3258 1996 derelicta,
3303 1932 3374 1985 ad

1800 2025 2038 2094 priorem
2070 2023 2257 2077 redeas
2281 2022 2604 2087 libertatem,
2637 2022 2989 2077 considerans
3015 2037 3229 2092 poenam
3257 2036 3379 2092 qua:

1803 2113 2148 2182 subsequitur
2195 2111 2466 2166 luxuriam
2493 2153 2509 2178 ,
2552 2121 2607 2167 et
2650 2111 2876 2183 gloriam
2925 2126 3045 2181 qua:
3091 2111 3382 2164 virtutibus

1803 2201 2036 2270 reposita
2090 2208 2196 2254 est.
2249 2198 2384 2254 Nam
2437 2199 2483 2254 si
2535 2199 2754 2270 quidem
2799 2199 2891 2269 qui
2926 2200 3378 2254 resurrectionem

1802 2292 2038 2348 futuram
2068 2305 2175 2346 non
2219 2291 2468 2356 credunt,
2501 2291 2547 2346 si
2577 2293 2746 2346 vitam
2790 2307 2942 2346 suam
2990 2291 3283 2362 negligunt,
3328 2301 3384 2346 et

1802 2382 2008 2440 nullum
2058 2380 2224 2435 futuri
2273 2381 2464 2451 judicii
2516 2383 2830 2452 concipiunt
2883 2393 3086 2437 metum
3115 2425 3130 2448 ,
3176 2383 3378 2438 nullam

1803 2471 2272 2543 compunctionem
2301 2471 2482 2527 cordis
2508 2474 2590 2527 sui
2618 2473 2838 2538 habent,
2870 2473 3006 2528 nihil
3034 2473 3232 2528 mirum
3263 2483 3382 2537 est;

1804 2579 1906 2618 nos
1933 2579 2079 2628 vero,
2111 2563 2203 2631 qui
2235 2563 2402 2617 multo
2438 2563 2639 2618 certius
2687 2565 2962 2619 intuemur
3005 2564 3186 2620 futura
3218 2581 3383 2635 quam

1803 2656 2116 2724 praesentia,
2145 2661 2201 2707 et
2239 2662 2348 2706 tam
2374 2651 2666 2708 infeliciter
2694 2669 2857 2725 agere
2883 2663 2939 2709 et
2973 2663 3082 2709 tam
3111 2657 3306 2710 misere
3334 2663 3392 2711 et

1807 2742 2012 2797 nullam
2037 2742 2469 2797 recordationem
2495 2757 2689 2813 capere
2705 2743 2915 2812 judicii,
2939 2745 3033 2798 sed
3061 2745 3116 2798 in
3139 2745 3390 2798 ultimutn

1809 2831 2061 2887 decidere
2100 2839 2494 2902 contemptum,
2525 2842 2781 2887 extremze
2820 2833 3107 2889 dementia:
3153 2843 3255 2898 est,
3289 2849 3393 2889 nec

1811 2933 1990 2995 potest
2022 2924 2226 2994 aliquid
2267 2925 2394 2978 huic
2424 2924 2567 2979 malo
2598 2923 2858 2990 conferri,
2889 2925 2936 2980 si
2963 2925 3248 2980 credentes
3279 2941 3391 2980 non

1813 3019 2156 3074 credentibus
2187 3018 2394 3073 similes
2423 3018 2591 3074 simus
2616 3033 2632 3071 :
2657 3019 2900 3088 quinimo
2928 3019 2982 3073 in
3005 3019 3108 3074 illis
3132 3035 3240 3074 non
3265 3035 3398 3090 pau-

135 3136 346 3192 nmam,
372 3127 466 3182 sed
496 3136 552 3185 ει
575 3125 720 3181 illam
746 3140 884 3196 pone
912 3135 1038 3181 ante
1059 3101 1245 3182 οςξυιοε
1274 3125 1438 3190 viam,
1466 3140 1571 3194 qua
1600 3133 1714 3180 ιιιει-
1742 3101 1787 3164 C
1817 3112 1866 3166 ci
1916 3111 2117 3182 reperti
2169 3119 2316 3177 sunt,
2346 3111 2440 3181 qui
2471 3112 2526 3166 in
2575 3111 2677 3166 hac
2701 3112 2814 3166 vita
2855 3111 3053 3167 anima:
3099 3112 3394 3167 virtutibus

137 3221 346 3275 buntur
377 3211 622 3274 Homines
649 3219 716 3274 ad
745 3219 944 3288 ignem,
973 3228 1030 3274 et
1054 3235 1160 3290 qua
1184 3220 1471 3274 trahuntur
1493 3218 1560 3273 ad
1603 3232 1718 3287 pte-

137 3326 274 3376 nas;
301 3312 477 3382 cegita
502 3325 672 3366 saevos
703 3309 822 3365 illos
847 3318 902 3365 et
928 3309 1227 3366 horrendos
1245 3324 1529 3379 pinnarum
1559 3309 1720 3364 mini-

137 3409 307 3466 stros,
335 3401 426 3471 qui
471 3409 783 3472 peccatores
811 3401 1152 3470 praecipitant
1195 3401 1264 3455 ad
1291 3399 1636 3470 supplicium.
1664 3408 1720 3454 et

139 3495 247 3549 hoc
297 3508 363 3548 eo
391 3501 632 3562 tempore
665 3508 773 3561 quo
811 3492 903 3547 alii
927 3492 1021 3562 qui
1053 3495 1192 3548 bene
1219 3501 1445 3562 egerunt
1473 3508 1503 3546 a
1533 3492 1722 3547 claris-

137 3585 300 3642 sunis
338 3584 544 3654 angelis
571 3592 626 3638 et
664 3582 1041 3653 placidissimis
1068 3584 1366 3652 supportati
1408 3593 1534 3638 ante
1581 3584 1724 3651 regis

136 3675 338 3730 ειενηί
369 3674 816 3740 εοΙῙυιιιβυὺιὶωθ
840 3674 1056 3728 coronis
1083 3673 1267 3744 gloriae
1308 3681 1362 3726 et
1406 3673 1726 3728 immortali-

136 3767 249 3820 bus
293 3763 530 3835 pnemiis
578 3771 950 3828 munerantur,
981 3770 1035 3817 et
1077 3764 1193 3818 haec
1236 3763 1453 3832 quidem
1503 3764 1726 3832 propria

134 3861 309 3910 erunt
337 3854 446 3909 diei
473 3853 615 3909 illius
639 3861 695 3908 et
731 3853 920 3924 judieii
951 3853 1230 3922 temporis.

138 4007 281 4062 CAP.
328 4005 446 4062 XV.
475 4037 544 4046 -——
575 4005 648 4060 De
674 4006 870 4076 factum
897 4005 1011 4061 vitae
1043 4004 1249 4067 latitia,
1280 4017 1327 4060 et
1356 4008 1494 4075 quod
1528 4025 1630 4062 non
1664 4010 1729 4062 sit

433 4077 480 4132 ei
509 4077 863 4147 comparanda
889 4093 1118 4147 praesens
1153 4077 1442 4132 tribulatio.

222 4203 356 4271 Quae
407 4217 537 4257 vero
589 4202 830 4272 posthaec
899 4203 1300 4273 subsequentur
1369 4203 1492 4272 quis
1555 4217 1733 4258 sermo

142 4295 356 4366 poterit
385 4294 698 4363 explicare?
743 4309 862 4363 qua:
908 4295 1015 4348 erit
1057 4295 1326 4365 voluptas,
1359 4310 1479 4364 qua:
1523 4295 1732 4360 ltetitia,

143 4403 277 4443 csse
296 4403 418 4442 cum
438 4387 674 4452 Christo,
701 4387 793 4442 ubi
817 4388 994 4442 anima
1021 4387 1086 4441 ad
1110 4388 1382 4457 propriam
1405 4388 1738 4456 generosita-

1820 3201 2134 3257 floruerunt.
2164 3201 2233 3256 Et
2253 3216 2374 3272 quae
2398 3201 2552 3256 nobis
2577 3202 2683 3256 erit
2704 3202 3023 3279 excusatio,
3039 3201 3168 3270 quid
3193 3201 3393 3264 solatii,

1820 3292 1955 3347 siin
1986 3292 2072 3348 die
2112 3290 2302 3360 judicii
2334 3291 2420 3346 isti
2474 3292 2632 3347 nobis
2677 3291 3044 3361 producantur
3091 3291 3160 3345 ad
3209 3306 3396 3348 exent-

1819 3382 1986 3452 plum,
2017 3398 2141 3437 cum
2171 3391 2432 3453 pratterea
2475 3382 2719 3440 videmus
2767 3383 3056 3438 nonnullos
3101 3385 3399 3454 negotiato-

1822 3488 1944 3527 rum
1987 3473 2242 3528 incidisse
2287 3471 2590 3544 naufra’gia,
2638 3485 2693 3530 et
2736 3475 3048 3530 universam
3093 3475 3397 3545 perdidisse

1825 3565 2209 3630 substantiam,
2239 3580 2340 3619 nec
2394 3575 2573 3620 tamen
2607 3581 2708 3635 pro
2743 3565 2846 3622 hoc
2892 3565 3128 3635 dejectos
3177 3583 3318 3632 esse,
3347 3577 3404 3621 ct

1827 3655 2113 3720 resedisse,
2139 3655 2232 3710 sed
2262 3671 2449 3710 rursus
2475 3672 2760 3726 aggressos
2801 3659 3044 3713 eamdem
3072 3658 3211 3712 viam
3243 3667 3405 3727 atque

1827 3745 2016 3800 eadem
2060 3746 2321 3800 exercitia
2374 3761 2678 3815 reparasse,
2709 3755 2764 3802 et
2815 3747 2890 3801 illi
2941 3747 3158 3817 quidem
3211 3748 3408 3803 damna

1828 3835 1946 3890 luec
1975 3850 2083 3890 non
2107 3834 2314 3889 desidia
2345 3837 2536 3902 animi,
2566 3838 2661 3891 sed
2689 3847 2972 3892 ventorum
3005 3837 3256 3892 violentia
3285 3854 3407 3908 per-

1835 3925 2090 3980 tulerunt.
2122 3925 2230 3980 Nos
2256 3927 2349 3995 qui
2370 3928 2505 3982 certi
2529 3943 2713 3982 sumus
2738 3927 2805 3982 de
2830 3928 2935 3983 fine
2951 3943 3129 3984 rerum
3153 3939 3209 3983 et
3236 3931 3411 3983 mani-

1833 4017 1971 4070 feste
2022 4017 2270 4070 novimus
2309 4017 2453 4086 quia,
2502 4018 2546 4072 si
2597 4018 2861 4084 volumus,
2910 4033 3086 4088 neque
3122 4018 3404 4090 naufragia

1835 4108 2048 4173 animae,
2081 4123 2256 4177 neque
2277 4109 2472 4163 damna
2499 4110 2794 4180 poterimus
2813 4111 3109 4176 incurrere,
3139 4111 3408 4180 quomodo

1836 4212 1942 4252 non
1957 4197 2247 4266 arripimus
2264 4199 2440 4254 denuo
2460 4201 2642 4270 priora
2669 4201 2945 4267 exercitia,
2971 4210 3027 4256 et
3053 4203 3264 4273 negotia
3289 4219 3411 4272 qua:

1838 4289 2170 4358 negligenter
2238 4291 2516 4346 amisimus
2571 4305 2881 4362 reparamus
2912 4293 2937 4345 ἲ
2984 4295 3078 4347 sed
3116 4291 3415 4361 jacehimus

1839 4383 2077 4452 resupini
2101 4392 2155 4438 et
2182 4384 2394 4440 desides
2416 4395 2472 4441 et
2489 4401 2681 4441 manus
2709 4387 2911 4442 otiosas
2938 4385 3325 4457 applicabimus
3346 4390 3416 4443 ad

147 4490 270 4535 tem
307 4493 552 4548 regressa
580 4493 702 4532 cum
725 4477 916 4532 fiducia
939 4477 1056 4548 jam
1089 4477 1314 4548 cmperit
1335 4477 1517 4533 videre
1549 4477 1736 4532 Domi-
1763 4470 1815 4529 D
1841 4484 2049 4544 pectus,
2073 4487 2128 4531 et
2152 4478 2358 4532 utinam
2395 4478 2596 4534 otiosas
2623 4487 2676 4532 et
2702 4494 2809 4533 non
2852 4487 3138 4549 oper-antes
3158 4480 3209 4532 in
3233 4480 3416 4548 perni-

149 4583 292 4622 num
315 4567 508 4621 suum?
529 4567 802 4636 Explicari
824 4583 928 4622 non
948 4577 1124 4638 potest
1147 4568 1291 4622 illius
1312 4567 1512 4622 lzetitiaa
1534 4569 1738 4638 magni-

147 4658 314 4722 tudo,
346 4673 452 4712 non
497 4657 642 4711 enim
671 4658 843 4712 solum
874 4673 972 4728 pro
1012 4659 1098 4712 his
1121 4659 1352 4713 exsultat
1380 4658 1575 4728 quibus
1609 4674 1737 4728 pcr-

148 4747 363 4802 fruitur
393 4748 444 4801 in
472 4747 746 4818 praesenti,
775 4745 870 4801 sed
900 4746 1068 4800 multo
1097 4748 1272 4817 magis
1295 4762 1394 4816 pro
1426 4762 1491 4801 eo
1519 4747 1736 4817 gaudet,

153 4836 310 4906 quod
357 4837 622 4892 bonorum
657 4851 879 4892 suorum
923 4837 1025 4890 scit
1051 4835 1252 4890 nullum
1283 4836 1445 4890 finem
1476 4836 1736 4891 futurum.

153 4928 361 4994 Quzeso
385 4941 514 4995 ergo
561 4933 631 4990 te,
661 4941 730 4979 ne
770 4933 1178 4979 contemnamus
1209 4933 1412 4977 tantam
1453 4917 1743 4978 beatitudi-

153 5031 313 5081 nem,
353 5031 528 5085 neque
551 5016 884 5086 negligamus
904 5015 1202 5085 pretiosum
1225 5015 1369 5070 hunc
1402 5016 1740 5081 thesaurum,

84 5119 88 5124 ·
153 5089 425 5176 ᾳυῖἰηιτα
468 5119 568 5158 nos
595 5112 698 5169 est,
729 5105 962 5158 maxime
984 5120 1106 5158 cum
1140 5104 1314 5158 facilis
1337 5105 1492 5159 nobis
1539 5105 1743 5160 reditus

153 5209 286 5249 esse
322 5195 490 5264 possit
512 5203 566 5249 et
606 5209 774 5265 parvo
805 5195 987 5250 labore
1029 5197 1274 5264 reparari
1312 5196 1507 5250 animm
1543 5196 1738 5262 decus;

159 5286 260 5340 ubi
290 5287 434 5340 enim
461 5301 612 5355 spem
659 5286 962 5340 futurorum
1001 5289 1338 5356 conceperis,
1370 5290 1550 5342 statim
1605 5291 1742 5344 redit

157 5383 352 5437 anima
399 5381 468 5436 ad
505 5381 959 5452 pulchritudinem
992 5397 1188 5446 suam;
1229 5381 1306 5434 ait
1353 5381 1498 5436 enim
1541 5382 1742 5438 Paulus

157 5472 480 5542 apostolus:
538 5491 554 5523 ‹
594 5471 724 5526 Nam
751 5471 894 5541 quod
926 5471 979 5524 in
1017 5471 1271 5540 praesenti
1311 5479 1417 5534 est,
1445 5481 1745 5526 momenta-

157 5578 333 5620 neum
381 5575 437 5617 ct
489 5563 607 5618 leve
663 5561 1028 5616 tribulationis
1071 5569 1290 5625 nostrae,
1319 5576 1480 5630 supra
1526 5563 1742 5615 modum

159 5657 496 5712 immensum
523 5665 740 5711 (eterna:
767 5653 979 5725 pondus
1001 5650 1186 5721 gloria:
1214 5661 1469 5721 operatur
1497 5653 1551 5706 in
1589 5653 1743 5707 nobis

532 5748 809 5809 Parnon.
850 5744 1047 5807 CXII.

1843 4568 1986 4626 ciem
2027 4577 2287 4633 nostram,
2313 4568 2456 4638 quod
2499 4577 2584 4623 est
2609 4569 2793 4637 utique
2841 4568 3142 4624 evidentius
3170 4569 3413 4636 insaniae,

1845 4662 1990 4718 velut
2029 4660 2074 4713 si
2101 4659 2222 4728 quis
2246 4658 2397 4712 verbi
2425 4659 2597 4727 gratia
2637 4658 2860 4712 istorum
2887 4658 3200 4714 adversario
3231 4657 3415 4731 [Forte

1845 4748 2163 4821 adversarii]
2187 4749 2240 4802 in
2265 4764 2423 4802 suum
2449 4757 2612 4818 caput
2639 4764 2830 4802 manus
2857 4758 3154 4814 convertat,
3185 4760 3238 4805 et
3260 4766 3415 4804 suam

1846 4845 2112 4900 cervicem
2169 4841 2422 4904 medens,
2465 4839 2663 4909 repulit
2708 4857 2806 4895 nos
2853 4841 3096 4896 diabolus
3139 4851 3195 4896 et
3238 4843 3412 4910 elisit;

1846 4941 2060 5004 oportet
2101 4932 2282 4999 itaque
2329 4943 2649 5000 resurgere,
2693 4939 2748 4984 et
2799 4946 2985 4986 rursus
3035 4940 3179 4987 stare
3228 4942 3419 4988 contra

1846 5040 1993 5088 eum,
2021 5037 2147 5077 nam
2175 5021 2218 5076 si
2269 5020 2435 5074 semel
2481 5020 2723 5089 dejcctus
2767 5036 2874 5075 non
2904 5022 3076 5076 solum
3119 5039 3224 5078 non
3274 5025 3356 5079 vis
3386 5041 3418 5079 a

1850 5125 1995 5169 terra
2016 5125 2322 5182 resurgere,
2353 5110 2446 5164 sed
2471 5119 2527 5164 et
2562 5110 2789 5180 teipsum
2813 5114 3109 5183 praecipitio
3137 5118 3286 5181 dare,
3315 5118 3418 5172 hoc

1846 5213 1930 5260 est
1948 5203 2154 5274 juvisse
2176 5201 2486 5256 adversario
2512 5211 2568 5257 et
2597 5204 2838 5272 partibus
2869 5205 2987 5275 ejus
3025 5205 3240 5262 favisse.

1916 5337 2045 5393 Car.
2071 5336 2209 5393 XVI.
2237 5369 2306 5378 —
2330 5337 2407 5392 De
2447 5338 2598 5408 lapsu
2637 5337 2805 5394 David
2842 5350 2890 5394 et
2931 5343 3231 5410 pmnitentia
3278 5359 3416 5412 ejus.

1918 5468 2052 5523 Nam
2083 5475 2138 5521 et
2175 5469 2366 5523 beatus
2401 5469 2683 5548 David,jde
2708 5485 2814 5541 quo
2865 5471 3044 5540 aliqua
3094 5470 3205 5540 jam
3254 5490 3417 5540 supra

1847 5562 2412 5627 commctnoravimtfs,
2465 5563 2662 5618 cecidit
2699 5564 2837 5619 forte
2889 5565 3079 5618 eodem
3125 5580 3254 5618 casu
3313 5580 3421 5632 quo

1848 5662 1903 5709 et
1931 5664 1987 5708 tu
2015 5664 2180 5719 nunc,
2219 5660 2276 5712 et
2311 5669 2420 5709 non
2455 5653 2628 5710 solum
2666 5657 2789 5722 hoc,
2826 5656 2920 5711 scd
2960 5665 3016 5708 et
3044 5654 3186 5710 aliud
3217 5656 3422 5711 addidit

2910 5747 2988 5807 5:2
