3956 6326
531 301 674 356 13ἐὸ

527 504 752 571 quidem
791 519 912 580 post
945 512 1056 564 haec
1088 511 1325 580 nunquid
1351 511 1647 579 permansit
1683 511 1905 581 jacens?
1931 527 2108 566 nonne

521 604 855 668 resurrexit,
891 611 949 658 et
974 603 1172 657 iterum
1209 603 1357 656 stetit
1388 603 1916 669 contra'inimicum,
1948 613 2003 657 et
2032 606 2107 658 ita

535 709 661 750 eum
691 691 923 762 subegit,
949 701 1007 745 ut
1033 693 1192 747 etiam
1220 702 1341 762 post
1371 701 1596 746 mortem
1627 693 1820 748 merita
1848 693 1964 762 ejus
1985 708 2109 762 pro-

539 784 740 838 fuerint
781 781 1010 852 posteris
1058 782 1204 836 suis?
1229 781 1362 836 Nam
1409 781 1660 836 Salomon
1707 797 1829 836 cum
1875 783 2110 837 immane

539 874 668 929 illud
699 873 1006 928 admisisset
1032 873 1205 927 scelus
1231 881 1286 926 et
1318 872 1510 942 dignus
1537 872 1682 926 mille
1723 873 1986 927 mortibus
2013 874 2110 927 ha-

534 963 774 1028 beretur,
815 969 1033 1031 propter
1067 962 1231 1016 David
1275 968 1452 1015 tamen
1483 975 1862 1016 concessurum
1905 977 1963 1016 se
2000 961 2108 1016 Do-

539 1053 717 1106 minus
771 1066 994 1119 regnum
1053 1047 1167 1116 cjus
1207 1050 1505 1120 integrum
1556 1049 1722 1113 dicit;
1773 1050 1850 1104 ait
1903 1050 2046 1104 enim
2093 1066 2106 1102 :

542 1158 559 1190 ε
592 1139 857 1195 Scindens
904 1140 1142 1193 scindam
1192 1155 1416 1209 regnum
1467 1138 1534 1192 de
1575 1139 1824 1192 manibus
1871 1139 1998 1204 tuis,
2054 1146 2111 1193 et

538 1233 676 1286 dabo
706 1232 832 1285 illud
861 1247 1017 1285 servo
1047 1239 1136 1284 tuo
1163 1231 1506 1296 Hierohoam,
1537 1233 1977 1286 verumtamenin
1999 1232 2112 1286 die-

538 1322 638 1376 bus
671 1324 776 1376 tuis
824 1337 927 1375 non
968 1321 1161 1376 faciam
1203 1331 1420 1391 propter
1462 1323 1630 1376 David
1680 1332 1888 1392 patrem
1937 1333 2107 1388 tuum,

537 1412 632 1464 sed
657 1412 722 1464 de
751 1411 996 1464 manibus
1029 1410 1121 1464 ﬁlii
1168 1412 1244 1464 tui
1287 1413 1548 1481 accipiam
1576 1413 1705 1466 illud
1733 1412 1851 1484 (III
1875 1413 2002 1484 Reg.
2029 1430 2106 1478 ιι,

539 1501 646 1569 lt).
691 1521 708 1551 ι
745 1501 848 1555 Sed
879 1501 1137 1555 Ezechias
1164 1518 1286 1556 cum
1317 1503 1368 1556 in
1389 1502 1628 1571 pericula
1662 1512 1902 1558 extrema
1928 1505 2108 1558 venis-

537 1600 639 1657 set,
682 1593 928 1661 quamvis
973 1601 1028 1648 et
1059 1593 1172 1661 ipse
1225 1602 1368 1650 esset
1410 1592 1611 1662 justus,
1667 1603 1723 1649 et
1778 1603 1962 1651 tamen
2012 1611 2111 1664 pro

535 1684 694 1736 beato
723 1683 890 1735 David
908 1682 1036 1736 dicit
1059 1699 1116 1738 se
1133 1683 1394 1738 Dominus
1417 1685 1466 1737 ei
1488 1683 1743 1738 auxilium
1769 1683 2105 1751 delaturum;

1205 308 1264 361 Β.
1309 307 1558 362 ΒΑΒΛΝΙ
1597 308 1812 365 ΜΑυιιι
1851 310 2162 367 ARCIIIEP.
2207 311 2510 368 SIOCUNT.
2551 311 2832 370 OI’ERUM
2871 315 3052 371 PARS
3087 316 3170 370 Ill.

529 413 778 487 ενυνὶυε,
840 419 1181 474 homicidium
1228 421 1374 474 enim
1425 420 1670 494 adjnnxit
1716 421 2000 477 adulterio.
2047 423 2110 477 Et
2142 431 2188 488 Α

3662 319 3804 374 ιδῃ

2390 426 2516 479 CAP.
2543 424 2705 480 XVII.
2728 455 2797 466 —-
2827 426 2906 481 De
2937 427 3294 482 Ninivitarum
3319 431 3629 498 pwnitentia

2280 534 2384 590 Sed
2406 534 2654 590 addimus
2681 535 2856 591 adhuc
2887 537 3050 592 etiam
3083 539 3185 592 hoc
3234 539 3378 608 quod
3411 538 3676 596 Ninivite
3709 558 3806 596 au-

2207 627 2429 681 diebant
2468 628 2789 695 prophetam
2840 642 2908 684 ex
2946 627 3168 683 deﬁnito
3198 628 3501 694 dicentem,
3552 641 3611 685 et
3646 647 3805 686 com-

2210 718 2503 772 minantem
2537 735 2550 771 :
2590 736 2608 768 «
2643 717 2834 798 Adhuc
2878 726 2990 772 tres
3018 719 3153 783 dies,
3205 728 3260 774 ct
3291 719 3526 774 Niniven
3557 721 3806 777 destrue~

2211 816 2299 862 tur
2343 803 2488 878 (Ion.
2515 823 2596 872 In,
2626 809 2705 878 4).
2739 827 2758 860 ι
2789 806 2895 862 Sed
2927 823 2996 862 ne
3029 824 3108 863 suc
3151 810 3367 879 quidem
3429 812 3625 865 animo
3673 828 3806 867 con-

2209 901 2475 964 ciderunt,
2521 908 2576 953 et
2615 900 2718 955 hoc
2758 915 2881 954 cum
2912 916 3010 955 nec
3057 902 3192 954 satis
3243 901 3597 956 conﬁderent
3646 918 3808 972 posse

2209 1001 2435 1040 exorare
2457 986 2626 1040 Deum
2668 993 2728 1038 ut
2756 995 2947 1040 contra
2987 1001 3242 1056 responsa
3272 1001 3367 1039 sua
3398 987 3646 1048 veniret,
3690 1003 3810 1056 qua

2209 1075 2480 1138 videbant,
2513 1090 2620 1129 non
2649 1076 2750 1130 sub
2771 1076 2949 1147 aliqua
2975 1077 3145 1130 venize
3167 1077 3478 1132 conditione
3508 1092 3808 1147 suspensa,

2209 1167 2303 1221 sed
2329 1167 2577 1235 abrupta,
2630 1168 2898 1221 sententia
2946 1168 3261 1232 terminata,
3315 1176 3498 1220 tamen
3535 1170 3607 1220 ad
3637 1173 3808 1238 peni-

2211 1257 2433 1311 tentiam
2463 1255 2798 1326 confugiunt,
2844 1257 3084 1312 dicentes
3115 1275 3128 1309 :
3192 1274 3210 1306 ε
3246 1255 3378 1322 Quis
3406 1258 3512 1311 scit
3547 1258 3594 1311 si
3648 1260 3808 1312 mise»

2210 1345 2417 1399 rebitur
2461 1346 2602 1400 Deus
2652 1353 2706 1400 et
2749 1346 3123 1416 deprecabitur
3172 1345 3317 1400 Deus
3352 1362 3528 1416 super
3577 1349 3808 1408 malitia.

2209 1451 2370 1504 quam
2422 1435 2632 1491 locutus
2658 1445 2741 1491 est
2793 1445 2852 1490 ut
2898 1435 3102 1492 faceret
3141 1436 3324 1508 (Amos
3345 1454 3404 1501 v,
3440 1439 3578 1509 15)?
3609 1460 3627 1490 ι
3655 1439 3804 1506 Quod

2209 1525 2253 1579 si
2280 1525 2524 1579 homines
2544 1525 2762 1578 barbari
2787 1533 2838 1580 et
2870 1525 3106 1594 imperiti
3135 1535 3344 1580 tantum
3375 1527 3598 1582 habere
3623 1539 3808 1598 potus

2211 1622 2338 1668 runt
2407 1612 2735 1668 intellectum
2795 1613 2990 1668 divinae
3053 1615 3349 1680 bonitatis,
3397 1631 3594 1670 nonne
3640 1618 3806 1671 multo

2211 1704 2380 1774 magis
2397 1719 2494 1758 nos
2519 1711 2731 1773 oportet
2745 1704 2834 1773 qui
2857 1704 2909 1757 in
2932 1704 3129 1758 divinis
3144 1705 3341 1760 litteris
3364 1707 3580 1760 eruditi
3602 1723 3805 1771 sumus,

533 1774 609 1827 ait
634 1774 818 1864 enim:
856 1792 873 1823 ι
901 1772 1185 1864 Protegam
1231 1773 1376 1827 enim
1430 1774 1700 1828 civitatem
1727 1775 1869 1830 hanc
1915 1786 1970 1830 et
1998 1777 2109 1830 sal-
2140 1768 2184 1828 B
2213 1801 2266 1845 ει
2291 1768 2380 1859 (in;
2403 1792 2516 1846 haec
2543 1768 2657 1860 {p53
2685 1768 2929 1861 exémpla
2959 1793 3302 1863 pmcessisse
3327 1811 3442 1848 ηοη
3489 1796 3802 1864 ignoramus

533 1880 656 1918 .vam
690 1863 884 1917 faciam
913 1863 1056 1916 illam
1087 1870 1306 1932 propter
1336 1879 1440 1926 me,
1473 1873 1526 1916 et
1551 1875 1770 1932 propter
1798 1866 1962 1920 David
1988 1882 2104 1921 ser-

531 1972 658 2011 vum
705 1971 878 2010 meum
913 1954 1016 2024 (IV
1052 1954 1177 2025 Reg.
1207 1972 1318 2018 xui,
1346 1955 1456 2024 5i).
1493 1975 1510 2005 θ
1564 1954 1728 2010 Vides
1773 1965 1978 2025 quanta
2024 1965 2108 2012 est

531 2047 703 2099 virtus
729 2044 1077 2113 paenitentiae,
1121 2045 1272 2098 vides
1309 2053 1568 2112 quantum
1607 2045 1784 2098 meriti
1825 2046 2107 2101 conversio

533 2136 823 2204 reparavit.
867 2134 1019 2202 Quod
1063 2135 1109 2189 si
1161 2135 1414 2190 voluisset
1464 2144 1517 2189 ct
1565 2135 1653 2190 ille
1709 2137 1822 2190 haec
1870 2137 2107 2207 cogitare

529 2243 652 2295 qua;
684 2237 739 2281 tu
763 2242 904 2281 nunc
933 2229 1114 2280 animo
1139 2221 1303 2298 geris,
1335 2237 1387 2282 et
1421 2229 1597 2283 dicere
1624 2230 1747 2298 quia
1779 2231 2107 2299 impossibile

531 2327 617 2372 est
636 2316 748 2384 jam
771 2317 900 2370 mihi
929 2317 1216 2386 prapitium
1237 2318 1353 2372 ﬁeri
1377 2318 1563 2381 Deum,
1597 2336 1616 2368 σ
1646 2318 1941 2373 ilonoravit
1961 2320 2106 2374 enim

531 2423 620 2462 me
669 2409 874 2461 honore
926 2408 1150 2477 ingenti,
1195 2417 1248 2462 et
1297 2409 1662 2478 propheticam
1703 2411 1832 2463 mihi
1880 2410 2105 2480 gloriam

532 2499 782 2562 contulit,
811 2514 1033 2568 regnum
1054 2500 1220 2553 etiam
1255 2501 1420 2564 dedit,
1461 2521 1477 2550 ι
1511 2501 1577 2555 de
1618 2501 1873 2570 periculis
1893 2517 2107 2571 quoque

532 2591 830 2650 innumeris
883 2606 967 2644 me
1021 2592 1238 2660 eripuit,
1269 2600 1324 2644 et
1377 2593 1643 2662 quomodo
1689 2603 1924 2663 potero,
1981 2610 2104 2650 cum

531 2693 654 2750 post
674 2682 785 2734 Inec
807 2689 950 2734 tanta
973 2678 1086 2748 ejus
1101 2679 1358 2734 beneﬁcia
1387 2681 1674 2734 deciderim
1695 2689 1748 2736 et
1761 2680 2095 2745 offenderim,

530 2771 776 2840 atquein
825 2771 1010 2823 ultima
1065 2769 1262 2840 ﬂagitia
1309 2771 1588 2826 devolutus
1640 2771 1766 2837 sim,
1814 2773 2104 2843 propitium

531 2877 718 2916 rursus
764 2860 1062 2931 promereri
1105 2861 1312 2916 Deum?
1350 2862 1394 2915 si
1441 2863 1554 2916 hac
1578 2863 1867 2932 cogitasset
1910 2864 2103 2929 David,

531 2969 653 3008 cum
685 2953 951 3021 prioribus
977 2953 1180 3021 pariter
1208 2960 1264 3006 et
1296 2953 1585 3007 novissima
1608 2953 1962 3023 perdidisset;
1995 2969 2102 3008 non

531 3043 674 3096 enim
705 3041 814 3096 sola
843 3042 1084 3110 corporis
1105 3042 1351 3106 vulnera,
1387 3043 1431 3098 si
1467 3042 1823 3113 negligantur,
1869 3043 2104 3098 inferunt

530 3141 781 3197 mortem,
829 3133 924 3186 sed
956 3141 1011 3186 et.
1044 3132 1236 3188 anima:
1271 3132 1535 3193 similiter,
1583 3141 1639 3186 et
1681 3132 1795 3201 jatn
1847 3148 1945 3186 nos
1991 3140 2101 3186 tam
2129 3113 2174 3176 Ο

530 3223 680 3278 stulti
703 3223 924 3286 erimus,
957 3230 1015 3277 ut
1056 3222 1271 3291 corpori
1300 3223 1535 3290 quidem,
1562 3221 1607 3276 si
1637 3222 1827 3276 vulnus
1865 3223 2098 3286 eveniat,

531 3312 883 3367 adhibeamus
941 3311 1196 3366 continuo
1241 3310 1606 3374 medicinam,
1659 3311 1711 3364 in
1775 3311 1922 3364 nullo
1976 3327 2105 3366 vero

531 3401 726 3454 animae
752 3400 1066 3454 vulneribus
1093 3399 1420 3454 medicemur
1458 3417 1470 3452 :
1505 3407 1559 3455 et
1587 3400 1801 3468 quidem
1831 3401 1884 3453 in
1911 3401 2104 3455 vulne-

530 3490 684 3543 ribus
704 3504 991 3557 corporum
1022 3497 1143 3542 sunt
1173 3487 1338 3542 multa
1370 3504 1491 3557 qua:
1527 3489 1747 3544 omnino
1789 3491 1968 3545 sanari
1997 3507 2105 3547 non

527 3584 779 3647 possunt,
810 3587 864 3632 et
897 3585 1072 3630 tamen
1101 3577 1356 3632 continuo
1386 3593 1496 3633 non
1523 3579 1892 3647 desperamus,
1926 3580 2021 3634 sed
2049 3580 2104 3634 in

533 3676 797 3738 quantum
820 3668 934 3721 ﬁeri
964 3675 1140 3738 pctest
1163 3667 1476 3722 adhibemus
1505 3667 1856 3736 diligentiam,
1889 3669 2104 3723 etiamsi

529 3761 812 3816 audiamus
845 3776 875 3814 a
921 3760 1145 3814 medicis
1182 3760 1307 3828 quia
1356 3758 1662 3828 hujusmodi
1694 3759 1887 3815 vulnus
1920 3762 2104 3816 sanari

531 3849 692 3925 [deest
723 3848 850 3920 non]
875 3857 1064 3919 potest,
1091 3848 1388 3903 insistimus
1406 3855 1587 3902 tamen
1599 3855 1653 3902 et
1681 3850 2031 3905 obsecramus
2049 3860 2108 3905 ut

537 3940 704 4009 aliqua
730 3939 920 3994 saltem
951 3938 1141 3993 solatia
1168 3939 1324 3994 nobis
1345 3938 1536 3992 medici
1563 3946 1618 3992 et
1652 3937 1854 4008 aliquid
1895 3947 2106 3994 susten-

529 4031 751 4084 tationis
777 4030 1104 4100 exquirant;
1142 4029 1196 4082 in
1233 4028 1426 4083 anima:
1467 4043 1598 4082 vero
1644 4028 1990 4092 vulneribus,
2015 4028 2106 4082 ubi

529 4121 661 4174 nihil
709 4129 793 4174 est
831 4119 1148 4183 insanabile,
1178 4135 1282 4172 non
1328 4119 1474 4173 enim
1507 4119 1685 4172 anima
1726 4120 2105 4175 necessitatem

515 4211 736 4281 patitur
766 4218 991 4276 naturai,
1020 4210 1171 4279 quasi
1212 4209 1386 4264 aliena
1417 4225 1448 4263 a
1472 4211 1626 4265 nobis
1653 4209 1768 4277 ejus
1801 4212 1981 4280 passio
2013 4213 2102 4274 sit,

527 4305 606 4358 sic
630 4301 971 4373 negligimus,
1007 4301 1086 4356 sic
1116 4301 1488 4371 desperamus,
1519 4300 1654 4354 nihil
1680 4301 1747 4354 ad
1781 4302 1973 4356 anima:
2000 4301 2105 4356 sol-

529 4395 860 4450 licitudinem
890 4407 1229 4458 revocamus,
1251 4400 1306 4445 et
1329 4391 1418 4445 ubi
1449 4391 1727 4460 languoris
1774 4402 1964 4446 natura
1993 4393 2104 4447 dis-

526 4485 898 4555 pensationem
946 4484 1255 4538 necessario
1297 4492 1540 4554 generat,
1573 4498 1671 4538 nos
1708 4493 1907 4548 tamen,
1946 4485 2100 4553 quasi

527 4577 642 4647 spei
671 4574 872 4644 aliquid
903 4571 1148 4628 conferat
1191 4571 1490 4641 diligentia,
1523 4588 1627 4627 non
1677 4573 1978 4627 omittimus
2003 4588 2099 4627 cu-

530 4683 644 4721 ram
667 4667 779 4731 bic,
808 4665 900 4720 ubi
938 4665 1081 4720 nulla
1109 4673 1192 4719 est
1226 4665 1542 4735 desperandi
1585 4665 1899 4730 necessitas,
1945 4667 2101 4733 quasi

528 4757 670 4812 nulla
713 4757 783 4810 sit
813 4756 1036 4822 sanitas,
1068 4756 1147 4811 sic
1183 4757 1384 4811 omissa
1421 4771 1551 4811 cura
1580 4755 1818 4825 poenitus
1871 4757 2101 4811 discedi~

533 4863 695 4912 mus;
729 4847 924 4902 millies
947 4847 1094 4901 enim
1118 4847 1163 4902 si
1195 4847 1419 4916 teipsum
1448 4847 1721 4916 desperes,
1755 4862 1853 4900 nos
1881 4854 1933 4900 te
1959 4861 2100 4901 nun-

523 4952 689 5008 quam
737 4937 1162 5008 desperabimus,
1210 4951 1382 5006 neque
1411 4936 1554 4990 enim
1604 4936 1706 4990 hoc
1741 4935 1843 5006 ipsi
1894 4937 2102 5007 agimus

528 5027 582 5080 in
613 5042 718 5096 quo
743 5026 876 5081 alios
911 5027 1372 5098 reprehendimus,
1412 5027 1658 5096 quamvis
1682 5042 1786 5081 non
1819 5027 1889 5080 sit
1935 5029 2099 5093 idem,

523 5133 650 5170 cum
685 5118 797 5186 ipse
825 5118 892 5172 de
932 5133 990 5172 se
1021 5117 1144 5186 quis
1173 5117 1422 5186 desperet
1466 5126 1670 5171 etcum
1717 5117 1823 5172 alio
1850 5117 2103 5187 despera-

523 5217 637 5262 tur.
682 5209 783 5276 Qui
836 5209 979 5262 enim
1029 5209 1191 5262 alium
1240 5209 1490 5279 desperat
1535 5210 1694 5264 habet
1741 5211 1971 5276 veniam,
2006 5212 2098 5281 qui

525 5313 656 5352 vero
697 5298 1041 5366 semetipsum
1083 5298 1387 5366 desperavit
1414 5297 1614 5351 nullam
1660 5299 1821 5353 habet
1862 5301 2095 5363 veniam,

527 5389 653 5456 quia
683 5387 769 5441 ille
816 5402 921 5440 non
952 5395 1034 5440 est
1077 5387 1327 5440 dominus
1367 5388 1563 5442 mentis
1611 5388 1854 5452 alterius,
1895 5390 1941 5444 is
1970 5405 2100 5445 vero

529 5479 788 5548 propositi
841 5477 922 5533 sui
970 5483 1291 5546 potestatem
1327 5486 1508 5531 tenet:
1549 5493 1645 5532 nos
1697 5493 1825 5548 ergo
1874 5495 1979 5534 non
2007 5481 2100 5534 de-

527 5582 808 5636 speramus
878 5570 1020 5638 quod
1093 5567 1163 5622 sit
1211 5569 1305 5623 tibi
1356 5569 1561 5623 reditus
1608 5569 1674 5623 ad
1717 5571 1917 5638 prioris
1973 5571 2097 5625 vita:

529 5664 727 5709 statum
751 5667 804 5711 et
833 5658 898 5710 ad
928 5656 1044 5709 illas
1065 5672 1200 5725 quas
1231 5658 1281 5709 in
1311 5666 1362 5710 te
1378 5658 1626 5713 novimus
1650 5658 1814 5712 animi
1846 5661 2093 5715 virtutes.

2177 1883 2398 1948 _.nudta,
2425 1882 2732 1937 et-aiiaex
2767 1881 2974 1937 divinis
3007 1871 3312 1953 Scripmris
3367 1884 3587 1939 similia
3635 1886 3716 1940 vel
3753 1889 3800 1939 in

2209 1973 2508 2044 pmesentiis
2544 1971 2626 2026 vel
2667 1973 2722 2026 in
2766 1972 2927 2027 rebus
2966 1975 3131 2044 gestis
3173 1975 3474 2029 didicimus
3503 1977 3804 2031 contineri?

2216 2081 2235 2113 ι
2275 2063 2406 2128 Non,
2423 2062 2587 2128 enim,
2623 2063 2797 2131 inquit
2827 2063 2989 2127 Deus,
3029 2063 3252 2117 consilia
3302 2079 3434 2117 mea
3481 2065 3636 2118 sicut
3683 2080 3796 2118 con-

2209 2151 2326 2206 silia
2357 2160 2560 2216 vestra,
2609 2165 2710 2206 nec
2763 2151 2862 2205 viae
2916 2166 3050 2206 mea:
3095 2151 3235 2204 sicut
3283 2151 3390 2204 vim
3451 2155 3796 2214 vestr-3:31:11

2207 2249 2466 2310 quantum
2489 2241 2658 2294 distat
2706 2240 2900 2296 cmlum
2933 2257 2964 2295 a
2993 2249 3160 2305 terra,
3199 2250 3418 2295 tantum
3473 2243 3690 2297 distant
3712 2259 3796 2296 co-

2209 2331 2496 2401 gitationes
2542 2345 2675 2385 meae
2701 2347 2730 2384 a
2777 2331 3191 2400 cogitationibus
3232 2331 3446 2385 vestris
3477 2341 3541 2386 et
3593 2335 3794 2388 consili:

2208 2436 2326 2475 mea
2349 2435 2380 2474 a
2401 2419 2642 2476 consiliis
2664 2420 2878 2474 vestris.
2905 2439 2924 2472 ι
2962 2420 3097 2475 Tum
3122 2430 3396 2489 praeterea
3423 2423 3474 2475 si
3503 2438 3616 2477 nos
3643 2421 3794 2476 famu-

2208 2511 2288 2566 los
2309 2520 2524 2566 nostros
2550 2514 2640 2582 qui
2656 2529 2756 2568 nos
2773 2513 3002 2568 fortasse
3022 2513 3395 2578 offenderunt,
3420 2530 3558 2569 cum
3587 2518 3796 2586 pmmit—

2209 2611 2321 2658 tant
2345 2619 2402 2659 se
2423 2619 2544 2659 esse
2571 2605 2842 2671 meliores,
2869 2606 3178 2676 recipimus,
3208 2614 3263 2661 et
3282 2608 3353 2662 ad
3375 2609 3636 2676 priorem
3658 2625 3794 2663 revo-

2207 2708 2393 2748 camus
2411 2695 2606 2759 lucum,
2623 2695 2887 2750 interdum
2901 2712 3028 2752 vero
3041 2698 3201 2751 etiam
3217 2698 3500 2768 majorem
3513 2699 3798 2770 eispostof-

2205 2781 2412 2837 fensam
2426 2798 2492 2837 ex
2510 2785 2948 2840 reconciliatione
2967 2786 3218 2840 ﬁduciam
3233 2787 3466 2852 damus,
3485 2805 3674 2844 nonne
3686 2790 3800 2842 mul-

2207 2885 2261 2930 to
2282 2876 2454 2946 magis
2475 2877 2578 2930 hoc
2600 2877 2752 2931 nobis
2775 2877 2937 2932 faciat
2961 2877 3292 2933 Deus?~nam
3315 2879 3363 2933 si
3393 2891 3692 2950 propterea
3715 2897 3798 2934 nos

2205 2966 2419 3022 fecisset
2441 2976 2497 3022 ut
2522 2969 2756 3037 puniret,
2787 2970 2924 3025 bene
2958 2970 3306 3041 desperasses
3343 2981 3407 3026 et
3429 2974 3714 3027 dubitares
3740 2976 3798 3026 de

2207 3055 2377 3110 salute
2406 3065 2494 3110 tua
2513 3097 2526 3120 ,
2560 3057 2603 3110 si
2629 3071 2758 3110 vero
2779 3067 2998 3126 propter
3026 3059 3326 3112 bonitatem
3368 3076 3542 3115 suam
3580 3072 3796 3115 tantum-

2206 3147 2365 3202 modo
2396 3161 2496 3202 nos
2538 3147 2681 3212 fecit,
2705 3157 2764 3202 ut
2817 3150 3034 3203 aeternis
3063 3149 3216 3203 bonis
3239 3148 3362 3217 ejus
3403 3159 3470 3204 et
3495 3154 3795 3206 muneribus

2206 3235 2466 3303 fruamur,
2495 3247 2654 3306 atque
2677 3239 2857 3292 omnia
2879 3255 2998 3307 qua:
3019 3239 3130 3310 agit
3149 3240 3217 3292 ab
3236 3239 3404 3294 initio
3428 3242 3626 3295 seculi
3647 3257 3794 3310 usque

2206 3329 2274 3383 ad
2293 3343 2532 3398 praesens
2555 3337 2786 3398 tempus,
2811 3339 3027 3398 propter
3048 3344 3111 3383 ea
3134 3330 3324 3400 agitet
3347 3341 3592 3400 propter
3607 3347 3671 3386 ea
3693 3347 3792 3384 leo-

2205 3429 2316 3485 vct,
2331 3435 2448 3490 quae
2461 3420 2600 3474 ultra
2622 3421 2776 3475 nobis
2793 3422 3129 3490 desperandi,
3156 3437 3278 3490 qua:
3295 3423 3626 3493 ambigendi
3649 3439 3792 3478 causa

2206 3513 2509 3582 supererit?
2535 3513 2640 3567 Sed
2663 3514 2736 3566 ita
2763 3513 3129 3577 vehementer,
3158 3514 3261 3578 ais,
3289 3513 3636 3570 offendimus
3661 3531 3788 3574 eam.

2206 3613 2266 3658 ut
2291 3604 2468 3660 nullus
2493 3621 2729 3675 unquam
2757 3601 3054 3670 hominum,
3081 3614 3372 3674 propterea
3396 3621 3536 3676 ergo
3567 3609 3788 3661 maxime

2207 3693 2445 3748 velocius
2465 3703 2521 3747 et
2567 3695 2936 3749 vehementius
2977 3695 3296 3749 satisfacere
3349 3707 3582 3766 Oportet
3611 3707 3780 3764 etpr-

2208 3783 2503 3840 nitudinem
2533 3799 2720 3853 gerere
2751 3785 3047 3849 commissi,
3078 3795 3132 3840 et
3175 3786 3286 3840 cito
3317 3788 3590 3841 recedere
3617 3788 3682 3840 ab
3711 3788 3784 3840 his

2207 3875 2418 3930 actibus
2463 3875 2660 3944 quibus
2689 3874 2975 3930 offenditur
3013 3878 3186 3941 Deus;
3215 3892 3396 3944 neque
3428 3879 3583 3930 enim
3629 3887 3786 3930 rent-tas

2206 3973 2262 4019 et
2299 3966 2556 4032 ingenuas
2586 3973 2794 4019 mentes
2824 3965 2895 4018 ita
2924 3964 3166 4029 olfendit,
3199 3967 3461 4034 quamvis
3490 3966 3784 4036 gravissimi

2207 4055 2401 4124 injuria
2441 4054 2668 4120 delicti,
2712 4064 2771 4109 ut
2821 4066 3159 4126 contemptus
3200 4057 3618 4122 satisfaciendi;
3667 4073 3782 4126 pec-

2207 4163 2332 4202 care
2379 4162 2609 4216 namque
2660 4147 2950 4201 humanum
2996 4156 3100 4209 est,
3139 4162 3468 4216 permanere
3507 4159 3690 4202 autem
3733 4149 3782 4199 in

2208 4239 2444 4307 peccatis
2469 4237 2789 4291 diabolicum
2822 4247 2923 4291 est.
2951 4237 3191 4307 Denique
3225 4237 3348 4291 vide
3389 4239 3670 4306 quomodo
3699 4253 3784 4305 per

2207 4329 2525 4397 prophetam
2554 4329 2654 4382 hoc
2698 4337 2888 4396 arguat
2917 4329 3086 4398 magis
3118 4330 3258 4383 Deus
3281 4345 3450 4398 quam
3483 4331 3616 4385 illud
3649 4350 3662 4383 :
3691 4354 3707 4380 ι
3735 4339 3786 4384 et

2208 4419 2342 4482 dixi,
2391 4419 2564 4487 inquit
2599 4417 2993 4488 :Posteaquam
3025 4419 3367 4472 meretricata
3413 4435 3499 4484 es,
3532 4433 3659 4491 post
3681 4424 3780 4474 hic

2207 4509 2388 4562 omnia
2418 4517 2736 4562 convertere
2779 4509 2843 4561 ad
2877 4523 2984 4571 me,
3013 4516 3066 4561 et
3090 4523 3194 4561 non
3229 4524 3290 4562 cs
3322 4524 3622 4563 conversa.
3675 4531 3690 4559 ι
3723 4511 3778 4562 Et

2191 4599 2402 4652 iterum
2433 4598 2556 4652 alibi
2589 4617 2600 4651 :
2634 4617 2650 4646 ι
2680 4599 2746 4652 Εῑ
2777 4599 2829 4652 in
2854 4598 2938 4652 his
2962 4597 3214 4652 omnibus
3247 4615 3355 4652 non
3381 4609 3472 4654 est
3494 4617 3780 4655 conversus

2209 4687 2547 4742 inordinatus
2583 4687 2769 4752 Iudas,
2816 4697 2874 4742 et
2922 4689 3098 4742 adhuc
3145 4705 3340 4744 manus
3391 4705 3652 4747 excessa.
3693 4692 3782 4745 ,ιιι

2208 4778 2328 4833 aliis
2357 4793 2570 4847 quoque
2594 4789 2876 4849 postquam
2902 4780 3080 4849 arguit
3101 4780 3294 4834 delicta
3328 4783 3515 4852 populi
3547 4799 3646 4853 per
3675 4801 3781 4853 pru-

2209 4871 2449 4940 pbetam,
2478 4879 2530 4923 et
2552 4870 2982 4924 emendationem
3008 4885 3158 4924 suam
3185 4873 3587 4940 promiserunt,
3613 4886 3700 4928 ost
3717 4893 3774 4925 a-

2209 4961 2342 5015 dens
2368 4975 2528 5028 quam
2576 4959 2880 5015 amabiliter
2909 4961 3316 5015 conversionem
3365 4965 3604 5032 suscipit
3657 4966 3780 5017 Dem

2206 5061 2573 5119 peccatorum,
2606 5051 2736 5105 dicit
2763 5064 2778 5102 :
2815 5069 2833 5101 ι
2863 5050 2995 5118 Quis
3022 5051 3168 5106 dabit
3199 5052 3270 5104 ita
3319 5067 3446 5106 esse
3471 5069 3575 5108 cor
3607 5070 3780 5107 enarunt

2208 5149 2266 5194 ut
2289 5141 2517 5194 timeant
2542 5157 2648 5204 me,
2684 5149 2737 5195 et
2759 5143 3066 5197 custodiant
3096 5145 3348 5197 mandata
3380 5161 3510 5199 mea
3538 5150 3780 5200 manibus

2205 5232 2394 5287 diebus
2423 5233 2544 5286 vitm
2581 5248 2709 5296 suze,
2748 5243 2806 5288 ut
2849 5235 2986 5289 bene
3029 5236 3108 5290 eis
3130 5234 3222 5290 ﬁat
3252 5246 3304 5290 et
3336 5238 3468 5292 ﬁliis
3519 5256 3710 5294 eorum
3735 5241 3778 5290 in

2202 5324 2457 5379 saeculum
2483 5323 2602 5395 (III
2631 5325 2760 5394 Reg.
2791 5341 2910 5390 vm,
2932 5326 3059 5398 40)?
3086 5347 3105 5379 ι
3134 5326 3238 5381 Sed
3269 5338 3325 5382 et
3354 5329 3574 5400 Moyses
3597 5335 3778 5385 doct-rc

2201 5414 2456 5484 populum
2485 5415 2671 5470 volens
2712 5417 2845 5485 quid
2886 5415 3030 5470 Deus
3071 5419 3312 5487 requimt
3343 5420 3412 5472 ab
3451 5421 3772 5474 hominibus.

2201 5505 2273 5558 ita
2304 5505 2435 5558 dicit
2461 5523 2473 5558 :
2505 5522 2523 5556 ι
2561 5505 2628 5559 Et
2655 5521 2796 5560 nunc
2820 5506 2966 5571 audi,
2997 5505 3180 5570 Israel,
3205 5509 3335 5577 quid
3367 5510 3635 5566 Dominus
3663 5529 3774 5580 [Ius-

2199 5594 2389 5648 citahs
2421 5604 2490 5660 te,
2528 5611 2632 5648 ms:
2667 5604 2723 5648 ut
2764 5597 2953 5650 timeas
2985 5596 3272 5651 Dominum
3321 5599 3494 5652 Deum
3521 5611 3700 5658 tuum.
3727 5609 3772 5653 et

2201 5684 2418 5739 incedas
2448 5685 2499 5738 in
2530 5687 2779 5741 omnibus
2801 5688 2904 5742 viis
2934 5688 3069 5756 ejus,
3097 5697 3152 5740 et
3181 5689 3372 5760 diligas
3398 5705 3526 5745 eum
3571 5707 3642 5746 ea
3669 5703 3770 5745 toto
