3956 6326
222 244 362 301 Ιὸξὸ

1416 244 1504 300 DE
1543 240 1733 301 MODO
1770 240 2267 299 ΡωΝιτΕΝτιΑε.

3324 244 3349 300 i
3359 244 3469 303 326

217 358 386 414 corde
410 365 520 422 tuo,
548 365 607 413 et
647 372 716 414 ex
746 365 857 415 tota
882 358 1062 415 anima
1104 367 1195 414 tua
1215 366 1273 414 et
1312 359 1456 415 omni
1495 366 1674 413 mente
1696 364 1788 414 tua
1816 359 1864 418 Λ
1892 370 2014 411 ιιιιιε
2040 371 2107 411 ex
2126 370 2235 425 quo
2264 354 2433 425 ipsam
2460 351 2697 409 radicem
2731 354 2995 413 traximus
3034 356 3236 429 eulpae;
3268 357 3337 414 ad
3361 360 3468 417 hoc

218 445 403 511 (Deut.
425 460 541 509 nx,
565 445 644 518 9).
680 464 702 499 ι
738 447 881 504 Deus
912 462 1043 519 ergo
1066 448 1194 518 quia
1218 449 1367 519 cupit
1393 448 1539 519 diligi
1573 464 1603 502 a
1632 449 1789 503 nobis

217 544 277 590 et
310 535 493 590 omnia
522 533 654 592 facit
678 551 779 608 pro
804 537 929 602 hoc,
964 548 1020 593 et
1046 552 1147 593 nec
1180 537 1464 608 Unigenito
1503 552 1600 595 suo
1620 538 1792 608 parcit

114 692 125 697 ῃ
216 641 321 698 pro
344 625 520 682 salute
560 634 747 683 nostra
767 636 824 684 et
871 628 1159 694 charitate,
1188 636 1244 685 et
1275 629 1369 699 qui
1418 637 1591 701 optat,
1627 636 1687 683 ut
1715 628 1789 683 ita

217 713 417 781 dicam,
447 723 507 769 ut
528 730 849 786 quocunque
868 727 1028 788 pacto
1061 728 1116 772 et
1138 719 1570 788 quandocunque
1593 733 1789 774 recon-

218 801 467 859 ciliemur
489 803 560 870 ei,
589 807 860 874 quomodo
905 806 1231 876 praenitentes
1268 822 1369 863 nos
1406 818 1463 864 et
1501 822 1809 885 conversos.

218 893 290 948 ad
326 909 386 950 se
416 910 520 950 non
558 895 788 953 libenter
831 899 1111 967 suscipiat,
1145 907 1202 955 et
1243 900 1448 957 amabit
1496 910 1558 957 ut
1610 901 1791 957 ﬁlios?

217 981 355 1038 Nam
401 999 508 1054 quo
540 995 829 1056 prospectu
871 997 1031 1056 putas
1058 988 1189 1044 illud
1210 991 1355 1058 quod
1378 992 1513 1048 dixit
1539 1007 1635 1064 per
1663 1009 1790 1064 pro-

216 1074 459 1142 phetam,
488 1075 577 1133 dic
615 1084 673 1132 tu
706 1077 859 1147 prius
884 1078 1202 1149 iniquitates
1227 1087 1347 1136 tuas
1369 1090 1429 1137 ut
1448 1080 1785 1152 ju5tiﬁceris.

276 1209 405 1263 Car.
439 1208 622 1266 XVIII.
654 1241 726 1254 —-
748 1211 828 1268 De
854 1228 944 1283 spe
973 1214 1263 1337 egdﬁducia
1298 1215 1356 1269 in
1387 1214 1486 1269 Dei
1510 1213 1738 1271 bonitate

870 1299 1002 1337 none
1077 1300 1132 1337 α.

868 1299 1132 1352 ponenda.

290 1386 402 1457 Age
421 1401 549 1459 ergo
570 1388 686 1458 jam
729 1391 1108 1462 aggrediamur
1134 1392 1238 1447 iter
1277 1393 1422 1460 vitae,
1454 1403 1791 1451 revertamur

215 1478 284 1531 ad
306 1479 579 1535 civitatein
608 1480 885 1536 cmlestem
924 1482 979 1536 in
1032 1497 1139 1552 qua
1180 1485 1471 1555 conscripti
1499 1500 1685 1541 sumus
1733 1494 1791 1541 et

216 1568 363 1623 cives
390 1568 628 1637 decreti;
674 1572 835 1642 hujus
877 1572 1032 1628 nobis
1074 1574 1225 1630 urbis
1256 1573 1454 1644 januas
1482 1577 1788 1647 desperatio

216 1659 449 1759 quidem.
463 1659 683 1759 claudit,
708 1663 915 1759 aperiet
938 1671 1120 1759 autem
1148 1678 1288 1734 spes,
1317 1673 1377 1759 et
1393 1664 1588 1721 ﬁducia
1616 1665 1783 1759 latum
1813 1699 1860 1759 Β

214 1748 478 1817 praebebit
503 1749 832 1820 ingressum;
858 1751 972 1807 hate
991 1752 1037 1807 si
1059 1753 1456 1809 contemnimus
1478 1771 1585 1810 non
1608 1754 1785 1811 solum

209 1833 326 1904 jam
362 1836 579 1892 desidiae
621 1838 854 1908 culpam,
892 1840 989 1895 sed
1038 1849 1095 1896 et
1136 1841 1398 1912 superbia:
1437 1841 1779 1899 incurrimus.

215 1924 352 1980 Nam
392 1935 449 1981 et
487 1926 731 1983 diabolus
759 1943 865 1983 non
896 1929 1114 1985 aliunde
1165 1931 1289 1987 talis
1332 1931 1509 1987 factus
1546 1940 1650 1998 est,
1677 1934 1785 1988 nisi

213 2017 341 2086 quia
379 2017 555 2087 primo
603 2027 726 2089 post
762 2028 1041 2089 peccatum
1086 2021 1459 2091 desperatione
1499 2036 1632 2079 usus
1677 2033 1783 2089 est,

211 2117 401 2179 postea
430 2124 558 2165 vero
583 2124 648 2165 ex
672 2109 1047 2181 desperatione
1076 2111 1267 2167 incidit
1306 2113 1363 2167 in
1391 2113 1703 2184 superbiam
1730 2122 1785 2168 et

211 2201 502 2257 elationem
528 2219 541 2257 :
565 2203 644 2258 sic
672 2217 803 2274 ergo
828 2212 883 2259 et
906 2204 1087 2260 anima
1112 2205 1161 2260 si
1190 2205 1358 2262 semel
1383 2206 1607 2262 salutem
1630 2222 1784 2263 suam

211 2291 441 2361 coeperit
474 2296 781 2362 desperare,
820 2293 932 2362 jam
975 2307 1075 2349 nec
1119 2293 1370 2366 intelligit
1398 2295 1668 2364 quomodo
1700 2295 1785 2352 vel

213 2380 268 2435 in
298 2396 417 2450 quae
438 2381 576 2437 mala
606 2383 993 2454 praecipitetur,
1037 2383 1171 2439 nihil
1199 2385 1344 2439 enim
1382 2394 1476 2441 aut
1498 2398 1661 2458 agere
1692 2395 1786 2441 aut

212 2469 398 2526 dicere
436 2473 627 2527 metuit
670 2474 815 2543 quod
844 2474 1179 2530 contrarium
1208 2475 1369 2531 saluti
1405 2476 1507 2544 sit;
1546 2485 1602 2532 et
1646 2477 1787 2533 sicut

211 2577 356 2632 saepe
372 2563 682 2621 videmusin
697 2566 781 2622 his
796 2566 886 2636 qui
903 2566 1193 2634 insaniunt,
1217 2583 1340 2623 cum
1358 2569 1524 2625 semel
1539 2569 1785 2641 perdide—

213 2653 324 2706 rint
360 2653 608 2710 sanitatis
631 2663 853 2721 statum,
889 2657 1021 2711 nihil
1038 2657 1151 2728 jam
1176 2656 1317 2713 ultra
1355 2668 1626 2725 metuunt,
1649 2660 1782 2716 nihil

209 2740 554 2808 erubescunt,
589 2743 684 2798 sed
714 2744 945 2799 libenter
984 2748 1166 2800 omnia
1193 2755 1250 2802 et
1274 2747 1456 2803 dicere
1507 2748 1708 2804 audent
1729 2759 1786 2805 et

209 2827 410 2885 facere.
434 2829 491 2885 Si
518 2832 571 2886 in
601 2832 778 2903 ignem
804 2843 1088 2905 proruant,
1112 2850 1222 2891 non
1241 2837 1541 2906 declinant;
1571 2841 1785 2896 etiamsi

211 2919 269 2974 in
296 2922 649 2993 praecipitium
674 2926 845 2980 autin
883 2926 1213 2997 profundum
1252 2943 1359 2985 non
1400 2940 1662 2986 revocant
1690 2946 1785 3003 pe-

1890 445 2099 514 primus
2134 445 2298 499 homo
2340 443 2633 514 requisitos
2675 440 2891 511 fuerat,
2934 454 2996 500 ut
3026 461 3147 518 quae
3191 457 3477 521 transgred

1891 533 2084 591 diendo
2117 533 2478 599 commiserat,
2519 531 2826 589 conﬁtendo
2858 535 3086 603 deleret,
3120 546 3181 594 et
3231 539 3466 596 interro-

1890 630 2048 692 gatus
2068 622 2159 678 ubi
2197 630 2358 687 esset,
2400 631 2461 677 ut
2484 629 2847 693 perpetratam
2875 624 3089 695 culpam
3137 628 3454 698 respiceret,

1889 721 1945 767 et
1979 713 2285 769 conﬁtendo
2314 722 2666 785 cognosceret
2703 730 2864 784 quam
2908 715 3068 789 longe
3108 733 3140 773 a
3167 720 3466 779 conditoris
3490 734 3523 749 ’ν

1890 804 1975 857 ειιὶ
2014 801 2153 857 facie
2188 804 2423 877 abesset.
2448 802 2649 858 indicia
2677 819 2817 860 verte
2850 805 3205 863 confessionis
3242 819 3387 875 sunt,
3417 812 3465 866 si

1892 892 2260 963 unusquisque
2301 907 2427 947 cum
2460 906 2520 947 se
2544 901 2884 962 peceatorem
2934 895 3086 962 diett,
3128 896 3183 953 id
3211 897 3280 951 de
3305 899 3468 954 sedi-

1891 984 2033 1036 centi
2082 982 2245 1036 etiam
2276 982 2433 1037 alteri
2474 996 2581 1037 non
2623 984 2988 1052 contradicat;
3035 987 3298 1058 scriptum
3332 998 3459 1046 est:

1896 1092 1914 1124 ι
1945 1070 2130 1128 Justus
2166 1072 2221 1127 in
2260 1074 2526 1145 principio
2553 1085 2842 1133 accusator
2867 1088 2952 1134 est
2981 1079 3064 1134 sui
3093 1078 3278 1151 (Prov.
3303 1098 3463 1149 xvm,

1892 1161 2001 1232 l9).
2035 1182 2054 1215 ι
2080 1161 2196 1217 Νοιι
2223 1163 2395 1234 magis
2421 1173 2677 1235 peccator
2704 1166 2799 1222 sed
2828 1164 3008 1235 justus
3036 1168 3206 1224 Videri
3234 1171 3461 1241 appetit,

1889 1268 2012 1309 cum
2058 1263 2395 1329 peccatorem
2434 1270 2493 1310 se
2532 1256 2779 1326 quisquis
2824 1257 2971 1313 nullo
3023 1270 3286 1329 arguente
3334 1276 3464 1317 con-

1890 1344 2089 1408 ﬁtetur,
2136 1327 2499 1401 confessionis
2545 1346 2775 1402 veritate
2820 1327 3111 1417 probatur,
3142 1351 3286 1420 quod
3325 1350 3466 1406 alter

1888 1433 2090 1488 malum
2120 1434 2261 1503 quod
2288 1433 2518 1490 fecimus
2556 1435 2818 1506 increpat,
2851 1437 2995 1506 quod
3020 1439 3236 1507 superbi
3279 1438 3466 1494 defen-

1888 1526 2083 1592 dimus,
2111 1526 2239 1582 licet
2269 1525 2484 1600 [liquet]
2530 1528 2656 1597 quia
2683 1539 2996 1599 peccatores
3035 1545 3133 1586 nos
3180 1547 3300 1588 esse
3338 1526 3465 1588 ﬁcte

1889 1618 2221 1676 dicebamus.
2248 1618 2560 1676 Curandum
2590 1636 2932 1691 summopere
2957 1631 3043 1677 est
3084 1629 3144 1676 ut
3170 1622 3313 1678 mala
3341 1638 3463 1693 qua:

1885 1708 2115 1765 fecimus
2140 1716 2197 1765 et
2215 1717 2408 1779 sponte
2435 1708 2723 1774 fateamur,
2749 1719 2804 1765 et
2829 1711 2944 1766 haec
2969 1711 3091 1766 aliis
3110 1712 3463 1782 arguentibus

1886 1815 1995 1859 non
2020 1816 2301 1871 negemus,
2333 1801 2601 1871 superbiae
2644 1802 2843 1872 quippe
2884 1803 3075 1858 vitidm
3103 1810 3187 1859 est
3214 1814 3273 1859 ut
3316 1806 3461 1875 quod

1886 1890 2043 1947 fateri
2072 1892 2301 1963 quisque
2343 1892 2499 1962 quasi
2530 1906 2626 1947 sua
2667 1904 2859 1962 sponte
2889 1894 3160 1965 dignatur,
3215 1895 3320 1953 hoc
3358 1896 3462 1953 sibi

1885 1982 1991 2038 dici
2017 1982 2086 2037 ab
2123 1983 2245 2038 aliis
2290 1983 2610 2053 dedignetur
2636 1983 2830 2053 pignus
2870 1984 3132 2040 debitoris
3174 1993 3291 2052 est;
3321 2001 3456 2043 con-

1885 2070 2050 2129 fessio
2089 2073 2409 2143 peccatoris.
2445 2088 2478 2128 a
2505 2073 2749 2130 debitore
2774 2075 2919 2129 enim
2955 2076 3154 2147 pignus
3171 2076 3454 2148 accipitur.

1885 2178 2008 2219 cum
2029 2179 2059 2219 a
2084 2174 2370 2235 peccatore
2390 2165 2506 2236 jam
2521 2166 2732 2234 peccati
2753 2165 3021 2224 confessio
3048 2176 3282 2225 tenetur.

1914 2293 2043 2350 CAP.
2069 2294 2186 2351 XX.
2214 2327 2284 2337 —
2315 2295 2470 2363 Quod
2492 2297 2624 2369 nihil
2643 2301 2811 2369 prosit
2832 2317 2885 2354 se
2905 2312 3227 2369 peccatorem
3253 2303 3425 2359 dicere

2356 2375 2407 2420 et
2432 2366 2570 2421 nolle
2594 2366 2651 2422 se
2674 2366 2971 2425 emendare.

1954 2499 2334 2571 Corrumpitur
2359 2510 2542 2557 autem
2563 2499 2907 2571 paenitentia,
2929 2504 2977 2559 si
2998 2502 3189 2560 iisdem
3205 2506 3329 2577 quis
3354 2522 3454 2578 pro

1883 2589 2081 2659 quibus
2107 2590 2427 2647 conﬁteatur
2455 2607 2647 2648 rursus
2675 2593 2978 2650 involvatur
3012 2595 3169 2653 malis
3195 2615 3208 2650 :
3245 2614 3265 2648 ι
3301 2596 3452 2653 Unus

1883 2681 2050 2746 enim,
2080 2681 2274 2751 inquit,
2291 2682 2588 2749 azdiﬁcans,
2615 2694 2671 2738 et
2694 2699 2836 2739 unus
2849 2685 3154 2752 destruens,
3177 2686 3306 2757 quid
3331 2701 3459 2742 con-

1883 2772 2128 2841 sequitur
2177 2774 2281 2829 nisi
2309 2773 2588 2830 laborem?
2615 2775 2683 2830 Et
2724 2776 2819 2844 qui
2846 2777 3150 2846 baptizatur
3176 2793 3208 2833 a
3238 2787 3457 2834 mortuo

1882 2871 1939 2914 et
1954 2861 2149 2916 iterum
2171 2862 2436 2934 contingit
2454 2870 2746 2930 mortuum,
2761 2866 2890 2936 quid
2918 2866 3132 2937 proﬁcit
3158 2868 3211 2923 in
3235 2868 3454 2925 lavacro

1883 2952 2089 3022 priori?
2111 2952 2189 3009 sic
2215 2961 2269 3009 et
2294 2953 2455 3010 homo
2483 2955 2577 3026 qui
2604 2955 2815 3026 jejunat
2845 2972 2945 3026 pro
2972 2959 3209 3027 peccatis
3237 2960 3371 3026 suis,
3397 2970 3455 3016 et

210 3009 353 3064 dem.
386 3009 462 3064 Ita
482 3018 537 3065 et
552 3012 643 3082 qui
672 3013 1044 3084 desperatione
1067 3017 1212 3086 capti
1240 3027 1369 3073 sunt
1395 3018 1781 3077 irrevocabiles

1884 3009 2078 3096 iterum
2098 3042 2265 3108 vadit,
2280 3052 2333 3099 et
2347 3009 2532 3100 eadem
2547 3009 2677 3117 agit:
2689 3060 2784 3101 ora
2792 3009 2999 3102 tionem
3011 3046 3126 3116 ejus
3137 3050 3258 3120 quis
3273 3050 3458 3106 audiet

212 3100 347 3153 ﬁunt
372 3139 388 3166 ,
440 3116 536 3171 per
577 3115 766 3159 omnes
812 3109 959 3160 enim
1011 3106 1229 3163 malitiae
1273 3109 1391 3165 vias
1430 3110 1777 3168 discurrunt:

210 3191 382 3259 pudor
403 3192 533 3248 nihil
569 3195 834 3264 prohibet,
874 3206 1049 3254 metus
1070 3199 1203 3254 nihil
1232 3199 1472 3272 impedit,
1500 3206 1784 3274 praesentia

214 3298 323 3337 non
354 3293 619 3353 metuunt,
660 3288 840 3344 futura
884 3304 993 3345 non
1042 3290 1416 3361 reformidant,
1478 3294 1591 3351 sola
1636 3310 1783 3353 mors

210 3381 313 3438 est,
348 3389 509 3445 quam
552 3380 779 3436 evadere
808 3394 915 3435 non
943 3391 1169 3452 possunt
1198 3402 1212 3438 :
1263 3394 1484 3457 propter
1513 3388 1656 3458 quod
1691 3389 1782 3445 de-

209 3476 404 3533 precor
467 3466 783 3540 priusquam
846 3472 1216 3529 vehementius
1295 3476 1584 3533 inebricris
1654 3478 1780 3535 mali

210 3555 372 3625 hujus
420 3571 646 3624 veneno,
696 3576 948 3633 exsurge,
987 3578 1188 3633 quaeso,
1245 3574 1298 3623 te
1339 3570 1653 3640 expergisce
1681 3572 1781 3626 ali-

209 3647 446 3716 quando,
472 3656 528 3701 et
548 3649 867 3706 diabolicam
890 3654 1030 3710 hanc
1049 3656 1257 3726 depone
1277 3658 1600 3717 molestiam.
1625 3661 1780 3729 Quod

209 3738 257 3794 si
292 3738 362 3793 ad
391 3741 629 3797 subitum
658 3758 764 3799 non
809 3757 980 3814 potes,
1014 3746 1271 3816 paulatim
1297 3757 1353 3804 et
1380 3751 1580 3806 sensim
1608 3753 1781 3809 recol-

209 3829 316 3901 lige
336 3830 567 3897 animos,
589 3834 853 3915 quamvis,
884 3844 944 3890 ut
963 3837 1093 3891 mihi
1110 3838 1341 3906 videtur,
1368 3839 1581 3897 facilior
1600 3843 1684 3897 via
1709 3842 1780 3898 sit

208 3920 390 3976 omnia
419 3922 579 3978 simul
612 3925 932 3996 abrumpere
961 3935 1018 3982 et
1037 3927 1160 3982 mali
1185 3929 1344 4000 hujus
1367 3932 1663 3988 retinacula
1683 3950 1777 4004 pa-

209 4010 345 4065 riter
361 4022 574 4080 cuncta,
603 4023 764 4085 atque
792 4032 860 4072 ex
904 4016 1114 4089 integro
1135 4019 1203 4073 ad
1233 4021 1495 4077 exercitia
1534 4026 1775 4080 converti

208 4099 558 4168 poenitentia}.
615 4102 672 4158 Si
727 4112 905 4160 autem
962 4106 1058 4162 tibi
1107 4108 1211 4164 hoc
1259 4107 1475 4166 diﬂicile
1526 4111 1774 4181 videtur,

207 4185 399 4242 saltem
425 4203 578 4245 sume
601 4190 813 4248 initium
849 4192 1090 4264 aliquod,
1133 4195 1373 4253 melioris
1396 4198 1520 4254 vita:
1540 4206 1597 4254 et
1620 4207 1776 4256 aster-

207 4293 293 4334 uaa
333 4280 656 4338 desiderium
693 4299 848 4355 cape,
895 4294 953 4341 et
996 4286 1076 4342 sic
1113 4286 1342 4344 Domino
1379 4289 1678 4360 opitulante
1705 4293 1775 4348 ad

1885 3129 2076 3202 (Eecli.
2104 3147 2286 3197 xxxrv,
2306 3132 2400 3205 29)
2424 3152 2443 3185 ι
2462 3133 2486 3187 ?
2506 3133 2573 3188 Et
2591 3133 2787 3189 iterum
2810 3134 2943 3191 dicit
2968 3154 2982 3190 :
3007 3136 3109 3205 Qui
3135 3138 3325 3195 redita
3349 3140 3451 3195 Dei

1877 3221 2086 3291 justitia
2109 3226 2175 3279 ad
2192 3230 2496 3293 peccatum,
2518 3223 2777 3280 Dominus
2794 3226 3096 3298 praecipitat
3116 3242 3238 3284 eum
3262 3228 3316 3283 in
3339 3228 3452 3301 gla-

1882 3312 2050 3377 dium,
2067 3321 2121 3368 et
2139 3313 2459 3379 sicutcanis,
2476 3328 2599 3371 cum
2613 3315 2906 3371 revertitur
2915 3318 2981 3373 ad
2995 3320 3257 3375 vomitum
3268 3336 3452 3387 suum,

1880 3405 2094 3461 odibilis
2107 3404 2356 3471 eﬁicitur,
2381 3407 2453 3461 ita
2476 3415 2534 3462 et
2554 3406 2751 3463 stultus
2775 3423 2897 3463 cum
2919 3410 3207 3465 revertitur
3232 3412 3298 3466 ad
3320 3427 3451 3483 pec-

1880 3505 2060 3552 catum
2083 3512 2262 3552 suum.
2286 3495 2404 3551 Non
2421 3512 2553 3568 ergo
2583 3497 2687 3553 hoc
2705 3498 2877 3553 solum
2908 3501 3105 3557 sullicit
3129 3503 3173 3558 si
3205 3503 3458 3561 incusans

1879 3588 2221 3659 temetipsum
2268 3596 2493 3657 peccata
2519 3595 2613 3642 tua
2658 3590 2893 3646 videaris
2933 3606 3225 3663 exponere,
3259 3596 3353 3651 sed
3387 3612 3455 3653 eo

1881 3676 2074 3732 aﬁ‘ectu
2114 3679 2231 3732 hare
2266 3691 2385 3748 age,
2420 3684 2479 3731 ιιι
2524 3691 2710 3746 speres
2746 3679 2844 3733 tibi
2875 3678 2929 3733 in
2956 3694 3021 3735 eo
3053 3680 3458 3750 justiﬁeationis

1880 3768 2083 3837 aliquid
2108 3764 2343 3824 conferri
2387 3781 2484 3838 per
2510 3768 2908 3839 paenitentiam.
2951 3766 3043 3826 Sic
3074 3772 3217 3827 enim
3247 3776 3457 3844 poteris

1880 3859 2073 3914 animae
2100 3867 2205 3913 tuae
2233 3858 2510 3914 conﬁtenti
2533 3858 2775 3913 incutere
2798 3860 3199 3925 verecundiam,
3225 3878 3293 3917 ne
3313 3862 3452 3919 ultra

1879 3950 1936 4004 in
1962 3950 2077 4005 haec
2128 3963 2229 4019 pro
2277 3948 2472 4018 quibus
2524 3946 2814 4002 conﬁtetur
2844 3948 3108 4004 incurrat.
3139 3948 3274 4005 Nam
3324 3967 3455 4008 con-

1878 4041 2138 4096 demnare
2160 4039 2506 4110 semetipsum
2530 4047 2585 4095 et
2608 4046 2950 4109 peccatorem
2979 4039 3181 4107 dicere,
3213 4057 3456 4099 commu-

1876 4146 1947 4187 ne
1975 4133 2078 4187 boc
2122 4140 2205 4186 est
2231 4129 2490 4193 omnium.
2517 4136 2572 4184 et
2626 4128 2741 4183 haec
2776 4128 3097 4199 paenitentia
3143 4138 3227 4186 est
3269 4129 3454 4186 inﬁde-

1876 4223 2041 4288 lium;
2073 4221 2304 4291 denique
2326 4218 2479 4274 multi
2523 4218 2588 4273 de
2621 4232 2781 4272 scena
2823 4233 3039 4289 quoque
3084 4218 3187 4273 viri
3226 4226 3280 4275 et
3310 4234 3450 4290 pra:-

1876 4315 2035 4386 cipue
2063 4313 2320 4370 mulieres
2347 4309 2630 4381 impudicae
2673 4317 2986 4381 peccatores
3031 4309 3352 4379 semetipsos
3394 4318 3452 4364 et

207 4370 413 4474 {mlo-:3
450 4380 504 4428 εἴ
530 4373 848 4474 Deflectit)”
884 4379 1229 4435 οοιιεοθηάεθο
1258 4379 1497 4436 Primum
1524 4396 1654 4455 ⁸1⁵80
1681 4398 1779 4454 Per
1804 4395 1857 4457 D
1881 4370 2173 4461 sceleratos
2216 4370 2505 4474 appellant,
2547 4415 2653 4456 non
2674 4370 2744 4454 eo
2789 4408 3076 4470 prospectu
3102 4370 3242 4454 hmo-
3265 4399 3453 4456 dicunt

207 4461 563 4518 humilitatem
608 4465 961 4523 confessionis
1006 4469 1189 4537 profer
1229 4470 1426 4526 delicta
1465 4480 1557 4526 tua
1586 4487 1770 4528 coram

206 4552 320 4607 Deo
364 4554 629 4609 sacerdoti
683 4564 740 4609 et
788 4557 867 4611 sic
900 4559 1228 4627 paenitentiae
1273 4559 1542 4614 modicum
1591 4561 1660 4616 ab
1707 4574 1774 4615 eo

202 4640 466 4697 indictum
519 4643 806 4714 diligenter
836 4659 1154 4715 exsequere,
1220 4662 1320 4703 nec
1361 4648 1654 4703 revertaris
1704 4647 1772 4702 ad

200 4731 389 4802 priora
418 4733 569 4799 vitia,
594 4735 689 4790 sed
716 4751 929 4806 semper
946 4751 1045 4806 per
1075 4737 1300 4807 iustitia:
1325 4739 1515 4794 callem
1556 4739 1773 4796 studeas

200 4821 489 4893 pervenire
516 4823 583 4877 ad
610 4822 868 4878 virtutum
893 4840 1098 4880 arcem.

458 4934 581 4991 JAP.
605 4934 745 4991 XIX.
769 4968 840 4978 —-
862 4936 939 4992 De
969 4938 1295 5008 confessione
1327 4940 1535 4996 humili.

275 5047 611 5107 Humilitatis
636 5052 943 5111 testimonia
985 5061 1129 5117 sunt,
1160 5061 1215 5110 et
1244 5054 1582 5125 iniquitatem
1622 5070 1775 5111 suam

198 5157 475 5217 quemque
510 5158 841 5215 cognoscere
865 5153 923 5201 et
947 5146 1221 5216 cognitam
1258 5160 1393 5203 voce
1422 5145 1777 5202 confessionis

202 5234 759 5306 aperire.,Usitatum
811 5238 1031 5293 humani
1074 5239 1289 5309 generis
1333 5239 1520 5294 vitium
1577 5246 1682 5304 est,
1719 5249 1775 5292 et

202 5327 437 5383 labeudo
481 5339 760 5400 peccatum
789 5330 1153 5395 committere,
1196 5338 1254 5384 et
1284 5329 1630 5384 commissum
1666 5343 1773 5383 non

202 5416 513 5473 conﬁtendo
564 5419 814 5489 prodere,
857 5420 952 5475 sed
1005 5420 1250 5488 negando
1282 5418 1572 5475 defendere
1612 5426 1775 5486 atque

200 5509 513 5566 convictum
548 5511 886 5568 defendendo
912 5512 1305 5583 multiplicare;
1333 5525 1401 5565 ex
1441 5509 1532 5565 illo
1577 5509 1775 5578 quippe

201 5597 361 5661 130511
385 5602 548 5665 primi
577 5603 811 5659 hominis
848 5605 964 5659 bzec
1004 5611 1289 5674 augmenta
1333 5602 1582 5672 nequitia:
1619 5599 1775 5654 duci-

1873 4511 1983 4567 quo
2003 4494 2226 4564 cupiant
2246 4492 2542 4557 emendari,
2566 4491 2688 4547 ideo
2715 4505 2820 4544 non
2842 4496 2927 4544 est
2948 4489 3174 4544 dicenda
3197 4489 3297 4544 ista
3317 4505 3449 4545 con-

1873 4592 2056 4657 fessio,
2079 4608 2185 4646 non
2212 4591 2354 4646 enim
2375 4607 2439 4648 ex
2466 4589 2629 4646 corde
2648 4596 2968 4658 compuncto
2992 4602 3091 4642 nec
3114 4587 3165 4641 in
3187 4586 3448 4641 amaritu-

1871 4686 1995 4742 dine
2008 4686 2363 4755 lacrymarum
2382 4682 2505 4737 talia
2522 4680 2885 4752 proferuntur,
2902 4694 3002 4734 nec
3015 4693 3078 4734 eo
3092 4676 3281 4733 allecto
3296 4676 3449 4748 quasi

1870 4777 1963 4847 qui
1988 4774 2282 4831 oderintea
2315 4788 2435 4843 qua:
2473 4778 2747 4835 accusant,
2776 4785 2875 4825 nec
2928 4770 3070 4824 ultra
3118 4785 3222 4825 non
3272 4769 3446 4825 dicam

1876 4881 2036 4938 agere
2065 4866 2196 4929 hate,
2229 4862 2323 4919 sed
2355 4878 2422 4918 ne
2461 4862 2645 4917 audire
2674 4861 2890 4931 quidem
2914 4859 3097 4924 velint,
3121 4859 3213 4913 sed
3238 4865 3447 4913 tantum

1880 4973 1965 5014 res
1983 4958 2036 5013 in
2057 4970 2305 5012 sermone
2318 4964 2418 5021 est,
2434 4963 2489 5009 et
2508 4968 2758 5010 sermone
2776 4952 2998 5007 summis
3017 4967 3047 5004 c
3076 4951 3228 5005 labiis
3249 4965 3355 5004 non
3380 4964 3450 5004 ex

1878 5050 2068 5104 intimo
2094 5046 2278 5104 dolore
2302 5046 2482 5102 cordis
2505 5044 2789 5116 producto,
2813 5043 2886 5097 ita
2906 5053 2965 5097 ut
2989 5041 3257 5097 interdum
3285 5040 3447 5096 etiam

1876 5154 1977 5209 pro
2004 5139 2108 5193 hoc
2128 5137 2245 5208 ipso
2277 5135 2487 5191 laudari
2513 5142 2848 5204 exspectent,
2893 5133 3043 5203 quasi
3074 5132 3163 5203 qui
3191 5132 3323 5188 nihil
3351 5132 3452 5187 fal-

1877 5231 2030 5295 lant;
2079 5228 2175 5285 sed
2197 5228 2325 5285 licet
2351 5235 2538 5282 contra
2565 5225 2905 5305 semetipsos,
2937 5235 3114 5280 tamen
3143 5240 3269 5279 vera
3319 5238 3449 5293 pro-

1881 5323 2148 5387 nuntient,
2195 5320 2351 5392 quasi
2394 5320 2467 5374 ita
2502 5332 2667 5391 grave
2709 5319 2849 5388 apud
2903 5320 3151 5374 homines
3196 5324 3451 5387 appareat

1879 5423 2183 5486 peccatum,
2212 5428 2334 5469 cum
2366 5411 2435 5466 ab
2464 5426 2529 5466 eo
2550 5410 2818 5481 perfertur
2854 5411 2946 5479 qui
2974 5408 3210 5473 admisit,
3242 5416 3299 5462 ut
3325 5422 3448 5461 cum

1880 5510 1947 5565 ab
1969 5508 2075 5564 alio
2095 5507 2371 5578 arguitur;
2403 5504 2497 5561 sed
2523 5502 2666 5559 istud
2686 5501 2892 5558 faciunt
2921 5503 2998 5566 hi,
3025 5499 3117 5571 qui
3154 5499 3321 5553 multa
3355 5499 3446 5552 de-

1880 5599 2189 5671 speratione
2212 5599 2375 5654 etiam
2399 5612 2557 5652 sensu
2580 5594 2782 5651 doloris
2802 5600 3011 5657 carent,
3044 5605 3142 5645 nec
3169 5589 3449 5644 hominum
