  <div class='ocr_page' id='page_1' title='image "/cluster/home/n/w/nwhite01/storage/ocr_20150623/112/hvd.32044015685407/669.png"; bbox 0 0 3956 6326; ppageno 0'>
   <div class='ocr_carea' id='block_1_1' title="bbox 485 280 620 336">
    <p class='ocr_par' dir='ltr' id='par_1_1' title="bbox 485 280 620 336">
     <span class='ocr_line' id='line_1_1' title="bbox 485 280 620 336; baseline -0.015 0"><span class='ocrx_word' id='word_1_1' title='bbox 485 280 620 336; x_wconf 68' lang='grc'><strong>1317</strong></span> 
     </span>
    </p>
   </div>
   <div class='ocr_carea' id='block_1_2' title="bbox 1110 281 3110 342">
    <p class='ocr_par' dir='ltr' id='par_1_2' title="bbox 1110 281 3110 342">
     <span class='ocr_line' id='line_1_2' title="bbox 1110 281 3110 342; baseline 0.002 -6"><span class='ocrx_word' id='word_1_2' title='bbox 1110 283 1178 336; x_wconf 79' lang='grc' dir='ltr'><strong>Β.</strong></span> <span class='ocrx_word' id='word_1_3' title='bbox 1217 281 1476 340; x_wconf 74' lang='lat' dir='ltr'><strong>MBAN]</strong></span> <span class='ocrx_word' id='word_1_4' title='bbox 1515 284 1732 342; x_wconf 77' lang='lat' dir='ltr'><strong>MAURI</strong></span> <span class='ocrx_word' id='word_1_5' title='bbox 1771 285 2086 342; x_wconf 79' lang='lat' dir='ltr'><strong>ARCHIEP.</strong></span> <span class='ocrx_word' id='word_1_6' title='bbox 2129 284 2438 342; x_wconf 74' lang='lat' dir='ltr'><strong>MOGUNT.</strong></span> <span class='ocrx_word' id='word_1_7' title='bbox 2481 283 2766 342; x_wconf 76' lang='lat' dir='ltr'><strong>OPERUM</strong></span> <span class='ocrx_word' id='word_1_8' title='bbox 2803 283 2986 340; x_wconf 70' lang='lat' dir='ltr'><strong>PARS</strong></span> <span class='ocrx_word' id='word_1_9' title='bbox 3023 285 3110 340; x_wconf 84' lang='grc' dir='ltr'><strong>ΙΙΙ.</strong></span> 
     </span>
    </p>
   </div>
   <div class='ocr_carea' id='block_1_3' title="bbox 3590 288 3733 345">
    <p class='ocr_par' dir='ltr' id='par_1_3' title="bbox 3590 288 3733 345">
     <span class='ocr_line' id='line_1_3' title="bbox 3590 288 3733 345; baseline 0.028 -4"><span class='ocrx_word' id='word_1_10' title='bbox 3590 288 3733 345; x_wconf 63' lang='grc' dir='ltr'><strong>ιω</strong></span> 
     </span>
    </p>
   </div>
   <div class='ocr_carea' id='block_1_4' title="bbox 477 393 3734 471">
    <p class='ocr_par' dir='ltr' id='par_1_4' title="bbox 477 393 3734 471">
     <span class='ocr_line' id='line_1_4' title="bbox 477 393 3734 471; baseline 0.002 -23"><span class='ocrx_word' id='word_1_11' title='bbox 477 393 592 463; x_wconf 77' lang='lat' dir='ltr'><strong>jam</strong></span> <span class='ocrx_word' id='word_1_12' title='bbox 626 402 880 448; x_wconf 82' lang='lat' dir='ltr'><strong>verentur</strong></span> <span class='ocrx_word' id='word_1_13' title='bbox 907 403 1105 458; x_wconf 81' lang='lat' dir='ltr'><strong>notam,</strong></span> <span class='ocrx_word' id='word_1_14' title='bbox 1141 395 1234 450; x_wconf 82' lang='lat' dir='ltr'><strong>sed</strong></span> <span class='ocrx_word' id='word_1_15' title='bbox 1261 411 1383 450; x_wconf 89' lang='lat' dir='ltr'><strong>cum</strong></span> <span class='ocrx_word' id='word_1_16' title='bbox 1411 395 1604 451; x_wconf 74' lang='lat' dir='ltr'><strong>fiducia</strong></span> <span class='ocrx_word' id='word_1_17' title='bbox 1633 399 1862 466; x_wconf 87' lang='lat' dir='ltr'><strong>quadam</strong></span> <span class='ocrx_word' id='word_1_18' title='bbox 1890 400 2042 468; x_wconf 71' lang='lat' dir='ltr'><strong>quasi</strong></span> <span class='ocrx_word' id='word_1_19' title='bbox 2073 404 2120 461; x_wconf 79' lang='grc' dir='ltr'>Α</span> <span class='ocrx_word' id='word_1_20' title='bbox 2147 398 2428 469; x_wconf 90' lang='lat' dir='ltr'><strong>conspicit,</strong></span> <span class='ocrx_word' id='word_1_21' title='bbox 2481 401 2573 455; x_wconf 86' lang='lat' dir='ltr'><strong>sed</strong></span> <span class='ocrx_word' id='word_1_22' title='bbox 2628 409 2807 454; x_wconf 88' lang='lat' dir='ltr'><strong>tamen</strong></span> <span class='ocrx_word' id='word_1_23' title='bbox 2865 401 3004 454; x_wconf 80' lang='lat' dir='ltr'><strong>hanc</strong></span> <span class='ocrx_word' id='word_1_24' title='bbox 3053 402 3418 469; x_wconf 73' lang='lat' dir='ltr'><strong>praeveniente</strong></span> <span class='ocrx_word' id='word_1_25' title='bbox 3451 403 3630 471; x_wconf 84' lang='lat' dir='ltr'><strong>gratia</strong></span> <span class='ocrx_word' id='word_1_26' title='bbox 3664 404 3734 456; x_wconf 84' lang='lat' dir='ltr'><strong>ad</strong></span> 
     </span>
    </p>
   </div>
   <div class='ocr_carea' id='block_1_5' title="bbox 480 486 2044 556">
    <p class='ocr_par' dir='ltr' id='par_1_5' title="bbox 480 486 2044 556">
     <span class='ocr_line' id='line_1_5' title="bbox 480 486 2044 556; baseline 0.001 -16"><span class='ocrx_word' id='word_1_27' title='bbox 480 487 656 540; x_wconf 88' lang='lat' dir='ltr'><strong>aliena</strong></span> <span class='ocrx_word' id='word_1_28' title='bbox 683 487 756 539; x_wconf 89' lang='lat' dir='ltr'><strong>ita</strong></span> <span class='ocrx_word' id='word_1_29' title='bbox 784 486 997 556; x_wconf 88' lang='lat' dir='ltr'><strong>propria</strong></span> <span class='ocrx_word' id='word_1_30' title='bbox 1026 488 1380 554; x_wconf 88' lang='lat' dir='ltr'><strong>pronuntiant</strong></span> <span class='ocrx_word' id='word_1_31' title='bbox 1409 489 1568 542; x_wconf 91' lang='lat' dir='ltr'><strong>mala.</strong></span> <span class='ocrx_word' id='word_1_32' title='bbox 1599 491 1674 543; x_wconf 90' lang='lat' dir='ltr'><strong>Te</strong></span> <span class='ocrx_word' id='word_1_33' title='bbox 1699 500 1879 544; x_wconf 89' lang='lat' dir='ltr'><strong>autem</strong></span> <span class='ocrx_word' id='word_1_34' title='bbox 1911 490 2044 544; x_wconf 85' lang='lat' dir='ltr'><strong>nihil</strong></span> 
     </span>
    </p>
   </div>
   <div class='ocr_carea' id='block_1_6' title="bbox 480 573 2046 647">
    <p class='ocr_par' dir='ltr' id='par_1_6' title="bbox 480 573 2046 647">
     <span class='ocr_line' id='line_1_6' title="bbox 480 573 2046 647; baseline 0 -15"><span class='ocrx_word' id='word_1_35' title='bbox 480 578 674 632; x_wconf 83' lang='lat' dir='ltr'><strong>horum</strong></span> <span class='ocrx_word' id='word_1_36' title='bbox 709 573 886 630; x_wconf 85' lang='lat' dir='ltr'><strong>facere</strong></span> <span class='ocrx_word' id='word_1_37' title='bbox 934 576 1072 640; x_wconf 88' lang='lat' dir='ltr'><strong>volo,</strong></span> <span class='ocrx_word' id='word_1_38' title='bbox 1132 591 1307 644; x_wconf 90' lang='lat' dir='ltr'><strong>neque</strong></span> <span class='ocrx_word' id='word_1_39' title='bbox 1351 579 1725 647; x_wconf 75' lang='lat' dir='ltr'><strong>desperatione</strong></span> <span class='ocrx_word' id='word_1_40' title='bbox 1764 581 1830 633; x_wconf 90' lang='lat' dir='ltr'><strong>ad</strong></span> <span class='ocrx_word' id='word_1_41' title='bbox 1879 580 2046 634; x_wconf 83' lang='lat' dir='ltr'><strong>conﬂ-</strong></span> 
     </span>
    </p>
   </div>
   <div class='ocr_carea' id='block_1_7' title="bbox 479 665 2046 738">
    <p class='ocr_par' dir='ltr' id='par_1_7' title="bbox 479 665 2046 738">
     <span class='ocr_line' id='line_1_7' title="bbox 479 665 2046 738; baseline 0.001 -17"><span class='ocrx_word' id='word_1_42' title='bbox 479 665 699 721; x_wconf 82' lang='lat' dir='ltr'><strong>teuduin</strong></span> <span class='ocrx_word' id='word_1_43' title='bbox 721 665 928 728; x_wconf 82' lang='lat' dir='ltr'><strong>venire,</strong></span> <span class='ocrx_word' id='word_1_44' title='bbox 959 665 1053 719; x_wconf 88' lang='lat' dir='ltr'><strong>sed</strong></span> <span class='ocrx_word' id='word_1_45' title='bbox 1079 679 1200 718; x_wconf 92' lang='lat' dir='ltr'><strong>cum</strong></span> <span class='ocrx_word' id='word_1_46' title='bbox 1229 680 1323 734; x_wconf 90' lang='lat' dir='ltr'><strong>spe</strong></span> <span class='ocrx_word' id='word_1_47' title='bbox 1364 667 1503 720; x_wconf 92' lang='lat' dir='ltr'><strong>bona</strong></span> <span class='ocrx_word' id='word_1_48' title='bbox 1545 677 1600 722; x_wconf 89' lang='lat' dir='ltr'><strong>et</strong></span> <span class='ocrx_word' id='word_1_49' title='bbox 1629 669 2046 738; x_wconf 77' lang='lat' dir='ltr'><strong>presumptione</strong></span> 
     </span>
    </p>
   </div>
   <div class='ocr_carea' id='block_1_8' title="bbox 479 753 2041 827">
    <p class='ocr_par' dir='ltr' id='par_1_8' title="bbox 479 753 2041 827">
     <span class='ocr_line' id='line_1_8' title="bbox 479 753 2041 827; baseline 0.001 -17"><span class='ocrx_word' id='word_1_50' title='bbox 479 753 845 825; x_wconf 65' lang='lat' dir='ltr'><strong>indulgentiae,</strong></span> <span class='ocrx_word' id='word_1_51' title='bbox 877 755 1268 824; x_wconf 75' lang='lat' dir='ltr'><strong>desperationis</strong></span> <span class='ocrx_word' id='word_1_52' title='bbox 1324 757 1505 812; x_wconf 81' lang='lat' dir='ltr'><strong>radice</strong></span> <span class='ocrx_word' id='word_1_53' title='bbox 1553 759 1765 827; x_wconf 88' lang='lat' dir='ltr'><strong>penitus</strong></span> <span class='ocrx_word' id='word_1_54' title='bbox 1819 758 2041 813; x_wconf 75' lang='lat' dir='ltr'><strong>excisa:</strong></span> 
     </span>
    </p>
   </div>
   <div class='ocr_carea' id='block_1_9' title="bbox 479 847 2045 918">
    <p class='ocr_par' dir='ltr' id='par_1_9' title="bbox 479 847 2045 918">
     <span class='ocr_line' id='line_1_9' title="bbox 479 847 2045 918; baseline 0 -16"><span class='ocrx_word' id='word_1_55' title='bbox 479 848 633 903; x_wconf 80' lang='lat' dir='ltr'><strong>radix</strong></span> <span class='ocrx_word' id='word_1_56' title='bbox 674 857 760 901; x_wconf 91' lang='lat' dir='ltr'><strong>est</strong></span> <span class='ocrx_word' id='word_1_57' title='bbox 795 847 936 900; x_wconf 89' lang='lat' dir='ltr'><strong>enim</strong></span> <span class='ocrx_word' id='word_1_58' title='bbox 977 847 1368 915; x_wconf 90' lang='lat' dir='ltr'><strong>desperationis</strong></span> <span class='ocrx_word' id='word_1_59' title='bbox 1414 848 1658 918; x_wconf 79' lang='lat' dir='ltr'><strong>ignavia,</strong></span> <span class='ocrx_word' id='word_1_60' title='bbox 1720 865 1827 905; x_wconf 92' lang='lat' dir='ltr'><strong>non</strong></span> <span class='ocrx_word' id='word_1_61' title='bbox 1871 850 2045 904; x_wconf 92' lang='lat' dir='ltr'><strong>solum</strong></span> 
     </span>
    </p>
   </div>
   <div class='ocr_carea' id='block_1_10' title="bbox 478 934 2044 1008">
    <p class='ocr_par' dir='ltr' id='par_1_10' title="bbox 478 934 2044 1008">
     <span class='ocr_line' id='line_1_10' title="bbox 478 934 2044 1008; baseline 0.001 -16"><span class='ocrx_word' id='word_1_62' title='bbox 478 938 634 992; x_wconf 89' lang='lat' dir='ltr'><strong>radix</strong></span> <span class='ocrx_word' id='word_1_63' title='bbox 657 937 751 992; x_wconf 87' lang='lat' dir='ltr'><strong>sed</strong></span> <span class='ocrx_word' id='word_1_64' title='bbox 773 935 955 990; x_wconf 82' lang='lat' dir='ltr'><strong>nutrix</strong></span> <span class='ocrx_word' id='word_1_65' title='bbox 978 934 1092 1004; x_wconf 86' lang='lat' dir='ltr'><strong>ejus</strong></span> <span class='ocrx_word' id='word_1_66' title='bbox 1113 945 1168 990; x_wconf 92' lang='lat' dir='ltr'><strong>et</strong></span> <span class='ocrx_word' id='word_1_67' title='bbox 1209 945 1399 990; x_wconf 87' lang='lat' dir='ltr'><strong>mater.</strong></span> <span class='ocrx_word' id='word_1_68' title='bbox 1427 937 1560 992; x_wconf 85' lang='lat' dir='ltr'><strong>Nam</strong></span> <span class='ocrx_word' id='word_1_69' title='bbox 1587 938 1726 993; x_wconf 91' lang='lat' dir='ltr'><strong>sicut</strong></span> <span class='ocrx_word' id='word_1_70' title='bbox 1755 939 1922 994; x_wconf 89' lang='lat' dir='ltr'><strong>vestis</strong></span> <span class='ocrx_word' id='word_1_71' title='bbox 1950 953 2044 1008; x_wconf 90' lang='lat' dir='ltr'><strong>ge-</strong></span> 
     </span>
    </p>
   </div>
   <div class='ocr_carea' id='block_1_11' title="bbox 475 1030 2048 1102">
    <p class='ocr_par' dir='ltr' id='par_1_11' title="bbox 475 1030 2048 1102">
     <span class='ocr_line' id='line_1_11' title="bbox 475 1030 2048 1102; baseline 0.003 -20"><span class='ocrx_word' id='word_1_72' title='bbox 475 1037 633 1083; x_wconf 89' lang='lat' dir='ltr'><strong>nerat</strong></span> <span class='ocrx_word' id='word_1_73' title='bbox 659 1031 835 1083; x_wconf 87' lang='lat' dir='ltr'><strong>tineas</strong></span> <span class='ocrx_word' id='word_1_74' title='bbox 861 1036 917 1084; x_wconf 89' lang='lat' dir='ltr'><strong>et</strong></span> <span class='ocrx_word' id='word_1_75' title='bbox 939 1030 1132 1095; x_wconf 86' lang='lat' dir='ltr'><strong>nutrit,</strong></span> <span class='ocrx_word' id='word_1_76' title='bbox 1165 1031 1238 1084; x_wconf 89' lang='lat' dir='ltr'><strong>ita</strong></span> <span class='ocrx_word' id='word_1_77' title='bbox 1268 1039 1322 1085; x_wconf 91' lang='lat' dir='ltr'><strong>et</strong></span> <span class='ocrx_word' id='word_1_78' title='bbox 1370 1031 1581 1102; x_wconf 79' lang='lat' dir='ltr'><strong>ignavia</strong></span> <span class='ocrx_word' id='word_1_79' title='bbox 1609 1047 1715 1085; x_wconf 90' lang='lat' dir='ltr'><strong>non</strong></span> <span class='ocrx_word' id='word_1_80' title='bbox 1756 1032 1929 1086; x_wconf 91' lang='lat' dir='ltr'><strong>solum</strong></span> <span class='ocrx_word' id='word_1_81' title='bbox 1969 1032 2048 1102; x_wconf 85' lang='lat' dir='ltr'><strong>gi-</strong></span> 
     </span>
    </p>
   </div>
   <div class='ocr_carea' id='block_1_12' title="bbox 474 1120 2048 1190">
    <p class='ocr_par' dir='ltr' id='par_1_12' title="bbox 474 1120 2048 1190">
     <span class='ocr_line' id='line_1_12' title="bbox 474 1120 2048 1190; baseline 0.004 -17"><span class='ocrx_word' id='word_1_82' title='bbox 474 1120 589 1190; x_wconf 86' lang='lat' dir='ltr'><strong>gnit</strong></span> <span class='ocrx_word' id='word_1_83' title='bbox 615 1120 1064 1190; x_wconf 89' lang='lat' dir='ltr'><strong>desperationem,</strong></span> <span class='ocrx_word' id='word_1_84' title='bbox 1093 1123 1185 1177; x_wconf 90' lang='lat' dir='ltr'><strong>sed</strong></span> <span class='ocrx_word' id='word_1_85' title='bbox 1232 1131 1286 1177; x_wconf 90' lang='lat' dir='ltr'><strong>et</strong></span> <span class='ocrx_word' id='word_1_86' title='bbox 1319 1123 1413 1177; x_wconf 86' lang='lat' dir='ltr'><strong>alit</strong></span> <span class='ocrx_word' id='word_1_87' title='bbox 1455 1134 1510 1179; x_wconf 89' lang='lat' dir='ltr'><strong>et</strong></span> <span class='ocrx_word' id='word_1_88' title='bbox 1547 1123 1711 1189; x_wconf 87' lang='lat' dir='ltr'><strong>fovet,</strong></span> <span class='ocrx_word' id='word_1_89' title='bbox 1756 1140 1821 1180; x_wconf 82' lang='lat' dir='ltr'><strong>ex</strong></span> <span class='ocrx_word' id='word_1_90' title='bbox 1849 1135 2048 1181; x_wconf 87' lang='lat' dir='ltr'><strong>semet—</strong></span> 
     </span>
    </p>
   </div>
   <div class='ocr_carea' id='block_1_13' title="bbox 476 1211 2046 1287">
    <p class='ocr_par' dir='ltr' id='par_1_13' title="bbox 476 1211 2046 1287">
     <span class='ocr_line' id='line_1_13' title="bbox 476 1211 2046 1287; baseline 0.002 -20"><span class='ocrx_word' id='word_1_91' title='bbox 476 1211 605 1281; x_wconf 87' lang='lat' dir='ltr'><strong>ipsis</strong></span> <span class='ocrx_word' id='word_1_92' title='bbox 635 1211 813 1283; x_wconf 81' lang='lat' dir='ltr'><strong>igitur</strong></span> <span class='ocrx_word' id='word_1_93' title='bbox 829 1214 1139 1268; x_wconf 89' lang='lat' dir='ltr'><strong>animantur</strong></span> <span class='ocrx_word' id='word_1_94' title='bbox 1157 1215 1276 1268; x_wconf 80' lang='lat' dir='ltr'><strong>hec</strong></span> <span class='ocrx_word' id='word_1_95' title='bbox 1299 1215 1502 1284; x_wconf 87' lang='lat' dir='ltr'><strong>pariter</strong></span> <span class='ocrx_word' id='word_1_96' title='bbox 1540 1226 1598 1272; x_wconf 90' lang='lat' dir='ltr'><strong>et</strong></span> <span class='ocrx_word' id='word_1_97' title='bbox 1642 1227 1961 1287; x_wconf 82' lang='lat' dir='ltr'><strong>augescunt,</strong></span> <span class='ocrx_word' id='word_1_98' title='bbox 1992 1225 2046 1270; x_wconf 86' lang='lat' dir='ltr'><strong>et</strong></span> 
     </span>
    </p>
   </div>
   <div class='ocr_carea' id='block_1_14' title="bbox 473 1302 2047 1372">
    <p class='ocr_par' dir='ltr' id='par_1_14' title="bbox 473 1302 2047 1372">
     <span class='ocr_line' id='line_1_14' title="bbox 473 1302 2047 1372; baseline 0.002 -16"><span class='ocrx_word' id='word_1_99' title='bbox 473 1302 519 1356; x_wconf 83' lang='lat' dir='ltr'><strong>si</strong></span> <span class='ocrx_word' id='word_1_100' title='bbox 540 1302 764 1357; x_wconf 86' lang='lat' dir='ltr'><strong>alteram</strong></span> <span class='ocrx_word' id='word_1_101' title='bbox 807 1302 927 1372; x_wconf 87' lang='lat' dir='ltr'><strong>quis</strong></span> <span class='ocrx_word' id='word_1_102' title='bbox 969 1303 1160 1357; x_wconf 90' lang='lat' dir='ltr'><strong>harum</strong></span> <span class='ocrx_word' id='word_1_103' title='bbox 1211 1304 1473 1369; x_wconf 88' lang='lat' dir='ltr'><strong>abscidat,</strong></span> <span class='ocrx_word' id='word_1_104' title='bbox 1523 1303 1691 1358; x_wconf 89' lang='lat' dir='ltr'><strong>altera</strong></span> <span class='ocrx_word' id='word_1_105' title='bbox 1724 1306 1838 1359; x_wconf 90' lang='lat' dir='ltr'><strong>sine</strong></span> <span class='ocrx_word' id='word_1_106' title='bbox 1877 1303 2047 1359; x_wconf 82' lang='lat' dir='ltr'><strong>dubio</strong></span> 
     </span>
    </p>
   </div>
   <div class='ocr_carea' id='block_1_15' title="bbox 473 1391 1408 1463">
    <p class='ocr_par' dir='ltr' id='par_1_15' title="bbox 473 1391 1408 1463">
     <span class='ocr_line' id='line_1_15' title="bbox 473 1391 1408 1463; baseline 0.001 -18"><span class='ocrx_word' id='word_1_107' title='bbox 473 1391 694 1446; x_wconf 88' lang='lat' dir='ltr'><strong>interitu</strong></span> <span class='ocrx_word' id='word_1_108' title='bbox 723 1392 1017 1463; x_wconf 91' lang='lat' dir='ltr'><strong>perimetur</strong></span> <span class='ocrx_word' id='word_1_109' title='bbox 1037 1391 1280 1457; x_wconf 89' lang='lat' dir='ltr'><strong>alterius,</strong></span> <span class='ocrx_word' id='word_1_110' title='bbox 1304 1401 1408 1446; x_wconf 89' lang='lat' dir='ltr'><strong>etc.</strong></span> 
     </span>
    </p>
   </div>
   <div class='ocr_carea' id='block_1_16' title="bbox 584 1503 1920 1595">
    <p class='ocr_par' dir='ltr' id='par_1_16' title="bbox 584 1503 1920 1595">
     <span class='ocr_line' id='line_1_16' title="bbox 584 1503 1920 1595; baseline 0.001 -18"><span class='ocrx_word' id='word_1_111' title='bbox 584 1522 714 1592; x_wconf 68' lang='lat' dir='ltr'><strong>CAP.</strong></span> <span class='ocrx_word' id='word_1_112' title='bbox 752 1522 895 1578; x_wconf 79' lang='lat' dir='ltr'><strong>XXI.</strong></span> <span class='ocrx_word' id='word_1_113' title='bbox 920 1554 990 1564; x_wconf 96' lang='lat'><strong><em>—</em></strong></span> <span class='ocrx_word' id='word_1_114' title='bbox 1014 1503 1254 1590; x_wconf 75' lang='lat' dir='ltr'><strong>Qualiter</strong></span> <span class='ocrx_word' id='word_1_115' title='bbox 1279 1525 1344 1578; x_wconf 78' lang='lat' dir='ltr'><strong>sit</strong></span> <span class='ocrx_word' id='word_1_116' title='bbox 1370 1524 1671 1594; x_wconf 67' lang='lat' dir='ltr'><strong>pauitantia</strong></span> <span class='ocrx_word' id='word_1_117' title='bbox 1699 1525 1920 1595; x_wconf 79' lang='lat' dir='ltr'><strong>agenda.</strong></span> 
     </span>
    </p>
   </div>
   <div class='ocr_carea' id='block_1_17' title="bbox 542 1652 2048 1729">
    <p class='ocr_par' dir='ltr' id='par_1_17' title="bbox 542 1652 2048 1729">
     <span class='ocr_line' id='line_1_17' title="bbox 542 1652 2048 1729; baseline 0.001 -19"><span class='ocrx_word' id='word_1_118' title='bbox 542 1652 730 1711; x_wconf 85' lang='lat' dir='ltr'><strong>Omnis</strong></span> <span class='ocrx_word' id='word_1_119' title='bbox 747 1665 1008 1726; x_wconf 86' lang='lat' dir='ltr'><strong>peccator</strong></span> <span class='ocrx_word' id='word_1_120' title='bbox 1041 1657 1093 1710; x_wconf 90' lang='lat' dir='ltr'><strong>in</strong></span> <span class='ocrx_word' id='word_1_121' title='bbox 1127 1655 1448 1726; x_wconf 91' lang='lat' dir='ltr'><strong>penitentia</strong></span> <span class='ocrx_word' id='word_1_122' title='bbox 1478 1656 1695 1726; x_wconf 91' lang='lat' dir='ltr'><strong>duplum</strong></span> <span class='ocrx_word' id='word_1_123' title='bbox 1727 1657 1934 1712; x_wconf 85' lang='lat' dir='ltr'><strong>habere</strong></span> <span class='ocrx_word' id='word_1_124' title='bbox 1956 1673 2048 1729; x_wconf 50' lang='lat' dir='ltr'><strong>ge.</strong></span> 
     </span>
    </p>
   </div>
   <div class='ocr_carea' id='block_1_18' title="bbox 2147 489 3740 559">
    <p class='ocr_par' dir='ltr' id='par_1_18' title="bbox 2147 489 3740 559">
     <span class='ocr_line' id='line_1_18' title="bbox 2147 489 3740 559; baseline 0.002 -16"><span class='ocrx_word' id='word_1_125' title='bbox 2147 491 2519 559; x_wconf 88' lang='lat' dir='ltr'><strong>penitentiam</strong></span> <span class='ocrx_word' id='word_1_126' title='bbox 2571 489 2796 544; x_wconf 87' lang='lat' dir='ltr'><strong>emollit.</strong></span> <span class='ocrx_word' id='word_1_127' title='bbox 2839 489 3038 559; x_wconf 89' lang='lat' dir='ltr'><strong>Culpas</strong></span> <span class='ocrx_word' id='word_1_128' title='bbox 3087 499 3302 544; x_wconf 83' lang='lat' dir='ltr'><strong>nostras</strong></span> <span class='ocrx_word' id='word_1_129' title='bbox 3331 491 3476 545; x_wconf 88' lang='lat' dir='ltr'><strong>Deus</strong></span> <span class='ocrx_word' id='word_1_130' title='bbox 3505 508 3740 546; x_wconf 71' lang='lat' dir='ltr'><strong>enume-</strong></span> 
     </span>
    </p>
   </div>
   <div class='ocr_carea' id='block_1_19' title="bbox 2147 580 3736 650">
    <p class='ocr_par' dir='ltr' id='par_1_19' title="bbox 2147 580 3736 650">
     <span class='ocr_line' id='line_1_19' title="bbox 2147 580 3736 650; baseline 0.001 -16"><span class='ocrx_word' id='word_1_131' title='bbox 2147 589 2253 646; x_wconf 88' lang='lat' dir='ltr'><strong>rat,</strong></span> <span class='ocrx_word' id='word_1_132' title='bbox 2290 596 2409 635; x_wconf 90' lang='lat' dir='ltr'><strong>cum</strong></span> <span class='ocrx_word' id='word_1_133' title='bbox 2435 596 2534 635; x_wconf 91' lang='lat' dir='ltr'><strong>nos</strong></span> <span class='ocrx_word' id='word_1_134' title='bbox 2564 581 2708 649; x_wconf 86' lang='lat' dir='ltr'><strong>ipsos</strong></span> <span class='ocrx_word' id='word_1_135' title='bbox 2737 581 2802 633; x_wconf 91' lang='lat' dir='ltr'><strong>ad</strong></span> <span class='ocrx_word' id='word_1_136' title='bbox 2827 580 3045 650; x_wconf 85' lang='lat' dir='ltr'><strong>singula</strong></span> <span class='ocrx_word' id='word_1_137' title='bbox 3073 596 3190 650; x_wconf 68' lang='lat' dir='ltr'><strong>qua:</strong></span> <span class='ocrx_word' id='word_1_138' title='bbox 3222 580 3449 634; x_wconf 81' lang='lat' dir='ltr'><strong>fecimus</strong></span> <span class='ocrx_word' id='word_1_139' title='bbox 3484 580 3736 636; x_wconf 86' lang='lat' dir='ltr'><strong>deﬂenda</strong></span> 
     </span>
    </p>
   </div>
   <div class='ocr_carea' id='block_1_20' title="bbox 2147 668 3738 738">
    <p class='ocr_par' dir='ltr' id='par_1_20' title="bbox 2147 668 3738 738">
     <span class='ocr_line' id='line_1_20' title="bbox 2147 668 3738 738; baseline -0.001 -14"><span class='ocrx_word' id='word_1_140' title='bbox 2147 671 2436 734; x_wconf 88' lang='lat' dir='ltr'><strong>convertit,</strong></span> <span class='ocrx_word' id='word_1_141' title='bbox 2465 683 2602 738; x_wconf 91' lang='lat' dir='ltr'><strong>quas</strong></span> <span class='ocrx_word' id='word_1_142' title='bbox 2632 668 3060 724; x_wconf 85' lang='lat' dir='ltr'><strong>misericorditer</strong></span> <span class='ocrx_word' id='word_1_143' title='bbox 3090 669 3314 733; x_wconf 70' lang='lat' dir='ltr'><strong>rdaxat,</strong></span> <span class='ocrx_word' id='word_1_144' title='bbox 3347 670 3476 730; x_wconf 85' lang='lat' dir='ltr'><strong>quia</strong></span> <span class='ocrx_word' id='word_1_145' title='bbox 3506 684 3576 722; x_wconf 83' lang='lat' dir='ltr'><strong>ea</strong></span> <span class='ocrx_word' id='word_1_146' title='bbox 3603 671 3738 724; x_wconf 78' lang='lat' dir='ltr'><strong>dum</strong></span> 
     </span>
    </p>
   </div>
   <div class='ocr_carea' id='block_1_21' title="bbox 2148 758 3742 828">
    <p class='ocr_par' dir='ltr' id='par_1_21' title="bbox 2148 758 3742 828">
     <span class='ocr_line' id='line_1_21' title="bbox 2148 758 3742 828; baseline -0.002 -15"><span class='ocrx_word' id='word_1_147' title='bbox 2148 775 2245 813; x_wconf 91' lang='lat' dir='ltr'><strong>nos</strong></span> <span class='ocrx_word' id='word_1_148' title='bbox 2270 760 2524 828; x_wconf 92' lang='lat' dir='ltr'><strong>punimus</strong></span> <span class='ocrx_word' id='word_1_149' title='bbox 2563 759 2679 827; x_wconf 90' lang='lat' dir='ltr'><strong>ipse</strong></span> <span class='ocrx_word' id='word_1_150' title='bbox 2723 773 3062 828; x_wconf 86' lang='lat' dir='ltr'><strong>nequaquam</strong></span> <span class='ocrx_word' id='word_1_151' title='bbox 3091 759 3146 811; x_wconf 91' lang='lat' dir='ltr'><strong>in</strong></span> <span class='ocrx_word' id='word_1_152' title='bbox 3188 769 3436 812; x_wconf 78' lang='lat' dir='ltr'><strong>exirem</strong></span> <span class='ocrx_word' id='word_1_153' title='bbox 3479 758 3742 811; x_wconf 77' lang='lat' dir='ltr'><strong>examino</strong></span> 
     </span>
    </p>
   </div>
   <div class='ocr_carea' id='block_1_22' title="bbox 2141 847 3740 917">
    <p class='ocr_par' dir='ltr' id='par_1_22' title="bbox 2141 847 3740 917">
     <span class='ocr_line' id='line_1_22' title="bbox 2141 847 3740 917; baseline -0.001 -15"><span class='ocrx_word' id='word_1_154' title='bbox 2141 847 2364 917; x_wconf 83' lang='lat' dir='ltr'><strong>judicat,</strong></span> <span class='ocrx_word' id='word_1_155' title='bbox 2394 847 2564 902; x_wconf 90' lang='lat' dir='ltr'><strong>Paulo</strong></span> <span class='ocrx_word' id='word_1_156' title='bbox 2601 854 2915 912; x_wconf 90' lang='lat' dir='ltr'><strong>atlestante,</strong></span> <span class='ocrx_word' id='word_1_157' title='bbox 2939 847 3030 916; x_wconf 92' lang='lat' dir='ltr'><strong>qui</strong></span> <span class='ocrx_word' id='word_1_158' title='bbox 3057 848 3135 901; x_wconf 89' lang='lat' dir='ltr'><strong>ait</strong></span> <span class='ocrx_word' id='word_1_159' title='bbox 3161 865 3174 898; x_wconf 91' lang='lat'>:</span> <span class='ocrx_word' id='word_1_160' title='bbox 3204 865 3224 898; x_wconf 78' lang='grc' dir='ltr'>ι</span> <span class='ocrx_word' id='word_1_161' title='bbox 3258 847 3314 900; x_wconf 89' lang='lat' dir='ltr'><strong>Si</strong></span> <span class='ocrx_word' id='word_1_162' title='bbox 3345 862 3448 900; x_wconf 89' lang='lat' dir='ltr'><strong>nos</strong></span> <span class='ocrx_word' id='word_1_163' title='bbox 3491 856 3740 901; x_wconf 80' lang='lat' dir='ltr'><strong>nosmet-</strong></span> 
     </span>
    </p>
   </div>
   <div class='ocr_carea' id='block_1_23' title="bbox 2149 937 3734 1008">
    <p class='ocr_par' dir='ltr' id='par_1_23' title="bbox 2149 937 3734 1008">
     <span class='ocr_line' id='line_1_23' title="bbox 2149 937 3734 1008; baseline 0 -18"><span class='ocrx_word' id='word_1_164' title='bbox 2149 938 2292 1007; x_wconf 85' lang='lat' dir='ltr'><strong>ipsos</strong></span> <span class='ocrx_word' id='word_1_165' title='bbox 2331 937 2752 1006; x_wconf 90' lang='lat' dir='ltr'><strong>dijudicaremus</strong></span> <span class='ocrx_word' id='word_1_166' title='bbox 2776 976 2791 1002; x_wconf 92' lang='lat'><strong>,</strong></span> <span class='ocrx_word' id='word_1_167' title='bbox 2833 953 2940 992; x_wconf 91' lang='lat' dir='ltr'><strong>non</strong></span> <span class='ocrx_word' id='word_1_168' title='bbox 2995 939 3180 1008; x_wconf 92' lang='lat' dir='ltr'><strong>utique</strong></span> <span class='ocrx_word' id='word_1_169' title='bbox 3224 938 3676 1008; x_wconf 79' lang='lat' dir='ltr'><strong>dijudicaremur.</strong></span> <span class='ocrx_word' id='word_1_170' title='bbox 3713 959 3734 990; x_wconf 73' lang='grc' dir='ltr'>ι</span> 
     </span>
    </p>
   </div>
   <div class='ocr_carea' id='block_1_24' title="bbox 2147 1027 3742 1098">
    <p class='ocr_par' dir='ltr' id='par_1_24' title="bbox 2147 1027 3742 1098">
     <span class='ocr_line' id='line_1_24' title="bbox 2147 1027 3742 1098; baseline 0 -16"><span class='ocrx_word' id='word_1_171' title='bbox 2147 1029 2298 1094; x_wconf 82' lang='lat' dir='ltr'><strong>Quod</strong></span> <span class='ocrx_word' id='word_1_172' title='bbox 2323 1028 2563 1082; x_wconf 83' lang='lat' dir='ltr'><strong>exterius</strong></span> <span class='ocrx_word' id='word_1_173' title='bbox 2601 1027 2814 1098; x_wconf 83' lang='lat' dir='ltr'><strong>agimus</strong></span> <span class='ocrx_word' id='word_1_174' title='bbox 2848 1029 2950 1082; x_wconf 92' lang='lat' dir='ltr'><strong>nisi</strong></span> <span class='ocrx_word' id='word_1_175' title='bbox 2983 1029 3299 1098; x_wconf 87' lang='lat' dir='ltr'><strong>penitentia</strong></span> <span class='ocrx_word' id='word_1_176' title='bbox 3330 1029 3742 1082; x_wconf 76' lang='lat' dir='ltr'><strong>interveniente</strong></span> 
     </span>
    </p>
   </div>
   <div class='ocr_carea' id='block_1_25' title="bbox 2147 1116 3742 1187">
    <p class='ocr_par' dir='ltr' id='par_1_25' title="bbox 2147 1116 3742 1187">
     <span class='ocr_line' id='line_1_25' title="bbox 2147 1116 3742 1187; baseline -0.001 -14"><span class='ocrx_word' id='word_1_177' title='bbox 2147 1118 2434 1182; x_wconf 80' lang='lat' dir='ltr'><strong>diluamus,</strong></span> <span class='ocrx_word' id='word_1_178' title='bbox 2463 1119 2517 1172; x_wconf 91' lang='lat' dir='ltr'><strong>iu</strong></span> <span class='ocrx_word' id='word_1_179' title='bbox 2540 1116 3090 1185; x_wconf 85' lang='lat' dir='ltr'><strong>secretojudiciorum</strong></span> <span class='ocrx_word' id='word_1_180' title='bbox 3121 1118 3215 1173; x_wconf 90' lang='lat' dir='ltr'><strong>Dei</strong></span> <span class='ocrx_word' id='word_1_181' title='bbox 3245 1121 3346 1173; x_wconf 87' lang='lat' dir='ltr'><strong>sub</strong></span> <span class='ocrx_word' id='word_1_182' title='bbox 3376 1118 3620 1187; x_wconf 85' lang='lat' dir='ltr'><strong>quadam</strong></span> <span class='ocrx_word' id='word_1_183' title='bbox 3646 1134 3742 1172; x_wconf 89' lang='lat' dir='ltr'><strong>oc-</strong></span> 
     </span>
    </p>
   </div>
   <div class='ocr_carea' id='block_1_26' title="bbox 2146 1207 3742 1278">
    <p class='ocr_par' dir='ltr' id='par_1_26' title="bbox 2146 1207 3742 1278">
     <span class='ocr_line' id='line_1_26' title="bbox 2146 1207 3742 1278; baseline 0.001 -17"><span class='ocrx_word' id='word_1_184' title='bbox 2146 1207 2440 1262; x_wconf 89' lang='lat' dir='ltr'><strong>cultatione</strong></span> <span class='ocrx_word' id='word_1_185' title='bbox 2481 1215 2752 1272; x_wconf 83' lang='lat' dir='ltr'><strong>servatur,</strong></span> <span class='ocrx_word' id='word_1_186' title='bbox 2786 1215 2844 1260; x_wconf 91' lang='lat' dir='ltr'><strong>ut</strong></span> <span class='ocrx_word' id='word_1_187' title='bbox 2872 1209 3196 1277; x_wconf 87' lang='lat' dir='ltr'><strong>quandoque</strong></span> <span class='ocrx_word' id='word_1_188' title='bbox 3243 1209 3411 1262; x_wconf 84' lang='lat' dir='ltr'><strong>etiam</strong></span> <span class='ocrx_word' id='word_1_189' title='bbox 3441 1209 3512 1263; x_wconf 90' lang='lat' dir='ltr'><strong>de</strong></span> <span class='ocrx_word' id='word_1_190' title='bbox 3557 1208 3742 1278; x_wconf 82' lang='lat' dir='ltr'><strong>sigillo</strong></span> 
     </span>
    </p>
   </div>
   <div class='ocr_carea' id='block_1_27' title="bbox 2147 1295 3744 1372">
    <p class='ocr_par' dir='ltr' id='par_1_27' title="bbox 2147 1295 3744 1372">
     <span class='ocr_line' id='line_1_27' title="bbox 2147 1295 3744 1372; baseline 0.002 -22"><span class='ocrx_word' id='word_1_191' title='bbox 2147 1296 2341 1350; x_wconf 87' lang='lat' dir='ltr'><strong>secreti</strong></span> <span class='ocrx_word' id='word_1_192' title='bbox 2382 1304 2540 1351; x_wconf 81' lang='lat' dir='ltr'><strong>exeat</strong></span> <span class='ocrx_word' id='word_1_193' title='bbox 2568 1295 2634 1350; x_wconf 88' lang='lat' dir='ltr'><strong>ad</strong></span> <span class='ocrx_word' id='word_1_194' title='bbox 2665 1297 2936 1366; x_wconf 89' lang='lat' dir='ltr'><strong>publicum</strong></span> <span class='ocrx_word' id='word_1_195' title='bbox 2978 1296 3274 1372; x_wconf 86' lang='lat' dir='ltr'><strong>judicium;</strong></span> <span class='ocrx_word' id='word_1_196' title='bbox 3314 1314 3442 1353; x_wconf 87' lang='lat' dir='ltr'><strong>cum</strong></span> <span class='ocrx_word' id='word_1_197' title='bbox 3471 1315 3613 1353; x_wconf 80' lang='lat' dir='ltr'><strong>vero</strong></span> <span class='ocrx_word' id='word_1_198' title='bbox 3637 1315 3744 1369; x_wconf 85' lang='lat' dir='ltr'><strong>pro</strong></span> 
     </span>
    </p>
   </div>
   <div class='ocr_carea' id='block_1_28' title="bbox 2147 1387 3744 1460">
    <p class='ocr_par' dir='ltr' id='par_1_28' title="bbox 2147 1387 3744 1460">
     <span class='ocr_line' id='line_1_28' title="bbox 2147 1387 3744 1460; baseline 0.003 -20"><span class='ocrx_word' id='word_1_199' title='bbox 2147 1387 2304 1440; x_wconf 89' lang='lat' dir='ltr'><strong>malis</strong></span> <span class='ocrx_word' id='word_1_200' title='bbox 2337 1403 2458 1458; x_wconf 83' lang='lat' dir='ltr'><strong>que</strong></span> <span class='ocrx_word' id='word_1_201' title='bbox 2497 1387 2726 1443; x_wconf 78' lang='lat' dir='ltr'><strong>fecimus</strong></span> <span class='ocrx_word' id='word_1_202' title='bbox 2753 1388 3051 1456; x_wconf 77' lang='lat' dir='ltr'><strong>discipline</strong></span> <span class='ocrx_word' id='word_1_203' title='bbox 3076 1387 3284 1460; x_wconf 91' lang='lat' dir='ltr'><strong>ﬂagello</strong></span> <span class='ocrx_word' id='word_1_204' title='bbox 3336 1391 3660 1453; x_wconf 79' lang='lat' dir='ltr'><strong>attorimur,</strong></span> <span class='ocrx_word' id='word_1_205' title='bbox 3687 1400 3744 1444; x_wconf 84' lang='lat' dir='ltr'><strong>et</strong></span> 
     </span>
    </p>
   </div>
   <div class='ocr_carea' id='block_1_29' title="bbox 2146 1474 3742 1547">
    <p class='ocr_par' dir='ltr' id='par_1_29' title="bbox 2146 1474 3742 1547">
     <span class='ocr_line' id='line_1_29' title="bbox 2146 1474 3742 1547; baseline 0.003 -19"><span class='ocrx_word' id='word_1_206' title='bbox 2146 1474 2260 1529; x_wconf 71' lang='lat' dir='ltr'><strong>haec</strong></span> <span class='ocrx_word' id='word_1_207' title='bbox 2279 1477 2778 1546; x_wconf 78' lang='lat' dir='ltr'><strong>perpenitenliam</strong></span> <span class='ocrx_word' id='word_1_208' title='bbox 2807 1477 3083 1542; x_wconf 91' lang='lat' dir='ltr'><strong>deﬂemus,</strong></span> <span class='ocrx_word' id='word_1_209' title='bbox 3112 1479 3458 1547; x_wconf 82' lang='lat' dir='ltr'><strong>iniquitatem</strong></span> <span class='ocrx_word' id='word_1_210' title='bbox 3489 1491 3742 1533; x_wconf 82' lang='lat' dir='ltr'><strong>nostram</strong></span> 
     </span>
    </p>
   </div>
   <div class='ocr_carea' id='block_1_30' title="bbox 2149 1565 3741 1636">
    <p class='ocr_par' dir='ltr' id='par_1_30' title="bbox 2149 1565 3741 1636">
     <span class='ocr_line' id='line_1_30' title="bbox 2149 1565 3741 1636; baseline 0.002 -17"><span class='ocrx_word' id='word_1_211' title='bbox 2149 1565 2325 1635; x_wconf 86' lang='lat' dir='ltr'><strong>signat</strong></span> <span class='ocrx_word' id='word_1_212' title='bbox 2349 1575 2404 1621; x_wconf 93' lang='lat' dir='ltr'><strong>et</strong></span> <span class='ocrx_word' id='word_1_213' title='bbox 2433 1576 2606 1632; x_wconf 87' lang='lat' dir='ltr'><strong>curat,</strong></span> <span class='ocrx_word' id='word_1_214' title='bbox 2632 1565 2757 1636; x_wconf 87' lang='lat' dir='ltr'><strong>quia</strong></span> <span class='ocrx_word' id='word_1_215' title='bbox 2810 1581 2912 1621; x_wconf 90' lang='lat' dir='ltr'><strong>nec</strong></span> <span class='ocrx_word' id='word_1_216' title='bbox 2939 1567 3108 1621; x_wconf 88' lang='lat' dir='ltr'><strong>inulta</strong></span> <span class='ocrx_word' id='word_1_217' title='bbox 3147 1569 3236 1622; x_wconf 88' lang='lat' dir='ltr'><strong>hic</strong></span> <span class='ocrx_word' id='word_1_218' title='bbox 3274 1569 3509 1632; x_wconf 88' lang='lat' dir='ltr'><strong>deserit,</strong></span> <span class='ocrx_word' id='word_1_219' title='bbox 3543 1584 3644 1622; x_wconf 85' lang='lat' dir='ltr'><strong>nec</strong></span> <span class='ocrx_word' id='word_1_220' title='bbox 3685 1570 3741 1622; x_wconf 88' lang='lat' dir='ltr'><strong>in</strong></span> 
     </span>
    </p>
   </div>
   <div class='ocr_carea' id='block_1_31' title="bbox 2140 1655 3738 1728">
    <p class='ocr_par' dir='ltr' id='par_1_31' title="bbox 2140 1655 3738 1728">
     <span class='ocr_line' id='line_1_31' title="bbox 2140 1655 3738 1728; baseline 0.001 -18"><span class='ocrx_word' id='word_1_221' title='bbox 2140 1655 2346 1724; x_wconf 92' lang='lat' dir='ltr'><strong>judicio</strong></span> <span class='ocrx_word' id='word_1_222' title='bbox 2385 1658 2654 1726; x_wconf 91' lang='lat' dir='ltr'><strong>punienda</strong></span> <span class='ocrx_word' id='word_1_223' title='bbox 2684 1667 2883 1723; x_wconf 85' lang='lat' dir='ltr'><strong>servat,</strong></span> <span class='ocrx_word' id='word_1_224' title='bbox 2915 1658 3090 1728; x_wconf 89' lang='lat' dir='ltr'><strong>signat</strong></span> <span class='ocrx_word' id='word_1_225' title='bbox 3133 1660 3278 1714; x_wconf 88' lang='lat' dir='ltr'><strong>Deus</strong></span> <span class='ocrx_word' id='word_1_226' title='bbox 3315 1659 3524 1714; x_wconf 82' lang='lat' dir='ltr'><strong>delicta</strong></span> <span class='ocrx_word' id='word_1_227' title='bbox 3556 1671 3738 1713; x_wconf 81' lang='lat' dir='ltr'><strong>nostra</strong></span> 
     </span>
    </p>
   </div>
   <div class='ocr_carea' id='block_1_32' title="bbox 472 1744 3740 1817">
    <p class='ocr_par' dir='ltr' id='par_1_32' title="bbox 472 1744 3740 1817">
     <span class='ocr_line' id='line_1_32' title="bbox 472 1744 3740 1817; baseline 0.001 -18"><span class='ocrx_word' id='word_1_228' title='bbox 472 1744 662 1800; x_wconf 89' lang='lat' dir='ltr'><strong>mitum</strong></span> <span class='ocrx_word' id='word_1_229' title='bbox 690 1745 864 1810; x_wconf 88' lang='lat' dir='ltr'><strong>debet,</strong></span> <span class='ocrx_word' id='word_1_230' title='bbox 891 1747 1292 1815; x_wconf 86' lang='lat' dir='ltr'><strong>nimirum-quia</strong></span> <span class='ocrx_word' id='word_1_231' title='bbox 1319 1756 1377 1800; x_wconf 91' lang='lat' dir='ltr'><strong>et</strong></span> <span class='ocrx_word' id='word_1_232' title='bbox 1405 1747 1604 1800; x_wconf 89' lang='lat' dir='ltr'><strong>bouum</strong></span> <span class='ocrx_word' id='word_1_233' title='bbox 1635 1747 1775 1815; x_wconf 91' lang='lat' dir='ltr'><strong>quod</strong></span> <span class='ocrx_word' id='word_1_234' title='bbox 1805 1749 2043 1817; x_wconf 84' lang='lat' dir='ltr'><strong>oportuit</strong></span> <span class='ocrx_word' id='word_1_235' title='bbox 2073 1745 2118 1804; x_wconf 86' lang='grc' dir='ltr'><strong>Β</strong></span> <span class='ocrx_word' id='word_1_236' title='bbox 2145 1749 2271 1817; x_wconf 91' lang='lat' dir='ltr'><strong>quia</strong></span> <span class='ocrx_word' id='word_1_237' title='bbox 2300 1747 2391 1804; x_wconf 86' lang='lat' dir='ltr'><strong>hic</strong></span> <span class='ocrx_word' id='word_1_238' title='bbox 2413 1763 2477 1802; x_wconf 89' lang='lat' dir='ltr'><strong>ea</strong></span> <span class='ocrx_word' id='word_1_239' title='bbox 2509 1747 2781 1803; x_wconf 88' lang='lat' dir='ltr'><strong>subtiliter</strong></span> <span class='ocrx_word' id='word_1_240' title='bbox 2812 1749 3058 1814; x_wconf 89' lang='lat' dir='ltr'><strong>attendit,</strong></span> <span class='ocrx_word' id='word_1_241' title='bbox 3084 1759 3142 1804; x_wconf 94' lang='lat' dir='ltr'><strong>ut</strong></span> <span class='ocrx_word' id='word_1_242' title='bbox 3177 1749 3376 1815; x_wconf 84' lang='lat' dir='ltr'><strong>feriat;</strong></span> <span class='ocrx_word' id='word_1_243' title='bbox 3409 1759 3582 1803; x_wconf 71' lang='lat' dir='ltr'><strong>curat</strong></span> <span class='ocrx_word' id='word_1_244' title='bbox 3612 1765 3740 1803; x_wconf 81' lang='lat' dir='ltr'><strong>vero</strong></span> 
     </span>
    </p>
   </div>
   <div class='ocr_carea' id='block_1_33' title="bbox 471 1837 2039 1912">
    <p class='ocr_par' dir='ltr' id='par_1_33' title="bbox 471 1837 2039 1912">
     <span class='ocr_line' id='line_1_33' title="bbox 471 1837 2039 1912; baseline 0.001 -21"><span class='ocrx_word' id='word_1_245' title='bbox 471 1853 577 1894; x_wconf 91' lang='lat' dir='ltr'><strong>non</strong></span> <span class='ocrx_word' id='word_1_246' title='bbox 608 1837 749 1900; x_wconf 79' lang='lat' dir='ltr'><strong>fecit,</strong></span> <span class='ocrx_word' id='word_1_247' title='bbox 783 1847 836 1912; x_wconf 72' lang='lat' dir='ltr'><strong>et</strong></span> <span class='ocrx_word' id='word_1_248' title='bbox 874 1839 1072 1892; x_wconf 90' lang='lat' dir='ltr'><strong>malum</strong></span> <span class='ocrx_word' id='word_1_249' title='bbox 1111 1839 1263 1908; x_wconf 87' lang='lat' dir='ltr'><strong>quod</strong></span> <span class='ocrx_word' id='word_1_250' title='bbox 1295 1853 1399 1891; x_wconf 88' lang='lat' dir='ltr'><strong>non</strong></span> <span class='ocrx_word' id='word_1_251' title='bbox 1443 1839 1683 1907; x_wconf 86' lang='lat' dir='ltr'><strong>oportuit</strong></span> <span class='ocrx_word' id='word_1_252' title='bbox 1727 1837 1884 1904; x_wconf 88' lang='lat' dir='ltr'><strong>fecit;</strong></span> <span class='ocrx_word' id='word_1_253' title='bbox 1915 1853 2039 1894; x_wconf 89' lang='lat' dir='ltr'><strong>cum</strong></span> 
     </span>
    </p>
   </div>
   <div class='ocr_carea' id='block_1_34' title="bbox 470 1928 2039 2000">
    <p class='ocr_par' dir='ltr' id='par_1_34' title="bbox 470 1928 2039 2000">
     <span class='ocr_line' id='line_1_34' title="bbox 470 1928 2039 2000; baseline 0.001 -18"><span class='ocrx_word' id='word_1_254' title='bbox 470 1929 536 1983; x_wconf 80' lang='lat' dir='ltr'><strong>ad</strong></span> <span class='ocrx_word' id='word_1_255' title='bbox 564 1930 700 1984; x_wconf 89' lang='lat' dir='ltr'><strong>bona</strong></span> <span class='ocrx_word' id='word_1_256' title='bbox 717 1945 895 2000; x_wconf 73' lang='lat' dir='ltr'><strong>opera</strong></span> <span class='ocrx_word' id='word_1_257' title='bbox 935 1945 1039 1984; x_wconf 92' lang='lat' dir='ltr'><strong>non</strong></span> <span class='ocrx_word' id='word_1_258' title='bbox 1081 1928 1440 1999; x_wconf 80' lang='lat' dir='ltr'><strong>adjungimus,</strong></span> <span class='ocrx_word' id='word_1_259' title='bbox 1475 1944 1693 1984; x_wconf 89' lang='lat' dir='ltr'><strong>necesse</strong></span> <span class='ocrx_word' id='word_1_260' title='bbox 1727 1937 1811 1983; x_wconf 87' lang='lat' dir='ltr'><strong>est</strong></span> <span class='ocrx_word' id='word_1_261' title='bbox 1837 1938 1895 1983; x_wconf 93' lang='lat' dir='ltr'><strong>ut</strong></span> <span class='ocrx_word' id='word_1_262' title='bbox 1915 1944 2039 1983; x_wconf 92' lang='lat' dir='ltr'><strong>nos-</strong></span> 
     </span>
    </p>
   </div>
   <div class='ocr_carea' id='block_1_35' title="bbox 477 2019 2041 2092">
    <p class='ocr_par' dir='ltr' id='par_1_35' title="bbox 477 2019 2041 2092">
     <span class='ocr_line' id='line_1_35' title="bbox 477 2019 2041 2092; baseline -0.001 -16"><span class='ocrx_word' id='word_1_263' title='bbox 477 2023 737 2092; x_wconf 84' lang='lat' dir='ltr'><strong>metipsos</strong></span> <span class='ocrx_word' id='word_1_264' title='bbox 789 2021 1073 2091; x_wconf 87' lang='lat' dir='ltr'><strong>dupliciter</strong></span> <span class='ocrx_word' id='word_1_265' title='bbox 1101 2019 1411 2085; x_wconf 91' lang='lat' dir='ltr'><strong>deﬂeamus,</strong></span> <span class='ocrx_word' id='word_1_266' title='bbox 1440 2021 1532 2089; x_wconf 91' lang='lat' dir='ltr'><strong>qui</strong></span> <span class='ocrx_word' id='word_1_267' title='bbox 1561 2029 1616 2075; x_wconf 91' lang='lat' dir='ltr'><strong>et</strong></span> <span class='ocrx_word' id='word_1_268' title='bbox 1652 2029 1800 2076; x_wconf 85' lang='lat' dir='ltr'><strong>recta</strong></span> <span class='ocrx_word' id='word_1_269' title='bbox 1825 2034 1932 2075; x_wconf 93' lang='lat' dir='ltr'><strong>non</strong></span> <span class='ocrx_word' id='word_1_270' title='bbox 1961 2019 2041 2074; x_wconf 83' lang='lat' dir='ltr'><strong>fe—</strong></span> 
     </span>
    </p>
   </div>
   <div class='ocr_carea' id='block_1_36' title="bbox 469 2109 2038 2182">
    <p class='ocr_par' dir='ltr' id='par_1_36' title="bbox 469 2109 2038 2182">
     <span class='ocr_line' id='line_1_36' title="bbox 469 2109 2038 2182; baseline -0.001 -16"><span class='ocrx_word' id='word_1_271' title='bbox 469 2112 642 2166; x_wconf 88' lang='lat' dir='ltr'><strong>cimus</strong></span> <span class='ocrx_word' id='word_1_272' title='bbox 667 2121 721 2167; x_wconf 88' lang='lat' dir='ltr'><strong>et</strong></span> <span class='ocrx_word' id='word_1_273' title='bbox 743 2111 1137 2182; x_wconf 84' lang='lat' dir='ltr'><strong>pravaoperati</strong></span> <span class='ocrx_word' id='word_1_274' title='bbox 1175 2126 1379 2164; x_wconf 86' lang='lat' dir='ltr'><strong>sumus.</strong></span> <span class='ocrx_word' id='word_1_275' title='bbox 1421 2110 1524 2165; x_wconf 87' lang='lat' dir='ltr'><strong>Per</strong></span> <span class='ocrx_word' id='word_1_276' title='bbox 1555 2111 1773 2166; x_wconf 89' lang='lat' dir='ltr'><strong>beatum</strong></span> <span class='ocrx_word' id='word_1_277' title='bbox 1803 2109 2038 2180; x_wconf 80' lang='lat' dir='ltr'><strong>Moysem</strong></span> 
     </span>
    </p>
   </div>
   <div class='ocr_carea' id='block_1_37' title="bbox 469 2197 2042 2272">
    <p class='ocr_par' dir='ltr' id='par_1_37' title="bbox 469 2197 2042 2272">
     <span class='ocr_line' id='line_1_37' title="bbox 469 2197 2042 2272; baseline -0.001 -18"><span class='ocrx_word' id='word_1_278' title='bbox 469 2215 611 2256; x_wconf 89' lang='lat' dir='ltr'><strong>unus</strong></span> <span class='ocrx_word' id='word_1_279' title='bbox 634 2210 810 2256; x_wconf 92' lang='lat' dir='ltr'><strong>turtur</strong></span> <span class='ocrx_word' id='word_1_280' title='bbox 831 2216 930 2270; x_wconf 90' lang='lat' dir='ltr'><strong>pro</strong></span> <span class='ocrx_word' id='word_1_281' title='bbox 947 2209 1190 2272; x_wconf 89' lang='lat' dir='ltr'><strong>peccato,</strong></span> <span class='ocrx_word' id='word_1_282' title='bbox 1237 2199 1374 2254; x_wconf 85' lang='lat' dir='ltr'><strong>alter</strong></span> <span class='ocrx_word' id='word_1_283' title='bbox 1403 2215 1533 2255; x_wconf 83' lang='lat' dir='ltr'><strong>vero</strong></span> <span class='ocrx_word' id='word_1_284' title='bbox 1576 2199 1757 2254; x_wconf 73' lang='lat' dir='ltr'><strong>oﬂ‘erri</strong></span> <span class='ocrx_word' id='word_1_285' title='bbox 1812 2199 1867 2252; x_wconf 90' lang='lat' dir='ltr'><strong>in</strong></span> <span class='ocrx_word' id='word_1_286' title='bbox 1892 2197 2042 2253; x_wconf 83' lang='lat' dir='ltr'><strong>holo-</strong></span> 
     </span>
    </p>
   </div>
   <div class='ocr_carea' id='block_1_38' title="bbox 469 2289 2042 2361">
    <p class='ocr_par' dir='ltr' id='par_1_38' title="bbox 469 2289 2042 2361">
     <span class='ocr_line' id='line_1_38' title="bbox 469 2289 2042 2361; baseline -0.001 -17"><span class='ocrx_word' id='word_1_287' title='bbox 469 2300 713 2346; x_wconf 86' lang='lat' dir='ltr'><strong>eaustum</strong></span> <span class='ocrx_word' id='word_1_288' title='bbox 733 2292 973 2361; x_wconf 90' lang='lat' dir='ltr'><strong>jubetur,</strong></span> <span class='ocrx_word' id='word_1_289' title='bbox 1006 2291 1377 2346; x_wconf 89' lang='lat' dir='ltr'><strong>holocaustum</strong></span> <span class='ocrx_word' id='word_1_290' title='bbox 1409 2305 1639 2360; x_wconf 90' lang='lat' dir='ltr'><strong>namque</strong></span> <span class='ocrx_word' id='word_1_291' title='bbox 1663 2298 1834 2345; x_wconf 89' lang='lat' dir='ltr'><strong>totum</strong></span> <span class='ocrx_word' id='word_1_292' title='bbox 1857 2289 2042 2345; x_wconf 85' lang='lat' dir='ltr'><strong>incen-</strong></span> 
     </span>
    </p>
   </div>
   <div class='ocr_carea' id='block_1_39' title="bbox 475 2379 2042 2452">
    <p class='ocr_par' dir='ltr' id='par_1_39' title="bbox 475 2379 2042 2452">
     <span class='ocr_line' id='line_1_39' title="bbox 475 2379 2042 2452; baseline -0.002 -16"><span class='ocrx_word' id='word_1_293' title='bbox 475 2397 595 2436; x_wconf 86' lang='lat' dir='ltr'><strong>sum</strong></span> <span class='ocrx_word' id='word_1_294' title='bbox 632 2382 848 2436; x_wconf 90' lang='lat' dir='ltr'><strong>dicitur.</strong></span> <span class='ocrx_word' id='word_1_295' title='bbox 885 2382 1058 2437; x_wconf 90' lang='lat' dir='ltr'><strong>Unum</strong></span> <span class='ocrx_word' id='word_1_296' title='bbox 1097 2397 1225 2452; x_wconf 87' lang='lat' dir='ltr'><strong>ergo</strong></span> <span class='ocrx_word' id='word_1_297' title='bbox 1274 2389 1538 2436; x_wconf 90' lang='lat' dir='ltr'><strong>turturem</strong></span> <span class='ocrx_word' id='word_1_298' title='bbox 1570 2396 1667 2450; x_wconf 90' lang='lat' dir='ltr'><strong>pro</strong></span> <span class='ocrx_word' id='word_1_299' title='bbox 1693 2390 1917 2452; x_wconf 89' lang='lat' dir='ltr'><strong>peccato</strong></span> <span class='ocrx_word' id='word_1_300' title='bbox 1960 2379 2042 2434; x_wconf 86' lang='lat' dir='ltr'><strong>of-</strong></span> 
     </span>
    </p>
   </div>
   <div class='ocr_carea' id='block_1_40' title="bbox 473 2468 2043 2540">
    <p class='ocr_par' dir='ltr' id='par_1_40' title="bbox 473 2468 2043 2540">
     <span class='ocr_line' id='line_1_40' title="bbox 473 2468 2043 2540; baseline -0.001 -16"><span class='ocrx_word' id='word_1_301' title='bbox 473 2471 720 2535; x_wconf 79' lang='lat' dir='ltr'><strong>ferimus,</strong></span> <span class='ocrx_word' id='word_1_302' title='bbox 761 2486 884 2525; x_wconf 89' lang='lat' dir='ltr'><strong>eum</strong></span> <span class='ocrx_word' id='word_1_303' title='bbox 929 2486 1028 2540; x_wconf 91' lang='lat' dir='ltr'><strong>pro</strong></span> <span class='ocrx_word' id='word_1_304' title='bbox 1057 2469 1211 2539; x_wconf 91' lang='lat' dir='ltr'><strong>culpa</strong></span> <span class='ocrx_word' id='word_1_305' title='bbox 1239 2470 1496 2540; x_wconf 87' lang='lat' dir='ltr'><strong>gemitum</strong></span> <span class='ocrx_word' id='word_1_306' title='bbox 1524 2469 1746 2535; x_wconf 91' lang='lat' dir='ltr'><strong>damus;</strong></span> <span class='ocrx_word' id='word_1_307' title='bbox 1779 2470 1843 2524; x_wconf 89' lang='lat' dir='ltr'><strong>de</strong></span> <span class='ocrx_word' id='word_1_308' title='bbox 1871 2468 2043 2524; x_wconf 90' lang='lat' dir='ltr'><strong>altero</strong></span> 
     </span>
    </p>
   </div>
   <div class='ocr_carea' id='block_1_41' title="bbox 468 2557 2042 2630">
    <p class='ocr_par' dir='ltr' id='par_1_41' title="bbox 468 2557 2042 2630">
     <span class='ocr_line' id='line_1_41' title="bbox 468 2557 2042 2630; baseline 0 -18"><span class='ocrx_word' id='word_1_309' title='bbox 468 2557 841 2614; x_wconf 88' lang='lat' dir='ltr'><strong>holocaustum</strong></span> <span class='ocrx_word' id='word_1_310' title='bbox 893 2559 1138 2621; x_wconf 78' lang='lat' dir='ltr'><strong>facimus,</strong></span> <span class='ocrx_word' id='word_1_311' title='bbox 1173 2573 1296 2613; x_wconf 89' lang='lat' dir='ltr'><strong>cum</strong></span> <span class='ocrx_word' id='word_1_312' title='bbox 1343 2575 1442 2628; x_wconf 92' lang='lat' dir='ltr'><strong>pro</strong></span> <span class='ocrx_word' id='word_1_313' title='bbox 1471 2574 1558 2625; x_wconf 90' lang='lat' dir='ltr'><strong>eo,</strong></span> <span class='ocrx_word' id='word_1_314' title='bbox 1609 2559 1753 2630; x_wconf 88' lang='lat' dir='ltr'><strong>quod</strong></span> <span class='ocrx_word' id='word_1_315' title='bbox 1777 2558 1918 2614; x_wconf 86' lang='lat' dir='ltr'><strong>bona</strong></span> <span class='ocrx_word' id='word_1_316' title='bbox 1946 2573 2042 2613; x_wconf 91' lang='lat' dir='ltr'><strong>ne-</strong></span> 
     </span>
    </p>
   </div>
   <div class='ocr_carea' id='block_1_42' title="bbox 468 2647 2042 2720">
    <p class='ocr_par' dir='ltr' id='par_1_42' title="bbox 468 2647 2042 2720">
     <span class='ocr_line' id='line_1_42' title="bbox 468 2647 2042 2720; baseline 0.002 -19"><span class='ocrx_word' id='word_1_317' title='bbox 468 2647 740 2720; x_wconf 89' lang='lat' dir='ltr'><strong>gligimus,</strong></span> <span class='ocrx_word' id='word_1_318' title='bbox 767 2650 1123 2718; x_wconf 91' lang='lat' dir='ltr'><strong>nosmetipsos</strong></span> <span class='ocrx_word' id='word_1_319' title='bbox 1152 2649 1394 2704; x_wconf 89' lang='lat' dir='ltr'><strong>funditus</strong></span> <span class='ocrx_word' id='word_1_320' title='bbox 1421 2651 1777 2705; x_wconf 89' lang='lat' dir='ltr'><strong>accendentes</strong></span> <span class='ocrx_word' id='word_1_321' title='bbox 1799 2649 1920 2720; x_wconf 86' lang='lat' dir='ltr'><strong>igne</strong></span> <span class='ocrx_word' id='word_1_322' title='bbox 1953 2649 2042 2704; x_wconf 90' lang='lat' dir='ltr'><strong>do-</strong></span> 
     </span>
    </p>
   </div>
   <div class='ocr_carea' id='block_1_43' title="bbox 469 2738 2042 2811">
    <p class='ocr_par' dir='ltr' id='par_1_43' title="bbox 469 2738 2042 2811">
     <span class='ocr_line' id='line_1_43' title="bbox 469 2738 2042 2811; baseline 0.001 -18"><span class='ocrx_word' id='word_1_323' title='bbox 469 2739 600 2794; x_wconf 88' lang='lat' dir='ltr'><strong>loris</strong></span> <span class='ocrx_word' id='word_1_324' title='bbox 621 2739 894 2794; x_wconf 87' lang='lat' dir='ltr'><strong>ardemus.</strong></span> <span class='ocrx_word' id='word_1_325' title='bbox 925 2739 1123 2795; x_wconf 83' lang='lat' dir='ltr'><strong>Beatus</strong></span> <span class='ocrx_word' id='word_1_326' title='bbox 1147 2738 1248 2794; x_wconf 85' lang='lat' dir='ltr'><strong>Job</strong></span> <span class='ocrx_word' id='word_1_327' title='bbox 1283 2747 1403 2810; x_wconf 89' lang='lat' dir='ltr'><strong>post</strong></span> <span class='ocrx_word' id='word_1_328' title='bbox 1435 2738 1641 2811; x_wconf 88' lang='lat' dir='ltr'><strong>ﬂagella</strong></span> <span class='ocrx_word' id='word_1_329' title='bbox 1681 2739 1968 2810; x_wconf 82' lang='lat' dir='ltr'><strong>proﬁciens</strong></span> <span class='ocrx_word' id='word_1_330' title='bbox 1987 2749 2042 2794; x_wconf 89' lang='lat' dir='ltr'><strong>et</strong></span> 
     </span>
    </p>
   </div>
   <div class='ocr_carea' id='block_1_44' title="bbox 472 2830 2038 2901">
    <p class='ocr_par' dir='ltr' id='par_1_44' title="bbox 472 2830 2038 2901">
     <span class='ocr_line' id='line_1_44' title="bbox 472 2830 2038 2901; baseline -0.001 -17"><span class='ocrx_word' id='word_1_331' title='bbox 472 2830 812 2900; x_wconf 84' lang='lat' dir='ltr'><strong>asemetipso</strong></span> <span class='ocrx_word' id='word_1_332' title='bbox 835 2831 888 2885; x_wconf 92' lang='lat' dir='ltr'><strong>in</strong></span> <span class='ocrx_word' id='word_1_333' title='bbox 909 2846 1098 2901; x_wconf 85' lang='lat' dir='ltr'><strong>magna</strong></span> <span class='ocrx_word' id='word_1_334' title='bbox 1119 2830 1495 2901; x_wconf 87' lang='lat' dir='ltr'><strong>redargutione</strong></span> <span class='ocrx_word' id='word_1_335' title='bbox 1511 2831 1859 2896; x_wconf 89' lang='lat' dir='ltr'><strong>dissentiens,</strong></span> <span class='ocrx_word' id='word_1_336' title='bbox 1875 2831 2038 2886; x_wconf 89' lang='lat' dir='ltr'><strong>dicit:</strong></span> 
     </span>
    </p>
   </div>
   <div class='ocr_carea' id='block_1_45' title="bbox 473 2921 2041 2993">
    <p class='ocr_par' dir='ltr' id='par_1_45' title="bbox 473 2921 2041 2993">
     <span class='ocr_line' id='line_1_45' title="bbox 473 2921 2041 2993; baseline 0 -17"><span class='ocrx_word' id='word_1_337' title='bbox 473 2940 493 2973; x_wconf 75' lang='grc' dir='ltr'>ι</span> <span class='ocrx_word' id='word_1_338' title='bbox 527 2922 732 2977; x_wconf 89' lang='lat' dir='ltr'><strong>Idcirco</strong></span> <span class='ocrx_word' id='word_1_339' title='bbox 767 2923 883 2992; x_wconf 88' lang='lat' dir='ltr'><strong>ipse</strong></span> <span class='ocrx_word' id='word_1_340' title='bbox 933 2939 1020 2978; x_wconf 93' lang='lat' dir='ltr'><strong>me</strong></span> <span class='ocrx_word' id='word_1_341' title='bbox 1066 2921 1402 2992; x_wconf 80' lang='lat' dir='ltr'><strong>reprehendo</strong></span> <span class='ocrx_word' id='word_1_342' title='bbox 1433 2931 1488 2977; x_wconf 91' lang='lat' dir='ltr'><strong>et</strong></span> <span class='ocrx_word' id='word_1_343' title='bbox 1539 2937 1640 2993; x_wconf 87' lang='lat' dir='ltr'><strong>ago</strong></span> <span class='ocrx_word' id='word_1_344' title='bbox 1668 2923 2041 2993; x_wconf 87' lang='lat' dir='ltr'><strong>penitentiam</strong></span> 
     </span>
    </p>
   </div>
   <div class='ocr_carea' id='block_1_46' title="bbox 469 3013 2040 3085">
    <p class='ocr_par' dir='ltr' id='par_1_46' title="bbox 469 3013 2040 3085">
     <span class='ocr_line' id='line_1_46' title="bbox 469 3013 2040 3085; baseline 0 -17"><span class='ocrx_word' id='word_1_345' title='bbox 469 3013 525 3068; x_wconf 92' lang='lat' dir='ltr'><strong>in</strong></span> <span class='ocrx_word' id='word_1_346' title='bbox 549 3013 729 3068; x_wconf 84' lang='lat' dir='ltr'><strong>favilla</strong></span> <span class='ocrx_word' id='word_1_347' title='bbox 759 3023 815 3068; x_wconf 90' lang='lat' dir='ltr'><strong>et</strong></span> <span class='ocrx_word' id='word_1_348' title='bbox 856 3015 1039 3068; x_wconf 86' lang='lat' dir='ltr'><strong>cinere</strong></span> <span class='ocrx_word' id='word_1_349' title='bbox 1063 3013 1206 3083; x_wconf 82' lang='lat' dir='ltr'><strong>(Job.</strong></span> <span class='ocrx_word' id='word_1_350' title='bbox 1240 3029 1370 3079; x_wconf 83' lang='lat' dir='ltr'><strong>xui,</strong></span> <span class='ocrx_word' id='word_1_351' title='bbox 1398 3013 1478 3085; x_wconf 87' lang='lat'><strong>6).</strong></span> <span class='ocrx_word' id='word_1_352' title='bbox 1511 3034 1529 3066; x_wconf 73' lang='grc' dir='ltr'><strong><em>ι</em></strong></span> <span class='ocrx_word' id='word_1_353' title='bbox 1564 3015 1622 3068; x_wconf 92' lang='lat' dir='ltr'><strong>ln</strong></span> <span class='ocrx_word' id='word_1_354' title='bbox 1676 3013 1854 3069; x_wconf 88' lang='lat' dir='ltr'><strong>favilla</strong></span> <span class='ocrx_word' id='word_1_355' title='bbox 1894 3014 2040 3068; x_wconf 80' lang='lat' dir='ltr'><strong>enim</strong></span> 
     </span>
    </p>
   </div>
   <div class='ocr_carea' id='block_1_47' title="bbox 467 3087 2112 3175">
    <p class='ocr_par' dir='ltr' id='par_1_47' title="bbox 467 3087 2112 3175">
     <span class='ocr_line' id='line_1_47' title="bbox 467 3087 2112 3175; baseline 0.001 -19"><span class='ocrx_word' id='word_1_356' title='bbox 467 3113 531 3157; x_wconf 79' lang='lat' dir='ltr'><strong>et.</strong></span> <span class='ocrx_word' id='word_1_357' title='bbox 549 3104 730 3160; x_wconf 90' lang='lat' dir='ltr'><strong>cinere</strong></span> <span class='ocrx_word' id='word_1_358' title='bbox 758 3105 1132 3175; x_wconf 84' lang='lat' dir='ltr'><strong>penitentiam</strong></span> <span class='ocrx_word' id='word_1_359' title='bbox 1156 3119 1315 3174; x_wconf 85' lang='lat' dir='ltr'><strong>agere</strong></span> <span class='ocrx_word' id='word_1_360' title='bbox 1338 3113 1424 3158; x_wconf 92' lang='lat' dir='ltr'><strong>est</strong></span> <span class='ocrx_word' id='word_1_361' title='bbox 1449 3104 1805 3174; x_wconf 86' lang='lat' dir='ltr'><strong>contemplata</strong></span> <span class='ocrx_word' id='word_1_362' title='bbox 1831 3119 2038 3160; x_wconf 88' lang='lat' dir='ltr'><strong>summa</strong></span> <span class='ocrx_word' id='word_1_363' title='bbox 2067 3087 2112 3149; x_wconf 73' lang='grc' dir='ltr'>Ο</span> 
     </span>
    </p>
   </div>
   <div class='ocr_carea' id='block_1_48' title="bbox 467 3194 2041 3266">
    <p class='ocr_par' dir='ltr' id='par_1_48' title="bbox 467 3194 2041 3266">
     <span class='ocr_line' id='line_1_48' title="bbox 467 3194 2041 3266; baseline 0.003 -18"><span class='ocrx_word' id='word_1_364' title='bbox 467 3195 727 3259; x_wconf 89' lang='lat' dir='ltr'><strong>essentia,</strong></span> <span class='ocrx_word' id='word_1_365' title='bbox 757 3194 910 3248; x_wconf 83' lang='lat' dir='ltr'><strong>nihil</strong></span> <span class='ocrx_word' id='word_1_366' title='bbox 933 3194 1077 3248; x_wconf 88' lang='lat' dir='ltr'><strong>aliud</strong></span> <span class='ocrx_word' id='word_1_367' title='bbox 1123 3210 1283 3263; x_wconf 91' lang='lat' dir='ltr'><strong>quam</strong></span> <span class='ocrx_word' id='word_1_368' title='bbox 1334 3194 1568 3250; x_wconf 81' lang='lat' dir='ltr'><strong>favillam</strong></span> <span class='ocrx_word' id='word_1_369' title='bbox 1607 3211 1665 3251; x_wconf 87' lang='lat' dir='ltr'><strong>se</strong></span> <span class='ocrx_word' id='word_1_370' title='bbox 1695 3196 2041 3266; x_wconf 87' lang='lat' dir='ltr'><strong>cineremque</strong></span> 
     </span>
    </p>
   </div>
   <div class='ocr_carea' id='block_1_49' title="bbox 468 3285 2039 3357">
    <p class='ocr_par' dir='ltr' id='par_1_49' title="bbox 468 3285 2039 3357">
     <span class='ocr_line' id='line_1_49' title="bbox 468 3285 2039 3357; baseline 0.002 -17"><span class='ocrx_word' id='word_1_371' title='bbox 468 3298 797 3355; x_wconf 81' lang='lat' dir='ltr'><strong>cognoscere</strong></span> <span class='ocrx_word' id='word_1_372' title='bbox 849 3285 905 3340; x_wconf 81' lang='grc' dir='ltr'><strong>ιη</strong></span> <span class='ocrx_word' id='word_1_373' title='bbox 935 3285 1108 3340; x_wconf 86' lang='lat' dir='ltr'><strong>cilicio</strong></span> <span class='ocrx_word' id='word_1_374' title='bbox 1136 3293 1418 3354; x_wconf 79' lang='lat' dir='ltr'><strong>asperitas,</strong></span> <span class='ocrx_word' id='word_1_375' title='bbox 1448 3295 1504 3340; x_wconf 91' lang='lat' dir='ltr'><strong>et</strong></span> <span class='ocrx_word' id='word_1_376' title='bbox 1531 3288 1874 3356; x_wconf 88' lang='lat' dir='ltr'><strong>compunctio</strong></span> <span class='ocrx_word' id='word_1_377' title='bbox 1911 3303 2039 3357; x_wconf 88' lang='lat' dir='ltr'><strong>pec-</strong></span> 
     </span>
    </p>
   </div>
   <div class='ocr_carea' id='block_1_50' title="bbox 467 3375 2026 3444">
    <p class='ocr_par' dir='ltr' id='par_1_50' title="bbox 467 3375 2026 3444">
     <span class='ocr_line' id='line_1_50' title="bbox 467 3375 2026 3444; baseline -0.002 -12"><span class='ocrx_word' id='word_1_378' title='bbox 467 3385 736 3440; x_wconf 79' lang='lat' dir='ltr'><strong>catorum,</strong></span> <span class='ocrx_word' id='word_1_379' title='bbox 772 3377 828 3430; x_wconf 92' lang='lat' dir='ltr'><strong>in</strong></span> <span class='ocrx_word' id='word_1_380' title='bbox 891 3377 1076 3430; x_wconf 90' lang='lat' dir='ltr'><strong>cinere</strong></span> <span class='ocrx_word' id='word_1_381' title='bbox 1117 3375 1504 3444; x_wconf 82' lang='lat' dir='ltr'><strong>autempulvis</strong></span> <span class='ocrx_word' id='word_1_382' title='bbox 1547 3377 1849 3431; x_wconf 88' lang='lat' dir='ltr'><strong>ostenditur</strong></span> <span class='ocrx_word' id='word_1_383' title='bbox 1892 3391 2026 3430; x_wconf 80' lang='lat' dir='ltr'><strong>mei-</strong></span> 
     </span>
    </p>
   </div>
   <div class='ocr_carea' id='block_1_51' title="bbox 469 3464 2041 3535">
    <p class='ocr_par' dir='ltr' id='par_1_51' title="bbox 469 3464 2041 3535">
     <span class='ocr_line' id='line_1_51' title="bbox 469 3464 2041 3535; baseline 0 -14"><span class='ocrx_word' id='word_1_384' title='bbox 469 3479 705 3530; x_wconf 83' lang='lat' dir='ltr'><strong>tuornin,</strong></span> <span class='ocrx_word' id='word_1_385' title='bbox 735 3474 790 3519; x_wconf 87' lang='lat' dir='ltr'><strong>et</strong></span> <span class='ocrx_word' id='word_1_386' title='bbox 823 3464 1029 3518; x_wconf 84' lang='lat' dir='ltr'><strong>idcirco</strong></span> <span class='ocrx_word' id='word_1_387' title='bbox 1066 3471 1353 3534; x_wconf 86' lang='lat' dir='ltr'><strong>utrumque</strong></span> <span class='ocrx_word' id='word_1_388' title='bbox 1387 3465 1631 3519; x_wconf 85' lang='lat' dir='ltr'><strong>adhiberi</strong></span> <span class='ocrx_word' id='word_1_389' title='bbox 1661 3466 1728 3519; x_wconf 91' lang='lat' dir='ltr'><strong>ad</strong></span> <span class='ocrx_word' id='word_1_390' title='bbox 1771 3465 2041 3535; x_wconf 86' lang='lat' dir='ltr'><strong>peniten-</strong></span> 
     </span>
    </p>
   </div>
   <div class='ocr_carea' id='block_1_52' title="bbox 469 3555 2042 3627">
    <p class='ocr_par' dir='ltr' id='par_1_52' title="bbox 469 3555 2042 3627">
     <span class='ocr_line' id='line_1_52' title="bbox 469 3555 2042 3627; baseline 0 -15"><span class='ocrx_word' id='word_1_391' title='bbox 469 3559 601 3613; x_wconf 90' lang='lat' dir='ltr'><strong>tiam</strong></span> <span class='ocrx_word' id='word_1_392' title='bbox 625 3557 784 3620; x_wconf 87' lang='lat' dir='ltr'><strong>solet,</strong></span> <span class='ocrx_word' id='word_1_393' title='bbox 831 3564 891 3610; x_wconf 89' lang='lat' dir='ltr'><strong>ut</strong></span> <span class='ocrx_word' id='word_1_394' title='bbox 923 3557 977 3610; x_wconf 93' lang='lat' dir='ltr'><strong>in</strong></span> <span class='ocrx_word' id='word_1_395' title='bbox 1023 3555 1436 3626; x_wconf 76' lang='lat' dir='ltr'><strong>compunuione</strong></span> <span class='ocrx_word' id='word_1_396' title='bbox 1461 3555 1619 3610; x_wconf 88' lang='lat' dir='ltr'><strong>cilicii</strong></span> <span class='ocrx_word' id='word_1_397' title='bbox 1654 3571 2042 3627; x_wconf 80' lang='lat' dir='ltr'><strong>cognoscamus</strong></span> 
     </span>
    </p>
   </div>
   <div class='ocr_carea' id='block_1_53' title="bbox 469 3645 2040 3720">
    <p class='ocr_par' dir='ltr' id='par_1_53' title="bbox 469 3645 2040 3720">
     <span class='ocr_line' id='line_1_53' title="bbox 469 3645 2040 3720; baseline -0.001 -16"><span class='ocrx_word' id='word_1_398' title='bbox 469 3651 598 3720; x_wconf 85' lang='lat' dir='ltr'><strong>quid</strong></span> <span class='ocrx_word' id='word_1_399' title='bbox 630 3664 727 3719; x_wconf 91' lang='lat' dir='ltr'><strong>per</strong></span> <span class='ocrx_word' id='word_1_400' title='bbox 746 3647 970 3718; x_wconf 85' lang='lat' dir='ltr'><strong>culpam&#39;</strong></span> <span class='ocrx_word' id='word_1_401' title='bbox 992 3647 1238 3711; x_wconf 79' lang='lat' dir='ltr'><strong>feeimus,</strong></span> <span class='ocrx_word' id='word_1_402' title='bbox 1268 3657 1322 3701; x_wconf 91' lang='lat' dir='ltr'><strong>et</strong></span> <span class='ocrx_word' id='word_1_403' title='bbox 1337 3647 1400 3700; x_wconf 80' lang='lat' dir='ltr'><strong>&#39;in</strong></span> <span class='ocrx_word' id='word_1_404' title='bbox 1443 3645 1652 3718; x_wconf 82' lang='lat' dir='ltr'><strong>ﬂagello</strong></span> <span class='ocrx_word' id='word_1_405' title='bbox 1673 3648 1872 3702; x_wconf 90' lang='lat' dir='ltr'><strong>cineris</strong></span> <span class='ocrx_word' id='word_1_406' title='bbox 1913 3663 2040 3718; x_wconf 84' lang='lat' dir='ltr'><strong>per-</strong></span> 
     </span>
    </p>
   </div>
   <div class='ocr_carea' id='block_1_54' title="bbox 467 3733 2042 3809">
    <p class='ocr_par' dir='ltr' id='par_1_54' title="bbox 467 3733 2042 3809">
     <span class='ocr_line' id='line_1_54' title="bbox 467 3733 2042 3809; baseline -0.001 -17"><span class='ocrx_word' id='word_1_407' title='bbox 467 3739 766 3809; x_wconf 88' lang='lat' dir='ltr'><strong>pendamus</strong></span> <span class='ocrx_word' id='word_1_408' title='bbox 792 3737 922 3808; x_wconf 91' lang='lat' dir='ltr'><strong>quid</strong></span> <span class='ocrx_word' id='word_1_409' title='bbox 963 3735 1338 3806; x_wconf 89' lang='lat' dir='ltr'><strong>perjudicium</strong></span> <span class='ocrx_word' id='word_1_410' title='bbox 1368 3733 1496 3790; x_wconf 89' lang='lat' dir='ltr'><strong>facti</strong></span> <span class='ocrx_word' id='word_1_411' title='bbox 1539 3750 1759 3801; x_wconf 89' lang='lat' dir='ltr'><strong>sumus;</strong></span> <span class='ocrx_word' id='word_1_412' title='bbox 1797 3737 2042 3792; x_wconf 90' lang='lat' dir='ltr'><strong>conside-</strong></span> 
     </span>
    </p>
   </div>
   <div class='ocr_carea' id='block_1_55' title="bbox 470 3829 2043 3900">
    <p class='ocr_par' dir='ltr' id='par_1_55' title="bbox 470 3829 2043 3900">
     <span class='ocr_line' id='line_1_55' title="bbox 470 3829 2043 3900; baseline -0.003 -12"><span class='ocrx_word' id='word_1_413' title='bbox 470 3842 619 3888; x_wconf 88' lang='lat' dir='ltr'><strong>retur</strong></span> <span class='ocrx_word' id='word_1_414' title='bbox 660 3845 789 3900; x_wconf 87' lang='lat' dir='ltr'><strong>ergo</strong></span> <span class='ocrx_word' id='word_1_415' title='bbox 827 3831 882 3885; x_wconf 91' lang='lat' dir='ltr'><strong>in</strong></span> <span class='ocrx_word' id='word_1_416' title='bbox 938 3831 1119 3884; x_wconf 91' lang='lat' dir='ltr'><strong>cinere</strong></span> <span class='ocrx_word' id='word_1_417' title='bbox 1147 3843 1246 3898; x_wconf 91' lang='lat' dir='ltr'><strong>per</strong></span> <span class='ocrx_word' id='word_1_418' title='bbox 1287 3829 1476 3883; x_wconf 90' lang='lat' dir='ltr'><strong>mortis</strong></span> <span class='ocrx_word' id='word_1_419' title='bbox 1504 3829 1827 3883; x_wconf 90' lang='lat' dir='ltr'><strong>sententiam</strong></span> <span class='ocrx_word' id='word_1_420' title='bbox 1857 3829 2043 3883; x_wconf 91' lang='lat' dir='ltr'><strong>subse-</strong></span> 
     </span>
    </p>
   </div>
   <div class='ocr_carea' id='block_1_56' title="bbox 468 3922 2042 3996">
    <p class='ocr_par' dir='ltr' id='par_1_56' title="bbox 468 3922 2042 3996">
     <span class='ocr_line' id='line_1_56' title="bbox 468 3922 2042 3996; baseline -0.001 -19"><span class='ocrx_word' id='word_1_421' title='bbox 468 3938 639 3996; x_wconf 89' lang='lat' dir='ltr'><strong>quens</strong></span> <span class='ocrx_word' id='word_1_422' title='bbox 673 3922 828 3993; x_wconf 83' lang='lat' dir='ltr'><strong>juxta</strong></span> <span class='ocrx_word' id='word_1_423' title='bbox 872 3936 1088 3993; x_wconf 89' lang='lat' dir='ltr'><strong>penam</strong></span> <span class='ocrx_word' id='word_1_424' title='bbox 1141 3922 1395 3976; x_wconf 86' lang='lat' dir='ltr'><strong>vitiorum</strong></span> <span class='ocrx_word' id='word_1_425' title='bbox 1441 3936 1559 3991; x_wconf 78' lang='lat' dir='ltr'><strong>que</strong></span> <span class='ocrx_word' id='word_1_426' title='bbox 1596 3929 1719 3990; x_wconf 91' lang='lat' dir='ltr'><strong>post</strong></span> <span class='ocrx_word' id='word_1_427' title='bbox 1748 3930 2042 3990; x_wconf 87' lang='lat' dir='ltr'><strong>peccatum</strong></span> 
     </span>
    </p>
   </div>
   <div class='ocr_carea' id='block_1_57' title="bbox 467 4012 2044 4082">
    <p class='ocr_par' dir='ltr' id='par_1_57' title="bbox 467 4012 2044 4082">
     <span class='ocr_line' id='line_1_57' title="bbox 467 4012 2044 4082; baseline -0.004 -10"><span class='ocrx_word' id='word_1_428' title='bbox 467 4016 648 4072; x_wconf 88' lang='lat' dir='ltr'><strong>carnis</strong></span> <span class='ocrx_word' id='word_1_429' title='bbox 673 4015 1010 4070; x_wconf 72' lang='lat' dir='ltr'><strong>contumelia:</strong></span> <span class='ocrx_word' id='word_1_430' title='bbox 1031 4022 1404 4079; x_wconf 78' lang='lat' dir='ltr'><strong>surrexerunt;</strong></span> <span class='ocrx_word' id='word_1_431' title='bbox 1436 4012 1613 4068; x_wconf 88' lang='lat' dir='ltr'><strong>videat</strong></span> <span class='ocrx_word' id='word_1_432' title='bbox 1630 4015 1791 4067; x_wconf 89' lang='lat' dir='ltr'><strong>homo</strong></span> <span class='ocrx_word' id='word_1_433' title='bbox 1812 4013 1867 4066; x_wconf 91' lang='lat' dir='ltr'><strong>in</strong></span> <span class='ocrx_word' id='word_1_434' title='bbox 1889 4027 2044 4082; x_wconf 88' lang='lat' dir='ltr'><strong>aspe-</strong></span> 
     </span>
    </p>
   </div>
   <div class='ocr_carea' id='block_1_58' title="bbox 469 4104 2044 4177">
    <p class='ocr_par' dir='ltr' id='par_1_58' title="bbox 469 4104 2044 4177">
     <span class='ocr_line' id='line_1_58' title="bbox 469 4104 2044 4177; baseline -0.003 -14"><span class='ocrx_word' id='word_1_435' title='bbox 469 4110 629 4164; x_wconf 88' lang='lat' dir='ltr'><strong>ritate</strong></span> <span class='ocrx_word' id='word_1_436' title='bbox 653 4107 814 4163; x_wconf 89' lang='lat' dir='ltr'><strong>cilicii</strong></span> <span class='ocrx_word' id='word_1_437' title='bbox 841 4105 1200 4177; x_wconf 88' lang='lat' dir='ltr'><strong>superhiendo</strong></span> <span class='ocrx_word' id='word_1_438' title='bbox 1233 4105 1361 4175; x_wconf 91' lang='lat' dir='ltr'><strong>quid</strong></span> <span class='ocrx_word' id='word_1_439' title='bbox 1385 4104 1532 4169; x_wconf 89' lang='lat' dir='ltr'><strong>fecit,</strong></span> <span class='ocrx_word' id='word_1_440' title='bbox 1561 4105 1742 4159; x_wconf 89' lang='lat' dir='ltr'><strong>videat</strong></span> <span class='ocrx_word' id='word_1_441' title='bbox 1777 4105 1831 4158; x_wconf 93' lang='lat' dir='ltr'><strong>in</strong></span> <span class='ocrx_word' id='word_1_442' title='bbox 1859 4105 2044 4159; x_wconf 90' lang='lat' dir='ltr'><strong>cinere</strong></span> 
     </span>
    </p>
   </div>
   <div class='ocr_carea' id='block_1_59' title="bbox 471 4193 2044 4269">
    <p class='ocr_par' dir='ltr' id='par_1_59' title="bbox 471 4193 2044 4269">
     <span class='ocr_line' id='line_1_59' title="bbox 471 4193 2044 4269; baseline -0.004 -13"><span class='ocrx_word' id='word_1_443' title='bbox 471 4214 754 4269; x_wconf 87' lang='lat' dir='ltr'><strong>usquequo</strong></span> <span class='ocrx_word' id='word_1_444' title='bbox 791 4198 1076 4268; x_wconf 79' lang='lat' dir='ltr'><strong>peccando</strong></span> <span class='ocrx_word' id='word_1_445' title='bbox 1105 4196 1371 4266; x_wconf 87' lang='lat' dir='ltr'><strong>pervenit,</strong></span> <span class='ocrx_word' id='word_1_446' title='bbox 1402 4195 1559 4265; x_wconf 90' lang='lat' dir='ltr'><strong>quasi</strong></span> <span class='ocrx_word' id='word_1_447' title='bbox 1593 4195 1828 4265; x_wconf 90' lang='lat' dir='ltr'><strong>quodam</strong></span> <span class='ocrx_word' id='word_1_448' title='bbox 1865 4193 2044 4249; x_wconf 89' lang='lat' dir='ltr'><strong>cilicio</strong></span> 
     </span>
    </p>
   </div>
   <div class='ocr_carea' id='block_1_60' title="bbox 469 4286 2045 4362">
    <p class='ocr_par' dir='ltr' id='par_1_60' title="bbox 469 4286 2045 4362">
     <span class='ocr_line' id='line_1_60' title="bbox 469 4286 2045 4362; baseline -0.006 -15"><span class='ocrx_word' id='word_1_449' title='bbox 469 4298 721 4361; x_wconf 85' lang='lat' dir='ltr'><strong>peccator</strong></span> <span class='ocrx_word' id='word_1_450' title='bbox 738 4290 1015 4362; x_wconf 83' lang='lat' dir='ltr'><strong>pangitur,</strong></span> <span class='ocrx_word' id='word_1_451' title='bbox 1053 4289 1180 4343; x_wconf 92' lang='lat' dir='ltr'><strong>dum</strong></span> <span class='ocrx_word' id='word_1_452' title='bbox 1209 4289 1261 4342; x_wconf 93' lang='lat' dir='ltr'><strong>in</strong></span> <span class='ocrx_word' id='word_1_453' title='bbox 1295 4295 1473 4342; x_wconf 90' lang='lat' dir='ltr'><strong>mente</strong></span> <span class='ocrx_word' id='word_1_454' title='bbox 1498 4301 1594 4342; x_wconf 91' lang='lat' dir='ltr'><strong>sua</strong></span> <span class='ocrx_word' id='word_1_455' title='bbox 1628 4287 1836 4357; x_wconf 80' lang='lat' dir='ltr'><strong>asperis</strong></span> <span class='ocrx_word' id='word_1_456' title='bbox 1859 4286 2045 4340; x_wconf 85' lang='lat' dir='ltr'><strong>redar-</strong></span> 
     </span>
    </p>
   </div>
   <div class='ocr_carea' id='block_1_61' title="bbox 470 4380 2041 4454">
    <p class='ocr_par' dir='ltr' id='par_1_61' title="bbox 470 4380 2041 4454">
     <span class='ocr_line' id='line_1_61' title="bbox 470 4380 2041 4454; baseline -0.003 -16"><span class='ocrx_word' id='word_1_457' title='bbox 470 4384 748 4454; x_wconf 84' lang='lat' dir='ltr'><strong>gutionum</strong></span> <span class='ocrx_word' id='word_1_458' title='bbox 808 4382 1038 4437; x_wconf 88' lang='lat' dir='ltr'><strong>stimulis</strong></span> <span class='ocrx_word' id='word_1_459' title='bbox 1085 4380 1510 4452; x_wconf 88' lang='lat' dir='ltr'><strong>constringitur;</strong></span> <span class='ocrx_word' id='word_1_460' title='bbox 1563 4381 1616 4435; x_wconf 90' lang='lat' dir='ltr'><strong>in</strong></span> <span class='ocrx_word' id='word_1_461' title='bbox 1648 4382 1830 4435; x_wconf 90' lang='lat' dir='ltr'><strong>cinere</strong></span> <span class='ocrx_word' id='word_1_462' title='bbox 1862 4387 2041 4435; x_wconf 89' lang='lat' dir='ltr'><strong>autem</strong></span> 
     </span>
    </p>
   </div>
   <div class='ocr_carea' id='block_1_62' title="bbox 472 4471 2045 4545">
    <p class='ocr_par' dir='ltr' id='par_1_62' title="bbox 472 4471 2045 4545">
     <span class='ocr_line' id='line_1_62' title="bbox 472 4471 2045 4545; baseline -0.002 -18"><span class='ocrx_word' id='word_1_463' title='bbox 472 4475 583 4545; x_wconf 84' lang='lat' dir='ltr'><strong>agit</strong></span> <span class='ocrx_word' id='word_1_464' title='bbox 629 4472 1026 4544; x_wconf 89' lang='lat' dir='ltr'><strong>penitentiam,</strong></span> <span class='ocrx_word' id='word_1_465' title='bbox 1071 4471 1163 4542; x_wconf 82' lang='lat' dir='ltr'><strong>qui</strong></span> <span class='ocrx_word' id='word_1_466' title='bbox 1210 4486 1275 4526; x_wconf 90' lang='lat' dir='ltr'><strong>ex</strong></span> <span class='ocrx_word' id='word_1_467' title='bbox 1305 4471 1481 4540; x_wconf 92' lang='lat' dir='ltr'><strong>primo</strong></span> <span class='ocrx_word' id='word_1_468' title='bbox 1514 4479 1737 4542; x_wconf 89' lang='lat' dir='ltr'><strong>peccato</strong></span> <span class='ocrx_word' id='word_1_469' title='bbox 1773 4471 1902 4540; x_wconf 92' lang='lat' dir='ltr'><strong>quid</strong></span> <span class='ocrx_word' id='word_1_470' title='bbox 1948 4487 2045 4540; x_wconf 92' lang='lat' dir='ltr'><strong>per</strong></span> 
     </span>
    </p>
   </div>
   <div class='ocr_carea' id='block_1_63' title="bbox 468 4561 2044 4636">
    <p class='ocr_par' dir='ltr' id='par_1_63' title="bbox 468 4561 2044 4636">
     <span class='ocr_line' id='line_1_63' title="bbox 468 4561 2044 4636; baseline -0.004 -16"><span class='ocrx_word' id='word_1_471' title='bbox 468 4568 672 4636; x_wconf 89' lang='lat' dir='ltr'><strong>justum</strong></span> <span class='ocrx_word' id='word_1_472' title='bbox 695 4565 958 4636; x_wconf 89' lang='lat' dir='ltr'><strong>judicium</strong></span> <span class='ocrx_word' id='word_1_473' title='bbox 1009 4562 1182 4618; x_wconf 85' lang='lat' dir='ltr'><strong>factus</strong></span> <span class='ocrx_word' id='word_1_474' title='bbox 1219 4563 1291 4617; x_wconf 92' lang='lat' dir='ltr'><strong>sit</strong></span> <span class='ocrx_word' id='word_1_475' title='bbox 1317 4562 1552 4617; x_wconf 90' lang='lat' dir='ltr'><strong>solenter</strong></span> <span class='ocrx_word' id='word_1_476' title='bbox 1580 4561 1839 4627; x_wconf 90' lang='lat' dir='ltr'><strong>attendit;</strong></span> <span class='ocrx_word' id='word_1_477' title='bbox 1871 4561 1925 4615; x_wconf 91' lang='lat' dir='ltr'><strong>in</strong></span> <span class='ocrx_word' id='word_1_478' title='bbox 1965 4571 2044 4614; x_wconf 88' lang='lat' dir='ltr'><strong>te-</strong></span> 
     </span>
    </p>
   </div>
   <div class='ocr_carea' id='block_1_64' title="bbox 477 4649 2044 4722">
    <p class='ocr_par' dir='ltr' id='par_1_64' title="bbox 477 4649 2044 4722">
     <span class='ocr_line' id='line_1_64' title="bbox 477 4649 2044 4722; baseline -0.005 -8"><span class='ocrx_word' id='word_1_479' title='bbox 477 4649 678 4714; x_wconf 89' lang='lat' dir='ltr'><strong>nebras</strong></span> <span class='ocrx_word' id='word_1_480' title='bbox 718 4659 861 4713; x_wconf 89' lang='lat' dir='ltr'><strong>diem</strong></span> <span class='ocrx_word' id='word_1_481' title='bbox 920 4656 1180 4711; x_wconf 83' lang='lat' dir='ltr'><strong>vertimus</strong></span> <span class='ocrx_word' id='word_1_482' title='bbox 1231 4669 1352 4708; x_wconf 89' lang='lat' dir='ltr'><strong>cum</strong></span> <span class='ocrx_word' id='word_1_483' title='bbox 1392 4654 1751 4722; x_wconf 88' lang='lat' dir='ltr'><strong>nosmetipsos</strong></span> <span class='ocrx_word' id='word_1_484' title='bbox 1798 4653 2044 4706; x_wconf 88' lang='lat' dir='ltr'><strong>districte</strong></span> 
     </span>
    </p>
   </div>
   <div class='ocr_carea' id='block_1_65' title="bbox 473 4744 2044 4821">
    <p class='ocr_par' dir='ltr' id='par_1_65' title="bbox 473 4744 2044 4821">
     <span class='ocr_line' id='line_1_65' title="bbox 473 4744 2044 4821; baseline -0.007 -15"><span class='ocrx_word' id='word_1_485' title='bbox 473 4753 756 4821; x_wconf 89' lang='lat' dir='ltr'><strong>punientes</strong></span> <span class='ocrx_word' id='word_1_486' title='bbox 785 4751 896 4820; x_wconf 88' lang='lat' dir='ltr'><strong>ipsa</strong></span> <span class='ocrx_word' id='word_1_487' title='bbox 935 4746 1305 4804; x_wconf 87' lang='lat' dir='ltr'><strong>delectationis</strong></span> <span class='ocrx_word' id='word_1_488' title='bbox 1342 4760 1520 4814; x_wconf 82' lang='lat' dir='ltr'><strong>pravae</strong></span> <span class='ocrx_word' id='word_1_489' title='bbox 1556 4744 1920 4800; x_wconf 89' lang='lat' dir='ltr'><strong>blandimenta</strong></span> <span class='ocrx_word' id='word_1_490' title='bbox 1947 4759 2044 4814; x_wconf 90' lang='lat' dir='ltr'><strong>per</strong></span> 
     </span>
    </p>
   </div>
   <div class='ocr_carea' id='block_1_66' title="bbox 475 4837 2044 4912">
    <p class='ocr_par' dir='ltr' id='par_1_66' title="bbox 475 4837 2044 4912">
     <span class='ocr_line' id='line_1_66' title="bbox 475 4837 2044 4912; baseline -0.006 -13"><span class='ocrx_word' id='word_1_491' title='bbox 475 4845 718 4899; x_wconf 88' lang='lat' dir='ltr'><strong>districta</strong></span> <span class='ocrx_word' id='word_1_492' title='bbox 742 4840 1071 4912; x_wconf 80' lang='lat' dir='ltr'><strong>penitentie</strong></span> <span class='ocrx_word' id='word_1_493' title='bbox 1111 4839 1343 4893; x_wconf 89' lang='lat' dir='ltr'><strong>lamenta</strong></span> <span class='ocrx_word' id='word_1_494' title='bbox 1367 4838 1670 4892; x_wconf 90' lang='lat' dir='ltr'><strong>cruciamus</strong></span> <span class='ocrx_word' id='word_1_495' title='bbox 1690 4846 1745 4892; x_wconf 89' lang='lat' dir='ltr'><strong>et</strong></span> <span class='ocrx_word' id='word_1_496' title='bbox 1767 4837 1943 4891; x_wconf 88' lang='lat' dir='ltr'><strong>ﬂendo</strong></span> <span class='ocrx_word' id='word_1_497' title='bbox 1963 4837 2044 4890; x_wconf 93' lang='lat' dir='ltr'><strong>in-</strong></span> 
     </span>
    </p>
   </div>
   <div class='ocr_carea' id='block_1_67' title="bbox 477 4930 2046 5005">
    <p class='ocr_par' dir='ltr' id='par_1_67' title="bbox 477 4930 2046 5005">
     <span class='ocr_line' id='line_1_67' title="bbox 477 4930 2046 5005; baseline -0.004 -15"><span class='ocrx_word' id='word_1_498' title='bbox 477 4935 752 5005; x_wconf 89' lang='lat' dir='ltr'><strong>sequimur</strong></span> <span class='ocrx_word' id='word_1_499' title='bbox 801 4932 1057 5002; x_wconf 83' lang='lat' dir='ltr'><strong>quidquid</strong></span> <span class='ocrx_word' id='word_1_500' title='bbox 1098 4933 1152 4986; x_wconf 94' lang='lat' dir='ltr'><strong>in</strong></span> <span class='ocrx_word' id='word_1_501' title='bbox 1186 4932 1348 4986; x_wconf 91' lang='lat' dir='ltr'><strong>corde</strong></span> <span class='ocrx_word' id='word_1_502' title='bbox 1391 4931 1542 4986; x_wconf 87' lang='lat' dir='ltr'><strong>taciti</strong></span> <span class='ocrx_word' id='word_1_503' title='bbox 1571 4946 1636 4985; x_wconf 91' lang='lat' dir='ltr'><strong>ex</strong></span> <span class='ocrx_word' id='word_1_504' title='bbox 1689 4930 2046 4986; x_wconf 89' lang='lat' dir='ltr'><strong>delectatione</strong></span> 
     </span>
    </p>
   </div>
   <div class='ocr_carea' id='block_1_68' title="bbox 475 5018 2046 5094">
    <p class='ocr_par' dir='ltr' id='par_1_68' title="bbox 475 5018 2046 5094">
     <span class='ocr_line' id='line_1_68' title="bbox 475 5018 2046 5094; baseline -0.005 -13"><span class='ocrx_word' id='word_1_505' title='bbox 475 5039 782 5094; x_wconf 84' lang='lat' dir='ltr'><strong>peccamus.</strong></span> <span class='ocrx_word' id='word_1_506' title='bbox 799 5021 993 5077; x_wconf 87' lang='lat' dir='ltr'><strong>Fidelis</strong></span> <span class='ocrx_word' id='word_1_507' title='bbox 1005 5022 1234 5092; x_wconf 90' lang='lat' dir='ltr'><strong>quisque</strong></span> <span class='ocrx_word' id='word_1_508' title='bbox 1253 5021 1376 5074; x_wconf 91' lang='lat' dir='ltr'><strong>dum</strong></span> <span class='ocrx_word' id='word_1_509' title='bbox 1394 5020 1750 5090; x_wconf 85' lang='lat' dir='ltr'><strong>cogitationes</strong></span> <span class='ocrx_word' id='word_1_510' title='bbox 1765 5020 1818 5074; x_wconf 90' lang='lat' dir='ltr'><strong>in</strong></span> <span class='ocrx_word' id='word_1_511' title='bbox 1840 5018 2046 5086; x_wconf 86' lang='lat' dir='ltr'><strong>judicio</strong></span> 
     </span>
    </p>
   </div>
   <div class='ocr_carea' id='block_1_69' title="bbox 477 5110 2045 5186">
    <p class='ocr_par' dir='ltr' id='par_1_69' title="bbox 477 5110 2045 5186">
     <span class='ocr_line' id='line_1_69' title="bbox 477 5110 2045 5186; baseline -0.006 -14"><span class='ocrx_word' id='word_1_512' title='bbox 477 5116 715 5186; x_wconf 78' lang='lat' dir='ltr'><strong>exquirit</strong></span> <span class='ocrx_word' id='word_1_513' title='bbox 745 5113 1036 5178; x_wconf 89' lang='lat' dir='ltr'><strong>subtiliter,</strong></span> <span class='ocrx_word' id='word_1_514' title='bbox 1062 5128 1168 5166; x_wconf 93' lang='lat' dir='ltr'><strong>non</strong></span> <span class='ocrx_word' id='word_1_515' title='bbox 1196 5112 1406 5182; x_wconf 87' lang='lat' dir='ltr'><strong>ignorat</strong></span> <span class='ocrx_word' id='word_1_516' title='bbox 1431 5118 1604 5166; x_wconf 89' lang='lat' dir='ltr'><strong>semet</strong></span> <span class='ocrx_word' id='word_1_517' title='bbox 1638 5110 1906 5164; x_wconf 90' lang='lat' dir='ltr'><strong>introrsus</strong></span> <span class='ocrx_word' id='word_1_518' title='bbox 1936 5110 2045 5164; x_wconf 86' lang='lat' dir='ltr'><strong>dis-</strong></span> 
     </span>
    </p>
   </div>
   <div class='ocr_carea' id='block_1_70' title="bbox 473 5201 2046 5274">
    <p class='ocr_par' dir='ltr' id='par_1_70' title="bbox 473 5201 2046 5274">
     <span class='ocr_line' id='line_1_70' title="bbox 473 5201 2046 5274; baseline -0.006 -11"><span class='ocrx_word' id='word_1_519' title='bbox 473 5211 710 5274; x_wconf 86' lang='lat' dir='ltr'><strong>cutiens,</strong></span> <span class='ocrx_word' id='word_1_520' title='bbox 745 5223 803 5262; x_wconf 89' lang='lat' dir='ltr'><strong>se</strong></span> <span class='ocrx_word' id='word_1_521' title='bbox 843 5217 966 5262; x_wconf 87' lang='lat' dir='ltr'><strong>ante</strong></span> <span class='ocrx_word' id='word_1_522' title='bbox 990 5205 1249 5274; x_wconf 91' lang='lat' dir='ltr'><strong>judicium</strong></span> <span class='ocrx_word' id='word_1_523' title='bbox 1289 5206 1638 5258; x_wconf 85' lang='lat' dir='ltr'><strong>vehementer</strong></span> <span class='ocrx_word' id='word_1_524' title='bbox 1665 5201 1958 5265; x_wconf 83' lang='lat' dir='ltr'><strong>examinat,</strong></span> <span class='ocrx_word' id='word_1_525' title='bbox 1989 5209 2046 5254; x_wconf 92' lang='lat' dir='ltr'><strong>ut</strong></span> 
     </span>
    </p>
   </div>
   <div class='ocr_carea' id='block_1_71' title="bbox 477 5291 2046 5369">
    <p class='ocr_par' dir='ltr' id='par_1_71' title="bbox 477 5291 2046 5369">
     <span class='ocr_line' id='line_1_71' title="bbox 477 5291 2046 5369; baseline -0.008 -13"><span class='ocrx_word' id='word_1_526' title='bbox 477 5301 753 5356; x_wconf 86' lang='lat' dir='ltr'><strong>districtus</strong></span> <span class='ocrx_word' id='word_1_527' title='bbox 775 5298 937 5369; x_wconf 84' lang='lat' dir='ltr'><strong>judex</strong></span> <span class='ocrx_word' id='word_1_528' title='bbox 990 5312 1055 5351; x_wconf 92' lang='lat' dir='ltr'><strong>eo</strong></span> <span class='ocrx_word' id='word_1_529' title='bbox 1074 5295 1185 5362; x_wconf 90' lang='lat' dir='ltr'><strong>jam</strong></span> <span class='ocrx_word' id='word_1_530' title='bbox 1237 5294 1578 5362; x_wconf 75' lang='lat' dir='ltr'><strong>tranquillius</strong></span> <span class='ocrx_word' id='word_1_531' title='bbox 1607 5293 1786 5346; x_wconf 88' lang='lat' dir='ltr'><strong>veniat</strong></span> <span class='ocrx_word' id='word_1_532' title='bbox 1838 5291 1903 5345; x_wconf 90' lang='lat' dir='ltr'><strong>ad</strong></span> <span class='ocrx_word' id='word_1_533' title='bbox 1952 5307 2046 5344; x_wconf 79' lang='lat' dir='ltr'><strong>cor</strong></span> 
     </span>
    </p>
   </div>
   <div class='ocr_carea' id='block_1_72' title="bbox 476 5381 2044 5458">
    <p class='ocr_par' dir='ltr' id='par_1_72' title="bbox 476 5381 2044 5458">
     <span class='ocr_line' id='line_1_72' title="bbox 476 5381 2044 5458; baseline -0.007 -13"><span class='ocrx_word' id='word_1_534' title='bbox 476 5406 636 5447; x_wconf 82' lang='lat' dir='ltr'><strong>suum</strong></span> <span class='ocrx_word' id='word_1_535' title='bbox 673 5404 832 5458; x_wconf 86' lang='lat' dir='ltr'><strong>quem</strong></span> <span class='ocrx_word' id='word_1_536' title='bbox 861 5388 1129 5441; x_wconf 88' lang='lat' dir='ltr'><strong>discutere</strong></span> <span class='ocrx_word' id='word_1_537' title='bbox 1175 5384 1397 5452; x_wconf 90' lang='lat' dir='ltr'><strong>appetit,</strong></span> <span class='ocrx_word' id='word_1_538' title='bbox 1451 5398 1558 5451; x_wconf 90' lang='lat' dir='ltr'><strong>quo</strong></span> <span class='ocrx_word' id='word_1_539' title='bbox 1601 5397 1722 5436; x_wconf 89' lang='lat' dir='ltr'><strong>eum</strong></span> <span class='ocrx_word' id='word_1_540' title='bbox 1750 5397 1845 5450; x_wconf 93' lang='lat' dir='ltr'><strong>pro</strong></span> <span class='ocrx_word' id='word_1_541' title='bbox 1889 5381 2044 5448; x_wconf 88' lang='lat' dir='ltr'><strong>culpa</strong></span> 
     </span>
    </p>
   </div>
   <div class='ocr_carea' id='block_1_73' title="bbox 474 5471 2044 5551">
    <p class='ocr_par' dir='ltr' id='par_1_73' title="bbox 474 5471 2044 5551">
     <span class='ocr_line' id='line_1_73' title="bbox 474 5471 2044 5551; baseline -0.008 -16"><span class='ocrx_word' id='word_1_542' title='bbox 474 5481 722 5551; x_wconf 85' lang='lat' dir='ltr'><strong>punitum</strong></span> <span class='ocrx_word' id='word_1_543' title='bbox 767 5477 961 5533; x_wconf 90' lang='lat' dir='ltr'><strong>cernit.</strong></span> <span class='ocrx_word' id='word_1_544' title='bbox 1006 5472 1359 5541; x_wconf 88' lang='lat' dir='ltr'><strong>Omnipotens</strong></span> <span class='ocrx_word' id='word_1_545' title='bbox 1411 5472 1554 5526; x_wconf 88' lang='lat' dir='ltr'><strong>Deus</strong></span> <span class='ocrx_word' id='word_1_546' title='bbox 1609 5471 1882 5526; x_wconf 74' lang='lat' dir='ltr'><strong>subtiliter</strong></span> <span class='ocrx_word' id='word_1_547' title='bbox 1927 5481 2044 5523; x_wconf 85' lang='lat' dir='ltr'><strong>acta</strong></span> 
     </span>
    </p>
   </div>
   <div class='ocr_carea' id='block_1_74' title="bbox 474 5560 2048 5631">
    <p class='ocr_par' dir='ltr' id='par_1_74' title="bbox 474 5560 2048 5631">
     <span class='ocr_line' id='line_1_74' title="bbox 474 5560 2048 5631; baseline -0.009 -5"><span class='ocrx_word' id='word_1_548' title='bbox 474 5581 663 5626; x_wconf 84' lang='lat' dir='ltr'><strong>nostra</strong></span> <span class='ocrx_word' id='word_1_549' title='bbox 711 5568 1034 5627; x_wconf 86' lang='lat' dir='ltr'><strong>considerat,</strong></span> <span class='ocrx_word' id='word_1_550' title='bbox 1067 5571 1122 5616; x_wconf 91' lang='lat' dir='ltr'><strong>et</strong></span> <span class='ocrx_word' id='word_1_551' title='bbox 1165 5571 1339 5616; x_wconf 88' lang='lat' dir='ltr'><strong>tamen</strong></span> <span class='ocrx_word' id='word_1_552' title='bbox 1385 5563 1499 5616; x_wconf 66' lang='lat' dir='ltr'><strong>haec</strong></span> <span class='ocrx_word' id='word_1_553' title='bbox 1525 5561 1913 5631; x_wconf 81' lang='lat' dir='ltr'><strong>penitentibus</strong></span> <span class='ocrx_word' id='word_1_554' title='bbox 1947 5560 2048 5613; x_wconf 92' lang='lat' dir='ltr'><strong>mi-</strong></span> 
     </span>
    </p>
   </div>
   <div class='ocr_carea' id='block_1_75' title="bbox 477 5650 2047 5722">
    <p class='ocr_par' dir='ltr' id='par_1_75' title="bbox 477 5650 2047 5722">
     <span class='ocr_line' id='line_1_75' title="bbox 477 5650 2047 5722; baseline -0.008 -4"><span class='ocrx_word' id='word_1_555' title='bbox 477 5659 821 5720; x_wconf 82' lang='lat' dir='ltr'><strong>sericorditer</strong></span> <span class='ocrx_word' id='word_1_556' title='bbox 869 5656 1111 5719; x_wconf 87' lang='lat' dir='ltr'><strong>relaxat,</strong></span> <span class='ocrx_word' id='word_1_557' title='bbox 1143 5653 1236 5722; x_wconf 89' lang='lat' dir='ltr'><strong>qui</strong></span> <span class='ocrx_word' id='word_1_558' title='bbox 1289 5661 1343 5708; x_wconf 91' lang='lat' dir='ltr'><strong>et</strong></span> <span class='ocrx_word' id='word_1_559' title='bbox 1389 5652 1642 5707; x_wconf 89' lang='lat' dir='ltr'><strong>duritiam</strong></span> <span class='ocrx_word' id='word_1_560' title='bbox 1699 5650 2047 5721; x_wconf 85' lang='lat' dir='ltr'><strong>peccantibus</strong></span> 
     </span>
    </p>
   </div>
   <div class='ocr_carea' id='block_1_76' title="bbox 2139 1836 3740 1908">
    <p class='ocr_par' dir='ltr' id='par_1_76' title="bbox 2139 1836 3740 1908">
     <span class='ocr_line' id='line_1_76' title="bbox 2139 1836 3740 1908; baseline 0.001 -18"><span class='ocrx_word' id='word_1_561' title='bbox 2139 1838 2262 1906; x_wconf 91' lang='lat' dir='ltr'><strong>quia</strong></span> <span class='ocrx_word' id='word_1_562' title='bbox 2295 1839 2408 1892; x_wconf 81' lang='lat' dir='ltr'><strong>hec</strong></span> <span class='ocrx_word' id='word_1_563' title='bbox 2435 1852 2530 1906; x_wconf 90' lang='lat' dir='ltr'><strong>per</strong></span> <span class='ocrx_word' id='word_1_564' title='bbox 2559 1836 2824 1908; x_wconf 87' lang='lat' dir='ltr'><strong>ﬂagellum</strong></span> <span class='ocrx_word' id='word_1_565' title='bbox 2855 1836 3091 1892; x_wconf 88' lang='lat' dir='ltr'><strong>funditus</strong></span> <span class='ocrx_word' id='word_1_566' title='bbox 3126 1838 3354 1893; x_wconf 84' lang='lat' dir='ltr'><strong>relaxat.</strong></span> <span class='ocrx_word' id='word_1_567' title='bbox 3387 1837 3606 1893; x_wconf 79' lang='lat' dir='ltr'><strong>Beatus</strong></span> <span class='ocrx_word' id='word_1_568' title='bbox 3643 1837 3740 1892; x_wconf 79' lang='lat' dir='ltr'><strong>Job</strong></span> 
     </span>
    </p>
   </div>
   <div class='ocr_carea' id='block_1_77' title="bbox 2139 1928 3737 1998">
    <p class='ocr_par' dir='ltr' id='par_1_77' title="bbox 2139 1928 3737 1998">
     <span class='ocr_line' id='line_1_77' title="bbox 2139 1928 3737 1998; baseline -0.001 -16"><span class='ocrx_word' id='word_1_569' title='bbox 2139 1928 2358 1982; x_wconf 84' lang='lat' dir='ltr'><strong>humani</strong></span> <span class='ocrx_word' id='word_1_570' title='bbox 2386 1928 2600 1998; x_wconf 85' lang='lat' dir='ltr'><strong>generis</strong></span> <span class='ocrx_word' id='word_1_571' title='bbox 2626 1942 2908 1982; x_wconf 88' lang='lat' dir='ltr'><strong>assumens</strong></span> <span class='ocrx_word' id='word_1_572' title='bbox 2944 1943 3233 1997; x_wconf 86' lang='lat' dir='ltr'><strong>personam</strong></span> <span class='ocrx_word' id='word_1_573' title='bbox 3264 1930 3405 1983; x_wconf 90' lang='lat' dir='ltr'><strong>dicit</strong></span> <span class='ocrx_word' id='word_1_574' title='bbox 3433 1948 3450 1981; x_wconf 84' lang='grc'><strong>;</strong></span> <span class='ocrx_word' id='word_1_575' title='bbox 3489 1949 3512 1980; x_wconf 85' lang='grc'><strong>‹</strong></span> <span class='ocrx_word' id='word_1_576' title='bbox 3545 1929 3737 1997; x_wconf 78' lang='lat' dir='ltr'><strong>Signa-</strong></span> 
     </span>
    </p>
   </div>
   <div class='ocr_carea' id='block_1_78' title="bbox 2139 2018 3733 2090">
    <p class='ocr_par' dir='ltr' id='par_1_78' title="bbox 2139 2018 3733 2090">
     <span class='ocr_line' id='line_1_78' title="bbox 2139 2018 3733 2090; baseline -0.004 -15"><span class='ocrx_word' id='word_1_577' title='bbox 2139 2021 2208 2076; x_wconf 88' lang='lat' dir='ltr'><strong>sti</strong></span> <span class='ocrx_word' id='word_1_578' title='bbox 2257 2021 2410 2090; x_wconf 91' lang='lat' dir='ltr'><strong>quasi</strong></span> <span class='ocrx_word' id='word_1_579' title='bbox 2441 2021 2496 2074; x_wconf 91' lang='lat' dir='ltr'><strong>in</strong></span> <span class='ocrx_word' id='word_1_580' title='bbox 2551 2019 2766 2075; x_wconf 87' lang='lat' dir='ltr'><strong>sacculo</strong></span> <span class='ocrx_word' id='word_1_581' title='bbox 2809 2019 3003 2074; x_wconf 87' lang='lat' dir='ltr'><strong>delicta</strong></span> <span class='ocrx_word' id='word_1_582' title='bbox 3052 2035 3171 2074; x_wconf 86' lang='lat' dir='ltr'><strong>mea</strong></span> <span class='ocrx_word' id='word_1_583' title='bbox 3208 2018 3260 2090; x_wconf 85' lang='lat'><strong>(1</strong></span> <span class='ocrx_word' id='word_1_584' title='bbox 3292 2018 3427 2072; x_wconf 86' lang='lat' dir='ltr'><strong>Cor.</strong></span> <span class='ocrx_word' id='word_1_585' title='bbox 3456 2035 3546 2084; x_wconf 77' lang='lat' dir='ltr'><strong>xi,</strong></span> <span class='ocrx_word' id='word_1_586' title='bbox 3575 2021 3733 2088; x_wconf 68' lang='grc'><strong>21).»</strong></span> 
     </span>
    </p>
   </div>
   <div class='ocr_carea' id='block_1_79' title="bbox 2139 2107 3737 2180">
    <p class='ocr_par' dir='ltr' id='par_1_79' title="bbox 2139 2107 3737 2180">
     <span class='ocr_line' id='line_1_79' title="bbox 2139 2107 3737 2180; baseline -0.003 -16"><span class='ocrx_word' id='word_1_587' title='bbox 2139 2110 2366 2166; x_wconf 83' lang='lat' dir='ltr'><strong>Peccata</strong></span> <span class='ocrx_word' id='word_1_588' title='bbox 2391 2118 2576 2166; x_wconf 92' lang='lat' dir='ltr'><strong>nostra</strong></span> <span class='ocrx_word' id='word_1_589' title='bbox 2595 2109 2749 2180; x_wconf 88' lang='lat' dir='ltr'><strong>quasi</strong></span> <span class='ocrx_word' id='word_1_590' title='bbox 2779 2109 2833 2164; x_wconf 89' lang='lat' dir='ltr'><strong>in</strong></span> <span class='ocrx_word' id='word_1_591' title='bbox 2855 2108 3070 2163; x_wconf 88' lang='lat' dir='ltr'><strong>sacculo</strong></span> <span class='ocrx_word' id='word_1_592' title='bbox 3095 2109 3407 2177; x_wconf 81' lang='lat' dir='ltr'><strong>signantur,</strong></span> <span class='ocrx_word' id='word_1_593' title='bbox 3434 2124 3574 2163; x_wconf 87' lang='lat' dir='ltr'><strong>cum</strong></span> <span class='ocrx_word' id='word_1_594' title='bbox 3608 2107 3737 2160; x_wconf 82' lang='lat' dir='ltr'><strong>mala</strong></span> 
     </span>
    </p>
   </div>
   <div class='ocr_carea' id='block_1_80' title="bbox 2139 2199 3737 2274">
    <p class='ocr_par' dir='ltr' id='par_1_80' title="bbox 2139 2199 3737 2274">
     <span class='ocr_line' id='line_1_80' title="bbox 2139 2199 3737 2274; baseline -0.004 -16"><span class='ocrx_word' id='word_1_595' title='bbox 2139 2219 2258 2274; x_wconf 74' lang='lat' dir='ltr'><strong>qua:</strong></span> <span class='ocrx_word' id='word_1_596' title='bbox 2279 2203 2524 2266; x_wconf 87' lang='lat' dir='ltr'><strong>fecimus,</strong></span> <span class='ocrx_word' id='word_1_597' title='bbox 2551 2201 2783 2256; x_wconf 86' lang='lat' dir='ltr'><strong>sollicito</strong></span> <span class='ocrx_word' id='word_1_598' title='bbox 2805 2215 3018 2270; x_wconf 89' lang='lat' dir='ltr'><strong>semper</strong></span> <span class='ocrx_word' id='word_1_599' title='bbox 3044 2201 3206 2255; x_wconf 91' lang='lat' dir='ltr'><strong>corde</strong></span> <span class='ocrx_word' id='word_1_600' title='bbox 3229 2215 3546 2269; x_wconf 82' lang='lat' dir='ltr'><strong>pensamus</strong></span> <span class='ocrx_word' id='word_1_601' title='bbox 3579 2217 3592 2252; x_wconf 94' lang='lat'>:</span> <span class='ocrx_word' id='word_1_602' title='bbox 3619 2199 3737 2268; x_wconf 85' lang='lat' dir='ltr'><strong>quid</strong></span> 
     </span>
    </p>
   </div>
   <div class='ocr_carea' id='block_1_81' title="bbox 2140 2290 3734 2363">
    <p class='ocr_par' dir='ltr' id='par_1_81' title="bbox 2140 2290 3734 2363">
     <span class='ocr_line' id='line_1_81' title="bbox 2140 2290 3734 2363; baseline -0.005 -14"><span class='ocrx_word' id='word_1_603' title='bbox 2140 2309 2373 2363; x_wconf 92' lang='lat' dir='ltr'><strong>namque</strong></span> <span class='ocrx_word' id='word_1_604' title='bbox 2404 2302 2488 2349; x_wconf 88' lang='lat' dir='ltr'><strong>est</strong></span> <span class='ocrx_word' id='word_1_605' title='bbox 2509 2308 2604 2348; x_wconf 92' lang='lat' dir='ltr'><strong>cor</strong></span> <span class='ocrx_word' id='word_1_606' title='bbox 2638 2292 2894 2357; x_wconf 90' lang='lat' dir='ltr'><strong>hominis,</strong></span> <span class='ocrx_word' id='word_1_607' title='bbox 2924 2291 3026 2345; x_wconf 89' lang='lat' dir='ltr'><strong>nisi</strong></span> <span class='ocrx_word' id='word_1_608' title='bbox 3048 2291 3297 2346; x_wconf 89' lang='lat' dir='ltr'><strong>sacculus</strong></span> <span class='ocrx_word' id='word_1_609' title='bbox 3313 2290 3460 2345; x_wconf 75' lang='lat' dir='ltr'><strong>Dei!</strong></span> <span class='ocrx_word' id='word_1_610' title='bbox 3496 2291 3596 2344; x_wconf 85' lang='lat' dir='ltr'><strong>ubi</strong></span> <span class='ocrx_word' id='word_1_611' title='bbox 3621 2291 3734 2344; x_wconf 79' lang='lat' dir='ltr'><strong>dum</strong></span> 
     </span>
    </p>
   </div>
   <div class='ocr_carea' id='block_1_82' title="bbox 2140 2381 3737 2453">
    <p class='ocr_par' dir='ltr' id='par_1_82' title="bbox 2140 2381 3737 2453">
     <span class='ocr_line' id='line_1_82' title="bbox 2140 2381 3737 2453; baseline -0.004 -14"><span class='ocrx_word' id='word_1_612' title='bbox 2140 2383 2382 2440; x_wconf 87' lang='lat' dir='ltr'><strong>studiose</strong></span> <span class='ocrx_word' id='word_1_613' title='bbox 2422 2382 2787 2453; x_wconf 91' lang='lat' dir='ltr'><strong>conspicimus</strong></span> <span class='ocrx_word' id='word_1_614' title='bbox 2825 2397 2924 2451; x_wconf 91' lang='lat' dir='ltr'><strong>per</strong></span> <span class='ocrx_word' id='word_1_615' title='bbox 2947 2391 3150 2452; x_wconf 89' lang='lat' dir='ltr'><strong>quanta</strong></span> <span class='ocrx_word' id='word_1_616' title='bbox 3199 2381 3576 2450; x_wconf 84' lang='lat' dir='ltr'><strong>deliquimus,</strong></span> <span class='ocrx_word' id='word_1_617' title='bbox 3623 2396 3737 2451; x_wconf 80' lang='lat' dir='ltr'><strong>pec-</strong></span> 
     </span>
    </p>
   </div>
   <div class='ocr_carea' id='block_1_83' title="bbox 2142 2472 3736 2544">
    <p class='ocr_par' dir='ltr' id='par_1_83' title="bbox 2142 2472 3736 2544">
     <span class='ocr_line' id='line_1_83' title="bbox 2142 2472 3736 2544; baseline -0.004 -14"><span class='ocrx_word' id='word_1_618' title='bbox 2142 2483 2263 2530; x_wconf 89' lang='lat' dir='ltr'><strong>cata</strong></span> <span class='ocrx_word' id='word_1_619' title='bbox 2311 2484 2498 2530; x_wconf 90' lang='lat' dir='ltr'><strong>nostra</strong></span> <span class='ocrx_word' id='word_1_620' title='bbox 2541 2474 2697 2544; x_wconf 90' lang='lat' dir='ltr'><strong>quasi</strong></span> <span class='ocrx_word' id='word_1_621' title='bbox 2724 2473 2905 2528; x_wconf 88' lang='lat' dir='ltr'><strong>inDei</strong></span> <span class='ocrx_word' id='word_1_622' title='bbox 2928 2472 3146 2528; x_wconf 88' lang='lat' dir='ltr'><strong>sacculo</strong></span> <span class='ocrx_word' id='word_1_623' title='bbox 3181 2473 3402 2542; x_wconf 89' lang='lat' dir='ltr'><strong>signata</strong></span> <span class='ocrx_word' id='word_1_624' title='bbox 3429 2483 3736 2542; x_wconf 81' lang='lat' dir='ltr'><strong>portamus,</strong></span> 
     </span>
    </p>
   </div>
   <div class='ocr_carea' id='block_1_84' title="bbox 2141 2562 3736 2636">
    <p class='ocr_par' dir='ltr' id='par_1_84' title="bbox 2141 2562 3736 2636">
     <span class='ocr_line' id='line_1_84' title="bbox 2141 2562 3736 2636; baseline -0.003 -17"><span class='ocrx_word' id='word_1_625' title='bbox 2141 2567 2269 2636; x_wconf 86' lang='lat' dir='ltr'><strong>quia</strong></span> <span class='ocrx_word' id='word_1_626' title='bbox 2320 2566 2508 2636; x_wconf 87' lang='lat' dir='ltr'><strong>culpas</strong></span> <span class='ocrx_word' id='word_1_627' title='bbox 2558 2579 2692 2634; x_wconf 87' lang='lat' dir='ltr'><strong>quas</strong></span> <span class='ocrx_word' id='word_1_628' title='bbox 2740 2578 2840 2618; x_wconf 89' lang='lat' dir='ltr'><strong>nos</strong></span> <span class='ocrx_word' id='word_1_629' title='bbox 2881 2563 3139 2618; x_wconf 87' lang='lat' dir='ltr'><strong>intuendo</strong></span> <span class='ocrx_word' id='word_1_630' title='bbox 3171 2573 3226 2618; x_wconf 90' lang='lat' dir='ltr'><strong>et</strong></span> <span class='ocrx_word' id='word_1_631' title='bbox 3270 2562 3612 2632; x_wconf 72' lang='lat' dir='ltr'><strong>penitendo</strong></span> <span class='ocrx_word' id='word_1_632' title='bbox 3655 2579 3736 2615; x_wconf 87' lang='lat' dir='ltr'><strong>eo-</strong></span> 
     </span>
    </p>
   </div>
   <div class='ocr_carea' id='block_1_85' title="bbox 2141 2655 3736 2728">
    <p class='ocr_par' dir='ltr' id='par_1_85' title="bbox 2141 2655 3736 2728">
     <span class='ocr_line' id='line_1_85' title="bbox 2141 2655 3736 2728; baseline -0.001 -16"><span class='ocrx_word' id='word_1_633' title='bbox 2141 2659 2472 2728; x_wconf 85' lang='lat' dir='ltr'><strong>gnoscimus,</strong></span> <span class='ocrx_word' id='word_1_634' title='bbox 2502 2658 2619 2728; x_wconf 91' lang='lat' dir='ltr'><strong>plus</strong></span> <span class='ocrx_word' id='word_1_635' title='bbox 2641 2655 2797 2712; x_wconf 90' lang='lat' dir='ltr'><strong>nobis</strong></span> <span class='ocrx_word' id='word_1_636' title='bbox 2841 2655 3086 2712; x_wconf 90' lang='lat' dir='ltr'><strong>conditor</strong></span> <span class='ocrx_word' id='word_1_637' title='bbox 3118 2655 3332 2711; x_wconf 82' lang='lat' dir='ltr'><strong>relaxat</strong></span> <span class='ocrx_word' id='word_1_638' title='bbox 3381 2675 3396 2708; x_wconf 86' lang='lat'><strong>:</strong></span> <span class='ocrx_word' id='word_1_639' title='bbox 3437 2665 3598 2711; x_wconf 86' lang='lat' dir='ltr'><strong>recte</strong></span> <span class='ocrx_word' id='word_1_640' title='bbox 3623 2663 3736 2726; x_wconf 82' lang='lat' dir='ltr'><strong>post</strong></span> 
     </span>
    </p>
   </div>
   <div class='ocr_carea' id='block_1_86' title="bbox 2142 2749 3735 2822">
    <p class='ocr_par' dir='ltr' id='par_1_86' title="bbox 2142 2749 3735 2822">
     <span class='ocr_line' id='line_1_86' title="bbox 2142 2749 3735 2822; baseline -0.003 -18"><span class='ocrx_word' id='word_1_641' title='bbox 2142 2750 2352 2822; x_wconf 85' lang='lat' dir='ltr'><strong>signata</strong></span> <span class='ocrx_word' id='word_1_642' title='bbox 2381 2750 2438 2804; x_wconf 93' lang='lat' dir='ltr'><strong>in</strong></span> <span class='ocrx_word' id='word_1_643' title='bbox 2479 2750 2696 2805; x_wconf 90' lang='lat' dir='ltr'><strong>sacculo</strong></span> <span class='ocrx_word' id='word_1_644' title='bbox 2738 2749 2933 2805; x_wconf 85' lang='lat' dir='ltr'><strong>delicta</strong></span> <span class='ocrx_word' id='word_1_645' title='bbox 2959 2749 3229 2804; x_wconf 86' lang='lat' dir='ltr'><strong>dicuntur.</strong></span> <span class='ocrx_word' id='word_1_646' title='bbox 3267 2749 3384 2805; x_wconf 88' lang='lat' dir='ltr'><strong>Sed</strong></span> <span class='ocrx_word' id='word_1_647' title='bbox 3427 2765 3600 2804; x_wconf 82' lang='lat' dir='ltr'><strong>curas</strong></span> <span class='ocrx_word' id='word_1_648' title='bbox 3637 2750 3735 2802; x_wconf 88' lang='lat' dir='ltr'><strong>ini-</strong></span> 
     </span>
    </p>
   </div>
   <div class='ocr_carea' id='block_1_87' title="bbox 2143 2841 3740 2914">
    <p class='ocr_par' dir='ltr' id='par_1_87' title="bbox 2143 2841 3740 2914">
     <span class='ocr_line' id='line_1_87' title="bbox 2143 2841 3740 2914; baseline -0.002 -16"><span class='ocrx_word' id='word_1_649' title='bbox 2143 2843 2403 2914; x_wconf 86' lang='lat' dir='ltr'><strong>quitatem</strong></span> <span class='ocrx_word' id='word_1_650' title='bbox 2424 2857 2623 2908; x_wconf 90' lang='lat' dir='ltr'><strong>meam,</strong></span> <span class='ocrx_word' id='word_1_651' title='bbox 2655 2857 2718 2897; x_wconf 87' lang='lat' dir='ltr'><strong>ac</strong></span> <span class='ocrx_word' id='word_1_652' title='bbox 2747 2843 2792 2897; x_wconf 87' lang='lat' dir='ltr'><strong>si</strong></span> <span class='ocrx_word' id='word_1_653' title='bbox 2817 2849 3001 2910; x_wconf 91' lang='lat' dir='ltr'><strong>aperte</strong></span> <span class='ocrx_word' id='word_1_654' title='bbox 3018 2841 3332 2911; x_wconf 82' lang='lat' dir='ltr'><strong>dicatquod</strong></span> <span class='ocrx_word' id='word_1_655' title='bbox 3366 2842 3544 2896; x_wconf 84' lang='lat' dir='ltr'><strong>modo</strong></span> <span class='ocrx_word' id='word_1_656' title='bbox 3561 2842 3740 2912; x_wconf 65' lang='lat' dir='ltr'><strong>signa:</strong></span> 
     </span>
    </p>
   </div>
   <div class='ocr_carea' id='block_1_88' title="bbox 2143 2930 3736 3004">
    <p class='ocr_par' dir='ltr' id='par_1_88' title="bbox 2143 2930 3736 3004">
     <span class='ocr_line' id='line_1_88' title="bbox 2143 2930 3736 3004; baseline -0.003 -15"><span class='ocrx_word' id='word_1_657' title='bbox 2143 2943 2204 2989; x_wconf 91' lang='lat' dir='ltr'><strong>ut</strong></span> <span class='ocrx_word' id='word_1_658' title='bbox 2238 2932 2546 3004; x_wconf 66' lang='lat' dir='ltr'><strong>pernitendo</strong></span> <span class='ocrx_word' id='word_1_659' title='bbox 2575 2931 2809 3000; x_wconf 86' lang='lat' dir='ltr'><strong>videam,</strong></span> <span class='ocrx_word' id='word_1_660' title='bbox 2842 2930 2958 3002; x_wconf 86' lang='lat' dir='ltr'><strong>agis</strong></span> <span class='ocrx_word' id='word_1_661' title='bbox 2991 2931 3346 3001; x_wconf 86' lang='lat' dir='ltr'><strong>proculdubio</strong></span> <span class='ocrx_word' id='word_1_662' title='bbox 3385 2946 3464 2985; x_wconf 87' lang='lat' dir='ltr'><strong>ne</strong></span> <span class='ocrx_word' id='word_1_663' title='bbox 3495 2932 3556 2986; x_wconf 90' lang='lat' dir='ltr'><strong>in</strong></span> <span class='ocrx_word' id='word_1_664' title='bbox 3589 2931 3736 2985; x_wconf 81' lang='lat' dir='ltr'><strong>retri-</strong></span> 
     </span>
    </p>
   </div>
   <div class='ocr_carea' id='block_1_89' title="bbox 2141 3023 2634 3080">
    <p class='ocr_par' dir='ltr' id='par_1_89' title="bbox 2141 3023 2634 3080">
     <span class='ocr_line' id='line_1_89' title="bbox 2141 3023 2634 3080; baseline -0.008 0"><span class='ocrx_word' id='word_1_665' title='bbox 2141 3025 2362 3080; x_wconf 89' lang='lat' dir='ltr'><strong>butione</strong></span> <span class='ocrx_word' id='word_1_666' title='bbox 2387 3023 2634 3079; x_wconf 85' lang='lat' dir='ltr'><strong>videatur</strong></span> 
     </span>
    </p>
   </div>
   <div class='ocr_carea' id='block_1_90' title="bbox 2142 3152 3732 3222">
    <p class='ocr_par' dir='ltr' id='par_1_90' title="bbox 2142 3152 3732 3222">
     <span class='ocr_line' id='line_1_90' title="bbox 2142 3152 3732 3222; baseline -0.006 -10"><span class='ocrx_word' id='word_1_667' title='bbox 2142 3155 2272 3212; x_wconf 75' lang='lat' dir='ltr'><strong>CAP.</strong></span> <span class='ocrx_word' id='word_1_668' title='bbox 2308 3154 2470 3210; x_wconf 71' lang='lat' dir='ltr'><strong>XXII.</strong></span> <span class='ocrx_word' id='word_1_669' title='bbox 2510 3183 2581 3196; x_wconf 91' lang='lat'><strong>—-</strong></span> <span class='ocrx_word' id='word_1_670' title='bbox 2609 3152 2686 3208; x_wconf 79' lang='lat' dir='ltr'><strong>De</strong></span> <span class='ocrx_word' id='word_1_671' title='bbox 2720 3153 3018 3222; x_wconf 65' lang='lat' dir='ltr'><strong>diﬁ‘erentia</strong></span> <span class='ocrx_word' id='word_1_672' title='bbox 3055 3153 3312 3207; x_wconf 71' lang='lat' dir='ltr'><strong>bonorum</strong></span> <span class='ocrx_word' id='word_1_673' title='bbox 3346 3161 3404 3206; x_wconf 80' lang='lat' dir='ltr'><strong>et</strong></span> <span class='ocrx_word' id='word_1_674' title='bbox 3451 3152 3732 3204; x_wconf 66' lang='lat' dir='ltr'><strong>malorum.</strong></span> 
     </span>
    </p>
   </div>
   <div class='ocr_carea' id='block_1_91' title="bbox 2202 3285 3734 3358">
    <p class='ocr_par' dir='ltr' id='par_1_91' title="bbox 2202 3285 3734 3358">
     <span class='ocr_line' id='line_1_91' title="bbox 2202 3285 3734 3358; baseline -0.006 -13"><span class='ocrx_word' id='word_1_675' title='bbox 2202 3287 2363 3358; x_wconf 74' lang='lat' dir='ltr'><strong>Sepe</strong></span> <span class='ocrx_word' id='word_1_676' title='bbox 2387 3302 2516 3357; x_wconf 87' lang='lat' dir='ltr'><strong>ergo</strong></span> <span class='ocrx_word' id='word_1_677' title='bbox 2547 3287 2744 3342; x_wconf 89' lang='lat' dir='ltr'><strong>accidit</strong></span> <span class='ocrx_word' id='word_1_678' title='bbox 2782 3293 2840 3340; x_wconf 97' lang='lat' dir='ltr'><strong>ut</strong></span> <span class='ocrx_word' id='word_1_679' title='bbox 2876 3301 2973 3355; x_wconf 88' lang='lat' dir='ltr'><strong>per</strong></span> <span class='ocrx_word' id='word_1_680' title='bbox 2998 3285 3378 3356; x_wconf 89' lang='lat' dir='ltr'><strong>penitentiam</strong></span> <span class='ocrx_word' id='word_1_681' title='bbox 3413 3285 3546 3352; x_wconf 86' lang='lat' dir='ltr'><strong>quis</strong></span> <span class='ocrx_word' id='word_1_682' title='bbox 3575 3285 3734 3337; x_wconf 79' lang='lat' dir='ltr'><strong>multa</strong></span> 
     </span>
    </p>
   </div>
   <div class='ocr_carea' id='block_1_92' title="bbox 2138 3375 3740 3451">
    <p class='ocr_par' dir='ltr' id='par_1_92' title="bbox 2138 3375 3740 3451">
     <span class='ocr_line' id='line_1_92' title="bbox 2138 3375 3740 3451; baseline -0.005 -15"><span class='ocrx_word' id='word_1_683' title='bbox 2138 3389 2194 3436; x_wconf 86' lang='lat' dir='ltr'><strong>et</strong></span> <span class='ocrx_word' id='word_1_684' title='bbox 2232 3394 2421 3451; x_wconf 88' lang='lat' dir='ltr'><strong>magna</strong></span> <span class='ocrx_word' id='word_1_685' title='bbox 2451 3379 2707 3448; x_wconf 89' lang='lat' dir='ltr'><strong>corrigat,</strong></span> <span class='ocrx_word' id='word_1_686' title='bbox 2750 3377 2892 3432; x_wconf 88' lang='lat' dir='ltr'><strong>inter</strong></span> <span class='ocrx_word' id='word_1_687' title='bbox 2923 3377 3040 3432; x_wconf 68' lang='lat' dir='ltr'><strong>haec</strong></span> <span class='ocrx_word' id='word_1_688' title='bbox 3065 3386 3244 3431; x_wconf 88' lang='lat' dir='ltr'><strong>tamen</strong></span> <span class='ocrx_word' id='word_1_689' title='bbox 3278 3375 3452 3438; x_wconf 84' lang='lat' dir='ltr'><strong>bona,</strong></span> <span class='ocrx_word' id='word_1_690' title='bbox 3487 3392 3614 3445; x_wconf 71' lang='lat' dir='ltr'><strong>qua:</strong></span> <span class='ocrx_word' id='word_1_691' title='bbox 3645 3390 3740 3444; x_wconf 80' lang='lat' dir='ltr'><strong>per</strong></span> 
     </span>
    </p>
   </div>
   <div class='ocr_carea' id='block_1_93' title="bbox 2140 3465 3738 3540">
    <p class='ocr_par' dir='ltr' id='par_1_93' title="bbox 2140 3465 3738 3540">
     <span class='ocr_line' id='line_1_93' title="bbox 2140 3465 3738 3540; baseline -0.004 -15"><span class='ocrx_word' id='word_1_692' title='bbox 2140 3469 2514 3540; x_wconf 90' lang='lat' dir='ltr'><strong>penitentiam</strong></span> <span class='ocrx_word' id='word_1_693' title='bbox 2539 3467 2800 3531; x_wconf 79' lang='lat' dir='ltr'><strong>correxit,</strong></span> <span class='ocrx_word' id='word_1_694' title='bbox 2829 3466 3242 3536; x_wconf 86' lang='lat' dir='ltr'><strong>etiampeccata</strong></span> <span class='ocrx_word' id='word_1_695' title='bbox 3267 3465 3658 3529; x_wconf 84' lang='lat' dir='ltr'><strong>comnnserit;</strong></span> <span class='ocrx_word' id='word_1_696' title='bbox 3683 3475 3738 3519; x_wconf 78' lang='lat' dir='ltr'><strong>et</strong></span> 
     </span>
    </p>
   </div>
   <div class='ocr_carea' id='block_1_94' title="bbox 2139 3556 3734 3631">
    <p class='ocr_par' dir='ltr' id='par_1_94' title="bbox 2139 3556 3734 3631">
     <span class='ocr_line' id='line_1_94' title="bbox 2139 3556 3734 3631; baseline -0.004 -16"><span class='ocrx_word' id='word_1_697' title='bbox 2139 3561 2241 3617; x_wconf 91' lang='lat' dir='ltr'><strong>hoc</strong></span> <span class='ocrx_word' id='word_1_698' title='bbox 2265 3570 2348 3616; x_wconf 86' lang='lat' dir='ltr'><strong>est</strong></span> <span class='ocrx_word' id='word_1_699' title='bbox 2376 3560 2518 3631; x_wconf 90' lang='lat' dir='ltr'><strong>quod</strong></span> <span class='ocrx_word' id='word_1_700' title='bbox 2549 3559 2783 3613; x_wconf 88' lang='lat' dir='ltr'><strong>maxime</strong></span> <span class='ocrx_word' id='word_1_701' title='bbox 2821 3557 3254 3627; x_wconf 81' lang='lat' dir='ltr'><strong>desperationem</strong></span> <span class='ocrx_word' id='word_1_702' title='bbox 3288 3556 3484 3610; x_wconf 88' lang='lat' dir='ltr'><strong>animo</strong></span> <span class='ocrx_word' id='word_1_703' title='bbox 3509 3557 3734 3614; x_wconf 75' lang='lat' dir='ltr'><strong>inducit.</strong></span> 
     </span>
    </p>
   </div>
   <div class='ocr_carea' id='block_1_95' title="bbox 2139 3646 3733 3721">
    <p class='ocr_par' dir='ltr' id='par_1_95' title="bbox 2139 3646 3733 3721">
     <span class='ocr_line' id='line_1_95' title="bbox 2139 3646 3733 3721; baseline -0.005 -16"><span class='ocrx_word' id='word_1_704' title='bbox 2139 3651 2263 3721; x_wconf 91' lang='lat' dir='ltr'><strong>quia</strong></span> <span class='ocrx_word' id='word_1_705' title='bbox 2298 3651 2513 3705; x_wconf 89' lang='lat' dir='ltr'><strong>videtur</strong></span> <span class='ocrx_word' id='word_1_706' title='bbox 2563 3649 2664 3702; x_wconf 90' lang='lat' dir='ltr'><strong>sibi</strong></span> <span class='ocrx_word' id='word_1_707' title='bbox 2706 3648 3037 3703; x_wconf 86' lang='lat' dir='ltr'><strong>destruxisse</strong></span> <span class='ocrx_word' id='word_1_708' title='bbox 3075 3648 3217 3717; x_wconf 85' lang='lat' dir='ltr'><strong>quod</strong></span> <span class='ocrx_word' id='word_1_709' title='bbox 3260 3646 3646 3700; x_wconf 76' lang='lat' dir='ltr'><strong>editicaverat</strong></span> <span class='ocrx_word' id='word_1_710' title='bbox 3681 3655 3733 3697; x_wconf 75' lang='lat' dir='ltr'><strong>et</strong></span> 
     </span>
    </p>
   </div>
   <div class='ocr_carea' id='block_1_96' title="bbox 2139 3737 3736 3804">
    <p class='ocr_par' dir='ltr' id='par_1_96' title="bbox 2139 3737 3736 3804">
     <span class='ocr_line' id='line_1_96' title="bbox 2139 3737 3736 3804; baseline -0.005 -6"><span class='ocrx_word' id='word_1_711' title='bbox 2139 3756 2326 3798; x_wconf 90' lang='lat' dir='ltr'><strong>omnes</strong></span> <span class='ocrx_word' id='word_1_712' title='bbox 2365 3740 2483 3795; x_wconf 86' lang='lat' dir='ltr'><strong>illos</strong></span> <span class='ocrx_word' id='word_1_713' title='bbox 2531 3739 2744 3793; x_wconf 79' lang='lat' dir='ltr'><strong>labores</strong></span> <span class='ocrx_word' id='word_1_714' title='bbox 2784 3739 3020 3793; x_wconf 88' lang='lat' dir='ltr'><strong>inaniter</strong></span> <span class='ocrx_word' id='word_1_715' title='bbox 3061 3737 3350 3804; x_wconf 72' lang='lat' dir='ltr'><strong>effudisse;</strong></span> <span class='ocrx_word' id='word_1_716' title='bbox 3393 3748 3454 3791; x_wconf 86' lang='lat' dir='ltr'><strong>et</strong></span> <span class='ocrx_word' id='word_1_717' title='bbox 3493 3738 3612 3790; x_wconf 65' lang='lat' dir='ltr'><strong>haec</strong></span> <span class='ocrx_word' id='word_1_718' title='bbox 3653 3745 3736 3790; x_wconf 72' lang='lat' dir='ltr'><strong>est</strong></span> 
     </span>
    </p>
   </div>
   <div class='ocr_carea' id='block_1_97' title="bbox 2140 3827 3730 3902">
    <p class='ocr_par' dir='ltr' id='par_1_97' title="bbox 2140 3827 3730 3902">
     <span class='ocr_line' id='line_1_97' title="bbox 2140 3827 3730 3902; baseline -0.004 -17"><span class='ocrx_word' id='word_1_719' title='bbox 2140 3832 2397 3902; x_wconf 87' lang='lat' dir='ltr'><strong>cogitatio</strong></span> <span class='ocrx_word' id='word_1_720' title='bbox 2437 3846 2556 3901; x_wconf 79' lang='lat' dir='ltr'><strong>qua:</strong></span> <span class='ocrx_word' id='word_1_721' title='bbox 2595 3830 2861 3900; x_wconf 69' lang='lat' dir='ltr'><strong>precipue</strong></span> <span class='ocrx_word' id='word_1_722' title='bbox 2899 3829 3092 3896; x_wconf 71' lang='lat' dir='ltr'><strong>animae</strong></span> <span class='ocrx_word' id='word_1_723' title='bbox 3137 3828 3352 3897; x_wconf 87' lang='lat' dir='ltr'><strong>pondus</strong></span> <span class='ocrx_word' id='word_1_724' title='bbox 3383 3827 3730 3896; x_wconf 66' lang='lat' dir='ltr'><strong>desperatio-</strong></span> 
     </span>
    </p>
   </div>
   <div class='ocr_carea' id='block_1_98' title="bbox 2141 3921 3734 3993">
    <p class='ocr_par' dir='ltr' id='par_1_98' title="bbox 2141 3921 3734 3993">
     <span class='ocr_line' id='line_1_98' title="bbox 2141 3921 3734 3993; baseline -0.004 -17"><span class='ocrx_word' id='word_1_725' title='bbox 2141 3923 2225 3976; x_wconf 89' lang='lat' dir='ltr'><strong>nis</strong></span> <span class='ocrx_word' id='word_1_726' title='bbox 2257 3923 2501 3993; x_wconf 90' lang='lat' dir='ltr'><strong>imponit.</strong></span> <span class='ocrx_word' id='word_1_727' title='bbox 2545 3921 2649 3976; x_wconf 90' lang='lat' dir='ltr'><strong>Sed</strong></span> <span class='ocrx_word' id='word_1_728' title='bbox 2677 3921 2810 3975; x_wconf 88' lang='lat' dir='ltr'><strong>illud</strong></span> <span class='ocrx_word' id='word_1_729' title='bbox 2844 3935 3036 3974; x_wconf 89' lang='lat' dir='ltr'><strong>rursus</strong></span> <span class='ocrx_word' id='word_1_730' title='bbox 3070 3927 3284 3988; x_wconf 88' lang='lat' dir='ltr'><strong>oportet</strong></span> <span class='ocrx_word' id='word_1_731' title='bbox 3320 3929 3594 3988; x_wconf 79' lang='lat' dir='ltr'><strong>cogitare,</strong></span> <span class='ocrx_word' id='word_1_732' title='bbox 3637 3935 3734 3988; x_wconf 80' lang='lat' dir='ltr'><strong>per</strong></span> 
     </span>
    </p>
   </div>
   <div class='ocr_carea' id='block_1_99' title="bbox 2142 4011 3728 4084">
    <p class='ocr_par' dir='ltr' id='par_1_99' title="bbox 2142 4011 3728 4084">
     <span class='ocr_line' id='line_1_99' title="bbox 2142 4011 3728 4084; baseline -0.005 -16"><span class='ocrx_word' id='word_1_733' title='bbox 2142 4015 2282 4084; x_wconf 88' lang='lat' dir='ltr'><strong>quod</strong></span> <span class='ocrx_word' id='word_1_734' title='bbox 2323 4015 2556 4084; x_wconf 86' lang='lat' dir='ltr'><strong>pessima</strong></span> <span class='ocrx_word' id='word_1_735' title='bbox 2599 4021 2654 4068; x_wconf 92' lang='lat' dir='ltr'><strong>et</strong></span> <span class='ocrx_word' id='word_1_736' title='bbox 2701 4011 2920 4066; x_wconf 89' lang='lat' dir='ltr'><strong>inimica</strong></span> <span class='ocrx_word' id='word_1_737' title='bbox 2957 4012 3080 4065; x_wconf 76' lang='lat' dir='ltr'><strong>vite</strong></span> <span class='ocrx_word' id='word_1_738' title='bbox 3101 4019 3302 4064; x_wconf 77' lang='lat' dir='ltr'><strong>nostre</strong></span> <span class='ocrx_word' id='word_1_739' title='bbox 3331 4011 3603 4080; x_wconf 83' lang='lat' dir='ltr'><strong>cogitatio</strong></span> <span class='ocrx_word' id='word_1_740' title='bbox 3631 4011 3728 4062; x_wconf 81' lang='lat' dir='ltr'><strong>ista</strong></span> 
     </span>
    </p>
   </div>
   <div class='ocr_carea' id='block_1_100' title="bbox 2144 4103 3730 4176">
    <p class='ocr_par' dir='ltr' id='par_1_100' title="bbox 2144 4103 3730 4176">
     <span class='ocr_line' id='line_1_100' title="bbox 2144 4103 3730 4176; baseline -0.005 -14"><span class='ocrx_word' id='word_1_741' title='bbox 2144 4107 2455 4176; x_wconf 85' lang='lat' dir='ltr'><strong>repellatur,</strong></span> <span class='ocrx_word' id='word_1_742' title='bbox 2485 4105 2608 4174; x_wconf 90' lang='lat' dir='ltr'><strong>quia</strong></span> <span class='ocrx_word' id='word_1_743' title='bbox 2641 4105 2729 4158; x_wconf 89' lang='lat' dir='ltr'><strong>illa</strong></span> <span class='ocrx_word' id='word_1_744' title='bbox 2757 4105 2897 4158; x_wconf 90' lang='lat' dir='ltr'><strong>bona</strong></span> <span class='ocrx_word' id='word_1_745' title='bbox 2933 4119 3052 4174; x_wconf 81' lang='lat' dir='ltr'><strong>que</strong></span> <span class='ocrx_word' id='word_1_746' title='bbox 3076 4103 3311 4172; x_wconf 84' lang='lat' dir='ltr'><strong>egimus,</strong></span> <span class='ocrx_word' id='word_1_747' title='bbox 3338 4111 3394 4157; x_wconf 89' lang='lat' dir='ltr'><strong>et</strong></span> <span class='ocrx_word' id='word_1_748' title='bbox 3423 4103 3730 4157; x_wconf 79' lang='lat' dir='ltr'><strong>emendatio</strong></span> 
     </span>
    </p>
   </div>
   <div class='ocr_carea' id='block_1_101' title="bbox 2143 4189 3728 4267">
    <p class='ocr_par' dir='ltr' id='par_1_101' title="bbox 2143 4189 3728 4267">
     <span class='ocr_line' id='line_1_101' title="bbox 2143 4189 3728 4267; baseline -0.004 -15"><span class='ocrx_word' id='word_1_749' title='bbox 2143 4189 2232 4266; x_wconf 76' lang='lat' dir='ltr'><strong>illa</strong></span> <span class='ocrx_word' id='word_1_750' title='bbox 2270 4211 2389 4267; x_wconf 71' lang='lat' dir='ltr'><strong>quze</strong></span> <span class='ocrx_word' id='word_1_751' title='bbox 2425 4212 2522 4266; x_wconf 91' lang='lat' dir='ltr'><strong>per</strong></span> <span class='ocrx_word' id='word_1_752' title='bbox 2551 4195 2923 4265; x_wconf 86' lang='lat' dir='ltr'><strong>penitentiam</strong></span> <span class='ocrx_word' id='word_1_753' title='bbox 2963 4194 3184 4264; x_wconf 76' lang='lat' dir='ltr'><strong>quesita</strong></span> <span class='ocrx_word' id='word_1_754' title='bbox 3226 4201 3336 4257; x_wconf 88' lang='lat' dir='ltr'><strong>est,</strong></span> <span class='ocrx_word' id='word_1_755' title='bbox 3365 4193 3475 4246; x_wconf 88' lang='lat' dir='ltr'><strong>nisi</strong></span> <span class='ocrx_word' id='word_1_756' title='bbox 3516 4192 3728 4252; x_wconf 81' lang='lat' dir='ltr'><strong>fuisset.</strong></span> 
     </span>
    </p>
   </div>
   <div class='ocr_carea' id='block_1_102' title="bbox 2141 4285 3732 4358">
    <p class='ocr_par' dir='ltr' id='par_1_102' title="bbox 2141 4285 3732 4358">
     <span class='ocr_line' id='line_1_102' title="bbox 2141 4285 3732 4358; baseline -0.006 -11"><span class='ocrx_word' id='word_1_757' title='bbox 2141 4301 2197 4347; x_wconf 81' lang='lat' dir='ltr'><strong>et</strong></span> <span class='ocrx_word' id='word_1_758' title='bbox 2225 4290 2367 4346; x_wconf 87' lang='lat' dir='ltr'><strong>velut</strong></span> <span class='ocrx_word' id='word_1_759' title='bbox 2403 4290 2738 4345; x_wconf 86' lang='lat' dir='ltr'><strong>contrarium</strong></span> <span class='ocrx_word' id='word_1_760' title='bbox 2764 4289 2974 4358; x_wconf 91' lang='lat' dir='ltr'><strong>pondus</strong></span> <span class='ocrx_word' id='word_1_761' title='bbox 3001 4287 3232 4356; x_wconf 89' lang='lat' dir='ltr'><strong>.ponderi</strong></span> <span class='ocrx_word' id='word_1_762' title='bbox 3260 4285 3415 4350; x_wconf 87' lang='lat' dir='ltr'><strong>huic,</strong></span> <span class='ocrx_word' id='word_1_763' title='bbox 3457 4285 3606 4354; x_wconf 91' lang='lat' dir='ltr'><strong>quod</strong></span> <span class='ocrx_word' id='word_1_764' title='bbox 3646 4301 3732 4338; x_wconf 82' lang='lat' dir='ltr'><strong>ex-</strong></span> 
     </span>
    </p>
   </div>
   <div class='ocr_carea' id='block_1_103' title="bbox 2145 4375 3730 4451">
    <p class='ocr_par' dir='ltr' id='par_1_103' title="bbox 2145 4375 3730 4451">
     <span class='ocr_line' id='line_1_103' title="bbox 2145 4375 3730 4451; baseline -0.006 -16"><span class='ocrx_word' id='word_1_765' title='bbox 2145 4381 2406 4451; x_wconf 82' lang='lat' dir='ltr'><strong>spectatio</strong></span> <span class='ocrx_word' id='word_1_766' title='bbox 2459 4378 2612 4433; x_wconf 90' lang='lat' dir='ltr'><strong>nobis</strong></span> <span class='ocrx_word' id='word_1_767' title='bbox 2655 4377 3019 4433; x_wconf 89' lang='lat' dir='ltr'><strong>introductum</strong></span> <span class='ocrx_word' id='word_1_768' title='bbox 3068 4385 3170 4440; x_wconf 92' lang='lat' dir='ltr'><strong>est,</strong></span> <span class='ocrx_word' id='word_1_769' title='bbox 3225 4375 3573 4436; x_wconf 85' lang='lat' dir='ltr'><strong>obstetissct,</strong></span> <span class='ocrx_word' id='word_1_770' title='bbox 3603 4375 3730 4428; x_wconf 72' lang='lat' dir='ltr'><strong>nihil</strong></span> 
     </span>
    </p>
   </div>
   <div class='ocr_carea' id='block_1_104' title="bbox 2071 4440 3732 4541">
    <p class='ocr_par' dir='ltr' id='par_1_104' title="bbox 2071 4440 3732 4541">
     <span class='ocr_line' id='line_1_104' title="bbox 2071 4440 3732 4541; baseline -0.006 -14"><span class='ocrx_word' id='word_1_771' title='bbox 2071 4440 2121 4499; x_wconf 70' lang='grc' dir='ltr'><strong><em>Β</em></strong></span> <span class='ocrx_word' id='word_1_772' title='bbox 2149 4440 2322 4527; x_wconf 77' lang='lat' dir='ltr'><strong>fuerat</strong></span> <span class='ocrx_word' id='word_1_773' title='bbox 2355 4473 2496 4541; x_wconf 93' lang='lat' dir='ltr'><strong>quod</strong></span> <span class='ocrx_word' id='word_1_774' title='bbox 2545 4470 2599 4524; x_wconf 91' lang='lat' dir='ltr'><strong>in</strong></span> <span class='ocrx_word' id='word_1_775' title='bbox 2633 4467 2964 4538; x_wconf 86' lang='lat' dir='ltr'><strong>profundum</strong></span> <span class='ocrx_word' id='word_1_776' title='bbox 3015 4481 3114 4521; x_wconf 92' lang='lat' dir='ltr'><strong>nos</strong></span> <span class='ocrx_word' id='word_1_777' title='bbox 3155 4465 3428 4519; x_wconf 88' lang='lat' dir='ltr'><strong>malorum</strong></span> <span class='ocrx_word' id='word_1_778' title='bbox 3479 4465 3732 4519; x_wconf 79' lang='lat' dir='ltr'><strong>decidere</strong></span> 
     </span>
    </p>
   </div>
   <div class='ocr_carea' id='block_1_105' title="bbox 2149 4552 3730 4632">
    <p class='ocr_par' dir='ltr' id='par_1_105' title="bbox 2149 4552 3730 4632">
     <span class='ocr_line' id='line_1_105' title="bbox 2149 4552 3730 4632; baseline -0.006 -16"><span class='ocrx_word' id='word_1_779' title='bbox 2149 4562 2481 4632; x_wconf 88' lang='lat' dir='ltr'><strong>prohiberet,</strong></span> <span class='ocrx_word' id='word_1_780' title='bbox 2524 4573 2669 4614; x_wconf 91' lang='lat' dir='ltr'><strong>nunc</strong></span> <span class='ocrx_word' id='word_1_781' title='bbox 2714 4565 2891 4610; x_wconf 80' lang='lat' dir='ltr'><strong>autem</strong></span> <span class='ocrx_word' id='word_1_782' title='bbox 2923 4557 3060 4610; x_wconf 89' lang='lat' dir='ltr'><strong>sicut</strong></span> <span class='ocrx_word' id='word_1_783' title='bbox 3092 4555 3248 4608; x_wconf 88' lang='lat' dir='ltr'><strong>fortis</strong></span> <span class='ocrx_word' id='word_1_784' title='bbox 3273 4552 3528 4622; x_wconf 65' lang='lat' dir='ltr'><strong>quaedam</strong></span> <span class='ocrx_word' id='word_1_785' title='bbox 3562 4554 3730 4606; x_wconf 83' lang='lat' dir='ltr'><strong>lorica</strong></span> 
     </span>
    </p>
   </div>
   <div class='ocr_carea' id='block_1_106' title="bbox 2144 4644 3734 4722">
    <p class='ocr_par' dir='ltr' id='par_1_106' title="bbox 2144 4644 3734 4722">
     <span class='ocr_line' id='line_1_106' title="bbox 2144 4644 3734 4722; baseline -0.006 -16"><span class='ocrx_word' id='word_1_786' title='bbox 2144 4651 2381 4722; x_wconf 88' lang='lat' dir='ltr'><strong>jaculum</strong></span> <span class='ocrx_word' id='word_1_787' title='bbox 2403 4665 2568 4721; x_wconf 87' lang='lat' dir='ltr'><strong>grave</strong></span> <span class='ocrx_word' id='word_1_788' title='bbox 2590 4659 2646 4702; x_wconf 90' lang='lat' dir='ltr'><strong>et</strong></span> <span class='ocrx_word' id='word_1_789' title='bbox 2671 4661 2914 4700; x_wconf 86' lang='lat' dir='ltr'><strong>amarum</strong></span> <span class='ocrx_word' id='word_1_790' title='bbox 2943 4662 3049 4699; x_wconf 87' lang='lat' dir='ltr'><strong>non</strong></span> <span class='ocrx_word' id='word_1_791' title='bbox 3076 4644 3325 4714; x_wconf 87' lang='lat' dir='ltr'><strong>permisit</strong></span> <span class='ocrx_word' id='word_1_792' title='bbox 3354 4659 3529 4711; x_wconf 88' lang='lat' dir='ltr'><strong>usque</strong></span> <span class='ocrx_word' id='word_1_793' title='bbox 3559 4646 3632 4697; x_wconf 84' lang='lat' dir='ltr'><strong>ad</strong></span> <span class='ocrx_word' id='word_1_794' title='bbox 3660 4645 3734 4696; x_wconf 79' lang='lat' dir='ltr'><strong>vi-</strong></span> 
     </span>
    </p>
   </div>
   <div class='ocr_carea' id='block_1_107' title="bbox 2151 4733 3732 4806">
    <p class='ocr_par' dir='ltr' id='par_1_107' title="bbox 2151 4733 3732 4806">
     <span class='ocr_line' id='line_1_107' title="bbox 2151 4733 3732 4806; baseline -0.006 -11"><span class='ocrx_word' id='word_1_795' title='bbox 2151 4741 2276 4795; x_wconf 88' lang='lat' dir='ltr'><strong>talia</strong></span> <span class='ocrx_word' id='word_1_796' title='bbox 2298 4741 2560 4795; x_wconf 84' lang='lat' dir='ltr'><strong>viscerum</strong></span> <span class='ocrx_word' id='word_1_797' title='bbox 2577 4744 2886 4806; x_wconf 84' lang='lat' dir='ltr'><strong>penetrare,</strong></span> <span class='ocrx_word' id='word_1_798' title='bbox 2910 4734 3002 4788; x_wconf 88' lang='lat' dir='ltr'><strong>sed</strong></span> <span class='ocrx_word' id='word_1_799' title='bbox 3016 4735 3124 4787; x_wconf 89' lang='lat' dir='ltr'><strong>vim</strong></span> <span class='ocrx_word' id='word_1_800' title='bbox 3141 4733 3355 4787; x_wconf 84' lang='lat' dir='ltr'><strong>lethalis</strong></span> <span class='ocrx_word' id='word_1_801' title='bbox 3375 4734 3468 4786; x_wconf 88' lang='lat' dir='ltr'><strong>teli</strong></span> <span class='ocrx_word' id='word_1_802' title='bbox 3494 4735 3732 4786; x_wconf 78' lang='lat' dir='ltr'><strong>maxima</strong></span> 
     </span>
    </p>
   </div>
   <div class='ocr_carea' id='block_1_108' title="bbox 2152 4825 3732 4904">
    <p class='ocr_par' dir='ltr' id='par_1_108' title="bbox 2152 4825 3732 4904">
     <span class='ocr_line' id='line_1_108' title="bbox 2152 4825 3732 4904; baseline -0.007 -16"><span class='ocrx_word' id='word_1_803' title='bbox 2152 4834 2311 4904; x_wconf 81' lang='lat' dir='ltr'><strong>fregit</strong></span> <span class='ocrx_word' id='word_1_804' title='bbox 2333 4850 2397 4888; x_wconf 86' lang='lat' dir='ltr'><strong>ex</strong></span> <span class='ocrx_word' id='word_1_805' title='bbox 2442 4840 2594 4902; x_wconf 89' lang='lat' dir='ltr'><strong>parte</strong></span> <span class='ocrx_word' id='word_1_806' title='bbox 2626 4847 2639 4883; x_wconf 90' lang='lat'><strong>:</strong></span> <span class='ocrx_word' id='word_1_807' title='bbox 2671 4837 2876 4884; x_wconf 89' lang='lat' dir='ltr'><strong>certum</strong></span> <span class='ocrx_word' id='word_1_808' title='bbox 2905 4835 2989 4881; x_wconf 92' lang='lat' dir='ltr'><strong>est</strong></span> <span class='ocrx_word' id='word_1_809' title='bbox 3015 4827 3160 4880; x_wconf 90' lang='lat' dir='ltr'><strong>enim</strong></span> <span class='ocrx_word' id='word_1_810' title='bbox 3214 4826 3357 4894; x_wconf 93' lang='lat' dir='ltr'><strong>quod</strong></span> <span class='ocrx_word' id='word_1_811' title='bbox 3382 4826 3480 4895; x_wconf 92' lang='lat' dir='ltr'><strong>qui</strong></span> <span class='ocrx_word' id='word_1_812' title='bbox 3517 4825 3626 4878; x_wconf 81' lang='lat' dir='ltr'><strong>fert</strong></span> <span class='ocrx_word' id='word_1_813' title='bbox 3653 4841 3732 4877; x_wconf 79' lang='lat' dir='ltr'><strong>se-</strong></span> 
     </span>
    </p>
   </div>
   <div class='ocr_carea' id='block_1_109' title="bbox 2154 4917 3730 4992">
    <p class='ocr_par' dir='ltr' id='par_1_109' title="bbox 2154 4917 3730 4992">
     <span class='ocr_line' id='line_1_109' title="bbox 2154 4917 3730 4992; baseline -0.007 -12"><span class='ocrx_word' id='word_1_814' title='bbox 2154 4941 2274 4980; x_wconf 90' lang='lat' dir='ltr'><strong>cum</strong></span> <span class='ocrx_word' id='word_1_815' title='bbox 2320 4923 2443 4978; x_wconf 92' lang='lat' dir='ltr'><strong>illuc</strong></span> <span class='ocrx_word' id='word_1_816' title='bbox 2485 4923 2638 4992; x_wconf 91' lang='lat' dir='ltr'><strong>plura</strong></span> <span class='ocrx_word' id='word_1_817' title='bbox 2666 4921 2804 4974; x_wconf 89' lang='lat' dir='ltr'><strong>bona</strong></span> <span class='ocrx_word' id='word_1_818' title='bbox 2831 4928 2886 4972; x_wconf 91' lang='lat' dir='ltr'><strong>et</strong></span> <span class='ocrx_word' id='word_1_819' title='bbox 2911 4919 3063 4988; x_wconf 88' lang='lat' dir='ltr'><strong>plura</strong></span> <span class='ocrx_word' id='word_1_820' title='bbox 3095 4917 3252 4981; x_wconf 86' lang='lat' dir='ltr'><strong>mala,</strong></span> <span class='ocrx_word' id='word_1_821' title='bbox 3297 4917 3351 4970; x_wconf 89' lang='lat' dir='ltr'><strong>in</strong></span> <span class='ocrx_word' id='word_1_822' title='bbox 3389 4917 3530 4986; x_wconf 85' lang='lat' dir='ltr'><strong>ipsis</strong></span> <span class='ocrx_word' id='word_1_823' title='bbox 3557 4917 3730 4986; x_wconf 75' lang='lat' dir='ltr'><strong>penis</strong></span> 
     </span>
    </p>
   </div>
   <div class='ocr_carea' id='block_1_110' title="bbox 2153 5005 3726 5080">
    <p class='ocr_par' dir='ltr' id='par_1_110' title="bbox 2153 5005 3726 5080">
     <span class='ocr_line' id='line_1_110' title="bbox 2153 5005 3726 5080; baseline -0.008 -11"><span class='ocrx_word' id='word_1_824' title='bbox 2153 5013 2371 5069; x_wconf 88' lang='lat' dir='ltr'><strong>habebit</strong></span> <span class='ocrx_word' id='word_1_825' title='bbox 2399 5010 2598 5080; x_wconf 88' lang='lat' dir='ltr'><strong>aliquid</strong></span> <span class='ocrx_word' id='word_1_826' title='bbox 2627 5008 2926 5078; x_wconf 88' lang='lat' dir='ltr'><strong>refrigerii;</strong></span> <span class='ocrx_word' id='word_1_827' title='bbox 2966 5023 3060 5077; x_wconf 87' lang='lat' dir='ltr'><strong>qui</strong></span> <span class='ocrx_word' id='word_1_828' title='bbox 3089 5016 3266 5059; x_wconf 89' lang='lat' dir='ltr'><strong>autem</strong></span> <span class='ocrx_word' id='word_1_829' title='bbox 3297 5005 3570 5058; x_wconf 86' lang='lat' dir='ltr'><strong>bonorum</strong></span> <span class='ocrx_word' id='word_1_830' title='bbox 3602 5021 3726 5074; x_wconf 76' lang='lat' dir='ltr'><strong>ope-</strong></span> 
     </span>
    </p>
   </div>
   <div class='ocr_carea' id='block_1_111' title="bbox 2153 5094 3722 5164">
    <p class='ocr_par' dir='ltr' id='par_1_111' title="bbox 2153 5094 3722 5164">
     <span class='ocr_line' id='line_1_111' title="bbox 2153 5094 3722 5164; baseline -0.006 -7"><span class='ocrx_word' id='word_1_831' title='bbox 2153 5119 2269 5157; x_wconf 93' lang='lat' dir='ltr'><strong>rum</strong></span> <span class='ocrx_word' id='word_1_832' title='bbox 2299 5101 2456 5164; x_wconf 86' lang='lat' dir='ltr'><strong>nihil,</strong></span> <span class='ocrx_word' id='word_1_833' title='bbox 2501 5099 2765 5154; x_wconf 87' lang='lat' dir='ltr'><strong>malorum</strong></span> <span class='ocrx_word' id='word_1_834' title='bbox 2807 5112 2989 5152; x_wconf 89' lang='lat' dir='ltr'><strong>secum</strong></span> <span class='ocrx_word' id='word_1_835' title='bbox 3033 5095 3507 5161; x_wconf 84' lang='lat' dir='ltr'><strong>multamcopiam</strong></span> <span class='ocrx_word' id='word_1_836' title='bbox 3531 5094 3722 5155; x_wconf 77' lang='lat' dir='ltr'><strong>defert.</strong></span> 
     </span>
    </p>
   </div>
   <div class='ocr_carea' id='block_1_112' title="bbox 2150 5185 3738 5261">
    <p class='ocr_par' dir='ltr' id='par_1_112' title="bbox 2150 5185 3738 5261">
     <span class='ocr_line' id='line_1_112' title="bbox 2150 5185 3738 5261; baseline -0.006 -17"><span class='ocrx_word' id='word_1_837' title='bbox 2150 5192 2277 5261; x_wconf 91' lang='lat' dir='ltr'><strong>quid</strong></span> <span class='ocrx_word' id='word_1_838' title='bbox 2319 5189 2440 5244; x_wconf 76' lang='lat' dir='ltr'><strong>etim</strong></span> <span class='ocrx_word' id='word_1_839' title='bbox 2481 5198 2694 5243; x_wconf 88' lang='lat' dir='ltr'><strong>maneat</strong></span> <span class='ocrx_word' id='word_1_840' title='bbox 2734 5203 2835 5242; x_wconf 86' lang='lat' dir='ltr'><strong>nec</strong></span> <span class='ocrx_word' id='word_1_841' title='bbox 2877 5200 3010 5255; x_wconf 88' lang='lat' dir='ltr'><strong>opus</strong></span> <span class='ocrx_word' id='word_1_842' title='bbox 3044 5195 3129 5239; x_wconf 86' lang='lat' dir='ltr'><strong>est</strong></span> <span class='ocrx_word' id='word_1_843' title='bbox 3169 5185 3387 5247; x_wconf 86' lang='lat' dir='ltr'><strong>dicere;</strong></span> <span class='ocrx_word' id='word_1_844' title='bbox 3432 5185 3542 5237; x_wconf 85' lang='lat' dir='ltr'><strong>erit</strong></span> <span class='ocrx_word' id='word_1_845' title='bbox 3583 5186 3738 5252; x_wconf 57' lang='lat' dir='ltr'><strong>etum</strong></span> 
     </span>
    </p>
   </div>
   <div class='ocr_carea' id='block_1_113' title="bbox 2152 5273 3728 5347">
    <p class='ocr_par' dir='ltr' id='par_1_113' title="bbox 2152 5273 3728 5347">
     <span class='ocr_line' id='line_1_113' title="bbox 2152 5273 3728 5347; baseline -0.008 -11"><span class='ocrx_word' id='word_1_846' title='bbox 2152 5283 2220 5336; x_wconf 91' lang='lat' dir='ltr'><strong>ibi</strong></span> <span class='ocrx_word' id='word_1_847' title='bbox 2253 5283 2368 5336; x_wconf 86' lang='lat' dir='ltr'><strong>sine</strong></span> <span class='ocrx_word' id='word_1_848' title='bbox 2406 5279 2565 5335; x_wconf 90' lang='lat' dir='ltr'><strong>dubio</strong></span> <span class='ocrx_word' id='word_1_849' title='bbox 2593 5277 2959 5347; x_wconf 86' lang='lat' dir='ltr'><strong>compensatio</strong></span> <span class='ocrx_word' id='word_1_850' title='bbox 3001 5275 3261 5329; x_wconf 86' lang='lat' dir='ltr'><strong>bonorum</strong></span> <span class='ocrx_word' id='word_1_851' title='bbox 3300 5287 3530 5340; x_wconf 84' lang='lat' dir='ltr'><strong>openim</strong></span> <span class='ocrx_word' id='word_1_852' title='bbox 3563 5273 3728 5326; x_wconf 79' lang='lat' dir='ltr'><strong>malo-</strong></span> 
     </span>
    </p>
   </div>
   <div class='ocr_carea' id='block_1_114' title="bbox 2152 5370 3726 5443">
    <p class='ocr_par' dir='ltr' id='par_1_114' title="bbox 2152 5370 3726 5443">
     <span class='ocr_line' id='line_1_114' title="bbox 2152 5370 3726 5443; baseline -0.01 -15"><span class='ocrx_word' id='word_1_853' title='bbox 2152 5388 2397 5443; x_wconf 88' lang='lat' dir='ltr'><strong>rumque,</strong></span> <span class='ocrx_word' id='word_1_854' title='bbox 2422 5379 2477 5425; x_wconf 89' lang='lat' dir='ltr'><strong>et</strong></span> <span class='ocrx_word' id='word_1_855' title='bbox 2500 5370 2642 5424; x_wconf 91' lang='lat' dir='ltr'><strong>velut</strong></span> <span class='ocrx_word' id='word_1_856' title='bbox 2668 5371 2721 5423; x_wconf 92' lang='lat' dir='ltr'><strong>in</strong></span> <span class='ocrx_word' id='word_1_857' title='bbox 2750 5377 2951 5422; x_wconf 91' lang='lat' dir='ltr'><strong>statera</strong></span> <span class='ocrx_word' id='word_1_858' title='bbox 2971 5374 3169 5434; x_wconf 78' lang='lat' dir='ltr'><strong>posita,</strong></span> <span class='ocrx_word' id='word_1_859' title='bbox 3201 5373 3432 5431; x_wconf 84' lang='lat' dir='ltr'><strong>utraque</strong></span> <span class='ocrx_word' id='word_1_860' title='bbox 3457 5378 3586 5432; x_wconf 86' lang='lat' dir='ltr'><strong>pars</strong></span> <span class='ocrx_word' id='word_1_861' title='bbox 3611 5375 3726 5429; x_wconf 70' lang='lat' dir='ltr'><strong>quas</strong></span> 
     </span>
    </p>
   </div>
   <div class='ocr_carea' id='block_1_115' title="bbox 2150 5452 3728 5527">
    <p class='ocr_par' dir='ltr' id='par_1_115' title="bbox 2150 5452 3728 5527">
     <span class='ocr_line' id='line_1_115' title="bbox 2150 5452 3728 5527; baseline -0.011 -8"><span class='ocrx_word' id='word_1_862' title='bbox 2150 5462 2452 5527; x_wconf 85' lang='lat' dir='ltr'><strong>emerserit,</strong></span> <span class='ocrx_word' id='word_1_863' title='bbox 2499 5461 2587 5514; x_wconf 90' lang='lat' dir='ltr'><strong>illa</strong></span> <span class='ocrx_word' id='word_1_864' title='bbox 2622 5460 2724 5514; x_wconf 87' lang='lat' dir='ltr'><strong>sibi</strong></span> <span class='ocrx_word' id='word_1_865' title='bbox 2765 5473 2952 5512; x_wconf 90' lang='lat' dir='ltr'><strong>eorum</strong></span> <span class='ocrx_word' id='word_1_866' title='bbox 2982 5469 3088 5525; x_wconf 88' lang='lat' dir='ltr'><strong>quo</strong></span> <span class='ocrx_word' id='word_1_867' title='bbox 3124 5462 3460 5508; x_wconf 87' lang='lat' dir='ltr'><strong>momentum</strong></span> <span class='ocrx_word' id='word_1_868' title='bbox 3491 5452 3728 5520; x_wconf 73' lang='lat' dir='ltr'><strong>vergitur</strong></span> 
     </span>
    </p>
   </div>
   <div class='ocr_carea' id='block_1_116' title="bbox 2150 5540 3726 5625">
    <p class='ocr_par' dir='ltr' id='par_1_116' title="bbox 2150 5540 3726 5625">
     <span class='ocr_line' id='line_1_116' title="bbox 2150 5540 3726 5625; baseline -0.011 -15"><span class='ocrx_word' id='word_1_869' title='bbox 2150 5569 2374 5625; x_wconf 89' lang='lat' dir='ltr'><strong>operum</strong></span> <span class='ocrx_word' id='word_1_870' title='bbox 2407 5550 2728 5613; x_wconf 88' lang='lat' dir='ltr'><strong>vindicabit;</strong></span> <span class='ocrx_word' id='word_1_871' title='bbox 2768 5549 2812 5602; x_wconf 93' lang='lat' dir='ltr'><strong>si</strong></span> <span class='ocrx_word' id='word_1_872' title='bbox 2838 5562 2966 5618; x_wconf 87' lang='lat' dir='ltr'><strong>ergo</strong></span> <span class='ocrx_word' id='word_1_873' title='bbox 2994 5544 3258 5599; x_wconf 89' lang='lat' dir='ltr'><strong>malorum</strong></span> <span class='ocrx_word' id='word_1_874' title='bbox 3283 5557 3514 5612; x_wconf 87' lang='lat' dir='ltr'><strong>operum</strong></span> <span class='ocrx_word' id='word_1_875' title='bbox 3545 5540 3726 5595; x_wconf 85' lang='lat' dir='ltr'><strong>multi-</strong></span> 
     </span>
    </p>
   </div>
   <div class='ocr_carea' id='block_1_117' title="bbox 2154 5633 3728 5714">
    <p class='ocr_par' dir='ltr' id='par_1_117' title="bbox 2154 5633 3728 5714">
     <span class='ocr_line' id='line_1_117' title="bbox 2154 5633 3728 5714; baseline -0.011 -14"><span class='ocrx_word' id='word_1_876' title='bbox 2154 5648 2282 5702; x_wconf 86' lang='lat' dir='ltr'><strong>tudo</strong></span> <span class='ocrx_word' id='word_1_877' title='bbox 2309 5643 2666 5714; x_wconf 86' lang='lat' dir='ltr'><strong>quantitatem</strong></span> <span class='ocrx_word' id='word_1_878' title='bbox 2692 5639 2953 5694; x_wconf 88' lang='lat' dir='ltr'><strong>bouorum</strong></span> <span class='ocrx_word' id='word_1_879' title='bbox 2975 5650 3194 5708; x_wconf 75' lang='lat' dir='ltr'><strong>Oper-um</strong></span> <span class='ocrx_word' id='word_1_880' title='bbox 3223 5633 3581 5704; x_wconf 86' lang='lat' dir='ltr'><strong>superaverit,</strong></span> <span class='ocrx_word' id='word_1_881' title='bbox 3611 5645 3728 5701; x_wconf 79' lang='lat' dir='ltr'><strong>per-</strong></span> 
     </span>
    </p>
   </div>
  </div>
