3956 6326
195 458 334 520 ιω

1415 445 1501 508 DE
1540 442 1726 508 Μοοο
1763 440 2260 505 ΡωΝΙΤΕΝΤΙιΕε

3296 445 3434 501 1330

192 571 362 626 trahit
389 562 458 622 ad
494 561 832 635 gehennam;
863 561 907 618 si
952 561 1097 619 enim
1125 562 1296 632 major
1343 563 1503 617 fuerit
1539 576 1764 632 operum
1794 573 1840 630 Α
1868 559 2033 623 enim,
2079 558 2270 626 inquit,
2300 554 2663 612 Pronuntiabo
2696 553 2954 612 adversus
2991 572 3081 612 me
3117 555 3434 626 iniustitiam

193 662 461 717 bonorum
497 669 708 710 summa
735 655 785 709 vi
813 654 1076 709 absistent
1103 664 1158 710 et
1183 654 1551 723 repugnabunt
1581 653 1765 718 malis,

195 761 359 819 atque
407 755 750 818 Operatorem
779 761 934 801 suum
981 749 1047 802 ad
1080 748 1351 817 regionem
1399 747 1644 799 vivorum
1701 760 1768 799 ex

195 841 314 910 ipso
356 838 519 894 etiam
575 838 833 907 gehenna
885 836 1121 892 conﬁnio
1174 835 1523 890 revocabunt.
1571 839 1767 892 Verum

194 928 313 983 hac
339 943 446 981 non
474 934 582 980 tam
611 940 680 980 ex
707 933 891 980 nostro
936 940 1096 979 sensu
1122 939 1283 992 quam
1311 939 1378 979 ex
1406 925 1602 980 divinis
1626 925 1771 980 Scri-

195 1026 474 1086 pturarum
495 1013 830 1068 sermonibus
851 1012 1201 1078 aﬁirmantur,
1225 1013 1305 1067 sic
1328 1013 1471 1067 enim
1494 1012 1770 1083 Scriptura

195 1106 511 1177 pronuntiat
547 1105 732 1160 dicens
771 1121 784 1157 :
821 1121 839 1154 ι
879 1103 998 1174 Ipse
1027 1103 1213 1158 reddet
1250 1104 1542 1172 unicuique
1575 1117 1769 1159 secun-

198 1198 326 1252 dum
340 1211 503 1268 opera
522 1211 616 1250 sua
642 1193 856 1266 (Matth.
888 1195 1137 1261 xvi,-27).
1165 1215 1184 1246 ι
1213 1193 1326 1248 Non
1353 1195 1525 1249 solum
1548 1194 1692 1249 enim
1716 1195 1770 1249 in

192 1289 445 1361 gelienna
491 1287 896 1357 suppliciorum,
929 1287 1022 1341 sed
1051 1286 1103 1340 in
1145 1300 1308 1355 regno
1349 1284 1554 1340 caelesti
1593 1284 1774 1338 multa

198 1389 361 1438 erunt
394 1378 733 1443 differentia,
774 1378 1126 1433 tzMansiones
1153 1379 1317 1442 enim,
1352 1378 1570 1446 inquit,
1591 1377 1773 1432 multa

200 1472 482 1542 suntapud
504 1471 716 1526 Patrem
738 1485 916 1526 meum
941 1468 1122 1539 (Joan.
1146 1485 1256 1534 Xiv,
1283 1468 1376 1540 2);
1412 1488 1430 1520 ι
1455 1476 1510 1523 et
1539 1469 1732 1522 iterum
1757 1485 1771 1520 :

207 1583 226 1614 ι
273 1562 388 1617 Alia
411 1562 577 1633 gloria
601 1561 730 1616 solis
760 1569 815 1616 et
852 1560 955 1614 alia
979 1559 1118 1614 luna
1150 1559 1202 1630 (1
1229 1558 1352 1613 Cor.
1388 1575 1480 1624 xv,
1510 1557 1640 1630 41);
1677 1578 1695 1611 ι
1723 1566 1777 1612 et

198 1655 484 1722 quodvere
503 1653 731 1722 amplius
745 1651 1118 1706 admirandum
1133 1652 1226 1715 sit,
1240 1659 1302 1705 ut
1314 1650 1621 1716 ostenderet
1635 1650 1776 1719 quod

199 1743 366 1799 etiam
399 1744 460 1797 in.
488 1743 727 1797 minimis
754 1742 895 1796 ratio
917 1750 972 1796 et
1005 1757 1254 1797 mensura
1277 1741 1590 1810 pensabitur
1610 1741 1775 1795 meri-

200 1841 405 1895 torum,
445 1852 462 1883 t
497 1841 552 1888 et
582 1832 776 1898 stella,
799 1833 994 1902 inquit,
1031 1831 1099 1886 ab
1130 1831 1283 1887 stella
1310 1830 1488 1886 differt
1516 1832 1570 1886 in
1611 1832 1773 1887 clari-

1871 661 2045 701 meam
2077 647 2332 710 Domino,
2370 654 2425 699 et
2463 654 2519 699 tu
2556 646 2810 700 remisisti
2852 645 3186 714 impietatem
3227 646 3435 716 peccati

1870 740 1974 793 mei
2003 736 2356 808 (Psal..xxxi,
2405 737 2491 806 5);
2537 756 2556 789 ι
2601 747 2654 791 et
2689 737 2880 790 iterum
2917 753 2930 790 :
2967 753 2983 786 t
3019 735 3188 790 Narra
3230 744 3284 790 tu
3324 736 3466 801 ini--

1871 830 2107 899 quitates
2135 835 2256 887 tuas
2288 828 2458 896 prius,
2485 836 2544 881 ut
2578 827 2890 898 justiﬁceris
2921 827 3053 897 (Ira.
3081 843 3228 888 xuii,
3263 825 3374 898 26).
3413 845 3430 878 ι

1871 917 1976 972 Per
2004 917 2342 971 aﬁlictionem
2377 931 2591 985 quoque
2617 916 2796 972 cordis
2823 926 2877 970 et
2901 916 3144 985 corporis
3173 917 3439 970 admisso-

1873 1022 1992 1060 rum
2047 1005 2310 1060 scelerum
2354 1005 2602 1059 remissio
2658 1003 2907 1058 similiter
2953 1003 3245 1058 obtinetur.
3301 1001 3439 1056 Nam

1879 1117 1897 1149 ι
1935 1098 2077 1161 vide,
2110 1097 2303 1166 inquit,
2334 1096 2689 1150 humilitatem
2717 1103 2965 1149 meamet
2993 1093 3231 1148 laborem
3260 1102 3442 1148 meum

1873 1185 2176 1240 et'remitte
2217 1184 2394 1238 omnia
2426 1177 2647 1253 peccata
2685 1198 2804 1237 mea
2831 1182 2848 1252 (
2872 1181 3018 1236 Psal.
3064 1197 3217 1247 niv,‘
3256 1183 3376 1252 l8);
3415 1203 3436 1232 ι

1873 1276 2248 1346 pracipueque
2281 1289 2377 1344 per
2400 1273 2829 1328 emendationem
2860 1287 3070 1326 morum
3097 1290 3109 1325 :
3142 1291 3174 1322 ι.
3194 1271 3438 1336 Auferte,

1875 1367 2069 1436 inquit,
2121 1366 2321 1420 malum
2375 1365 2756 1435 cogitationum
2803 1366 3229 1439 vestrarumab
3271 1367 3446 1422 oculis

1876 1457 2045 1520 meis,
2078 1456 2340 1511 amescite
2371 1470 2531 1525 agere
2572 1470 2850 1525 perverse,
2889 1455 3078 1510 discite
3104 1456 3444 1521 benefacere,

1875 1556 2099 1617 quaerite
2119 1547 2401 1614 Judicium,
2442 1546 2722 1602 subv'enite
2757 1561 3034 1616 oppresso,
3059 1547 3297 1616 judicate
3345 1548 3446 1618 p'u»

1877 1637 2053 1708 pillos,
2079 1635 2350 1690 defendite
2376 1634 2613 1700 viduam,
2635 1644 2690 1690 et
2709 1631 2886 1690 venite
2911 1644 2966 1690 et
2989 1635 3196 1707 arguite
3226 1651 3332 1700 me,
3363 1636 3447 1692 dir

1877 1727 1952 1781 cit
1974 1727 2228 1781 Dominus
2255 1733 2351 1779 :et
2380 1725 2426 1780 si
2478 1723 2676 1780 fuerint
2711 1733 2932 1793 peccata
2962 1733 3140 1780 vestra
3179 1734 3240 1780 ut
3274 1727 3453 1782 cocci-

1879 1817 2207 1883 num,.velut
2241 1816 2334 1870 nix
2363 1815 2780 1882 dealbabuntur;
2805 1817 2852 1870 si
2881 1816 3084 1872 fuerint
3104 1801 3451 1888 rubrarquasi

202 1932 320 1977 tate
351 1923 557 1995 (Ibid.),
605 1943 624 1976 ›
676 1894 1000 1994 αι’ῃειδιιοέ
1027 1925 1512 1992 ostenderet,quia
1548 1931 1604 1979 et
1632 1925 1776 1980 inter
1806 1909 2208 1974 Β-νθηῐιίευιυε
2231 1948 2263 1973 ν·
2286 1907 2432 1962 velut
2454 1907 2578 1962 lana
2619 1909 2814 1963 munda
2839 1917 3000 1964 εΐυηί
3025 1894 3161 1980 (λαὶ
3191 1926 3246 1976 ιν
3280 1910 3390 1982 “5)-
3428 1929 3448 1964 ι

201 2011 449 2082 singulos
483 2026 669 2065 eorum
715 2013 804 2081 qui
835 2013 887 2066 in
920 2028 1084 2082 regno
1113 2020 1273 2067 erunt
1305 2013 1486 2066 futura
1513 2013 1584 2067 sit
1629 2011 1782 2068 diffe-

205 2105 405 2159 rentia.
431 2103 555 2158 Hac
587 2105 752 2174 igitur
775 2103 953 2158 omnia
976 2103 1210 2158 scientes
1237 2118 1341 2156 non
1370 2117 1468 2158 nos
1499 2103 1782 2157 subtraha-

204 2211 331 2252 mus
359 2195 426 2248 ab
457 2195 708 2264 operibus
738 2194 914 2260 bonis,
945 2208 1119 2263 neque
1144 2192 1533 2263 desperationis
1558 2192 1782 2247 obtentu

203 2301 309 2341 nos
332 2285 552 2340 desidia
577 2294 738 2354 atque
773 2285 997 2354 ignavia
1031 2283 1423 2350 concedamus;
1448 2290 1634 2355 neque’
1647 2284 1694 2340 si
1714 2284 1783 2338 ad

205 2380 548 2450 splendorem
586 2379 714 2434 solis
743 2394 808 2434 ac
849 2377 988 2432 luna
1021 2377 1305 2446 pervenire
1343 2392 1448 2431 non
1491 2377 1781 2447 possimus,

205 2473 374 2527 etiam
399 2472 566 2527 stella
610 2471 786 2536 nobis,
820 2469 1068 2539 quamvis
1113 2467 1362 2535 inferior,
1393 2468 1614 2524 claritas
1653 2483 1784 2522 con-

210 2563 618 2618 temnendaest.
636 2561 862 2616 Tantum
885 2569 969 2615 est
989 2569 1047 2613 ut
1063 2560 1450 2630 aliquantulum
1464 2559 1602 2616 lucis
1616 2560 1787 2615 virtu-

209 2664 326 2709 tum
353 2654 550 2710 merito
579 2668 904 2723 quaramus,
937 2661 1144 2706 tantum
1172 2659 1256 2706 est
1277 2661 1336 2705 ut
1356 2651 1604 2720 quamvis
1629 2651 1788 2704 mini-

209 2759 361 2799 mum
400 2743 520 2799 coeli
574 2751 758 2798 tamen.
799 2750 1048 2796 ornatum
1108 2754 1416 2795 mereamur
1455 2738 1690 2810 eXplere,
1740 2739 1788 2794 si

210 2851 429 2900 aurum,
464 2836 508 2889 si
558 2835 693 2903 lapis
737 2834 1008 2903 pretiosus
1051 2846 1170 2887 esse
1209 2847 1314 2884 non
1360 2845 1668 2900 possumus.
1702 2846 1790 2884 ar-

207 2926 358 2994 genti
401 2925 588 2980 saltem
633 2925 948 2995 expleamus
979 2923 1190 2988 locum;
1225 2931 1429 2978 tantum
1473 2937 1540 2977 ne
1561 2921 1615 2976 in
1643 2922 1788 2976 illam

210 3015 496 3070 materiam
537 3021 1115 3082 convertamurgquam
1153 3011 1308 3068 facile
1348 3011 1488 3083 ignis
1522 3012 1788 3078 absumit,

167 3115 188 3126 ί
212 3121 284 3162 ne
305 3105 530 3178 lignum.
560 3121 628 3162 ne
652 3106 833 3160 fenum
855 3107 1214 3170 inveniamur,
1239 3114 1332 3160 aut
1357 3105 1554 3176 stipula
1583 3105 1788 3170 simus;

213 3195 270 3249 in
303 3197 565 3251 bonorum
602 3203 759 3266 parte
789 3194 879 3250 vel
925 3193 1374 3262 ultimi.tantum,
1423 3209 1491 3250 ne
1529 3194 1586 3250 in
1633 3193 1790 3253 malis

211 3302 399 3358 primi.

428 3425 559 3483 CAP.
586 3426 772 3483 XXIII.
799 3459 870 3470 -
900 3429 1052 3484 Dicta
1088 3429 1290 3486 abbatis
1329 3428 1576 3500 Pinophi.

287 3560 557 3616 Praeterea
578 3576 707 3617 vero
730 3564 1022 3618 notandum
1047 3571 1128 3618 est
1147 3565 1290 3633 quod
1310 3573 1433 3635 post
1461 3564 1607 3620 illam
1632 3579 1793 3636 gene-

218 3652 390 3707 ralem
419 3652 670 3721 baptismi
690 3653 920 3722 gratiam
947 3659 1000 3708 et
1031 3653 1160 3708 illud
1181 3655 1518 3724 potissimum
1548 3656 1794 3726 martyrii

215 3743 445 3806 donum,
485 3743 626 3812 quod
661 3743 940 3813 sanguinis
965 3743 1240 3798 ablutione
1265 3744 1622 3812 conquiritur,
1648 3746 1796 3800 simi-

219 3833 349 3886 liter
378 3832 568 3888 aliain
597 3831 894 3902 Scripturis
922 3834 1090 3889 sacris
1115 3835 1450 3905 aegritudinis
1481 3843 1678 3890 nostra
1713 3851 1799 3890 re-

223 3921 402 3977 media
437 3923 694 3978 adnotata
725 3924 1089 3978 inveniuntur.
1123 3924 1274 3979 Multi
1312 3933 1437 3980 sunt
1461 3925 1604 3980 enim
1626 3927 1799 3994 pani—

222 4015 407 4068 tentia
439 4013 667 4080 fructus,
709 4030 808 4084 per
837 4030 974 4084 quos
1004 4015 1072 4069 ad
1110 4015 1472 4084 expiationem
1513 4015 1797 4070 criminum

222 4107 554 4175 pervenitur.
579 4105 696 4161 Non
717 4107 863 4162 enim
888 4114 1091 4162 tantum
1112 4108 1344 4177 simplici
1363 4108 1455 4162 illo
1468 4108 1800 4177 paenitentia

221 4196 444 4250 nomine
472 4195 618 4251 salus
649 4204 850 4252 aterna
879 4198 1273 4268 repromittitur
1299 4198 1366 4252 de
1396 4213 1502 4267 qua
1530 4197 1801 4268 apostolus

221 4282 464 4340 Petrus:
501 4303 518 4337 t
574 4286 938 4352 Panitemini,
977 4288 1176 4358 inquit,
1219 4298 1274 4343 et
1315 4288 1694 4344 convertimini
1739 4297 1801 4342 ut

219 4375 510 4432 deleantur
533 4387 756 4448 peccata
778 4389 958 4436 vestra
987 4380 1122 4452 (Act.
1149 4381 1376 4452 111,19);
1415 4400 1432 4432 ι
1483 4391 1538 4436 et
1566 4379 1802 4436 Joannes

221 4465 464 4536 Baptista
510 4469 591 4524 vel
638 4469 750 4540 ipse
796 4471 1098 4527 Deminus:
1138 4491 1158 4523 ‹
1210 4472 1589 4528 Paenitentiam
1635 4473 1798 4542 agite,

224 4559 677 4667 :ppropinqualiit
709 4560 854 4614 enim
903 4577 1125 4632 regnum
1157 4562 1417 4618 calorum
1455 4562 1672 4635 (Matth.
1715 4579 1797 4628 ιιι,
1831 4608 1878 4667 D

220 4647 315 4716 2);
352 4668 372 4700 ι
416 4649 508 4702 sed
553 4650 714 4704 etiam
759 4666 856 4721 per
899 4653 1179 4709 charitatis
1226 4653 1477 4710 affectum
1513 4655 1798 4711 multitudo

221 4745 567 4806 peccatorum
593 4738 859 4806 obruitur,
899 4759 918 4793 ο
944 4741 1194 4798 Charitas
1224 4746 1370 4799 enim
1395 4749 1570 4815 operit
1612 4748 1796 4802 multi-

221 4824 466 4878 tudinem
497 4835 836 4896 peccatorum
873 4829 926 4899 (I
950 4829 1095 4886 Petr.
1116 4848 1190 4896 iv,
1227 4833 1304 4901 8).
1335 4853 1354 4884 ι
1383 4834 1643 4889 Similiter
1669 4853 1802 4907 ergo

220 4932 324 4987 per
348 4917 584 4973 fructum
621 4919 806 4992 [Forte
849 4923 998 4988 add.,
1047 4924 1538 4999 eleemosynarum]
1565 4927 1800 4983 vulneri-

221 5007 330 5062 bus
372 5009 570 5063 nostris
623 5011 826 5066 medela
878 5022 1232 5079 monstratur,
1282 5015 1408 5084 quia
1460 5017 1599 5072 sicut
1661 5034 1800 5088 aqua

220 5098 524 5168 exstinguit
553 5102 728 5174 ignem
750 5143 764 5168 ,
794 5103 872 5159 sic
905 5105 1246 5176 eleemosyna
1282 5109 1576 5180 exstinguit
1601 5125 1794 5180 pecca-

220 5195 362 5270 tum.
393 5187 523 5242 Item
555 5205 652 5260 per
678 5191 1036 5264 lacrymarum
1067 5197 1436 5265 profusionem
1461 5201 1795 5270 conquiritur

217 5263 446 5332 abolitio
499 5263 846 5349 delictorum,
897 5303 916 5336 ι
961 5263 1178 5341 Lavabo
1225 5289 1370 5342 enim
1417 5305 1514 5359 per
1558 5263 1798 5362 singulas

220 5374 412 5421 noctes
443 5367 640 5424 lectum
670 5387 872 5438 meum,
909 5374 1167 5445 lacrymis
1207 5387 1436 5435 stratum
1470 5394 1647 5433 meum
1673 5379 1798 5432 irri-

218 5456 548 5528 gabo(Psal.
571 5478 641 5526 v1,
659 5462 745 5535 7);
774 5485 791 5516 ι
821 5465 1051 5535 denique
1072 5467 1367 5540 subiungit,
1382 5470 1672 5526 ostendens
1689 5485 1796 5524 non

177 5621 188 5632 ‘
218 5548 465 5604 inaniter
477 5567 570 5608 eas
593 5553 757 5610 fuisse
777 5555 1024 5625 profusas
1051 5577 1063 5612 :
1095 5577 1113 5609 ι
1141 5560 1407 5615 Discedite
1427 5577 1456 5614 a
1480 5576 1586 5627 me,
1610 5577 1798 5618 omnes

217 5638 316 5707 qui
355 5644 650 5710 operamini
691 5647 1052 5716 iniquitatem,
1097 5651 1352 5719 quoniam
1382 5653 1659 5707 exaudivit
1693 5654 1798 5708 Do-

218 5729 403 5786 minus
431 5747 613 5788 vocem
649 5735 804 5793 ﬁctus
837 5739 942 5794 mei
990 5738 1151 5811 (Ibid.
1164 5779 1180 5807 ,
1203 5756 1254 5794 ν.
1289 5740 1376 5812 9);
1419 5761 1438 5792 ›
1465 5758 1674 5798 necnon
1701 5758 1798 5814 per

218 5820 618 5881 confessionem
648 5829 934 5893 criminum
965 5831 1187 5887 abolitio
1211 5830 1544 5888 contionatur
1579 5853 1592 5888 :
1623 5854 1640 5886 ι
1675 5834 1797 5890 Dixi

1878 1999 2151 2055 Interdum
2175 1999 2338 2054 etiam
2364 2013 2460 2067 per
2481 1999 2923 2054 intercessionem
2951 2009 3263 2074 sanctorum
3289 2001 3456 2072 impe-

1880 2100 2055 2146 tratur
2093 2092 2249 2146 venia
2297 2092 2638 2156 delictorum,
2697 2110 2716 2143 t
2763 2090 2866 2158 Qui
2909 2090 3056 2147 enim
3101 2093 3204 2148 scit
3231 2091 3456 2148 fratrem

1879 2197 2036 2238 suum
2061 2196 2290 2252 peccare
2318 2190 2599 2252 peccatum
2628 2197 2734 2258 non
2754 2182 2822 2236 ad
2844 2193 3093 2248 mortem,
3124 2191 3276 2254 petat
3293 2194 3348 2240 et
3367 2186 3460 2240 da-

1871 2273 2029 2346 bitur
2041 2273 2089 2328 ei
2113 2274 2220 2327 vita
2237 2273 2482 2342 peccanti
2496 2287 2601 2328 non
2626 2273 2694 2327 ad
2707 2281 2935 2327 mortem
2958 2271 3009 2342 (1
3023 2272 3184 2328 Joan.
3205 2291 3258 2340 v,
3289 2275 3408 2346 46);
3433 2295 3452 2327 ι

1881 2374 1937 2421 et
1989 2366 2184 2420 iterum
2227 2384 2240 2419 :
2287 2385 2305 2417 ι
2359 2365 2668 2420 lnﬁrmatur
2716 2367 2838 2436 quis
2875 2381 2944 2422 ex
2996 2366 3186 2432 vobis,
3239 2367 3462 2424 inducat

1881 2461 2230 2530 presbyteros
2261 2459 2546 2523 Ecclesia;
2575 2468 2631 2514 et
2658 2466 2818 2513 orent
2838 2473 3001 2527 super
3028 2473 3173 2524 eum,
3202 2468 3462 2530 ungentes

1883 2562 2008 2603 eum
2048 2548 2168 2603 oleo
2193 2547 2246 2602 in
2271 2547 2489 2604 nomine
2517 2546 2764 2625 Domini,
2795 2556 2849 2603 et
2873 2549 3049 2603 oratio
3080 2547 3204 2604 fidei
3233 2547 3464 2604 salvabit

1887 2639 2184 2706 inﬁrmum,
2221 2647 2276 2694 et
2308 2639 2560 2694 allevahit
2587 2655 2713 2694 eum
2747 2639 3036 2706 Dominus,
3074 2648 3132 2695 et
3171 2640 3218 2695 si
3252 2641 3307 2695 in
3338 2655 3465 2709 pec-

1887 2733 2024 2790 catis
2052 2735 2142 2798 sit,
2172 2731 2514 2787 dimittentur
2543 2733 2591 2786 ei
2623 2732 2763 2804 (Jac.
2790 2748 2844 2797 v,
2878 2732 2988 2802 Η).
3026 2751 3045 2783 ι
3067 2730 3465 2801 Nonnunquam

1888 2823 2276 2878 misericordia
2301 2837 2366 2878 ac
2398 2823 2523 2878 ﬁdei
2547 2823 2738 2880 merito
2773 2823 2927 2878 labor
2963 2822 3465 2891 excoquiturwitio-

1877 2927 2031 2979 rum,
2062 2913 2354 2969 secundum
2385 2913 2515 2971 illud
2547 2930 2562 2970 :
2593 2934 2611 2966 ι
2647 2915 2752 2970 Per
2776 2913 3200 2970 misericordiam
3224 2923 3280 2968 et
3307 2915 3468 2970 ﬁdem

1890 3014 2192 3078 purgantur
2212 3016 2456 3076 peccata,
2494 3022 2592 3078 per
2623 3005 3033 3062 conversionem
3059 3005 3374 3074 plerumque
3405 3019 3471 3059 ac

1876 3097 2122 3164 salutem
2156 3111 2344 3154 eorum
2377 3099 2470 3169 qui
2497 3098 2697 3153 nostris
2726 3097 2954 3153 monitis
2989 3113 3055 3152 ac
3087 3096 3474 3166 praedicatione

1897 3189 2196 3254 salvantur,
2232 3190 2488 3260 quoniam
2518 3190 2609 3258 qui
2640 3189 2882 3244 converti
2907 3187 3096 3244 fecerit
3127 3195 3472 3258 peccatorem
3561 3199 3576 3204 ‘

1821 3270 1866 3332 C
1897 3283 1964 3338 de
1992 3297 2178 3338 errore
2197 3282 2300 3337 via
2327 3297 2438 3336 sua
2459 3322 2474 3346 ,
2503 3280 2738 3336 salvabit
2758 3281 3000 3336 animam
3024 3296 3178 3335 suam
3207 3281 3274 3336 de
3298 3288 3475 3338 morte

1891 3382 1948 3430 et
1971 3371 2628 3445 cooperitmultitudinem
2646 3381 2996 3443 peccatomm
3021 3370 3070 3444 (1
3077 3371 3190 3426 bid;
3219 3387 3273 3425 v.
3305 3372 3430 3446 l9jx
3449 3392 3468 3426 ι

1892 3465 2000 3520 Per
2041 3464 2427 3538 indulgentiam
2468 3463 2820 3519 nihilominus
2861 3479 2926 3519 ac
2957 3463 3331 3519 remissionem
3369 3479 3471 3520 no-

1897 3565 2069 3611 stram
2091 3555 2159 3610 ad
2198 3553 2586 3625 indulgentiam
2615 3561 2922 3608 nostrorum
2952 3553 3255 3612 facinorum
3276 3570 3470 3626 perve-

1896 3651 2082 3714 nitur;
2116 3668 2135 3701 t
2171 3649 2230 3703 Si
2259 3650 2401 3704 enim
2420 3689 2434 3713 ,
2465 3648 2662 3718 inquit,
2687 3648 3002 3704 dimiseritis
3020 3649 3326 3704 hominibus
3351 3665 3477 3720 pee-

1897 3751 2021 3795 cata
2057 3754 2242 3793 eorum
2261 3778 2276 3804 ,
2308 3737 2544 3792 dimittet
2565 3745 2620 3793 et
2649 3738 2806 3792 vobis
2836 3737 2996 3792 Pater
3031 3747 3212 3794 vester
3238 3739 3478 3796 calestis

1873 3867 1878 3870 -
1899 3829 2094 3884 delicta
2116 3837 2298 3883 vestra
2321 3827 2537 3898 (Matth.
2561 3843 2637 3893 vi,
2665 3827 2774 3900 M).
2805 3847 2824 3879 ι
2857 3828 3068 3884 Videtis
3086 3843 3222 3900 ergo
3245 3838 3477 3899 quantos

1898 3922 2289 3978 misericordia
2311 3922 2488 3978 aditus
2513 3921 2828 3992 patefecerit
2847 3923 3132 3978 clementia
3156 3925 3475 3994 Salvatoris,
3506 3975 3510 3979 .

1899 4024 1960 4070 ut
1999 4030 2158 4069 nemo
2204 4013 2433 4070 salutem
2479 4015 2702 4085 cupiens
2747 4016 3124 4086 desperatione
3173 4016 3475 4090 frangatur,

1900 4120 2022 4161 cum
2052 4105 2230 4160 videat
2263 4121 2329 4160 se.
2350 4105 2515 4160 tantis
2549 4105 2618 4160 ad
2662 4107 2824 4160 vitam
2858 4109 3112 4164 remediis
3148 4108 3400 4164 invitari:
3431 4111 3479 4166 si

1899 4197 2043 4253 enim
2081 4213 2180 4268 pro
2222 4197 2534 4254 infirmitate
2581 4199 2780 4263 carnis,
2828 4199 3117 4258 afﬂictione
3150 4201 3479 4274 jejuniorum

1901 4288 2104 4344 aboleri
2125 4297 2346 4358 peccata
2368 4304 2472 4343 non
2495 4303 2653 4358 posse
2675 4292 2939 4356 causaris,
2965 4308 3064 4348 nec
3085 4303 3242 4364 potes
3257 4294 3436 4350 dicere
3461 4311 3500 4350 :.

1906 4398 1926 4429 ι
1959 4377 2147 4434 Genua
2177 4391 2298 4433 mea
2341 4378 2616 4434 inﬁrmata
2646 4388 2773 4435 sunt
2797 4396 2828 4434 a
2847 4379 3078 4451 jejunio,
3111 4392 3171 4437 et
3205 4398 3347 4438 caro
3361 4399 3481 4439 mea

1901 4470 2184 4524 immutata
2213 4479 2299 4525 est
2335 4479 2556 4540 propter
2582 4470 2780 4532 oleum,
2817 4472 2933 4541 qui
2957 4474 3194 4527 cinerem
3224 4483 3480 4543 tanquam

1901 4573 2096 4628 panem
2128 4559 2539 4626 manducabam,
2575 4569 2630 4615 et
2651 4571 2835 4632 potum
2866 4576 3199 4618 meumcum
3223 4563 3350 4620 ﬁetu
3374 4565 3478 4620 mi-

1903 4649 2117 4702 scebam
2157 4646 2328 4720 (Paul.
2363 4664 2437 4714 cr,
2481 4649 2560 4720 9),
2612 4670 2631 4701 ι
2677 4649 3142 4721 eleemosynarum
3181 4665 3246 4706 ea
3277 4653 3481 4709 redime

1900 4737 2171 4808 largitate.
2218 4739 2483 4810 lndigenti
2533 4741 2578 4795 si
2629 4755 2736 4796 non
2779 4741 2947 4796 habes
3003 4743 3146 4812 quod
3177 4743 3486 4814 impertias,

1900 4827 2028 4884 licet
2075 4829 2280 4882 nullum
2323 4829 2392 4883 ab
2436 4829 2540 4884 hoc
2577 4844 2742 4898 opere
2787 4831 3131 4888 necessitatis
3177 4833 3372 4904 inapia
3415 4852 3481 4892 ac

1900 4921 2234 4988 paupertatis
2261 4919 2557 4986 excludat,
2585 4921 3022 4992 quandoquidem
3057 4934 3111 4980 et
3134 4925 3282 4982 illius
3306 4928 3484 4984 vidua

1903 5008 2008 5064 duo
2038 5019 2244 5064 tantum
2273 5026 2380 5066 ara
2417 5012 2724 5083 ingentibus
2750 5014 2975 5069 divitum
3018 5017 3256 5073 donariis
3286 5021 3478 5089 prafe-

1905 5109 2091 5155 rentur
2113 5111 2166 5155 et
2195 5117 2294 5170 pro
2321 5101 2490 5156 calice
2517 5118 2671 5173 aqua
2697 5101 2904 5174 frigida
2935 5107 3239 5163 mercedem
3265 5124 3324 5166 se
3350 5113 3474 5166 red-

1903 5190 2140 5245 diturum
2174 5191 2431 5248 Dominus
2457 5195 2831 5264 repromittat,
2862 5205 3009 5251 certe
3038 5212 3248 5252 morum
3270 5203 3476 5269 poteris

1902 5283 2279 5340 emendatione
2299 5287 2520 5356 purgari
2540 5304 2556 5352 ;
2577 5287 2720 5357 quod
2741 5289 2787 5343 si
2810 5289 3196 5359 perfectionem
3212 5293 3474 5348 virtutum

1902 5374 2259 5430 exstinctione
2301 5377 2554 5432 vitiorum
2579 5379 2818 5434 omnium
2867 5397 2972 5435 non
3025 5393 3200 5452 potes-
3227 5383 3472 5454 adipisci,

1903 5465 2320 5523 sollicitudinem
2363 5471 2527 5540 piam.
2559 5487 2689 5542 erga
2728 5473 3014 5530 utilitatem
3057 5476 3246 5533 aliena
3287 5478 3480 5536 salutis

1903 5555 2151 5625 impende
2182 5575 2194 5611 :
2225 5559 2269 5613 si
2311 5547 2489 5615 autem
2527 5563 2780 5618 idoneum
2812 5574 2863 5620 te
2889 5566 3018 5620 huic
3038 5568 3341 5625 ministerio
3367 5587 3474 5628 non

1903 5658 2022 5700 esse
2053 5650 2432 5718 conquereris,
2466 5653 2683 5722 operire
2712 5664 2929 5724 peccata
2956 5657 3160 5726 poteris
3193 5659 3477 5718 charitatis

1903 5736 2127 5803 affectu;
2172 5740 2224 5794 in
2262 5741 2366 5796 hoc
2402 5757 2616 5813 quoque
2646 5745 2690 5800 si
2737 5754 2789 5800 te
2833 5745 3078 5817 fragilem
3110 5746 3302 5805 fecerit
3331 5768 3478 5824 qua-

1902 5831 2248 5890 libetmcntis
2274 5834 2504 5904 ignavia,
2531 5837 2775 5893 oratione
2807 5838 2995 5893 saltem
3023 5847 3183 5910 atque
3213 5842 3476 5900 intercess
