3956 6326
493 456 627 514 1351

1126 452 1191 509 ιι.
1214 436 1483 509 uanam
1522 448 1740 508 MAURI
1776 446 2092 507 ARCHIEP.
2134 446 2444 507 uocum.
2484 443 2769 504 opsauu
2804 440 2986 501 PARS
3018 439 3104 498 ιιι.

3606 434 3744 494 1559.

490 571 642 628 sione
678 575 987 625 sanctorum
1027 569 1263 624 remedia
1302 566 1614 623 vulneribus
1640 565 2063 622 tuis‘humilitati
2092 574 2143 630 Α
2167 579 2392 635 quaeque
2445 561 2738 635 egerimus]
2768 570 2824 617 et
2866 558 3103 630 ingentia
3143 552 3277 611 nihil
3313 553 3619 624 proderunt
3645 554 3749 608 mi-

495 663 693 720 affectu
725 660 1026 718 submissus
1064 661 1308 732 implora.
1360 661 1641 717 Postremo
1684 662 1804 731 quis
1845 671 1929 716 est
1971 662 2063 729 qui
2164 654 2309 708 nima
2330 668 2345 719 ;
2370 652 2479 706 imo
2495 666 2624 707 vero
2647 666 2749 722 ego
2776 650 2941 706 etiam
2969 646 3099 703 illud
3117 646 3258 702 addo
3281 662 3295 699 :
3319 653 3374 701 et
3393 645 3526 714 quia
3556 643 3605 698 si
3627 644 3752 713 quis

497 768 606 809 non
658 752 827 823 possit
865 751 1181 822 simpliciter
1221 752 1401 808 dicere
1433 770 1448 806 :
1486 771 1505 804 ι
1556 751 1840 808 Peccatum
1886 768 2063 808 meum
2162 758 2327 814 parva
2355 749 2671 799 contemnat
2701 748 2756 797 ει
2782 734 3041 804 minima:
3081 745 3286 793 εθΐωω
3312 744 3402 791 εει
3428 734 3579 803 quoa
3620 748 3755 803 μιν

500 843 776 914 cognitum
812 842 909 898 tibi
934 841 1056 905 feci,
1080 851 1135 896 et
1165 841 1488 910 iniustitiam
1518 857 1695 897 meam
1731 856 1839 897 non
1875 839 2064 910 operui
2164 839 2318 894 latim
2337 838 2504 893 etiam
2533 835 2601 891 ad
2623 848 2817 904 magna
2843 830 3123 904 perveniat
3152 845 3168 881 :
3202 846 3223 881 ί
3257 827 3361 894 Qui
3384 838 3521 879 vero
3544 823 3757 894 spernit

500 930 676 1002 (Paul.
704 947 858 996 xxxi,
901 931 1000 1002 5)?
1032 951 1051 985 ι
1084 940 1142 986 ιιι
1170 947 1268 1003 per
1294 932 1433 987 hanc
1476 930 1868 987 confessionem
1904 931 2068 986 etiam
2167 931 2412 994 minima,
2460 948 2479 981 ι
2522 928 2665 983 sicut
2693 926 2972 996 Scriptura
2999 920 3161 985 dicit’,
3196 938 3216 972 ι
3252 917 3521 991 paulatim
3551 916 3761 972 decidit

501 1021 634 1076 illud
662 1019 993 1075 conﬁdenter
1030 1021 1353 1091 subiungere
1393 1030 1706 1077 mereatur:
1743 1041 1764 1073 ‹
1808 1029 1863 1076 et
1894 1028 1951 1074 tu
1980 1034 2068 1075 re-

504 1107 707 1164 misisti
730 1107 1058 1177 impietatem
1091 1108 1270 1164 cordis
1294 1109 1400 1164 mei
1430 1108 1637 1181 (Ibid.).
1675 1128 1694 1161 ι
1723 1109 1875 1176 Quod
1913 1108 1959 1164 si
1986 1123 2076 1164 ve-

502 1196 761 1251 recundia
820 1197 1168 1266 pertrahente
1233 1196 1473 1254 revelare
1520 1213 1704 1253 coram
1765 1196 2075 1253 hominibus

498 1285 776 1341 erubescis
795 1324 810 1350 ,
841 1285 916 1340 illi
947 1300 1105 1355 quem
1132 1287 1307 1342 latere
1331 1302 1436 1342 non
1469 1296 1697 1359 possunt
1729 1287 1973 1343 conﬁteri
2009 1302 2074 1343 ea

498 1374 618 1448 iugi
642 1374 1029 1445 supplicatione
1061 1391 1169 1431 non
1198 1374 1447 1442 desinas,
1480 1392 1546 1431 ac
1569 1377 1749 1432 dicere
1782 1377 1833 1430 ei
1864 1394 1879 1430 :
1916 1396 1935 1428 ι
1969 1376 2077 1431 lni-

506 1465 767 1535 quitatem
807 1480 983 1520 meam
1024 1480 1126 1536 ego
1176 1481 1444 1537 cognosco
1486 1473 1542 1522 et
1582 1475 1865 1537 peccatum
1896 1481 2074 1522 meum

504 1563 694 1610 contra
735 1569 822 1610 me
850 1563 935 1613 est
959 1570 1210 1626 semper:
1246 1557 1342 1613 tibi
1371 1557 1471 1612 soli
1514 1557 1735 1627 peccavi
1775 1565 1829 1611 et
1875 1555 2077 1610 malum

505 1660 689 1704 coram
717 1633 774 1703 te
800 1647 906 1703 feci
932 1646 1107 1717 (Psal.
1139 1665 1192 1715 ι,
1218 1650 1296 1717 5).
1321 1668 1340 1701 ι
1361 1649 1462 1716 Qui
1488 1658 1544 1705 et
1575 1650 1779 1720 absque
1808 1647 1968 1703 ullius
1994 1662 2082 1702 ve-

504 1739 773 1795 recundia:
810 1740 1176 1810 publicatione
1219 1756 1416 1796 curare
1467 1748 1524 1796 et
1582 1740 1700 1795 sine
1750 1738 2080 1810 impropcrio

498 1838 726 1898 peccata
770 1828 975 1899 dpnare
1021 1828 1320 1895 consuevit,
1368 1836 1493 1899 post
1527 1828 1657 1884 illud
1705 1842 1921 1899 quoque
1968 1836 2078 1883 tam

2170 1019 2362 1092 (Ereti.
2392 1033 2505 1083 xix,
2535 1016 2620 1088 1),
2658 1034 2675 1068 ι
2708 1023 2765 1070 et
2791 1015 2912 1070 ideo
2938 1012 3177 1068 arbitror
3206 1009 3381 1064 Deum
3416 1017 3476 1063 et
3504 1006 3760 1061 Salvato-

2170 1122 2286 1163 rem
2329 1114 2575 1162 nostrum
2621 1104 2678 1159 in
2725 1105 2890 1159 rebus
2933 1100 3171 1157 minimis
3220 1112 3451 1168 magnas
3500 1096 3765 1151 statuisse

2170 1194 2447 1251 mercedes
2478 1191 2644 1263 :quid
2669 1191 2815 1245 enim
2838 1198 2947 1245 tam
2967 1189 3106 1253 leve,
3135 1194 3247 1240 tam
3276 1183 3462 1247 facile,
3486 1196 3659 1252 quam
3686 1179 3765 1234 vi-

2174 1286 2340 1341 sitare
2364 1282 2662 1348 infirmum,
2687 1290 2743 1337 et
2772 1288 2950 1335 tamen
2977 1278 3105 1334 huic
3130 1284 3239 1331 tam
3262 1273 3464 1343 exiguo
3493 1270 3653 1341 operi
3685 1283 3766 1325 re

2175 1373 2606 1430 munerationem
2649 1368 2987 1441 magnificam
3022 1364 3240 1437 posuit?
3277 1370 3335 1419 et
3361 1363 3598 1425 iterum,
3636 1358 3765 1429 quid

2178 1475 2289 1520 tam
2311 1464 2486 1530 facile,
2505 1463 2631 1534 quid
2652 1470 2763 1517 tam
2777 1469 3010 1532 gratum,
3037 1471 3200 1528 quam
3212 1454 3499 1510 esurienti
3524 1452 3766 1522 prahere

2178 1560 2383 1623 cibum,
2402 1556 2606 1613 sitienti
2630 1564 2838 1627 potum,
2859 1553 3003 1608 nudo
3023 1552 3426 1613 indumentum,
3447 1544 3765 1602 conclusum

2180 1649 2236 1704 in
2264 1662 2483 1704 carcere
2510 1644 2827 1717 requirere?
2849 1651 2905 1700 et
2926 1643 3044 1699 hare
3065 1657 3185 1712 qua:
3210 1649 3321 1695 tam
3347 1652 3527 1709 parva
3559 1644 3687 1692 mat
3716 1645 3767 1691 et

2180 1747 2293 1795 tam
2320 1737 2543 1793 minima
2572 1737 2649 1792 ita
2683 1750 2878 1807 magna
2922 1733 3074 1789 ducit
3112 1739 3169 1787 et
3193 1744 3438 1795 summa,
3476 1736 3547 1782 ut
3574 1742 3640 1781 ea
3668 1742 3767 1781 non

2184 1829 2410 1895 homini,
2444 1828 2539 1884 sed
2564 1827 2666 1883 sibi
2694 1826 2797 1897 ipsi
2823 1826 2963 1880 Deus
2985 1824 3203 1892 deputet
3226 1820 3585 1883 ministrata,
3600 1827 3657 1872 et
3680 1831 3767 1885 pro

501 1894 1148 1988 inomptum'certumque
1172 1894 1470 1975 subsidium
1493 1919 1638 1975 aliud
1673 1894 1886 1989 quoque
1907 1918 2082 1975 adhuc
2114 1921 2161 1983 Β
2184 1924 2270 1978 his
2308 1935 2532 1993 regnum
2570 1894 2793 1974 caeleste
2836 1914 3167 1987 promiserit.
3216 1908 3551 1984 Aggredere
3599 1908 3766 1978 igitur.

504 2007 718 2065 facilius
757 2010 948 2082 largita
994 2011 1152 2066 nobis
1193 2020 1279 2066 est
1299 2011 1482 2066 divina
1508 2011 1771 2082 dignatio,
1802 2010 2081 2080 ipsamque

505 2098 736 2155 remedii
763 2113 919 2169 opem
940 2108 1129 2157 nostro
1153 2086 1427 2156 commisit
1448 2100 1694 2165 arbitrio,
1724 2108 1785 2155 ut
1803 2099 2083 2171 indulgen-

506 2188 643 2246 tiam
688 2199 998 2247 nostrorum
1044 2193 1310 2248 scelerum
1350 2207 1450 2261 pro
1485 2180 1671 2247 nostro
1696 2205 2083 2262 praesumamus

504 2283 724 2352 aﬂ'ectu,
755 2285 996 2342 dicentes
1014 2287 1076 2362 ei
1105 2304 1119 2341 :
1162 2304 1181 2339 ι
1223 2287 1442 2343 Dimitte
1470 2285 1627 2340 nobis
1655 2285 1833 2341 debita
1874 2293 2080 2349 nostra,

507 2374 653 2430 sicut
663 2382 721 2429 et
737 2389 839 2430 nos
850 2374 1171 2432 dimittimus
1191 2376 1526 2432 debitoribus
1544 2375 1767 2431 nostris.
1790 2394 1810 2428 ι
1828 2373 2085 2444 Quisquis

508 2462 675 2534 igitur
702 2465 774 2520 ad
812 2463 1202 2536 indulgentiam
1232 2465 1770 2523 suorumcriminum
1812 2465 2085 2520 desiderat

510 2552 819 2623 pervenire,
862 2553 982 2611 istis
1028 2556 1378 2625 semetipsum
1407 2566 1595 2625 aptare
1628 2555 1843 2611 studeat
1877 2555 2082 2610 instru-

512 2642 733 2708 mentis,
756 2658 859 2699 nec
880 2642 1133 2699 obdurati
1157 2646 1337 2700 cordis
1355 2646 1657 2716 pervicacia
1682 2660 1714 2699 a
1743 2638 1987 2700 remedio
2004 2658 2086 2698 sa-

510 2731 678 2788 lutari
730 2732 929 2788 fontem
975 2742 1137 2789 tanta:
1174 2735 1392 2806 pietatis
1434 2743 1663 2791 avertat.
1697 2735 1829 2803 Quae
1871 2735 2085 2791 etiamsi

512 2821 632 2880 hac
650 2823 834 2878 omnia
853 2824 1161 2891 fecerimus,
1190 2840 1299 2880 non
1320 2833 1481 2881 erunt
1508 2826 1701 2882 idonea
1728 2826 1799 2882 ad
1821 2825 2087 2895 expiatio-

512 2930 641 2972 nem
682 2916 950 2972 scelerum
991 2926 1322 2985 nostrorum,
1367 2918 1471 2974 nisi
1514 2933 1581 2973 ea
1611 2919 1826 2975 bonitas
1869 2916 2086 2974 Domini

514 3006 909 3078 elementiaque
955 3008 1234 3075 deleverit,
1278 3010 1371 3081 qui
1417 3025 1540 3067 cum
1580 3009 1815 3079 religiosi
1861 3017 2087 3065 conatus

515 3098 775 3167 obsequia
813 3098 1039 3169 supplici
1068 3108 1249 3155 mente
1270 3114 1303 3155 a
1330 3100 1489 3157 nobis
1524 3100 1702 3156 oblata
1730 3099 2084 3171 perspexerit,

518 3187 745 3258 exiguos
768 3202 1072 3258 parvosque
1093 3198 1322 3245 conatus
1341 3190 1605 3245 immensa
1626 3187 1944 3245 libefalitate
1964 3204 2088 3259 pro-

2180 2013 2352 2069 amice
2388 2011 2730 2075 charissime,
2773 2007 3068 2079 aggredere
3102 2006 3208 2060 iter
3252 2012 3484 2058 aeterne
3532 2000 3681 2062 vita,
3722 2008 3771 2051 et

2180 2118 2372 2159 rursus
2392 2103 2607 2172 suscipe
2621 2100 2812 2171 iugum
2832 2097 3035 2154 Christi
3059 2110 3223 2151 suave
3245 2102 3305 2150 et
3318 2108 3475 2148 onus
3493 2090 3625 2160 eius
3646 2090 3769 2149 leve,

2182 2208 2440 2264 recupera
2467 2194 2521 2247 in
2553 2191 2840 2261 temetipso
2867 2187 3033 2243 animi
3068 2187 3304 2240 virtutes
3332 2193 3396 2237 et
3420 2182 3601 2237 linem
3622 2179 3771 2234 redde

2183 2286 2354 2343 initiis
2399 2284 2655 2349 similem,
2700 2297 2803 2338 nec
2855 2279 3082 2351 patiaris
3121 2286 3335 2332 tantum
3376 2275 3483 2331 tibi
3526 2284 3589 2329 et
3638 2284 3772 2328 tanta

2182 2380 2375 2434 labore
2394 2377 2677 2447 quaesitum
2704 2372 3027 2444 spiritalium
3052 2370 3355 2443 gratiarum
3384 2368 3644 2439 diripere
3663 2382 3772 2422 eai-

2182 2484 2334 2534 sum;
2360 2466 2563 2539 peribis
2584 2466 2728 2522 enim
2750 2465 2794 2519 si
2818 2463 3082 2535 persistas
3100 2462 3154 2516 in
3178 2460 3453 2530 peccatis,
3478 2469 3542 2512 et
3562 2472 3773 2513 em

2183 2559 2281 2617 bas
2307 2560 2475 2614 Deum
2502 2559 2557 2613 in
2585 2557 2795 2612 actibus
2826 2555 2961 2619 tuis;
2990 2553 3036 2608 si
3062 2566 3194 2607 vero
3219 2550 3563 2621 priusquam
3592 2563 3773 2603 causa

2185 2647 2263 2702 tui
2287 2648 2384 2701 fiat
2412 2646 2579 2701 multa
2602 2643 2841 2714 jactura,
2866 2650 2918 2699 et
2946 2641 3260 2713 priusquam
3295 2647 3453 2694 terra
3479 2648 3581 2694 tua
3610 2638 3775 2692 uariis

2184 2737 2627 2794 inundationibus
2659 2734 2949 2806 repleatur,
2974 2733 3222 2789 exclusas
3246 2731 3637 2801 irruptionnm
3664 2729 3773 2785 fau-

2184 2845 2275 2886 ces
2338 2837 2394 2884 et
2455 2828 2756 2895 ingressum
2813 2806 3100 2894 perhibeas
3169 2822 3571 2877 inundantium
3638 2822 3778 2875 vitis

2185 2933 2327 2986 rum,
2376 2917 2581 2988 poteris
2619 2930 2833 2970 rursum
2862 2913 3145 2984 pristinam
3184 2924 3457 2982 reparare
3487 2911 3773 2973 culturam.

2187 3019 2242 3068 et
2293 3012 2363 3067 ad
2404 3009 2616 3065 fructus
2670 3008 2860 3063 solitos
2916 3006 3058 3061 ruris
3094 3004 3283 3075 optimi
3343 3003 3638 3074 quondam
3687 3002 3793 3095 tibi‘

2184 3119 2439 3160 exercere
2487 3101 2719 3158 novalia.
2784 3100 3027 3171 Exsurge
3084 3113 3234 3169 ergo,
3295 3110 3549 3168 exsurge
3572 3138 3592 3163 ,
3648 3094 3778 3150 sicut

2184 3193 2453 3261 Propheta
2486 3192 2638 3256 dicit,
2687 3199 2743 3245 et
2778 3209 2797 3241 ‹
2828 3197 3024 3245 excute
3050 3188 3329 3259 pulverem
3365 3195 3533 3241 tuum
3566 3184 3773 3255 (Hart.

519 3277 767 3347 sequitur
812 3277 1041 3334 dicens:
1079 3298 1098 3331 ι
1134 3280 1250 3349 Ego
1301 3294 1443 3344 sum,
1490 3295 1591 3350 ego
1637 3294 1758 3335 sum
1803 3280 1895 3350 qui
1935 3280 2089 3336 deleo
2115 3262 2161 3325 (ἶ
2190 3281 2394 3351 1,14);
2431 3300 2451 3333 ι
2493 3296 2721 3351 exsurge
2762 3280 2830 3335 de
2875 3290 3040 3344 terra,
3067 3286 3123 3334 et
3166 3277 3379 3341 statim,
3428 3277 3575 3332 mihi
3605 3275 3777 3336 aede.

522 3367 839 3438 iniquitates
873 3378 993 3423 tuas
1028 3376 1248 3438 prepter
1282 3384 1388 3433 me,
1417 3376 1474 3441 et
1503 3379 1850 3438 peccatorum
1877 3379 2093 3425 tuorum

517 3457 636 3525 iam
676 3472 786 3513 non
824 3459 1154 3515 recordabar
1192 3460 1326 3532 (Ira.
1365 3476 1516 3525 xuii,
1547 3461 1662 3534 25).
1699 3482 1720 3515 ι
1770 3461 1850 3517 Tu
1890 3471 2092 3529 autem,

521 3562 558 3600 o
579 3548 773 3612 homo,
796 3547 914 3603 haec
938 3549 1286 3605 considerans
1308 3551 1463 3607 stude
1485 3552 1826 3622 temetipsum
1853 3566 1952 3623 per
1977 3566 2096 3624 poe-

521 3637 811 3695 nitentiam
837 3654 1159 3710 recuperare
1205 3650 1261 3698 et
1302 3642 1459 3713 longe
1486 3658 1520 3698 a
1557 3643 1706 3698 vitiis
1734 3650 1788 3699 te
1817 3658 2093 3715 separare,

522 3730 711 3801 sicque
732 3731 889 3788 bonis
915 3732 1171 3803 operibus
1195 3733 1451 3790 insistens
1470 3735 1676 3804 poteris
1706 3735 1815 3790 Deo
1840 3743 1893 3790 te
1916 3735 2097 3805 proxi-

490 3874 495 3881 ,
524 3834 674 3875 mum
699 3818 911 3886 facere,
941 3822 1198 3892 quidquid
1232 3822 1359 3879 boni
1394 3823 1572 3893 possis
1599 3824 1728 3878 dum
1757 3830 1968 3894 tempus
1992 3824 2093 3879 ha-

524 3910 623 3966 bes
660 3910 927 3968 instantcr
956 3928 1204 3984 operare.
1234 3914 1447 3970 Etenim
1500 3914 1641 3970 sicut
1691 3914 1891 3969 divitia:
1936 3913 2096 3986 huius

525 4004 709 4059 saeculi
740 4012 867 4062 tunc
897 4007 1134 4062 maxime
1163 4017 1426 4077 augentur
1451 4008 1498 4062 si
1528 4006 1679 4062 nulla
1694 4020 1918 4076 prorsus
1946 4005 2097 4061 lucra

527 4108 630 4150 nec
658 4096 1341 4155 minima-condemnentur
1376 4096 1580 4170 [Forte,
1634 4095 2095 4168 contemnantur],

525 4185 603 4241 ita
621 4194 677 4242 et
700 4188 1031 4258 spiritalibus
1057 4188 1262 4247 divitiis
1285 4205 1386 4246 nec
1410 4191 1691 4246 minimum
1714 4189 1843 4260 quid
1862 4197 1948 4246 est
1969 4190 2098 4245 boni

526 4275 711 4345 operis
745 4280 1197 4335 contemnendum
1220 4290 1334 4347 est;
1365 4280 1601 4350 alioquin
1624 4279 1780 4335 valde
1803 4279 2096 4335 absurdum

526 4365 757 4432 videtur,
793 4383 918 4423 cum
957 4367 1124 4438 iudex
1152 4378 1339 4427 uoster
1374 4386 1444 4427 ue
1476 4371 1660 4426 calieis
1684 4371 1902 4440 quidem
1943 4384 2098 4439 aqua:

526 4457 736 4529 frigidae
786 4464 1089 4519 mercedem
1137 4479 1196 4520 se
1241 4464 1552 4535 promiserit
1594 4472 1946 4534 negaturum,
1998 4478 2098 4519 nos

2192 3373 2484 3429 terrebitur
2516 3372 2857 3428 adversarius
2890 3380 3012 3426 tuus
3043 3387 3057 3422 :
3113 3368 3201 3424 ille
3241 3369 3395 3424 enim
3450 3370 3529 3424 ita
3578 3378 3637 3422 te
3668 3368 3779 3437 qui-

2193 3464 2318 3521 dem
2347 3461 2562 3531 deiecit,
2599 3460 2755 3531 quasi
2781 3459 2922 3515 ultra
2950 3474 3057 3515 non
3082 3465 3560 3521 resurrecturum,
3606 3456 3655 3512 si
3690 3470 3777 3509 au-

2194 3562 2304 3609 tem
2330 3551 2513 3607 videat
2544 3558 2598 3606 te
2625 3550 2925 3606 surrexisse
2949 3549 3019 3605 de
3047 3558 3215 3612 terra,
3244 3556 3305 3602 et
3328 3546 3569 3601 brachia
3600 3559 3777 3599 rursus

2194 3642 2477 3699 certamini
2502 3642 2937 3712 protendentem,
2969 3641 3084 3712 ipsa
3110 3639 3191 3695 tui
3217 3638 3456 3694 audacia
3478 3636 3777 3692 deterrebi-

2197 3746 2306 3802 tur,
2346 3744 2404 3791 et
2424 3744 2625 3805 quanto
2658 3743 2715 3789 tu
2742 3733 3043 3805 promptior
3066 3740 3218 3787 tanto
3245 3729 3339 3786 ille
3368 3729 3779 3785 formidolosior-

2167 3828 2311 3895 -ﬁet,
2340 3836 2393 3883 et
2421 3836 2625 3897 quanto
2649 3825 2850 3895 maiora
2881 3824 3164 3896 praesumis
3191 3830 3346 3877 tanto
3392 3820 3491 3876 ille
3514 3820 3779 3875 inﬁrmior

2196 3916 2544 3987 fragiliorque
2570 3915 2829 3971 redditur.
2873 3913 2985 3969 Sed
3025 3920 3081 3969 et
3107 3911 3240 3966 illud
3267 3910 3459 3979 cogita
3495 3909 3651 3981 quod
3693 3910 3779 3963 tibi

2196 4007 2416 4063 audenti
2444 4006 2619 4061 aderit
2657 4005 2822 4069 Deus,
2867 4003 2943 4058 illi
2977 4017 3107 4058 vero
3132 4000 3405 4058 scelerum
3448 3999 3781 4055 conscientia

2195 4107 2253 4154 et
2311 4096 2533 4152 audacia
2592 4094 2937 4151 labefactabit
2990 4102 3049 4148 et
3100 4092 3279 4157 vires,
3344 4090 3543 4160 sicque
3606 4087 3781 4143 divin

2198 4188 2372 4259 gratia
2435 4186 2700 4256 largiente
2756 4185 2811 4240 in
2876 4184 3127 4240 omnibus
3187 4180 3335 4237 hosti
3383 4189 3487 4235 tuo
3534 4178 3783 4247 superior

2197 4281 2458 4343 existens,
2488 4276 2602 4347 iam
2630 4277 2804 4331 victor
2836 4274 2992 4330 fortis
3018 4288 3137 4344 ope.
3154 4272 3425 4328 virtutum
3462 4268 3630 4323 valde
3656 4268 3783 4321 diu-

2198 4382 2317 4435 tus,
2346 4370 2415 4425 ad
2437 4368 2675 4424 coalestis
2702 4367 2851 4438 regni
2882 4366 3109 4437 gloriam
3137 4361 3555 4434 percipiendam
3590 4358 3783 4427 migra-

2197 4464 2303 4528 his,
2333 4462 2424 4518 ubi
2461 4476 2587 4517 cum
2619 4458 2837 4516 Christo
2864 4466 2918 4513 et
2942 4454 3145 4513 sanctis
3170 4451 3379 4525 angelis
3416 4450 3479 4507 in
3516 4460 3779 4506 aeternum

524 4548 745 4606 cuidem
779 4550 961 4610 dicere
983 4553 1108 4624 quia
1141 4553 1247 4611 nisi
1274 4569 1468 4625 magna
1505 4568 1623 4624 quae
1645 4553 1885 4623 gerimus
1909 4552 2097 4622 [Forte
2118 4590 2173 4651 Β
2199 4551 2475 4626 gaudebis.
