3956 6326
468 379 607 435 1533

1102 377 1160 432 Β.
1203 377 1453 433 RABANI
1493 373 1709 432 MAURI
1748 373 2060 432 ARCIIIEP.
2103 372 2409 432 MOGUNT.
2449 370 2733 430 OPEBUM
2772 369 2952 425 PARS
2983 363 3070 424 ll].

2288 241 2307 276 ἱ

3583 361 3718 425 £356

467 508 572 544 non
609 489 794 544 solum
825 504 1006 544 coram
1041 487 1168 554 Deo,
1210 491 1304 544 sed
1350 490 1514 544 etiam
1559 505 1738 544 coram
1773 489 2033 550 Ecclesia,
2067 495 2110 553 Α
2137 489 2434 544 vendendis
2459 499 2514 543 et
2557 487 2801 542 emendis
2843 487 3004 541 rebus
3049 482 3334 540 charitatis
3365 491 3424 537 et
3466 483 3718 539 utilitatis

468 594 589 648 qua:
611 579 773 633 habet
793 577 995 633 clavem
1020 579 1168 650 regni
1192 579 1473 644 caelorum,
1503 581 1554 634 in
1582 595 1684 648 qua
1714 579 1774 633 fit
1794 581 2037 634 remissio

465 678 834 738 peccatorum.
865 668 1085 724 Secreta
1114 685 1327 739 quoque
1348 670 1712 725 satisfactione
1737 669 1870 724 solvi
1894 683 2039 724 mor—

468 758 594 811 talia
633 757 858 812 criiuina
896 773 1000 812 nou
1042 773 1330 827 negamus.
1376 767 1584 814 mutato
1611 759 1762 830 prius
1791 758 2036 814 saeculari

468 849 652 901 habitu
692 856 747 901 et
791 847 1061 900 indefesso
1094 847 1366 918 religionis
1396 849 1595 912 studio,
1630 864 1726 918 per
1760 849 1883 902 vitae
1921 863 2040 902 cor-

467 937 765 990 rectionem
792 946 847 990 et
867 935 980 1006 jugi
1009 937 1115 990 imo
1132 944 1392 1006 perpetuo
1414 937 1557 991 luctu
1587 939 1877 992 miserante
1906 937 2038 1000 Deo,

468 1026 542 1080 ita
575 1030 834 1080 duntaxat
865 1037 924 1080 ut
951 1025 1222 1081 contra‘ria
1257 1041 1355 1097 pro
1387 1027 1472 1081 his
1501 1042 1620 1096 qua:
1645 1027 1872 1098 ptenitet
1894 1035 2036 1097 agat.

469 1118 789 1185 Quotidiana
831 1134 959 1173 vero
994 1118 1240 1188 lcviaque
1269 1129 1489 1189 peccata
1533 1121 1650 1176 sine
1689 1121 1886 1188 quibus
1927 1121 2042 1176 htrc

468 1210 576 1262 vita
631 1225 734 1262 non
791 1209 1044 1272 ducitur,
1091 1209 1369 1264 Dominica
1417 1209 1662 1264 oratione
1717 1218 2039 1284 purgantur,

469 1313 699 1366 quorum
737 1297 1026 1356 estdicere
1058 1317 1068 1350 τ
1106 1315 1125 1347 ι
1165 1295 1322 1350 Pater
1359 1307 1564 1361 noster,
1601 1299 1693 1367 qui
1723 1314 1782 1353 es
1807 1299 1862 1352 in
1891 1298 2044 1352 cmlis

469 1388 684 1454 (Malm.
713 1391 809 1458 vi),
839 1397 970 1453 etc.,
993 1389 1084 1442 ubi
1112 1389 1310 1442 dicitur
1337 1403 1352 1442 :
1389 1408 1406 1439 ‹
1445 1389 1666 1444 Dimitte
1687 1389 1842 1443 nobis
1863 1388 2042 1444 debita

469 1488 674 1541 nostra,
733 1498 751 1528 ι
802 1481 927 1547 quia
977 1479 1093 1548 ipsa
1139 1477 1480 1549 eleemosyna
1529 1488 1634 1543 est,
1683 1494 1780 1550 per
1829 1479 2042 1532 veniam

2138 593 2259 638 vota
2280 583 2569 652 perversa?
2595 581 2733 635 Sunt
2752 589 2806 634 et
2827 579 2929 633 alia
2953 577 3320 646 hujuscemodi
3345 585 3573 646 peccata
3604 591 3720 644 qua

2139 673 2273 727 fiunt
2293 673 2576 726 verborum
2597 667 3059 737 oﬂensionibusAet
3085 666 3499 737 cogitationum,
3521 662 3722 720 Iacobo

2139 763 2349 818 dicente
2404 757 2650 828 apostolo
2697 774 2710 812 :
2761 774 2780 808 ι
2839 755 2895 810 lu
2957 729 3338 810 n'mltisvenim
3395 751 3724 809 oﬂeudiruus

2139 865 2347 905 omnes.
2377 869 2397 902 ι
2427 849 2654 920 Oportet
2676 845 2919 918 quotidie
2947 847 3248 916 crebroque
3277 859 3584 899 exoremus
3620 842 3723 898 Do-

2140 942 2370 1006 minum,
2399 948 2563 1008 atque
2592 938 2837 992 dicamus
2869 954 2883 989 :
2930 956 2947 987 ‹
2982 935 3203 990 Dimitte
3231 934 3389 989 nobis
3417 933 3610 988 debita
3633 948 3727 986 uo-

2141 1042 2275 1098 stra,
2307 1051 2324 1083 ι
2359 1049 2425 1088 ne
2453 1033 2507 1086 in
2534 1045 2601 1086 eo
2622 1031 2765 1100 quod
2795 1031 3040 1100 sequitur
3064 1029 3420 1092 mentiamur,
3455 1046 3476 1078 ¢
3509 1028 3656 1083 sicut
3675 1036 3730 1082 et

2140 1139 2240 1177 nos
2282 1123 2603 1176 dimittimus
2651 1119 2985 1176 debitoribus
3035 1119 3256 1174 nostris.
3303 1137 3324 1168 ι
3372 1117 3486 1172 Pro
3530 1117 3732 1186 quibus

2141 1213 2303 1268 etiam
2346 1211 2613 1267 sacrificia
2652 1212 3120 1281 eleemosynarum
3166 1218 3223 1263 et
3249 1208 3592 1280 jejuniorum
3635 1223 3735 1276 pro

2144 1305 2258 1359 suis
2284 1303 2490 1358 viribus
2514 1301 2695 1358 offerri
2723 1317 2828 1357 non
2855 1311 3088 1357 cessent.
3117 1301 3223 1356 Pro
3251 1299 3360 1354 illis
3377 1314 3516 1370 ergo
3537 1314 3734 1369 pecea-

2145 1397 2216 1449 tis
2242 1409 2360 1463 qua:
2386 1394 2518 1465 legis
2541 1393 2826 1464 decalogus
2854 1392 3118 1455 continet,
3157 1399 3216 1444 et
3249 1390 3319 1444 de
3346 1389 3554 1459 quibus
3587 1389 3731 1458 Apo-

2145 1485 2314 1539 stolus
2339 1485 2414 1538 ait
2443 1503 2456 1536 :
2491 1503 2508 1534 i
2544 1483 2809 1550 Quoniam
2834 1496 3010 1550 neque
3034 1481 3185 1534 avari
3206 1521 3220 1544 ,
3261 1494 3446 1549 neque
3479 1493 3732 1547 rapaces,

469 1568 672 1621 homini
722 1569 1003 1636 poenitenti
1055 1568 1354 1637 ignoscere.
1411 1567 1564 1622 Unde
1608 1567 1866 1622 Dominus
1912 1567 1989 1620 ait
2027 1586 2040 1619 :

475 1677 494 1706 ι
533 1658 664 1710 Date
707 1658 1127 1727 eleemosynam,
1161 1665 1216 1710 et
1239 1639 1419 1711 omnia
1448 1659 1644 1711 munda
1669 1656 1990 1712 suut'vobis.
2022 1675 2041 1706 ι

2146 1589 2320 1646 neque
2351 1575 2616 1638 adulteri,
2655 1588 2832 1642 neque
2869 1573 3232 1627 masculorum
3260 1569 3672 1629 concubitores,
3707 1587 3728 1619 ι

2146 1678 2202 1723 et
2231 1677 2448 1722 cretera.
2493 1684 2512 1718 ι
2546 1665 2812 1733 Quoniam
2840 1664 2932 1735 qui
2972 1663 3100 1718 talia
3137 1672 3339 1734 agunt,
3368 1677 3606 1733 regnum
3641 1659 3732 1714 Dei

471 1748 634 1801 Multa
670 1748 849 1817 itaque
879 1763 1075 1817 genera
1097 1756 1223 1802 sunt
1260 1747 1746 1819 elcemosynarum,
1777 1763 1899 1817 qute
1920 1762 2042 1802 cum
2149 1773 2256 1812 non
2278 1757 2630 1827 possidebunt
2657 1754 2707 1826 (l
2733 1753 2856 1809 Cor.
2893 1755 2970 1824 xi)
2993 1794 3008 1817 ,
3047 1773 3066 1806 ι
3102 1752 3191 1807 illa
3221 1753 3368 1808 actio
3393 1751 3734 1822 penitentiz

470 1841 720 1902 facimus,
751 1839 1074 1907 adjuvamur
1098 1850 1157 1893 ut
1188 1840 1529 1900 dimittantur
1556 1846 1738 1894 nostra
1777 1849 2000 1908 peccata
2027 1853 2042 1892 :
2072 1843 2120 1901 B
2147 1849 2422 1904 subeunda
2459 1855 2544 1902 est
2571 1847 2626 1901 in
2654 1861 2762 1916 qua
2788 1844 3052 1913 majorem
3084 1845 3139 1898 in
3169 1858 3230 1899 se
3257 1843 3501 1913 quisque
3535 1841 3734 1897 severi-

472 1933 564 1986 sed
607 1947 670 1985 ea
717 1931 851 1984 nihil
894 1940 974 1985 est
1023 1929 1195 2000 majus
1243 1945 1345 2000 qua
1401 1948 1467 1984 ex
1509 1930 1684 1985 torde
1725 1930 2048 1984 dimittimus
2151 1948 2317 1994 talem
2365 1940 2560 1994 debeat
2590 1951 2870 2001 exercere,
2913 1943 2974 1990 ut
3012 1951 3043 1990 θ
3085 1935 3264 2004 seipso
3303 1934 3588 2004 iudicatus
3633 1947 3734 1986 on

471 2022 614 2089 quod
649 2023 702 2076 in
730 2037 828 2076 nos
859 2022 1086 2091 quisque
1117 2023 1378 2092 peccavit.
1413 2021 1550 2075 Sum
1594 2030 1773 2076 autem
1799 2023 2047 2092 quaedam
2143 2029 2418 2096 judicelur
2460 2043 2490 2082 a
2534 2027 2784 2082 Domino.
2816 2025 3120 2080 Mansuram
3161 2033 3346 2079 autem
3376 2023 3650 2093 temporis
3685 2022 3734 2074 in

472 2123 691 2186 peccata
739 2129 858 2183 qua:
898 2123 1156 2183 putantur
1193 2114 1482 2178 levissima,
1523 2113 1626 2168 nisi
1655 2115 1708 2168 in
1754 2114 2050 2182 Scripturis
2150 2121 2356 2190 agenda
2383 2118 2707 2188 ptenitentia
2735 2117 2939 2172 idcirco
2977 2131 3084 2171 non
3125 2115 3260 2170 satis
3304 2120 3523 2169 attente
3559 2110 3733 2183 prah-

472 2211 974 2263 dcmonstrarentur
1013 2209 1266 2278 opinione
1315 2210 1584 2279 graviora.
1627 2209 1762 2276 Quis
1792 2209 1936 2262 enim
1973 2207 2051 2262 die

474 2307 686 2352 contem
729 2298 882 2353 fratri
914 2314 1032 2362 suo,
1079 2299 1271 2362 Fatue,
1320 2316 1468 2354 reum
1517 2301 1774 2369 gehennae
1811 2307 2047 2369 putaret,

476 2390 577 2442 nisi
599 2387 808 2443 Veritas
829 2390 1063 2444 diceret?
1083 2388 1191 2444 Aut
1209 2391 1332 2459 quis
1349 2391 1644 2445 aestimaret
1664 2399 1774 2443 tam
1799 2404 2050 2459 magnum

475 2496 598 2535 esse
635 2490 916 2549 peccatum
951 2481 1066 2534 dies
1107 2481 1420 2540 observare.
1451 2494 1667 2535 menses
1694 2490 1750 2533 et
1789 2494 1962 2534 annos
1997 2487 2054 2532 et

477 2583 742 2640 tempora,
796 2572 936 2626 sicut
985 2571 1275 2626 observant
1318 2573 1410 2642 qui
1465 2571 1629 2626 certis
1679 2571 1888 2632 diebus,
1939 2570 2053 2625 sive

480 2664 757 2724 mensibus
802 2663 916 2718 sive
961 2663 1118 2718 annis
1145 2663 1332 2738 volunt
1376 2663 1458 2718 vel
1499 2661 1688 2716 nolunt
1724 2661 1926 2731 aliquid
1967 2660 2053 2714 in-

480 2757 707 2820 choare,
739 2755 841 2810 nisi
867 2755 1155 2826 Apostolus
1183 2754 1390 2810 diceret
1420 2768 1434 2806 :
1468 2752 1656 2807 Timeo
1680 2767 1810 2815 vos,
1838 2767 1908 2806 ne
1937 2749 2056 2804 sine

480 2865 645 2904 causa
678 2847 1036 2902 laboraverim
1083 2845 1138 2899 in
1161 2844 1351 2900 vobis?
1379 2844 1548 2910 Quam
1587 2842 1754 2897 multa
1799 2849 1925 2896 sunt
1951 2840 2054 2894 alia

480 2949 702 3009 peccata
736 2938 850 2992 sive
870 2938 923 2990 in
948 2935 1214 3004 loquendo
1237 2934 1303 2989 de
1328 2935 1493 2988 rebus
1516 2941 1572 2987 et
1591 2931 1822 3002 negotiis
1843 2930 2050 2992 alienis,

479 3047 598 3100 quas
646 3031 712 3084 ad
741 3039 795 3084 te
832 3044 937 3082 non
969 3027 1270 3097 pertinent:
1323 3026 1437 3080 sive
1483 3025 1536 3078 in
1585 3038 1725 3078 vano
1765 3023 2054 3084 cachinno,

483 3123 598 3176 sive
627 3122 679 3174 in
715 3121 843 3190 ipsis
883 3120 1024 3174 escis
1063 3132 1184 3189 quae
1215 3117 1282 3171 ad
1325 3116 1705 3172 necessitatem
1737 3112 1892 3182 hujus
1929 3113 2055 3168 vitta

480 3221 763 3282 parantur,
803 3213 855 3265 in
898 3211 1095 3281 quibus
1128 3218 1214 3265 est
1255 3209 1462 3264 avidior
1500 3207 1806 3277 appetitus;
1858 3204 1973 3259 sive
2004 3204 2059 3260 in
2087 3217 2132 3277 ο

2153 2219 2285 2282 gunt
2313 2225 2548 2266 canones
2575 2226 2674 2282 pro
2694 2223 3018 2280 unoquoque
3051 2208 3280 2264 crimine
3303 2246 3318 2272 ,
3351 2207 3452 2261 sed
3485 2205 3660 2276 magis
3687 2205 3735 2257 in

2153 2304 2380 2357 arbitrio
2440 2302 2700 2358 antistitis
2751 2301 3162 2370 relinquendum
3221 2306 3477 2353 statuunt
3539 2315 3555 2349 :
3619 2295 3736 2364 quia

2155 2395 2296 2464 apud
2330 2395 2498 2449 Deum
2525 2408 2632 2448 non
2659 2402 2773 2448 tam
2800 2393 2946 2448 valet
2981 2406 3238 2446 mensura
3274 2387 3554 2454 temporis
3581 2400 3738 2454 quam

2155 2483 2390 2545 dolorisv,
2431 2497 2532 2538 nec
2559 2482 2884 2538 abstinentia
2913 2489 3119 2535 tantum
3157 2479 3402 2534 ciborum
3424 2517 3444 2540 ,
3477 2475 3578 2531 sed
3605 2491 3740 2529 mor-

2157 2573 2383 2629 tificatio
2424 2573 2603 2642 potius
2649 2573 2904 2626 vitiorum
2953 2589 2967 2624 :
3013 2577 3235 2640 propter
3288 2567 3440 2638 quod
3500 2575 3742 2635 tempore

2155 2664 2507 2733 paenitentiae,
2532 2664 2637 2718 fide
2655 2672 2711 2718 et
2725 2661 3133 2718 conversatione
3151 2659 3539 2730 pmnitendum
3549 2657 3740 2714 abbre-

2156 2755 2354 2809 viando
2397 2754 2787 2825 praecipiuntur
2807 2761 2862 2807 et
2892 2752 3214 2824 negligentia
3237 2750 3592 2822 protelanda.
3635 2748 3742 2801 Ex-

2157 2851 2302 2900 stant
2335 2852 2513 2900 tamen
2553 2859 2654 2914 pro
2696 2843 3018 2914 quibusdam
3057 2841 3228 2912 culpis
3273 2839 3426 2895 modi
3475 2839 3744 2908 peniten-

2159 2936 2247 2989 tite
2292 2935 2345 2990 in
2375 2935 2676 2991 canonibus
2703 2934 2963 3004 impositi,
2995 2933 3148 3003 juxta
3183 2947 3321 3001 quos
3361 2940 3587 2986 cetera:
3629 2945 3744 2999 prr-

2156 3027 2452 3099 pendendae
2503 3032 2630 3079 sunt
2662 3022 2853 3092 culpae,
2896 3035 3020 3076 cum
3061 3021 3132 3076 sit
3169 3016 3330 3074 facile
3375 3031 3486 3088 per
3531 3019 3746 3072 eosdem

2161 3119 2348 3178 modos
2385 3116 2680 3173 vindictam
2725 3123 2784 3170 et
2810 3126 3096 3168 censuram
3135 3125 3413 3168 canonum
3449 3110 3744 3164 aestimare.

547 3319 3746 3371 Wa

499 3347 538 3368 ’.τ
547 3347 780 3370 ἀπ’-...-

1064 3490 1642 3604 ΒΕΔΤῙ
1717 3487 2470 3603 uanum
2513 3447 3152 3598 unum

1212 3701 1594 3760 FULDENSIS
1628 3699 1916 3755 ABBATIS
1952 3697 2039 3753 ET
2075 3693 2456 3754 MOGUNTINI
2494 3690 3009 3749 ARCHIEPISCOPI

1045 3886 1240 4009 DE
1327 3877 1831 4014 'VITIIS
1922 3875 2123 4001 ET
2217 3865 3190 4004 VIRTUTIBUS

2059 4107 2150 4163 ET

1332 4259 2006 4356 PECCATQRUM
2085 4249 2914 4335 SATISFACTIONE.

1914 4412 2316 4432 ﬂ“

1809 4509 2407 4584 PBEFA'I‘IO.

1909 4651 2262 4666 Μ

560 4760 815 4828 Cogita“
833 4771 960 4826 ergo
975 4767 997 4792 ο
1015 4765 1225 4806 mecum
1248 4744 1513 4815 quomodo
1533 4738 1841 4795 Christiano
1867 4735 2062 4805 pepulo
2094 4736 2139 4794 D
2165 4733 2400 4788 scribere
2415 4727 2860 4828 dCCEI'tIElllllS,I(‘l
2883 4721 2959 4820 sic
2981 4717 3046 4771 ad
3062 4729 3243 4828 veram
3257 4712 3637 4828 confessionis
3659 4714 3756 4767 bu-

489 4825 704 4920 aliqnod
729 4825 977 4904 solatium
1003 4843 1318 4912 prtebereni,
1349 4851 1456 4905 quo
1490 4832 1681 4888 melius
1708 4825 2060 4920 contraﬂanti:

490 4959 654 5012 qutun
693 4942 898 4994 hostem
949 4933 1237 5003 confligere
1286 4935 1496 4997 posset,
1549 4933 1603 4975 ct
1637 4920 1804 4991 gratia
1862 4915 2063 5012 Christi

489 5039 723 5090 donante
750 5031 816 5084 ad
840 5028 1118 5083 victoriam
1158 5035 1339 5077 veram
1383 5015 1717 5086 perveniret,
1739 5006 1979 5074 excerpsi
2003 5005 2068 5057 de

490 5135 800 5181 sanctorum
824 5131 876 5174 et
919 5116 1301 5172 catholicorum
1355 5110 1574 5163 Patrum
1631 5100 1846 5169 scriptis
1890 5097 2067 5165 aliqua

492 5217 800 5274 testimonia
823 5214 960 5266 unde
994 5210 1086 5278 qui
1128 5206 1320 5260 vellent
1353 5199 1607 5271 opuscula
1657 5202 1840 5248 ucstra
1869 5189 2066 5258 legere,

491 5322 546 5366 et
572 5325 754 5364 coram
781 5305 976 5376 quibus
1005 5302 1156 5354 labor
1196 5305 1376 5350 noster
1398 5293 1683 5359 despectus
1713 5300 1816 5338 nou
1841 5290 1944 5344 est,
1973 5279 2069 5333 ali-

490 5402 632 5469 quod
655 5374 976 5466 adjntorinm
1000 5391 1302 5458 acciperent
1339 5388 1404 5438 ad
1437 5381 1723 5450 regendum
1754 5374 2074 5442 semetipsos

491 5464 820 5544 etaliosﬁad
851 5484 1124 5538 meliorem
1177 5479 1340 5530 vitam
1395 5469 1762 5540 corrigendos.
1826 5464 2066 5516 Primum

492 5585 558 5637 de
582 5593 703 5636 octo
731 5574 1114 5650 principalibus
1141 5570 1281 5623 vitiis
1302 5577 1356 5620 et
1384 5563 1636 5620 remediis
1679 5566 1865 5613 contra
1892 5570 1953 5608 ca
1977 5568 2065 5620 op-

493 5675 770 5744 poneudis.
807 5668 1007 5722 Deinde
1060 5661 1346 5717 virtutibus
1384 5656 1552 5713 sacris
1589 5663 1643 5706 et
1687 5650 1836 5704 laude
1880 5661 2065 5700 carum

568 5802 590 5829 α
618 5788 753 5854 1ιῖνςιο
783 5803 878 5838 vov
911 5780 1191 5851 peculiaris
1212 5775 1413 5831 auctori
1441 5773 1491 5825 in
1515 5771 1769 5823 librorum
1795 5760 2066 5830 auspiciis.

2165 4823 2463 4882 militatem,
2487 4825 2538 4870 et
2567 4813 2632 4868 ad
2655 4809 2982 4882 pomitentia:
3003 4805 3298 4860 remedium
3314 4802 3522 4873 stylum
3547 4815 3758 4857 venere

2166 4912 2479 4982 cogitamus.
2533 4901 2788 4972 Quamvis
2823 4899 2968 4953 enim
2995 4893 3278 4965 originalia
3318 4895 3371 4947 in
3411 4894 3758 4963 baptismatis

2172 5013 2393 5055 munere
2419 4995 2589 5068 gratia
2645 4988 2952 5046 Mcdiatoris
3005 4993 3194 5040 cuncta
3247 4983 3459 5037 aboleri
3491 4984 3758 5038 veraciter

2169 5091 2457 5144 creduntur
2502 5091 2739 5154 peccata.
2764 5079 2890 5149 quia
2941 5075 3137 5131 sufficit
3186 5073 3273 5126 illa
3328 5073 3448 5126 sola
3502 5074 3759 5143 spiritalis

2171 5183 2488 5256 generatio:
2531 5188 2766 5233 attamen
2809 5190 2930 5229 cum
2961 5181 3176 5225 ventum
3227 5169 3394 5223 fuerit
3419 5167 3488 5222 ad
3543 5178 3760 5222 mutem

2172 5291 2291 5346 qua:
2315 5280 2635 5345 prmcepttun
2658 5267 2772 5336 jam
2821 5264 2966 5334 capit
2993 5271 3048 5316 et
3073 5260 3228 5315 subdi
3253 5267 3438 5328 potest
3499 5259 3640 5327 legis
3667 5258 3760 5308 im-

2173 5371 2344 5437 perio,
2368 5362 2766 5434 suscipiendum
2788 5367 2866 5411 est
2890 5355 3084 5410 bellum
3103 5361 3289 5407 contra
3314 5352 3480 5413 vilia,
3503 5361 3552 5402 et
3573 5365 3758 5418 geren-

2173 5464 2297 5517 dum
2318 5460 2536 5520 acriter,
2568 5470 2633 5508 nc
2661 5454 2852 5505 iterum
2878 5449 3162 5500 reducatur
3185 5443 3252 5496 ad
3276 5443 3615 5496 damnabilia
3645 5456 3762 5509 pec-

2171 5562 2310 5607 cata.
2343 5543 2654 5601 l’ancissimi
2683 5549 2860 5593 autem
2894 5545 3017 5590 sunt
3053 5541 3214 5586 tanta:
3253 5530 3556 5588 felicitatis,
3595 5542 3652 5582 ut
3696 5527 3760 5580 ab

2173 5646 2286 5712 ipsa
2321 5643 2534 5694 ineunte
2583 5627 2940 5688 adolescentia
2974 5625 3112 5679 nulla
3154 5622 3494 5677 damnabilia
3542 5633 3759 5690 peccata
