3956 6326
189 364 212 418 l
223 360 325 420 537

1155 361 1244 420 DE
1285 337 1484 419 mus
1524 359 1611 420 ET
1651 358 2088 418 vmurmus.
2125 387 2194 400 -
2227 357 2350 412 un.
2394 356 2480 411 tu.

3307 349 3441 405 1538

189 475 548 541 committant,
602 476 688 531 vel
719 476 772 532 in
807 476 1043 548 flagitiis,
1074 477 1160 532 vel
1191 479 1244 531 in
1293 477 1643 542 facinoribus,
1671 475 1756 529 vel
1784 481 1829 538 Α
1858 483 1942 530 est
1969 488 2133 543 super
2177 469 2515 543 ﬁliosﬁdam
2563 483 2593 521 a
2618 465 2704 522 die
2734 466 2910 522 exitus
2949 465 3016 519 de
3041 472 3226 519 ventre
3257 461 3444 516 matris

190 567 244 621 in
279 565 583 621 homicidiis
605 605 620 631 ,
653 566 736 619 vel
763 567 818 620 in
859 567 1068 621 nefario
1109 566 1426 636 cujusquam
1474 565 1764 635 impietatis

189 669 394 719 errore,
425 655 519 710 sed
543 669 734 725 magna
759 655 991 726 Spiritus
1012 656 1260 726 largitate
1290 657 1655 711 necessarium
1681 663 1761 708 est

191 747 494 817 Opprimerc
520 746 778 816 quidquid
805 747 860 800 in
881 747 960 801 eis
985 754 1161 816 potest
1185 755 1282 800 aut
1307 746 1484 814 potuit
1531 743 1764 800 carnalis

193 834 477 890 delectatio
505 835 792 888 dominari.
809 835 958 889 Tune
980 835 1163 904 itaque
1191 835 1332 890 dicta
1348 834 1476 888 vitia
1504 834 1766 902 deputan-

193 922 256 978 da
286 933 428 988 sunt,
445 940 566 980 eum
596 925 688 980 Dei
723 939 910 979 amore
955 925 1262 989 vincuntur,
1295 939 1454 994 quem
1482 923 1584 977 nisi
1621 921 1765 976 Deus

195 1015 305 1084 ipse
335 1031 439 1070 non
463 1017 645 1080 donat,
695 1031 792 1071 nec
815 1015 972 1070 aliter
1017 1015 1120 1069 nisi
1151 1027 1248 1083 per
1294 1012 1644 1069 mediatorem
1671 1011 1765 1066 Dei

192 1115 247 1161 et
269 1105 539 1161 hominum
558 1106 738 1162 Iesum
761 1106 1055 1170 Christum,
1083 1107 1174 1176 qui
1201 1104 1373 1159 factus
1392 1112 1477 1158 est
1501 1102 1770 1173 particeps

194 1198 533 1254 mortalitatis
553 1207 774 1263 nostrae,
791 1207 850 1252 ut
863 1212 962 1253 nos
982 1197 1275 1268 participes
1289 1195 1496 1250 faceret
1517 1193 1768 1248 divinita-

195 1289 262 1343 tis
303 1305 430 1346 suaa.
484 1289 868 1346 Verumtamen
898 1290 951 1344 in
982 1289 1131 1361 gravi
1156 1289 1288 1359 jugo
1341 1285 1484 1356 quod
1530 1283 1766 1356 positum

1863 581 2048 622 eorum
2082 563 2321 633 usquein
2344 562 2485 616 diem
2515 559 2804 629 sepultura:
2833 557 2887 611 in
2918 566 3147 610 matrem
3175 553 3440 616 omnium,

1862 657 2024 712 etiam
2053 655 2156 710 hoc
2199 651 2400 706 malum
2448 649 2830 704 miserabiliter
2860 646 3150 715 reperitur.
3209 644 3444 712 ideoque

1864 746 2034 802 sobrii
2094 745 2288 806 simus,
2341 751 2502 811 atque
2549 739 2910 809 intelligamus
2963 737 3103 790 hanc
3153 735 3318 788 vitam
3375 731 3444 786 de

1863 845 2088 907 peccato
2117 835 2208 890 illo
2237 833 2400 886 nimis
2440 829 2651 885 nefario
2684 828 2829 898 quod
2856 828 2910 880 in
2969 825 3222 895 paradiso
3248 836 3441 892 perpe-

1872 934 2072 980 tratum
2098 933 2202 987 est,
2260 922 2456 977 factam
2482 920 2640 975 nobis
2683 932 2803 974 esse
2834 915 3131 987 poenalem;
3164 921 3444 979 totumque

1871 1017 2014 1086 quod
2045 1015 2322 1070 nobiscum
2375 1013 2551 1083 agitur
2597 1025 2706 1064 non
2756 1008 3030 1079 pertinere
3077 1003 3183 1058 nisi
3231 1003 3298 1055 ad
3320 999 3446 1054 novi

1873 1105 2052 1161 saeculi
2075 1103 2440 1160 btereditatem
2463 1116 2678 1166 novam,
2707 1108 2767 1153 ut
2791 1099 2880 1153 hic
2901 1097 3123 1167 pignore
3144 1098 3366 1162 accepto
3385 1088 3448 1144 il-

1873 1197 1965 1251 lud
1993 1195 2146 1266 cujus
2183 1195 2378 1266 pignus
2405 1201 2490 1248 est
2521 1206 2622 1247 suo
2649 1199 2892 1262 tempore
2919 1199 3336 1256 consequamur.

199 1419 3426 1458 _,____________,________________________._

1420 1571 1724 1648 LIBER
1795 1568 2188 1647 PRIMUS

891 1720 1053 1793 (Vide
1081 1723 1219 1776 inter
1246 1721 1420 1793 Opera
1443 1721 1758 1792 Halitgarii,
1791 1719 2114 1791 Patrologia:
2149 1728 2288 1772 torno
2314 1715 2430 1782 CV,
2451 1715 2562 1793 col.
2586 1714 2735 1785 657.)

2445 1791 2492 1834 δ

573 1873 3432 1905 M-

1337 2013 1634 2091 LIBER
1729 2009 2267 2090 SECUNDUS

1483 2165 1646 2239 (Vide
1673 2168 1830 2227 ibid..
1855 2167 1958 2222 col.
1992 2167 2144 2237 669.)

1389 2471 1682 2548 LIBER
1757 2471 2238 2551 TERTIUS.

748 2744 1118 2803 PREFATIO

253 2844 330 2899 De
343 2839 659 2896 mortalibus
669 2837 910 2908 peccatis
925 2849 986 2890 ac
1006 2833 1324 2891 criminibus
1334 2845 1628 2902 eorumque
1646 2845 1764 2902 poe-

183 2934 430 2989 uitudine
457 2940 512 2987 et
533 2927 926 2992 satisfactione,
954 2941 1048 2982 seu
1075 2935 1130 2981 et
1151 2926 1218 2981 de
1239 2933 1363 2981 octo
1381 2923 1762 2994 principalium

179 3027 436 3080 vitiorum
475 3022 707 3093 origine,
737 3019 1045 3083 vexatione,
1065 3016 1304 3086 judiciis,
1339 3009 1758 3084 obj’ectionibus,

181 3113 679 3183 remediisque,nec
712 3123 820 3164 non
847 3117 902 3164 et
947 3109 1013 3164 de
1049 3121 1225 3178 pugna
1263 3106 1527 3160 virtutum
1571 3111 1761 3160 contra

177 3205 432 3259 vitiorum
471 3201 948 3272 impugnationem,
990 3198 1076 3253 vel
1118 3197 1314 3268 quibus
1349 3196 1523 3251 modis
1561 3195 1765 3265 cegita-

177 3295 347 3359 tioue,
371 3294 640 3350 locutione
661 3301 717 3348 et
732 3306 894 3362 opere
905 3297 1286 3361 perpetrantur
1306 3296 1547 3358 peccata,
1572 3288 1763 3342 tertius

175 3384 574 3455 hic..largiente
602 3384 851 3447 Domino,
878 3397 946 3436 ex
986 3381 1143 3436 dictis
1182 3387 1492 3436 sanctorum
1534 3378 1760 3433 Patrum

175 3470 500 3532 deﬂoratus,
551 3477 614 3524 ut
651 3471 706 3523 in
763 3468 988 3538 prologo
1034 3465 1197 3535 hujus
1251 3467 1495 3538 opusculi
1551 3465 1761 3536 pra=fati

174 3577 386 3624 sumus,
419 3561 639 3616 inchoat
673 3559 903 3614 libellus.
944 3557 1074 3613 Tuis
1125 3558 1288 3628 igitur
1337 3558 1549 3613 meritis
1586 3557 1762 3627 preci-

169 3653 391 3720 lmsque
439 3650 739 3712 animatus,
777 3646 1172 3702 studiosissime
1215 3647 1410 3712 Pater,
1443 3647 1545 3702 etsi
1574 3663 1678 3701 non
1702 3654 1762 3701 ut

175 3742 378 3804 debeo,
421 3747 601 3793 tamen
625 3745 784 3808 prout
820 3745 1009 3806 potero
1026 3776 1042 3802 ,
1070 3735 1182 3790 Deo
1209 3736 1419 3792 favente
1437 3776 1454 3802 ,
1479 3737 1762 3806 praeceptis

173 3829 289 3884 tuis
317 3827 629 3884 satisfacere
658 3825 934 3880 humiliter
949 3825 1194 3880 studebo.

169 3985 539 4066 Carm-IL—
563 3985 639 4039 De
688 3985 930 4055 gravibus
975 3984 1659 4066 ntortalibusqueipgccatis
1698 4001 1761 4038 ac

231 4056 540 4110 criminibus
572 4053 852 4125 eorumque
893 4056 1211 4125 panitudine
1259 4053 1308 4109 et
1335 4053 1710 4123 satisfactione.

247 4187 382 4256 Quae
409 4199 538 4245 sunt
569 4197 750 4244 autem
777 4189 961 4260 gravia
1004 4197 1060 4244 et
1083 4188 1332 4245 mortalia
1362 4196 1584 4259 peccata
1627 4187 1765 4243 Pau-

169 4277 264 4332 lus
286 4277 608 4348 pmlicator
635 4277 885 4348 egregius
911 4278 966 4331 in
993 4277 1229 4348 Epistula
1255 4277 1323 4332 ad
1343 4277 1616 4332 Romanos
1644 4292 1764 4333 cum

169 4366 564 4423 nefandissima
589 4375 802 4422 notaret
826 4369 1050 4424 crimina
1077 4369 1354 4424 subdendo
1378 4368 1766 4434 manifestavit,

167 4458 406 4513 dicens:
445 4476 464 4508 ι
504 4457 759 4529 Repletos
782 4459 928 4513 omni
957 4458 1263 4529 iniquitate,
1314 4460 1540 4524 malitia,
1591 4459 1763 4514 forni-

164 4551 409 4617 catione,
448 4552 696 4616 avaritia,
746 4551 1004 4621 nequitia,
1047 4551 1236 4622 plenos
1272 4552 1493 4617 invidia,
1533 4553 1761 4607 homici-

165 4642 284 4707 dio,
337 4643 698 4706 contentione,
723 4641 867 4704 dolo,
895 4641 1249 4712 malignitate,
1280 4657 1621 4707 susurrones,
1673 4642 1762 4695 de-

165 4740 517 4797 trectatores,
553 4732 665 4786 Deo
702 4730 954 4795 odibiles,
985 4731 1427 4806 contumeliosos,
1477 4730 1758 4800 superbos,

162 4823 362 4886 elatos,
388 4823 700 4878 inventores
725 4821 1014 4882 malorum,
1041 4820 1354 4889 parentibus
1377 4835 1485 4875 non
1513 4820 1764 4874 obedien-

163 4921 279 4976 tes,
325 4912 662 4982 insipientes,
703 4912 1114 4980 incompositos,
1165 4910 1284 4965 sine
1310 4897 1611 4974 affectione,
1635 4910 1759 4966 abs-

161 5015 279 5073 que
314 5001 542 5068 fmdere,
595 5003 713 5057 sine
748 5001 1139 5064 misericordia,
1201 5001 1292 5070 qui
1329 5017 1451 5056 cum
1495 5000 1758 5069 justitiam

163 5093 268 5147 Dei
311 5095 711 5164 cognovissent,
771 5109 878 5148 non
927 5093 1308 5148 intellexerunt
1361 5093 1614 5162 quoniam
1665 5093 1754 5162 qui

162 5184 303 5239 talia
339 5195 505 5255 agunt
531 5185 676 5256 digni
703 5195 827 5240 sunt
850 5194 1043 5249 morte,
1103 5201 1209 5239 non
1237 5171 1407 5240 solum
1437 5186 1527 5254 qui
1552 5184 1756 5238 faciunt

161 5292 259 5342 ea,
311 5280 407 5332 sed
456 5279 620 5333 etiam
665 5278 756 5349 qui
803 5278 1151 5332 consentiunt
1199 5277 1526 5334 facientibus
1577 5277 1752 5348 (Rom.

160 5381 200 5428 ιτ
235 5365 352 5436 29).
391 5386 411 5419 ι
463 5365 817 5422 Considerate
851 5368 1014 5438 igitur
1060 5383 1183 5423 cum
1210 5370 1355 5423 omni
1386 5370 1578 5424 timore
1625 5371 1749 5439 quia

1791 2746 1841 2806 B
1867 2759 1992 2800 nem
2018 2743 2363 2814 dignissimos
2389 2757 2511 2799 esse
2539 2749 2734 2806 morte,
2762 2743 2815 2798 id
2850 2750 2952 2806 est,
2974 2751 3231 2812 perpetua
3252 2754 3444 2810 morte,

1863 2831 1983 2888 sine
2027 2833 2291 2899 remedio,
2329 2841 2505 2888 morte
2535 2833 2652 2889 sine
2674 2833 2798 2888 ﬁne.
2852 2832 2988 2886 Nam
3037 2841 3091 2888 et
3113 2833 3178 2888 de
3208 2834 3448 2889 mortali-

1862 2925 1964 2980 bus
1984 2925 2300 2980 criminibus
2326 2924 2467 2979 idem
2488 2924 2776 2995 Apostolus
2797 2925 2848 2978 in
2876 2923 3113 2995 Epistola
3137 2925 3202 2978 ad
3222 2921 3444 2980 Galatas

1862 3011 2102 3084 loquitur
2129 3031 2143 3067 :
2177 3033 2196 3064 ς
2242 3012 2525 3068 Manifesta
2557 3021 2738 3068 autem
2756 3022 2883 3068 sunt
2905 3027 3068 3082 opera
3098 3012 3296 3075 carnis,
3323 3028 3444 3083 qua:

1862 3111 2023 3158 sunt:
2053 3102 2355 3167 fornicatio,
2387 3102 2746 3170 immunditia,
2775 3102 3009 3166 luxuria,
3035 3100 3298 3156 idolorum
3332 3117 3449 3158 ser—

1861 3193 2028 3258 vitus,
2055 3192 2334 3256 veneficia,
2365 3193 2682 3259 inimicitiae,
2712 3193 3107 3258 contentiones,
3153 3193 3448 3248 aemulatio-

1863 3298 1982 3347 nes,
2010 3283 2122 3347 irae,
2169 3283 2322 3347 rixae,
2353 3282 2738 3346 dissensiones,
2780 3290 2962 3348 sectae,
2995 3282 3447 3345 invidize,~ehrie-

1864 3385 2026 3440 tates,
2078 3376 2503 3432 comessationes
2548 3384 2604 3430 et
2652 3373 2740 3430 his
2790 3373 3008 3438 similia,
3053 3389 3172 3444 qua:
3213 3373 3450 3443 pradico

1860 3472 2034 3533 vobis,
2090 3470 2231 3526 sicut
2272 3468 2516 3541 praedixi,
2563 3468 2817 3538 quoniam
2845 3467 2937 3537 qui
2982 3465 3110 3520 talia
3159 3473 3324 3536 agunt
3365 3478 3450 3518 re-

1861 3575 2024 3632 gnum
2075 3560 2171 3615 Dei
2217 3575 2323 3614 non
2358 3567 2759 3628 consequentur
2806 3556 2950 3626 (Gal.
2984 3573 3040 3622 v,
3083 3555 3213 3627 l9);
3269 3573 3290 3608 ι
3339 3570 3448 3610 non

1861 3650 2005 3705 enim
2027 3649 2180 3713 dixit,
2225 3649 2317 3718 qui
2347 3648 2475 3702 talia
2501 3655 2748 3718 egerunt,
2788 3661 3011 3717 regnum
3041 3645 3136 3699 Dei
3181 3660 3288 3699 non
3316 3660 3448 3699 con-
3537 3663 3560 3690 κς

1862 3741 2030 3796 secuti
2059 3747 2201 3802 sunt,
2245 3739 2337 3794 sed
2375 3739 2465 3810 qui
2491 3739 2622 3792 talia
2657 3748 2842 3809 agunt,
2888 3737 2970 3792 vel
2999 3737 3090 3808 qui
3126 3737 3181 3791 in
3210 3737 3295 3792 bis
3321 3751 3448 3806 per-

1863 3837 2115 3884 severant
2149 3827 2489 3891 criminibus,
2523 3843 2738 3897 regnum
2780 3827 2878 3881 Dei
2913 3842 3018 3879 non
3045 3835 3444 3896 consequentur.

1861 3916 2012 3972 Multi
2044 3917 2274 3987 denique
2297 3931 2460 3987 supra
2484 3917 2684 3986 scripta
2711 3924 2765 3971 et
2791 3914 2986 3971 similia
3007 3922 3454 3984 perpetraverunt

1861 4009 2110 4074 erimina,
2159 4017 2215 4063 et
2239 4015 2365 4062 ante
2391 4014 2622 4062 mortem
2677 4021 2774 4076 per
2802 4003 3183 4080 pmnitentiarq
3225 4013 3281 4059 et
3303 4003 3446 4058 elec-

1788 4097 1833 4159 C
1863 4115 2116 4170 mosyuas
2163 4106 2218 4154 et
2245 4098 2348 4153 alia
2385 4099 2527 4152 bona
2565 4112 2730 4168 opera
2779 4102 3216 4171 expurgaverunt
3251 4109 3335 4159 ea,
3397 4103 3455 4150 et

1865 4189 2208 4260 postmodum
2231 4189 2297 4244 ad
2326 4203 2549 4259 regnum
2585 4189 2678 4243 Dei
2707 4195 3092 4258 pervenerunt,
3131 4175 3184 4242 et
3213 4186 3455 4256 quotidie

1865 4280 2148 4350 pervenire
2194 4289 2490 4336 merentur.
2560 4279 2627 4333 Et
2670 4279 2727 4346 in
2771 4267 3033 4348 Epistola‘
3073 4279 3142 4332 ad
3194 4277 3454 4348 Ephesios

1865 4371 2008 4426 idem
2046 4369 2334 4440 Apostolus
2378 4369 2443 4425 de
2482 4368 2722 4438 peccatis
2751 4367 3121 4422 criminalibus
3170 4366 3313 4421 inter
3355 4379 3454 4418 ca:-

1865 4469 1980 4516 tera
2008 4462 2084 4516 ait
2111 4476 2126 4516 :
2155 4479 2176 4514 c
2220 4461 2530 4517 Fornicatio
2557 4469 2736 4515 autem
2767 4456 2861 4514 aut
2881 4459 3058 4514 omnis
3088 4457 3450 4520 immunditia,

1865 4561 1956 4606 aut
2002 4553 2252 4617 avaritia,
2300 4568 2401 4608 nec
2448 4552 2754 4606 nominetur
2788 4540 2851 4605 in
2895 4549 3071 4615 vobis,
3103 4549 3245 4604 sicut
3296 4548 3452 4602 decet

1865 4650 2082 4697 sanctos
2121 4641 2337 4713 (Ephes.
2362 4658 2416 4708 v,
2449 4642 2526 4712 5).
2559 4662 2577 4694 ι
2614 4641 2681 4694 Ει
2703 4639 2866 4710 paulo
2893 4647 3016 4709 post
3043 4653 3058 4692 :
3102 4658 3120 4690 ι
3157 4637 3283 4693 ΗτΕο
3309 4639 3450 4692 enim

1863 4731 2074 4794 scitote,
2113 4732 2254 4800 quod
2294 4733 2472 4788 omnis
2515 4721 2811 4785 fornicator
2863 4737 2957 4783 aut
2990 4727 3316 4790 immundus,
3357 4736 3454 4781 aut

1863 4823 2246 4892 avarus,quod
2272 4833 2355 4879 est
2384 4823 2652 4878 idolorum.
2694 4822 2950 4885 servitus,
2996 4835 3104 4875 non
3147 4820 3309 4875 habet
3346 4819 3451 4874 bte-

1862 4913 2147 4968 reditatem
2179 4913 2232 4968 in
2263 4929 2428 4983 regno
2451 4894 2652 4968 Christi
2678 4921 2734 4966 et
2761 4913 2854 4968 Dei
2889 4909 3052 4982 (Ibid.
3082 4909 3158 4981 v).
3193 4929 3211 4962 ι
3243 4909 3319 4964 De
3345 4910 3451 4964 hoc

1861 5014 1917 5059 et
1968 5006 2020 5060 in
2077 5007 2314 5077 Epistola
2365 5008 2434 5062 ad
2486 5007 2835 5062 Colossenses
2899 5005 3154 5074 praecepit
3215 5003 3443 5059 dicens:

1867 5115 1885 5147 ‹
1933 5095 2251 5153 Mortificate
2290 5099 2529 5153 membra
2568 5108 2767 5162 vestra,
2806 5113 2925 5164 qua:
2959 5109 3085 5168 sunt
3139 5111 3302 5165 super
3339 5103 3449 5148 ter-

1860 5200 1998 5250 ram,
2041 5186 2482 5252 fornicationem,
2523 5187 2937 5250 immunditiam,
2975 5186 3276 5248 libidinem,
3317 5199 3448 5240 eon-

1861 5280 2248 5352 eupiscentiam
2278 5278 2476 5333 malam
2513 5286 2568 5331 et
2608 5276 2913 5340 avaritiam,
2956 5291 3076 5346 quae
3103 5284 3189 5332 est
3225 5274 3446 5330 simula-

1860 5389 2075 5429 crorum
2103 5372 2356 5434 servitus,
2407 5378 2627 5438 propter
2653 5384 2771 5438 quae
2794 5369 2937 5422 venit
2958 5369 3038 5422 ira
3076 5367 3171 5422 Dei
3205 5382 3368 5437 super
3388 5367 3447 5420 li-

160 5455 261 5523 qui
303 5470 462 5525 supra
499 5457 700 5527 scripta
730 5465 787 5512 et
811 5456 896 5511 his
929 5457 1124 5511 similia
1150 5466 1478 5528 perpetrant.
1517 5459 1598 5513 vel
1631 5473 1756 5512 con-
1785 5443 1834 5503 Ῑ)
1860 5467 1963 5521 lios
2006 5463 2395 5520 incredulitatis
2431 5461 2655 5532 (Coloss.
2685 5477 2774 5524 ιιι,
2809 5460 2886 5530 5).
2927 5481 2945 5514 ι
3000 5461 3049 5515 Is
3077 5459 3276 5514 ctenim
3318 5472 3446 5528 apt.-

159 5545 434 5610 sentiunt,
475 5548 722 5613 crimina,
773 5549 874 5603 nisi
908 5557 1032 5602 ante
1055 5549 1259 5603 exitum
1307 5551 1430 5604 vita:
1461 5564 1556 5620 per
1585 5551 1756 5620 parui-

159 5637 395 5693 tentiam
437 5651 491 5694 et
513 5641 880 5714 cleemosynas
921 5651 1222 5712 ceteraque
1247 5659 1409 5714 opera
1443 5646 1581 5698 bona
1617 5646 1756 5700 redi-

161 5730 372 5784 mt‘rint
406 5749 468 5786 ca
520 5734 812 5788 secundum
861 5734 1000 5788 beati
1036 5733 1186 5790 Pauli
1213 5738 1437 5806 apostoli
1488 5738 1754 5795 deﬁnitio-

1865 5559 2036 5613 stolus
2063 5557 2263 5611 dilecto
2295 5554 2558 5625 discipulo
2585 5569 2682 5607 suo
2722 5553 3006 5618 Timotheo
3037 5552 3106 5606 ab
3139 5550 3444 5605 hominibus

1862 5649 1952 5718 qui
2007 5647 2262 5720 gravibus
2312 5653 2466 5700 erant
2513 5644 2658 5698 vitiis
2716 5643 2932 5707 irretiti,
2993 5641 3046 5694 in
3093 5639 3329 5695 secunda
3376 5638 3442 5692 ad

1862 5739 2110 5794 enuntiem
2151 5737 2472 5808 discipulum
2497 5733 2731 5806 Epistula
2777 5732 3035 5803 praecepit
3058 5731 3329 5786 declinare
3357 5730 3440 5783 di.-
