3956 6326
517 398 654 455 1559

1148 392 1204 446 Β.
1247 389 1494 445 llABANl
1535 387 1752 444 MAURI
1790 388 2107 445 ARCHIEP.
2150 388 2455 444 MOGUNT.
2498 367 2786 445 OPEliUM
2823 388 3002 444 PARS
3040 387 3126 444 Ill.

3655 391 3784 446 1340

514 527 681 569 cens:
738 532 756 558 ε
805 508 921 563 Hoc
952 516 1130 562 autem
1161 506 1318 570 scito,
1358 503 1503 573 quod
1553 502 1606 556 in
1638 501 1947 560 novissimis
1985 502 2092 557 die-
2117 506 2168 563 Α
2193 502 2446 567 crimina,
2499 501 2678 570 qualia
2720 502 2813 572 qui
2860 510 3028 572 agunt
3066 517 3290 573 regnum
3320 501 3418 556 Dei
3475 517 3588 555 non
3615 506 3786 572 possi-

514 608 635 672 bus,
675 601 954 658 instabunt
981 608 1220 669 tempora
1249 596 1551 668 periculosa
1579 603 1634 650 et
1664 603 1822 649 erunt
1847 594 2090 650 homines

515 695 722 765 seipsos
764 699 1028 758 amantes,
1059 689 1259 759 cupidi,
1293 687 1446 752 elati,
1488 685 1729 756 superbi,
1765 686 2089 755 blasphemi,

515 785 830 856 parentibus
883 797 992 837 non
1031 780 1386 844 obedientes,‘
1418 777 1639 848 ingrati,
1695 776 1925 842 scelesti,
1975 777 2092 832 sine

516 873 822 939 affectione,
873 873 990 927 sine
1028 885 1182 940 pace.
1232 869 1632 932 criminatores,
1671 867 2091 924 incontinentes.

516 967 772 1031 immites,
804 965 920 1019 sine
957 963 1304 1033 benignitate,
1345 960 1668 1030 proditores,
1699 960 1961 1030 protervi,
2003 968 2091 1014 tu-

516 1056 667 1121 midi,
717 1054 1050 1124 voluptatum
1087 1061 1359 1108 amatores
1402 1051 1574 1120 magis
1614 1065 1776 1120 quam
1825 1050 1942 1115 Dei,
1999 1051 2094 1104 ha-

517 1146 706 1200 bentes
732 1145 965 1215 speciem
989 1143 1204 1212 quidem
1227 1141 1466 1212 pietatis,
1501 1141 1756 1195 virtutem
1781 1154 1899 1208 ejus
1923 1139 2093 1194 abne-

519 1245 730 1308 gantes,
769 1244 823 1290 et
851 1236 948 1289 hos
972 1234 1148 1288 devita
1180 1233 1265 1303 (II
1296 1232 1429 1286 Tim.
1461 1248 1541 1296 ιιι,
1573 1230 1651 1302 2).
1688 1250 1706 1282 ι
1755 1230 1891 1284 Nam
1916 1239 1971 1286 et
2010 1245 2096 1286 se-

517 1328 748 1382 cundum
776 1341 1044 1382 canonum
1072 1325 1465 1388 definitionem,
1520 1325 1636 1388 haec
1674 1331 1801 1378 sunt
1839 1321 2093 1391 capitalia

518 1417 762 1474 crimina.
793 1417 973 1470 Primo
1006 1434 1024 1466 ι
1057 1416 1306 1486 superbia
1341 1435 1359 1465 ι
1385 1429 1507 1484 quae
1532 1422 1614 1469 est
1635 1411 1808 1468 mater
1831 1420 1884 1469 et
1911 1412 2092 1484 regina

518 1507 758 1563 omnium
807 1508 1080 1573 vitiorum,
1131 1506 1245 1561 sive
1291 1505 1490 1560 levium
1531 1505 1646 1560 sive
1679 1503 2090 1575 principalium,

521 1596 758 1668 (Prosp.)
789 1606 1020 1651 testante
1053 1611 1209 1651 sacra
1241 1594 1562 1664 Scriptura:
1598 1612 1617 1645 ι
1653 1593 1869 1648 Initium
1915 1593 2094 1648 omnis

519 1687 728 1757 peccati
763 1687 1012 1757 superbia
1045 1686 1235 1754 (Eccli.
1268 1687 1344 1757 κ).
1393 1705 1411 1736 ›
1449 1685 1566 1754 ipsa
1596 1695 1678 1740 est
1719 1686 1864 1740 enim
1893 1701 2090 1756 pecca-

516 1786 692 1830 torum
721 1776 958 1829 omnium
989 1790 1174 1842 causa,
1202 1775 1456 1844 quoniam
1479 1790 1586 1860 wn
1613 1774 1783 1830 solum
1810 1784 2090 1844 peccatum

2192 593 2410 656 debunt,
2450 593 2690 660 quotidie
2742 592 3056 648 redimenda
3105 593 3160 646 in
3197 593 3412 656 melius,
3465 601 3558 647 est
3595 595 3788 664 quippe

2192 685 2300 738 vita
2351 686 2610 739 mutanda
2669 691 2726 738 et
2751 698 2849 752 per
2877 683 3244 753 eleemosynas
3274 685 3342 738 de
3375 685 3625 750 peccatis
3662 700 3790 753 pne-

2192 773 2359 828 sentis
2401 779 2486 827 est
2538 771 2916 842 propitiandos
2973 773 3137 828 Deus.
3181 771 3299 827 Non
3351 773 3423 827 ad
3461 773 3574 828 hoc
3615 789 3790 828 enice-

2193 867 2402 921 dandus
2452 865 2870 934 quodammodo,
2911 873 3065 920 utea
3105 880 3323 934 semper
3349 866 3524 920 liceat
3573 866 3789 936 impune

2192 955 2552 1011 committere.
2609 953 2822 1010 Nemini
2861 955 3006 1010 enim
3035 955 3185 1008 dedit
3226 956 3609 1010 laxamentum
3674 973 3790 1026 pec-

2192 1047 2374 1112 candi,
2412 1045 2630 1116 quando
2657 1045 2969 1102 miserando
3005 1045 3182 1101 deleat
3205 1045 3318 1116 jam
3351 1046 3508 1102 facta
3547 1057 3788 1118 peccata.

2190 1139 2382 1195 Factio
2411 1153 2647 1208 congrua
2678 1138 2982 1210 negligatur
3012 1156 3026 1192 :
3061 1153 3191 1194 sane
3215 1139 3310 1208 qui
3367 1139 3792 1196 sceleratissime

2190 1232 2398 1295 vivunt,
2447 1245 2551 1285 nec
2588 1239 2785 1286 curant
2827 1228 2988 1284 talem
3029 1229 3220 1294 vitam,
3270 1245 3577 1300 moresque
3629 1232 3794 1286 curri.

2192 1335 2338 1392 gere,
2377 1327 2433 1375 et
2460 1320 2604 1375 inter
2631 1320 2748 1390 ipsa
2785 1319 3025 1375 facinora
3073 1327 3128 1374 et
3177 1317 3383 1389 ﬂagitia
3412 1335 3520 1375 sua
3563 1321 3794 1376 elemo-

2191 1426 2355 1482 synas
2381 1410 2728 1481 frequentare
2765 1426 2872 1467 non
2910 1423 3146 1476 cessant,
3204 1411 3323 1467 sine
3350 1427 3528 1467 causa
3579 1413 3650 1467 de
3705 1413 3792 1466 tali

2191 1514 2355 1568 opere
2383 1500 2484 1554 sibi
2513 1499 2881 1556 blandiuntur.
2939 1499 3040 1567 Qui
3067 1500 3212 1555 enim
3239 1501 3358 1555 vult
3375 1503 3644 1556 ordinate
3669 1503 3794 1557 dare

2191 1591 2606 1662 eleemosynam,
2652 1607 2684 1646 a
2713 1592 2891 1662 seipse
2921 1593 3082 1647 debet
3121 1592 3385 1662 incipere,
3428 1602 3494 1646 et
3538 1607 3668 1646 eam
3696 1593 3788 1646 sibi

2189 1681 2423 1750 primum
2453 1681 2603 1746 dare,
2653 1690 2737 1736 est
2763 1682 2907 1736 enim
2933 1681 3273 1753 eleemosyna
3301 1698 3442 1752 opus
3476 1684 3789 1737 misericor-

2191 1770 2313 1836 ὀίω,
2347 1770 2740 1839 verissimeque
2770 1771 2974 1826 dictum
3001 1793 3016 1824 :
3069 1791 3087 1823 ι
3130 1771 3392 1826 Miserere
3427 1773 3646 1826 anima:
3693 1782 3792 1826 tua:

516 1863 760 1933 est-ipsa,
812 1865 910 1918 sed
945 1865 1108 1918 etiam
1157 1864 1361 1918 nullum
1402 1845 1682 1934 petEatum
1730 1863 1847 1918 fieri
1897 1864 2092 1932 potuit,
2122 1845 2169 1905 Β
2195 1860 2414 1931 placens
2443 1861 2552 1916 Deo
2582 1860 2773 1931 (Ecch'.
2821 1877 2947 1927 xxx,
2974 1862 3086 1934 ‘24).
3120 1883 3139 1914 ι
3197 1863 3314 1918 Νοιι
3347 1879 3488 1935 ergo
3521 1880 3587 1918 se
3615 1865 3790 1919 fallant

515 1962 692 2024 potest
729 1963 822 2008 aut
857 1955 1056 2024 poterit
1092 1945 1208 2010 sine
1250 1955 1384 2024 ipsa,
1444 1954 1708 2023 siquidem
1762 1953 1898 2008 nihil
1949 1953 2092 2008 aliud

515 2056 675 2099 omne
701 2053 978 2113 peccatum
1013 2045 1115 2098 nisi
1144 2045 1237 2100 Dei
1263 2054 1626 2114 contemptus,
1677 2061 1784 2115 quo
1813 2043 1930 2114 ejus
1958 2059 2093 2114 pra:-

518 2141 672 2204 ccpta
721 2134 1020 2201 calcantur,
1066 2150 1223 2204 quem
1263 2143 1632 2204 contemptum
1678 2135 1772 2190 Dei
1811 2135 1953 2189 nulla
2005 2149 2092 2190 res

518 2227 624 2281 alia
687 2227 973 2295 persuadet
1017 2227 1326 2281 hominibus
1377 2226 1482 2281 nisi
1542 2225 1810 2296 superbia.
1890 2225 2093 2279 Deinde

525 2334 552 2366 ιι
589 2316 858 2384 cupiditas
908 2315 1070 2381 mala,
1128 2335 1146 2366 ι
1187 2316 1253 2370 de
1288 2331 1392 2385 qua
1429 2315 1626 2370 Paulus
1656 2313 1930 2384 apostolus
1973 2315 2090 2368 ait:

525 2421 544 2454 ι
582 2404 754 2458 Radix
801 2405 1039 2458 omnium
1077 2404 1339 2458 malorum
1367 2414 1451 2459 est
1479 2404 1744 2473 cupiditas
1773 2404 1825 2475 (Ι
1859 2404 1991 2458 Tim.
2015 2421 2090 2470 vt,

519 2493 629 2561 10).
662 2513 682 2545 ι
739 2493 872 2548 Cum
911 2495 1057 2549 enim
1102 2496 1335 2564 Spiritus
1387 2503 1604 2550 sanctus
1652 2510 1748 2564 per
1775 2495 2092 2566 prephetam

520 2583 731 2637 initium
753 2584 928 2638 omnis
951 2587 1159 2654 peccati
1185 2586 1489 2656 superbiam
1515 2601 1632 2641 esse
1661 2589 1991 2656 pronuntiet,
2038 2596 2093 2642 et

518 2690 618 2744 per
643 2674 958 2745 Apostolum
1007 2677 1244 2732 radicem
1267 2677 1506 2732 omnium
1535 2677 1796 2731 malorum
1826 2679 2091 2749 cupidita-

517 2774 627 2819 tem
672 2765 920 2829 aiIirmet,
966 2782 1132 2822 unum
1170 2768 1419 2838 idemque
1457 2783 1579 2823 esse
1628 2769 1920 2840 significat,
1967 2769 2092 2838 quia

516 2853 781 2922 cupiditas
833 2864 888 2909 et
917 2855 1167 2924 superbia
1216 2856 1270 2910 in
1299 2865 1505 2911 tantum
1527 2865 1610 2912 est
1629 2859 1852 2924 malum,
1889 2866 1948 2913 ut
1991 2873 2092 2913 nec

517 2946 783 3015 superbus
835 2946 953 3002 sine
979 2947 1296 3016 cupiditate,
1338 2963 1438 3004 nec
1475 2948 1592 3004 sine
1620 2948 1870 3017 superbia
1923 2949 2094 3018 possit

522 3037 752 3092 inveniri
783 3040 1026 3108 cupidus,
1084 3041 1310 3097 solerter
1357 3043 1704 3097 considerare
1757 3041 1953 3097 debent
2000 3041 2093 3110 qui

517 3123 585 3178 de
610 3123 846 3193 peccatis
873 3133 928 3178 et
962 3125 1108 3180 vitiis
1133 3135 1387 3193 tractant,
1427 3127 1554 3196 quia
1581 3127 1832 3196 superbia
1877 3127 2092 3186 initium

2194 1951 2285 2021 qui
2315 1967 2412 2021 per
2435 1949 2805 2023 elecmosynas
2828 1954 3124 2023 quamlibet
3146 1955 3490 2026 largissimas
3524 1957 3790 2012 fructuum

2193 2055 2415 2095 suorum
2459 2039 2720 2111 cujusque
2771 2045 3013 2112 pecunite
3071 2045 3452 2113 impunitatem
3515 2061 3580 2100 se
3620 2062 3788 2100 emere

2192 2131 2503 2186 existiment
2539 2133 2593 2186 in
2634 2131 2934 2187 facinorum
2971 2133 3306 2188 immanitate
3341 2149 3407 2189 ac
3458 2134 3789 2206 ﬂagitiorum

2194 2222 2433 2290 nequitia
2463 2223 2827 2292 permanendi.
2881 2221 2996 2279 Non
3023 2224 3192 2278 solum
3223 2223 3376 2278 enim
3409 2225 3540 2295 haec
3567 2224 3787 2284 faciunt.

2193 2315 2287 2369 sed
2324 2315 2396 2369 ita
2436 2315 2664 2385 diligunt
2691 2324 2751 2369 ut
2779 2317 2833 2368 in
2860 2315 2941 2369 eis
2973 2329 3184 2384 semper
3215 2322 3428 2384 eptent,
3496 2325 3717 2370 tantum
3747 2317 3786 2369 si

2193 2403 2401 2471 possint
2426 2402 2684 2473 impune,-
2707 2403 2934 2458 versari.
2965 2402 3065 2469 Qui
3093 2411 3276 2458 autem
3303 2404 3491 2473 diligit
3537 2406 3786 2475 iniquita-

2195 2504 2323 2560 tem,
2371 2494 2485 2550 odit
2509 2495 2744 2548 animam
2769 2509 2919 2548 suam
2945 2510 2962 2559 ;
2991 2503 3044 2548 et
3070 2493 3163 2562 qui
3191 2494 3306 2548 odit
3330 2496 3588 2550 animam
3620 2513 3790 2560 suam,

2194 2599 2304 2639 non
2351 2591 2435 2640 est
2492 2584 2940 2640 misericors-sed
2987 2584 3239 2639 crudelis.
3317 2585 3620 2656 Diligendo
3677 2603 3788 2642 eam

2195 2677 2394 2747 quippe
2456 2677 2749 2731 secundum
2801 2675 3074 2740 saeculum,
3147 2675 3264 2731 odit
3303 2690 3430 2730 eam
3491 2681 3790 2734 secundum

2194 2768 2396 2832 Deum;
2425 2769 2472 2823 si
2491 2784 2620 2839 ergo
2647 2768 2808 2824 vellet
2832 2769 2880 2824 ei
2908 2769 3037 2823 dare
3055 2768 3484 2841 eleemosynam,
3515 2787 3794 2842 perquam

2194 2855 2271 2910 illi
2295 2864 2478 2911 essent
2505 2857 2702 2912 munda
2733 2858 2934 2922 omnia,
2974 2859 3179 2913 odisset
3199 2874 3318 2914 eam
3348 2861 3668 2916 secundum
3695 2879 3792 2917 sae-

2195 2946 2394 3012 culum,
2449 2956 2504 3002 et
2541 2947 2785 3018 diligeret
2810 2949 3101 3004 secundum
3124 2949 3314 3004 Deum.
3377 2934 3563 3005 Nemo
3603 2961 3792 3006 autem

2196 3035 2288 3091 dat
2309 3035 2702 3107 eleemosynam
2729 3037 3098 3108 qualemlibet,
3145 3040 3247 3095 nisi
3272 3039 3419 3096 unde
3445 3042 3572 3106 det,
3611 3044 3684 3096 ab
3707 3043 3796 3098 illo

2196 3124 2443 3193 accipiat,
2499 3124 2592 3194 qui
2644 3141 2750 3180 non
2779 3135 2918 3197 eget.
2974 3127 3184 3199 (Beda.)
3233 3128 3360 3184 Ideo
3401 3130 3621 3186 dictum
3669 3145 3796 3187 est:

516 3222 603 3268 est
621 3214 796 3269 omnis
824 3215 1050 3284 peccati,
1084 3216 1348 3286 cupiditas
1367 3233 1498 3272 vero
1521 3216 1762 3272 omnium
1784 3217 1940 3273 radix
1969 3233 2083 3272 ma—
2117 3185 2164 3248 θ
2199 3235 2218 3267 ι
2263 3215 2631 3272 Misericordia
2651 3218 2766 3288 ejus
2787 3219 3080 3288 praeveniet
3106 3235 3191 3274 me
3217 3218 3394 3290 (Psat.
3424 3239 3591 3284 LVIII.
3625 3225 3739 3292 ll).
3773 3246 3790 3275 ο

515 3303 726 3370 lorum;
773 3313 930 3358 antea
977 3307 1122 3361 enim
1165 3323 1495 3377 unaquaque
1523 3322 1610 3363 res
1651 3308 1862 3362 initium
1908 3311 2086 3374 habet,

514 3402 702 3462 postea
743 3394 978 3448 radicem
1021 3395 1238 3462 emittit,
1295 3404 1350 3451 et
1391 3405 1569 3452 tamen
1599 3399 1738 3453 sicut
1779 3399 1992 3453 initium
2037 3408 2094 3454 et

519 3482 676 3536 radix
705 3498 810 3536 una
838 3483 1131 3554 eademque
1159 3501 1247 3540 res
1271 3494 1356 3541 est
1382 3494 1438 3542 et
1463 3488 1707 3554 materia,
1741 3488 1816 3542 ita
1839 3491 2092 3558 superbia

517 3579 574 3626 et
607 3573 891 3642 cupiditas,
939 3575 1064 3630 licet
1092 3592 1257 3633 unum
1295 3578 1464 3648 prius,
1528 3579 1757 3635 alterum
1800 3583 2091 3651 posterius,

524 3679 690 3718 unum
719 3672 899 3720 tamen
917 3675 1002 3722 est
1023 3668 1242 3723 malum.
1281 3669 1359 3724 Ac
1391 3670 1583 3726 deinde
1611 3671 1664 3726 in
1694 3688 1920 3728 numero
1945 3674 2096 3742 prin-

519 3754 773 3824 cipalium
817 3756 1070 3812 vitiorum
1132 3758 1351 3828 ponitur
1390 3759 1590 3816 invidia
1642 3761 2093 3830 perniciosissima

520 3847 709 3916 pestis,
744 3862 864 3917 quae
890 3863 1101 3918 semper
1127 3851 1298 3904 aliena
1327 3859 1607 3919 torquetur
1639 3850 1914 3907 felicitate.
1943 3853 2097 3907 Post-

520 3940 738 3995 modum
778 3959 796 3994 ι
837 3940 1098 4011 ingluvies
1123 3943 1350 4008 ventris,
1395 3943 1697 4007 fornicatio,
1743 3945 1846 4010 ira,
1877 3944 2097 3999 tristitia

523 4032 723 4096 saeculi,
781 4052 800 4084 ι
841 4047 960 4101 quae
1003 4042 1232 4088 mortem
1277 4042 1547 4102 operatur,
1611 4055 1630 4086 ι
1678 4035 1856 4090 inanis
1902 4035 2092 4106 gloria,

521 4119 770 4184 avaritia,
788 4121 1146 4192 sacrilegium,
1179 4141 1196 4172 ι
1225 4122 1280 4178 id
1303 4132 1405 4188 est,
1435 4141 1455 4175 ι
1484 4121 1686 4178 furtum
1707 4138 1983 4179 sacrarum
2007 4140 2096 4180 rc—

526 4228 667 4276 rum,
718 4212 1065 4277 adulterium,
1104 4213 1326 4278 furtum,
1378 4215 1588 4284 rapina,
1638 4214 1831 4270 falsum
1859 4215 2099 4271 testimo-

525 4303 694 4367 nium,
739 4293 1054 4372 perjurium,
1090 4303 1408 4370 idololatria,
1445 4304 1702 4371 ebrietas,
1734 4305 1943 4371 molles,
1977 4322 2095 4360 ma-

525 4395 794 4449 sculorum
828 4397 1224 4462 concubitores,
1268 4395 1564 4461 sodomitae,
1614 4396 1884 4463 maledici,
1924 4397 2097 4452 homi-

2192 3307 2421 3364 Peccata
2455 3309 2600 3365 enim
2623 3310 2896 3376 mortalia,
2939 3319 2999 3364 ut
3029 3311 3142 3381 jam
3177 3312 3381 3367 dictum
3411 3324 3522 3376 est,
3582 3327 3798 3370 tantum

2193 3398 2262 3453 ab
2289 3399 2436 3453 omni
2474 3397 2698 3466 iustitia:
2719 3412 2863 3456 sorte
2919 3402 3247 3468 discordant,
3294 3412 3444 3459 tanta
3495 3407 3800 3477 iniquitate

2190 3499 2495 3560 patrantur,
2549 3499 2610 3545 ut
2659 3491 2864 3562 absque
2902 3492 3007 3546 ulla
3043 3495 3482 3550 contradictione
3527 3495 3800 3553 factore

2194 3595 2374 3645 suum,
2418 3580 2526 3636 nisi
2555 3581 2916 3652 corrigantur,
2977 3591 3235 3637 aeternam
3277 3594 3536 3654 mergant
3577 3586 3636 3640 in
3683 3602 3798 3655 pa:-

2193 3685 2318 3724 nam
2353 3689 2365 3724 :
2396 3669 2464 3726 de
2491 3671 2736 3740 qualibus
2768 3672 3026 3741 scriptum
3048 3681 3131 3727 est
3161 3691 3174 3725 :
3218 3691 3236 3723 ι
3277 3673 3476 3728 Anima
3512 3691 3644 3744 qua:
3676 3692 3801 3745 pce-

2194 3761 2421 3826 caverit,
2480 3761 2596 3832 ipsa
2625 3763 2884 3818 morietur
2911 3760 3126 3834 (Ezeclt.
3156 3779 3310 3828 mu,
3338 3765 3398 3830 4,
3419 3765 3546 3836 20),
3579 3787 3598 3819 ι
3647 3780 3706 3823 et
3735 3771 3800 3823 de

2195 3855 2442 3923 qualibus
2477 3856 2751 3924 apostolus
2774 3857 2906 3912 dicit
2931 3857 3130 3913 Paulus
3170 3860 3426 3927 quoniam
3461 3878 3484 3911 ι
3534 3863 3632 3922 qui
3673 3862 3803 3916 talia

2196 3955 2362 4014 agunt
2384 3960 2608 4014 regnum
2635 3947 2728 4000 Dei
2759 3963 2864 4002 non
2891 3957 3291 4017 consequentur
3335 3947 3482 4018 (Gal.
3517 3967 3570 4012 γ,
3602 3951 3728 4018 Et].
3777 3972 3798 4003 ι

2198 4033 2350 4090 Unde
2385 4043 2441 4090 et
2462 4034 2695 4091 Joannes
2733 4038 3006 4107 apostolus
3039 4057 3051 4093 :
3086 4061 3104 4090 ‹
3143 4038 3331 4094 Omnis
3359 4041 3452 4109 qui
3505 4051 3680 4096 natus
3719 4052 3802 4097 est

2195 4141 2261 4182 ex
2286 4126 2394 4184 Deo
2446 4144 2553 4184 non
2581 4137 2768 4200 peccat
2813 4129 2866 4199 (Ι
2897 4131 3058 4186 Joaa.
3093 4147 3144 4197 v,
3179 4132 3288 4202 18).
3324 4151 3340 4182 ι
3372 4131 3492 4186 Hoc
3530 4137 3601 4188 de
3646 4136 3800 4188 omni

2199 4219 2432 4274 crimine
2485 4221 2704 4290 capitali
2739 4236 3026 4292 possumus
3061 4222 3388 4292 intelligere,
3432 4224 3558 4278 sive
3581 4228 3686 4294 qui
3711 4243 3804 4280 na.

2197 4318 2286 4366 tus
2331 4321 2415 4365 est
2459 4326 2525 4366 ex
2569 4313 2679 4366 Deo
2724 4329 2830 4367 non
2869 4321 3079 4382 peccat,
3113 4313 3170 4368 id
3201 4322 3305 4378 est,
3369 4325 3676 4384 peccatum
3731 4322 3804 4370 ad

2198 4409 2427 4456 mortem
2464 4417 2572 4456 non
2615 4411 2935 4472 perpetrat:
2968 4411 3248 4473 peccatum
3297 4405 3366 4459 ad
3413 4415 3668 4461 mortem
3718 4417 3804 4460 est

523 4485 676 4540 cidat.
727 4503 745 4536 ι
793 4485 861 4540 Ει
905 4486 1048 4541 inter
1088 4495 1283 4542 caetera
1327 4487 1524 4542 Paulus
1571 4488 1843 4558 apostolus
1886 4489 1940 4543 iu
1967 4488 2095 4559 Epi-
2126 4539 2176 4598 Β
2201 4501 2484 4562 peccatum
2551 4508 2720 4562 usque
2763 4493 2832 4547 ad
2865 4501 3109 4562 tempora
3165 4493 3354 4548 mortis
3414 4505 3800 4563 protractum,

525 4575 656 4598 ...ΑΔ
705 4577 770 4598 ,Α
808 4575 1114 4598 n__:_.|_:--
1143 4578 1310 4598 .___2_..-
1375 4577 1611 4598 --_:._I2_
1663 4579 1874 4598 -_-:_A_!_-
1927 4579 2069 4598 _.--_9
2212 4581 2343 4598 -κ-Α]
2381 4589 2654 4598 --μρμιμ--Α-
2701 4577 2892 4598 ,κμηεᾼ·
2982 4581 3014 4598 κ·
3067 4589 3150 4598 ημ-
3200 4596 3214 4598 λ
3277 4589 3338 4598 αλ
3513 4582 3557 4598 ἢ

524 4575 662 4630 stola
704 4577 771 4630 ad
808 4575 1116 4633 Corinthios
1143 4578 1317 4646 prima
1369 4577 1618 4647 capitalia
1655 4579 1881 4633 crimina
1927 4579 2098 4634 mani-

526 4664 704 4732 festat,
749 4667 932 4724 dicens
963 4681 978 4720 :
1016 4686 1034 4718 ι
1076 4665 1270 4732 Nolite,
1306 4667 1499 4736 inquit,
1531 4682 1756 4723 errare:
1791 4683 1964 4737 neque
1989 4667 2099 4723 for-

530 4756 820 4822 nicatores,
866 4771 1042 4828 neque
1085 4757 1241 4812 idolis
1271 4759 1592 4822 servientes,
1643 4773 1818 4830 neque
1846 4760 2096 4826 adulteri,

533 4861 707 4916 neque
727 4846 934 4911 molles,
987 4861 1161 4916 neque
1187 4847 1548 4902 masculorum
1573 4850 1972 4914 concubitores,
2006 4865 2100 4905 ne-

529 4954 634 5008 que
655 4936 822 5004 fures,
865 4953 1038 5008 neque
1065 4939 1235 5004 avari,
1285 4954 1458 5008 neque
1485 4940 1704 5006 ebriosi,
1733 4955 1908 5009 neque
1932 4942 2101 4997 male-

527 5029 656 5094 dici,
693 5045 866 5099 neque
884 5045 1107 5100 rapaces
1137 5045 1359 5100 regnum
1383 5031 1478 5084 Dei
1506 5031 1856 5098 possidebunt
1889 5031 1939 5102 (ι
1965 5031 2089 5086 Cor.

529 5135 567 5180 ι,
598 5117 676 5188 9),
711 5138 730 5171 ι
795 5119 849 5173 id
880 5128 982 5185 est,
1015 5119 1061 5175 si
1099 5119 1153 5174 in
1182 5119 1303 5175 istis
1341 5120 1807 5189 perseveraverint
1850 5121 2093 5176 crimini-

531 5209 654 5264 bus.
712 5207 977 5264 Cmterum
1027 5211 1117 5280 qui
1148 5218 1273 5266 ante
1297 5209 1544 5264 ultimum
1587 5209 1747 5280 hujus
1788 5211 1912 5266 vitae
1954 5212 2097 5266 diem

531 5301 843 5356 deleverunt
875 5315 938 5356 ea
987 5301 1316 5372 paenitendo,
1361 5309 1416 5356 et
1453 5301 1809 5372 eleemosynis
1857 5301 2098 5356 redeme-

531 5400 678 5457 runt,
727 5401 784 5448 et
819 5392 873 5447 in
903 5394 1057 5448 bonis
1077 5393 1328 5462 operibus
1347 5401 1848 5461 perseveraverant,
1881 5408 2103 5463 regnum

533 5483 628 5536 Dei
674 5483 952 5552 possidere
999 5497 1157 5552 posse
1204 5483 1494 5546 credimus,
1554 5483 1976 5548 etaﬂirmamus,
2026 5485 2107 5540 di-

541 5581 697 5626 cente
724 5571 949 5627 Domino
975 5571 1188 5643 (Matth.
1220 5589 1272 5636 ιι,
1301 5574 1393 5643 ‘22)
1419 5591 1431 5626 :
1466 5593 1482 5623 ι
1515 5573 1616 5638 Qui
1645 5583 1824 5629 autem
1855 5588 2104 5644 perseve-

539 5661 736 5715 raverit
759 5678 928 5730 usque
948 5663 1000 5714 in
1029 5662 1209 5726 tinctu,
1241 5664 1328 5717 hic
1353 5663 1534 5717 salvus
1557 5665 1679 5717 erit.
1705 5680 1726 5716 ι
1758 5665 1938 5736 (Αιιῃ.)
1964 5665 2108 5720 Sanc

537 5749 829 5804 cavendum
873 5758 958 5804 est
996 5765 1062 5806 ne
1091 5751 1372 5820 quisquam
1404 5751 1678 5806 existimet
1736 5753 1963 5808 nefanda
2015 5755 2102 5809 illa

2203 4581 2346 4649 quod
2381 4589 2660 4649 peccatum
2690 4577 2892 4644 omnis,’
2925 4581 3017 4650 qui
3063 4589 3220 4635 natus
3262 4589 3344 4636 est
3397 4598 3466 4636 ex
3511 4582 3656 4648 Deo,
3693 4602 3804 4638 me

2203 4680 2409 4740 peccat.
2446 4671 2686 4740 Denique
2713 4669 2878 4726 David
2905 4686 3020 4734 rex,
3062 4671 3286 4726 mortale
3311 4673 3526 4727 crimen
3553 4676 3802 4729 admisit.

2204 4761 2257 4814 id
2286 4768 2370 4815 est
2391 4759 2712 4814 adulterium
2735 4768 2789 4814 et
2817 4746 3184 4826 homicidium,
3228 4761 3320 4815 sed
3353 4769 3543 4816 tamen
3574 4769 3708 4834 quia
3729 4781 3798 4817 ex

2205 4850 2314 4905 Deo
2344 4857 2500 4905 natus
2536 4858 2672 4916 erat,
2719 4859 2774 4904 et
2800 4851 2866 4905 ad
2898 4851 3130 4906 filiorum
3169 4852 3260 4905 Dei
3301 4853 3636 4909 societatem
3679 4871 3798 4924 per—

2205 4941 2432 5004 tinebat,
2473 4954 2578 4994 non
2614 4939 2859 5010 peccavit
2905 4954 3076 5009 usque
3121 4940 3188 4994 ad
3234 4949 3495 5004 mortem,
3545 4943 3678 5011 quia
3712 4946 3796 4995 ssi

2197 5039 2382 5086 reatus
2409 5030 2622 5084 veniam
2646 5045 2770 5084 mox
2793 5030 3104 5100 paenitendo
3127 5031 3442 5099 promeruit.
3475 5030 3628 5085 Sunt
3654 5034 3796 5085 enim

2201 5121 2444 5189 qumdam
2483 5131 2706 5189 peccata
2753 5134 2872 5188 quae
2897 5119 3166 5174 levissima
3195 5127 3548 5188 putarentur,
3608 5122 3708 5175 nisi
3739 5121 3796 5173 ia

2203 5209 2498 5280 Scripturis
2519 5211 3015 5264 demonstrarentur
3034 5210 3282 5278 opinione
3300 5211 3582 5278 graviora.
3609 5215 3626 5276 (
3637 5212 3796 5279 Aug.)

2206 5302 2337 5368 Quis
2385 5302 2528 5356 enim
2575 5301 2843 5358 dicentem
2881 5302 3033 5356 fratri
3068 5317 3183 5366 suo,
3242 5302 3434 5365 Fatue,
3487 5317 3648 5357 reum
3695 5317 3798 5372 ge-

2210 5393 2400 5447 hennae
2439 5402 2653 5461 putaret
2686 5391 2901 5461 (Matth.
2933 5408 2986 5456 v,
3017 5392 3130 5462 2‘2),
3173 5393 3276 5446 nisi
3307 5392 3528 5447 Veritas
3553 5393 3796 5448 diceres?

2211 5485 2316 5537 Aut
2334 5483 2454 5552 quis
2477 5483 2770 5538 aestimaret
2794 5498 2952 5550 quam
2977 5498 3227 5552 magnum
3253 5489 3543 5549 peccatum
3572 5484 3644 5536 sit

2211 5578 2499 5632 observare
2537 5583 2590 5628 et
2617 5588 2832 5628 menses
2851 5582 2904 5627 et
2932 5581 3170 5641 tempora
3198 5582 3251 5626 et
3276 5586 3470 5636 annos,
3518 5573 3664 5626 sicut
3691 5574 3802 5625 ob—

2210 5673 2448 5728 servant,
2490 5664 2580 5732 qui
2613 5663 2775 5718 ccrtis
2803 5663 2989 5717 diebus
3009 5663 3120 5717 sive
3153 5661 3452 5724 mensibus,
3485 5663 3604 5715 sive
3637 5662 3804 5714 auctis

2213 5757 2396 5812 volunt
2445 5753 2522 5809 vel
2555 5755 2739 5809 nolunt
2775 5753 2972 5822 aliquid
3005 5752 3276 5817 inchoare,
3327 5765 3392 5805 eo
3421 5755 3571 5820 qqu
3605 5766 3802 5806 sema-
