3956 6326
171 370 309 427 ιδιι

1131 374 1218 428 DE
1257 372 1457 430 VITllS
1492 373 1580 429 ET
1620 373 2058 433 VIRTUTIBUS.
2098 407 2166 417 —
2199 376 2322 431 LIB.
2367 375 2451 430 ill.

3273 380 3414 436 1542

167 488 303 542 dum
333 492 504 540 vanas
543 484 818 541 doctrinas
867 485 1144 542 hominum
1177 486 1350 543 fausta
1373 493 1375 496 ‘
1399 488 1484 541 vel
1514 487 1746 543 infausta
1775 492 1823 550 Α
1851 498 1939 544 tur
1961 505 2082 546 esse
2109 488 2415 558 injuriosus,
2461 488 2752 544 maledicus
2777 495 2876 550 est,
2926 499 2984 547 ut
3015 491 3140 546 illud
3181 492 3248 548 de
3273 509 3415 549 caeco

165 575 449 632 aestiment
489 583 757 645 tempora,
817 576 920 632 nisi
973 578 1394 649 magnitudinem
1447 593 1514 634 ex
1557 579 1749 634 timore

167 668 417 740 Apostoli
461 682 810 737 pensaremus
858 671 1072 738 quando
1093 671 1202 725 ait:
1233 689 1251 720 ι
1297 669 1484 725 Timeo
1526 685 1640 735 vos,
1683 685 1750 724 ne

169 758 316 813 forte
340 757 458 813 sine
480 772 646 812 causa
666 757 1026 813 laboraverim
1052 760 1107 812 in
1130 759 1282 814 vobis
1305 759 1446 831 (Gal.
1473 776 1549 824 tv,
1572 759 1696 830 ll)?
1723 779 1742 812 ι

170 850 332 918 Saepe
364 849 508 903 enim
537 850 779 918 quaedam
801 859 1017 920 peccata
1041 865 1234 922 magna
1260 860 1314 906 et
1339 851 1605 908 horrenda
1627 866 1748 907 cum

170 941 230 994 in
259 940 705 996 consuetudinem
733 949 992 996 venerunt
1037 950 1129 996 aut
1153 957 1319 1012 parva
1346 951 1442 996 aut
1457 943 1605 998 nulla
1631 957 1752 998 esse

169 1031 496 1095 creduntur,
529 1044 703 1106 usque
741 1031 876 1085 adeo
921 1047 1027 1086 non
1059 1032 1230 1087 solum
1270 1047 1378 1088 non
1407 1033 1748 1097 occu-tanda,

170 1133 366 1174 verum
421 1119 584 1174 etiam
641 1121 1008 1190 praedicanda,
1076 1121 1402 1177 diffamanda
1447 1123 1746 1184 videantur,

172 1209 412 1277 quando,
441 1209 581 1264 sicut
611 1210 870 1280 scriptum
897 1223 1000 1276 est,
1039 1230 1057 1262 ι
1093 1212 1372 1267 Laudatur
1411 1223 1664 1284 peccator
1695 1213 1750 1267 in

171 1298 460 1354 desideriis
496 1300 692 1353 anima:
729 1315 862 1365 suae,
907 1308 962 1355 et
992 1302 1082 1370 qui
1128 1303 1307 1372 iniqua
1339 1304 1476 1372 gerit
1526 1303 1750 1359 benedi-

171 1400 332 1444 cetur
361 1389 529 1460 (Psal.
565 1407 622 1455 κ,
652 1391 730 1461 2).
773 1410 791 1443 ι
837 1391 983 1445 Talis
1011 1393 1062 1446 in
1094 1393 1292 1448 divinis
1318 1391 1614 1462 Scripturis
1645 1392 1750 1446 ini-

172 1480 356 1548 quitas
397 1480 604 1535 clamor
643 1491 887 1536 vocatur.
961 1481 1112 1537 Unde
1136 1492 1220 1537 est
1260 1481 1389 1537 illud
1435 1483 1489 1537 in
1514 1481 1747 1537 Genesi:

179 1589 201 1622 ι
248 1570 467 1626 Clamor
506 1569 864 1626 Sodomorum
909 1582 964 1627 et
1003 1571 1320 1628 Gomorrha:
1366 1572 1754 1641 multiplicatus

171 1667 262 1713 est
294 1657 446 1730 (Gen.
473 1675 626 1726 xvm,
654 1659 767 1731 20),
798 1678 816 1711 ι
849 1661 972 1730 quia
999 1676 1105 1716 non
1137 1661 1310 1716 solum
1353 1660 1468 1729 jam
1499 1661 1638 1730 apud
1659 1675 1754 1715 eos

173 1763 288 1803 non
331 1749 692 1818 puniebantur
719 1749 808 1803 illa
838 1749 1062 1820 ﬂagitia,
1099 1765 1286 1805 verum
1313 1759 1368 1806 et
1408 1751 1621 1820 publice
1654 1765 1750 1804 ve-

1847 577 2029 648 (Joan.
2058 580 2134 650 ru)
2165 597 2176 633 :
2208 598 2225 630 ‹
2272 578 2661 633 Maledixerunt
2683 577 2828 632 illum
2862 577 3053 645 Judtei,
3091 589 3147 636 et
3163 582 3415 638 dixerunt

1845 667 1894 722 ei
1931 686 1944 722 :
1991 667 2072 722 Tu
2116 668 2409 738 discipulus
2439 667 2579 722 illius
2605 668 2697 722 sis.
2753 687 2771 719 ›
2799 667 3095 739 (Βαείιὶιιε.)
3143 671 3249 726 Aut
3291 672 3415 741 quis

1845 754 2090 809 crederet
2139 755 2412 810 tristitiam
2456 755 2636 812 saeculi
2686 755 3022 810 mortiferum
3063 772 3183 812 esse
3227 775 3416 829 pecca—

1847 850 1980 908 tum,
2031 843 2134 899 nisi
2171 844 2370 900 Paulus
2409 844 2685 915 apostolus
2713 844 2954 901 diceret:
2983 864 3002 897 ι
3049 847 3290 902 Tristitia
3316 865 3416 904 saa-

1846 932 1951 990 culi
1989 944 2217 988 mortem
2256 944 2508 1004 operatur
2553 935 2634 1006 (II
2683 931 2806 991 Cor.
2834 936 3038 1004 7,10)?
3091 955 3109 990 ι
3171 937 3437 992 Tristitia-

1847 1023 2027 1078 saeculi
2048 1032 2132 1079 est
2175 1040 2297 1080 cum
2336 1024 2537 1095 aliquid
2576 1026 2641 1081 de
2677 1025 2834 1081 rebus
2864 1027 3112 1083 humanis
3159 1027 3245 1082 vel
3290 1043 3411 1097 qua:

1848 1112 1915 1166 ad
1955 1113 2207 1167 saeculum
2237 1114 2508 1182 pertinent
2557 1116 2960 1170 contristamur.
3008 1117 3251 1173 Tristitia
3283 1133 3413 1173 vero

1849 1203 2140 1258 secundum
2165 1204 2331 1258 Deum
2361 1213 2464 1270 est,
2503 1221 2624 1260 cum
2651 1220 2751 1276 pro
2791 1207 2992 1262 nostris
3027 1209 3421 1278 proximorum-

1849 1307 1956 1361 que
2007 1293 2280 1348 erratibus
2327 1294 2627 1358 tristamur,
2673 1295 2742 1350 de
2779 1311 2882 1365 qua
2939 1297 3079 1352 idem
3119 1298 3251 1353 dicit
3281 1297 3421 1366 Apo-

1851 1382 2021 1438 stolus
2048 1400 2062 1436 :
2093 1401 2112 1433 ι
2157 1383 2404 1438 Tristitia
2449 1384 2742 1441 secundum
2768 1386 2938 1440 Deum
2973 1387 3197 1443 salutem
3249 1389 3421 1444 stabi-

1851 1473 1956 1529 lem
1977 1481 2233 1542 operatur
2258 1473 2469 1547 (Ibid.).
2507 1494 2528 1528 ι
2575 1474 2712 1530 Sunt
2741 1486 2795 1532 et
2834 1477 2937 1531 alia
2978 1479 3161 1548 gravia
3191 1487 3409 1550 peccata

1851 1563 2083 1634 plurima
2120 1565 2186 1621 de
2205 1565 2402 1634 quibus
2444 1579 2541 1635 per
2562 1566 2804 1622 diversas
2839 1576 3149 1622 sanctarum
3183 1569 3428 1639 Scriptu—

1853 1671 2034 1710 rarum
2090 1657 2316 1726 paginas
2352 1657 2625 1712 studiosus
2653 1657 2846 1722 lector,
2893 1658 3020 1714 licet
3070 1659 3326 1729 sparsim,
3381 1661 3427 1714 si

1853 1747 2020 1816 cupit,
2077 1746 2316 1801 inveniet
2352 1746 2540 1834 maga,
2587 1762 2708 1816 quae
2751 1763 2874 1802 cum
2910 1748 2965 1802 in
2989 1749 3429 1804 consuetudinem

172 1839 278 1894 luti
306 1840 421 1910 lege
451 1840 952 1911 frequentabantur,
997 1843 1140 1897 unde
1179 1844 1441 1912 scriptum
1472 1851 1554 1897 est
1583 1860 1595 1895 :
1629 1861 1646 1892 ι
1684 1841 1752 1896 Ει
1777 1834 1824 1892 Β
1853 1837 2096 1903 veniunt,
2141 1847 2200 1891 ut
2229 1851 2388 1906 supra
2420 1837 2684 1906 scriptum
2703 1847 2805 1904 est,
2851 1848 2945 1893 aut
2972 1855 3138 1908 parva
3167 1848 3259 1894 aut
3286 1840 3431 1894 nulla

171 1938 456 1998 peccatum
486 1945 642 1985 suum
684 1932 842 1986 quasi
881 1931 1114 1988 Sodoma
1159 1933 1612 2001 praedicaverunt,
1652 1946 1753 1986 nec

174 2021 572 2076 absconderunt
619 2019 749 2076 illud
800 2021 936 2093 (lsa.
995 2039 1078 2087 ιιι,
1135 2023 1212 2091 9).
1249 2042 1266 2074 ι
1335 2023 1432 2078 Est
1464 2023 1610 2078 enim
1647 2023 1752 2076 hoc

173 2118 455 2182 peccatum
485 2112 887 2180 gravissimum,
937 2115 1080 2182 quod
1131 2129 1237 2169 non
1271 2114 1442 2169 solum
1490 2129 1618 2169 suos
1658 2129 1782 2178 au-,

176 2209 376 2267 ctores,
413 2217 602 2256 verum
637 2203 799 2258 etiam
837 2211 892 2258 et
919 2219 1014 2258 eos
1046 2219 1184 2273 quos
1223 2203 1516 2260 mortiferis
1542 2219 1753 2259 sermo-

174 2290 336 2346 nibus
383 2299 440 2345 et
475 2291 684 2346 actibus
737 2293 803 2346 ad
843 2293 1170 2362 peccandum
1212 2293 1495 2363 pertrahit,
1561 2308 1756 2363 perpe-

179 2390 330 2436 tuam
379 2383 624 2451 perducit
655 2384 724 2437 ad
758 2398 998 2453 poenam.
1055 2383 1190 2440 Cum
1217 2384 1362 2439 enim
1413 2385 1517 2440 hoc
1549 2394 1602 2439 et
1629 2385 1755 2440 huic

185 2470 364 2528 simile
408 2472 637 2542 quisque
672 2481 966 2542 perpetrat,
1014 2482 1094 2529 tot
1120 2474 1388 2529 mortibus
1431 2473 1626 2545 dignus
1672 2482 1757 2530 est

178 2571 310 2632 quot
369 2565 436 2620 ad
474 2572 698 2622 caeteros
745 2567 1066 2636 perditionis
1119 2566 1362 2636 exempla
1415 2567 1752 2622 transmittit.

180 2652 350 2710 Nemo
376 2656 575 2710 etenim
602 2663 711 2711 tam
744 2673 998 2728 magnum
1019 2665 1234 2728 putaret
1258 2657 1754 2728 concupiscentiam

179 2746 415 2803 libidinis
488 2764 608 2803 esse
665 2759 969 2818 peccatum,
1035 2749 1139 2805 nisi
1180 2750 1440 2805 Dominus
1503 2751 1753 2806 diceret:

186 2856 205 2887 ‹
252 2836 351 2901 Qui
392 2837 587 2892 viderit
633 2839 912 2892 mulierem
963 2840 1030 2894 ad
1071 2840 1560 2909 concupiscendum
1609 2855 1754 2904 eam,

175 2926 289 2996 jam
308 2927 608 2982 moechatus
626 2937 708 2982 est
728 2943 846 2983 eam
871 2928 924 2981 in
952 2929 1114 2983 corde
1139 2943 1235 2984 suo
1259 2928 1474 2999 (Matth.
1501 2944 1550 2991 v,
1579 2928 1692 2997 28).
1733 2947 1752 2980 ι

181 3015 313 3081 Quis
356 3017 556 3071 etenim
587 3025 698 3071 tam
725 3018 928 3088 grande
955 3026 1173 3088 putaret
1199 3034 1316 3074 esse
1359 3028 1638 3089 peccatum
1677 3020 1758 3074 in-

181 3107 386 3161 utiliter
426 3121 705 3164 reservare
731 3109 968 3171 divitias,
993 3111 1094 3164 nisi
1121 3108 1352 3166 Jacobus
1393 3111 1599 3166 diceret
1627 3127 1754 3180 apo-

1852 1945 1972 1986 esse
2014 1931 2328 1986 creduntur.
2376 1931 2528 1986 Unde
2575 1930 2906 1987 clarissimus
2945 1932 3134 1986 doctor
3159 1932 3216 1987 S.
3245 1933 3430 2003 Augu-

1851 2024 2028 2080 stinus
2075 2023 2361 2092 episcopus
2414 2024 2469 2078 in
2509 2023 2842 2092 expositione
2881 2023 3133 2093 Epistola:
3167 2023 3225 2078 S.
3283 2023 3433 2078 Pauli

1852 2113 1918 2168 ad
1953 2113 2193 2178 Galatas,
2238 2129 2360 2168 cum
2393 2114 2576 2168 dolore
2605 2113 2770 2168 nimio
2793 2114 3097 2169 exclamare
3125 2114 3431 2184 compulsus

1853 2214 1956 2270 est,
2021 2205 2262 2260 dicens:
2325 2205 2417 2260 Va:
2463 2189 2714 2274 peccatis
2783 2206 3088 2272 hominum,
3142 2221 3262 2276 qua:
3319 2205 3433 2260 sola

1852 2295 2111 2349 inusitata
2156 2295 2608 2359 exhorrescimus,
2672 2296 2874 2350 usitata
2925 2309 3052 2350 vero
3098 2309 3197 2364 pro
3240 2297 3434 2365 quibus

1854 2386 2134 2440 abluendis
2189 2385 2307 2440 Filii
2357 2385 2455 2440 Dei
2509 2386 2730 2456 sanguis
2772 2385 2975 2441 effusus
3028 2394 3130 2450 est,
3189 2387 3438 2455 quamvis

1857 2486 1966 2532 tam
2021 2493 2212 2547 magna
2267 2478 2376 2532 sint
2421 2485 2482 2531 ut
2529 2478 2750 2531 omnino
2789 2476 2964 2532 claudi
3017 2486 3204 2532 contra
3257 2492 3316 2531 se
3358 2477 3438 2531 fa-

1855 2571 2002 2627 ciant
2053 2584 2273 2642 regnum
2311 2571 2429 2638 Dei,
2483 2585 2626 2640 saepe
2675 2571 2904 2626 vivendo
2935 2571 3122 2624 omnia
3174 2570 3426 2631 tolerare,

1857 2678 1998 2732 saepe
2055 2664 2334 2720 tolerando
2379 2663 2635 2716 nonnulla
2691 2663 2855 2716 etiam
2914 2662 3091 2717 facere
3148 2663 3431 2731 cogimur;

1858 2761 2020 2822 atque
2088 2754 2322 2816 utinam,
2391 2767 2426 2807 ο
2473 2753 2720 2817 Domine,
2788 2767 2894 2806 non
2938 2751 3119 2806 omnia
3176 2767 3294 2820 qua:
3341 2766 3436 2820 po-

1856 2848 2119 2901 tuerimus
2191 2846 2476 2917 prohibere
2538 2845 2828 2898 faciamus!
2909 2842 3222 2897 Nullatcnus
3291 2844 3433 2896 enim

1857 2937 1924 2992 de
1961 2938 2093 3006 ipsis
2141 2937 2482 3001 criminibus,
2539 2934 2833 3004 quamlibet
2867 2934 3097 3002 magnis,
3153 2934 3205 2986 in
3248 2942 3436 2987 sancta

1857 3028 2098 3083 Ecclesia
2150 3027 2490 3082 remittendis
2534 3026 2630 3080 Dei
2688 3023 3056 3080 misericordia
3100 3024 3434 3094 desperanda

1857 3129 1941 3172 est
1990 3119 2270 3188 agentibus
2311 3116 2683 3187 paenitentiam
2732 3115 3026 3170 secundum
3083 3114 3300 3168 modum
3345 3129 3440 3168 cu-

180 3194 347 3249 stolus
384 3195 534 3266 '(Jac.
560 3213 616 3262 v,
648 3198 741 3268 l):
789 3216 808 3249 ι
864 3197 1017 3270 Agite
1059 3215 1225 3264 nunc,
1267 3199 1482 3264 divites,
1545 3177 1752 3269 plorato

1854 3210 2044 3282 iusque
2091 3211 2314 3281 peccati.
2381 3210 2437 3264 In
2489 3208 2703 3263 actione
2759 3207 3296 3276 autemptenitcntiae
3345 3205 3434 3260 ubi

176 3282 444 3340 ululantes
485 3286 540 3340 in
572 3287 806 3344 miseriis
855 3305 974 3358 qua:
1002 3288 1289 3346 advenient
1317 3291 1505 3345 vobis?
1547 3291 1754 3345 Aurum

179 3383 236 3428 et
263 3383 542 3444 argentum
591 3386 828 3432 vestrum
865 3381 1201 3450 aeruginavit,
1252 3388 1306 3433 et
1338 3395 1520 3450 aerugo
1564 3395 1754 3435 eorum

179 3463 234 3518 in
282 3465 644 3519 testimonium
673 3467 828 3521 vobis
876 3467 1000 3532 erit,
1070 3476 1121 3522 et
1169 3469 1525 3523 manducabit
1559 3483 1756 3523 carnes

171 3563 384 3607 vestras
409 3553 550 3606 sicut
576 3554 735 3623 ignis.
771 3574 790 3605 ›
827 3553 1032 3625 (Greg.)
1065 3555 1234 3610 Valde
1274 3558 1476 3610 etenim
1501 3565 1751 3626 peccant,

175 3639 275 3709 qui
323 3641 545 3695 verbum
584 3657 750 3697 sacrae
787 3643 1188 3712 prtedicationis
1244 3645 1450 3698 utiliter
1510 3645 1757 3713 proferre

172 3739 425 3802 possunt,
479 3740 535 3786 et
581 3740 759 3788 tamen
800 3733 900 3788 sub
943 3733 1155 3788 silentio
1198 3734 1553 3789 abscondunt.
1607 3735 1758 3790 Unde

177 3836 281 3893 per
309 3821 655 3877 Salomonem
701 3822 936 3878 dicitur:
972 3841 991 3874 ι
1037 3823 1139 3890 Qui
1167 3825 1448 3879 abscondit
1483 3824 1756 3880 frumenta

179 3911 520 3968 maledicitur
557 3913 611 3968 in
641 3914 853 3984 populis
895 3912 1078 3986 (Prov.
1126 3930 1204 3979 χι,
1234 3913 1324 3987 26)
1359 3930 1374 3968 :
1409 3935 1428 3967 ι
1489 3915 1758 3970 frumenta

181 4004 380 4074 quippe
416 4005 746 4062 abscondere
806 4013 890 4060 est
933 4004 1330 4076 praedicationis
1370 4015 1570 4062 sanctae
1618 4007 1758 4076 apud

181 4110 240 4149 se
267 4095 428 4149 verba
474 4095 728 4150 retinere.
771 4095 831 4150 In
879 4095 1092 4164 populis
1143 4106 1325 4150 autem
1368 4096 1489 4151 talis
1531 4097 1759 4166 quisque

180 4183 537 4250 maledicitur,
589 4187 714 4255 quia
745 4186 798 4240 in
836 4187 1004 4241 solius
1030 4187 1186 4257 culpa
1219 4188 1416 4243 silentii
1464 4189 1758 4258 permulto-

180 4289 322 4338 rum,
355 4289 489 4344 quos
513 4275 785 4346 corrigere
814 4277 1007 4346 potuit,
1036 4291 1197 4346 poma
1225 4277 1531 4333 damnatur.
1589 4277 1758 4334 Nemo

177 4364 325 4419 enim
354 4379 657 4420 sermonem
687 4367 1082 4424 maledictionis
1129 4366 1360 4423 forsitan
1400 4368 1597 4438 aliquis
1644 4377 1757 4423 tam

177 4452 495 4508 horrificum
534 4462 749 4525 putaret
786 4469 905 4510 esse
940 4464 1238 4525 peccatum,
1293 4457 1540 4524 quamvis
1586 4464 1756 4510 secta-

175 4554 327 4598 tores
347 4559 477 4599 suos
503 4560 534 4599 a
565 4545 659 4599 Dei
691 4553 904 4622 separat
947 4559 1130 4610 regno,
1173 4545 1273 4599 nisi
1314 4545 1509 4601 Paulus
1555 4546 1759 4602 diceret

175 4632 492 4701 apostolus:
535 4651 554 4684 ε
614 4631 796 4704 Neque
834 4634 1083 4688 maledici
1114 4649 1337 4706 regnum
1366 4635 1462 4689 Dei
1512 4635 1757 4705 posside-

172 4724 314 4776 bunt
348 4719 400 4794 (Ι
438 4720 560 4778 Cor.
590 4723 688 4793 γι).
731 4743 749 4776 ι
804 4723 901 4777 Est
935 4724 1081 4779 enim
1117 4740 1281 4779 causa
1314 4725 1544 4780 levitatis
1591 4727 1760 4782 usita-

173 4815 450 4869 tissimum
497 4823 555 4870 et
581 4817 961 4887 gravissimum
991 4825 1298 4888 peccatum,
1332 4828 1387 4872 et
1410 4832 1546 4886 pene
1582 4817 1758 4873 nullus

171 4913 262 4961 est
291 4907 383 4975 qui
429 4914 577 4962 tanto
609 4908 1000 4963 immanissimo
1027 4909 1228 4964 scelere
1269 4910 1504 4981 linguam
1533 4911 1758 4966 restrin-

170 5005 466 5068 gatsuam,
517 5013 690 5069 neque
725 5000 895 5064 dives,
955 5015 1130 5068 neque
1157 5015 1380 5070 pauper,
1435 5015 1610 5072 neque
1656 5016 1754 5056 no—

169 5085 326 5151 bilis,
386 5102 560 5156 neque
587 5088 820 5157 sapiens,
871 5103 1046 5157 neque
1072 5089 1352 5160 insipiens,
1395 5106 1569 5160 neque
1595 5090 1751 5146 cleri~

165 5190 296 5240 cus,
360 5191 534 5246 neque
561 5177 754 5244 laicus,
782 5193 959 5248 neque
995 5194 1182 5246 senex,
1209 5197 1385 5252 neque
1403 5182 1640 5250 juvenis,
1664 5197 1758 5237 ne-

166 5280 284 5335 que
330 5269 616 5332 masculus,
667 5283 845 5339 neque
880 5269 1101 5335 femina,
1160 5286 1334 5340 neque
1373 5273 1530 5338 liber,
1581 5286 1756 5342 neque

168 5375 400 5424 servus;
442 5367 497 5414 et
533 5375 639 5414 non
676 5359 849 5415 solum
893 5368 977 5414 est
1011 5361 1308 5417 maledicus
1344 5379 1522 5418 sermo
1547 5363 1638 5432 qui
1665 5363 1750 5417 di-

167 5451 320 5506 citur
354 5469 367 5504 :
406 5450 687 5507 Maledicat
713 5451 860 5504 illum
900 5450 1179 5516 Dominus,
1217 5461 1308 5506 aut
1353 5454 1634 5509 maledicte
1665 5452 1750 5508 fac

167 5543 281 5594 hoc
331 5549 426 5595 aut
462 5541 613 5607 illud,
667 5550 756 5594 aut
793 5539 1110 5596 maledictus
1137 5542 1234 5607 sit;
1266 5543 1359 5597 sed
1385 5543 1546 5597 etiam
1576 5543 1751 5598 omnis

163 5647 356 5687 sermo
380 5634 470 5702 qui
498 5634 566 5688 ab
592 5633 692 5688 hoc
715 5631 982 5702 profertur
1023 5644 1078 5688 ut
1111 5634 1334 5689 infamet
1373 5637 1626 5706 aliquem,
1657 5645 1750 5690 aut

164 5721 398 5790 deroget
439 5730 530 5775 aut
556 5721 690 5776 male
720 5724 1075 5778 commendet.
1136 5722 1388 5791 Quamvis
1434 5739 1538 5780 non
1571 5725 1748 5780 videa-

1762 5813 1788 5844 ο

1855 3301 1962 3358 tale
2002 3300 2348 3356 commissum
2395 3307 2479 3353 est
2522 3307 2582 3352 ut
2630 3298 2676 3352 is
2724 3297 2811 3366 qui
2847 3295 3120 3350 commisit
3167 3309 3197 3348 a
3228 3293 3429 3349 Christi

1854 3396 2016 3450 etiam
2051 3406 2278 3462 corpore
2306 3398 2617 3461 separetur,
2649 3406 2755 3445 non
2796 3396 2906 3442 tam
2935 3386 3326 3442 consideranda
3352 3392 3436 3439 est

1854 3499 2107 3540 mensura
2149 3481 2405 3552 temporis
2447 3495 2606 3550 quam
2655 3478 2886 3544 doloris,
2929 3495 2948 3528 ι
2983 3475 3092 3532 Cor
3123 3476 3268 3531 enim
3298 3489 3430 3528 con-

1858 3574 2042 3628 tritum
2064 3582 2119 3627 et
2143 3572 2482 3627 bumiliatum
2497 3571 2638 3625 Deus
2651 3585 2755 3624 non
2773 3570 2978 3640 spernit
2999 3568 3171 3640 (Psal.
3196 3585 3246 3633 L,
3276 3567 3386 3638 19).
3411 3587 3429 3620 δ

1857 3665 2057 3719 Verum
2087 3664 2230 3732 quod
2267 3661 2589 3732 plerumque
2617 3661 2770 3715 dolor
2794 3661 3015 3714 alterius
3043 3660 3224 3714 cordis
3254 3659 3438 3713 occul-

1859 3763 1946 3808 tus
1969 3760 2056 3808 est
2082 3752 2266 3816 alteri,
2297 3767 2398 3806 nec
2424 3753 2476 3804 in
2506 3751 2733 3805 aliorum
2769 3751 3014 3806 notitiam
3046 3766 3145 3820 per
3172 3749 3335 3804 verba
3355 3750 3440 3804 vel

1857 3858 2192 3914 quaecunque
2231 3843 2336 3897 alia
2375 3843 2526 3912 signa
2564 3842 2838 3912 procedit,
2884 3858 3005 3897 cum
3036 3842 3104 3896 sit
3135 3857 3317 3896 coram
3345 3840 3440 3896 illo

1857 3936 1944 3992 cui
1973 3937 2208 3990 dicitur:
2242 3954 2260 3986 ι
2294 3933 2538 3989 Gemitus
2576 3949 2730 3988 meus
2767 3948 2797 3987 a
2825 3942 2877 3988 te
2907 3949 3012 3989 non
3044 3941 3128 3989 est
3149 3933 3435 3988 abscondi-

1858 4035 1946 4081 tus
1963 4025 2133 4097 (Psal.
2153 4041 2358 4090 xxxvn,
2385 4024 2494 4095 10),
2525 4044 2544 4075 ι
2572 4031 2716 4078 recte
2737 4024 3138 4079 constituuntur
3154 4024 3220 4077 ab
3242 4023 3325 4077 his
3345 4023 3437 4092 qui

1857 4115 2114 4172 Ecclesiis
2152 4124 2390 4184 praesunt
2433 4124 2669 4184 tempora
2711 4115 3078 4184 poenitentiae,
3113 4122 3172 4168 ut
3211 4114 3440 4168 satisfiat

1857 4206 2023 4260 etiam
2052 4205 2326 4269 Ecclesiae,
2359 4205 2411 4258 in
2438 4220 2541 4272 qua
2565 4204 2912 4259 remittuntur
2937 4204 3050 4274 ipsa
3077 4217 3320 4273 peccata,
3346 4219 3440 4259 ex-

1857 4302 1942 4348 tra
1971 4309 2086 4348 eam
2114 4295 2312 4364 quippe
2341 4310 2444 4348 non
2473 4294 2822 4349 remittuntur
2853 4312 2865 4347 :
2895 4295 2984 4349 cui
3020 4310 3149 4366 ergo
3181 4302 3327 4348 tanta
3358 4303 3442 4348 est

1856 4386 2004 4456 lepra
2033 4387 2295 4456 gravioris
2325 4388 2552 4454 peccati,
2586 4397 2646 4442 ut
2675 4405 2704 4442 a
2737 4388 3094 4444 saluberrimo
3119 4387 3363 4457 corporis
3386 4397 3441 4442 et

1861 4477 2139 4547 sanguinis
2165 4477 2375 4532 Domini
2403 4479 2793 4534 medicamento
2821 4495 2927 4535 non
2966 4480 3166 4544 animo,
3195 4479 3288 4534 sed
3318 4494 3441 4534 cor-

1860 4582 1991 4637 pore
2012 4577 2314 4637 separetur,
2338 4569 2564 4625 consilio
2587 4579 2642 4624 et
2663 4571 2981 4626 auctoritate
3004 4570 3262 4624 antistitis
3284 4570 3442 4625 debet

1859 4673 1919 4712 sc
1953 4658 2021 4713 ab
2053 4658 2244 4713 altario
2271 4668 2326 4714 et
2365 4661 2742 4714 communione
2781 4675 2978 4714 mensm
3004 4659 3295 4713 Dominicae
3331 4673 3436 4712 non

1860 4746 2232 4814 desperatione
2273 4748 2366 4803 sed
2405 4748 2705 4804 humilitate
2745 4764 3024 4803 removere
3062 4749 3126 4803 ad
3177 4748 3436 4818 agendam

1859 4836 2245 4892 satisfactionis
2273 4838 2668 4907 paenitentiam,
2695 4847 2749 4892 et
2773 4837 3116 4906 postmodum
3140 4839 3434 4893 secundum

1859 4926 2176 4980 canonicam
2211 4925 2605 4982 institutionem
2646 4927 2968 4981 auctoritate
2995 4935 3050 4982 et
3079 4929 3320 4983 oratione
3352 4944 3438 4982 sa-

1857 5016 2096 5071 cerdotis
2137 5016 2495 5071 reconciliari.
2527 5017 2683 5071 Prius
2720 5017 2864 5071 enim
2907 5017 3110 5085 agenda
3149 5027 3232 5072 est
3262 5018 3437 5088 poeni.

1860 5109 2059 5173 tentia,
2097 5123 2162 5164 ac
2200 5109 2280 5164 sic
2309 5109 2502 5164 deinde
2536 5110 2640 5164 hoc
2669 5108 3004 5164 salutiferum
3038 5117 3432 5164 sacramentum

1860 5200 2259 5269 suscipiendum
2303 5219 2315 5254 :
2365 5221 2382 5251 σ
2429 5200 2529 5267 Qui
2567 5201 2711 5255 enim
2761 5201 3165 5256 manducaverit
3197 5200 3430 5268 indigne,

1854 5291 2115 5362 judicium
2162 5291 2262 5346 sibi
2301 5291 2590 5346 manducat
2626 5300 2681 5346 et
2725 5293 2862 5346 bibit
2902 5292 2948 5364 (ι
2985 5291 3107 5346 Cor.
3146 5307 3224 5354 ιι,
3254 5289 3367 5357 29),
3410 5306 3428 5338 ι

1860 5380 1964 5440 hoc
2003 5389 2086 5436 est
2125 5382 2266 5435 enim
2307 5381 2522 5452 indigne
2556 5382 2831 5452 accipere,
2860 5400 2905 5437 SI
2943 5399 3008 5437 eo
3046 5391 3282 5450 tempore
3313 5378 3435 5448 quis

1859 5471 2113 5540 accipiat,
2145 5486 2252 5540 quo
2283 5473 2440 5527 debet
2479 5487 2639 5542 agere
2665 5474 3055 5542 paenitentiam.
3097 5468 3333 5541 (Prosp.)
3365 5469 3436 5523 At

1846 5559 1901 5614 ‘si
1927 5561 2014 5628 qui
2043 5560 2098 5614 in
2127 5561 2308 5630 aliquo
2335 5563 2503 5630 gradu
2527 5562 2895 5618 ecclesiastico
2917 5559 3434 5628 constituti‘aliquod

1855 5651 2063 5705 occulte
2090 5653 2293 5707 crimen
2332 5654 2654 5720 admittunt,
2693 5655 2788 5724 ipsi
2825 5669 2886 5708 sc
2915 5667 3051 5707 vana
3091 5651 3434 5720 persuasione
3470 5644 3473 5647 ’

1857 5741 2164 5812 decipiunt,
2204 5744 2250 5799 si
2288 5744 2366 5800 eis
2396 5745 2609 5802 videtur
2635 5752 2918 5814 propterea
2946 5741 3346 5799 communicare
3381 5749 3434 5795 et
