3956 6326
191 268 215 325 l
226 269 328 327 3&5

1144 270 1227 328 DF.
1264 270 1464 330 VlTllS
1503 273 1588 329 ET
1631 271 2062 330 VIRTUTIBUS.
2104 305 2170 315 -—
2207 274 2332 329 LIB.
2377 273 2459 330 Ill.

3281 283 3420 341 1346

190 387 376 451 tertia,
415 385 506 455 qui
543 386 758 456 propria
787 403 892 442 non
925 386 1226 458 intelligunt
1257 387 1449 442 delicta
1473 430 1487 453 ,
1522 403 1748 456 quorum
1783 396 1822 449 Α
1855 388 2053 441 duritia
2089 388 2268 443 cordis
2304 389 2718 458 iniptenitentis,
2758 405 2876 458 quae
2901 401 2984 446 est
3009 391 3335 462 blasphemia
3365 397 3420 450 i

189 492 334 533 mens
358 487 443 534 est
475 492 748 548 percussa,
782 483 993 536 animus
1012 496 1198 536 amens
1227 489 1282 535 et
1305 495 1497 536 sensus
1520 481 1746 543 alienus,

189 571 375 638 quibus
399 571 480 625 ira
498 579 582 626 est
596 569 688 625 Dei
709 586 814 626 non
838 571 1132 642 intelligere
1151 571 1344 627 delicta
1369 587 1435 626 ne
1457 579 1751 640 sequantur

188 663 585 731 ptenitentiam;
635 662 774 717 sicut
813 663 1073 733 scriptum
1115 672 1200 720 est
1240 681 1253 717 :
1303 681 1323 713 ι
1356 663 1424 717 Et
1459 663 1607 717 dedit
1645 662 1750 718 illis

189 749 324 805 Deus
352 751 604 820 spiritum
639 753 1112 821 transpunctionis,
1144 767 1210 806 ne
1240 758 1580 806 revertantur
1608 751 1751 806 scili-

188 851 288 906 cet,
321 859 341 893 ι
370 850 426 896 et
455 849 715 896 curentur
741 852 796 896 et
831 841 1296 912 deprecationibus
1335 856 1397 895 ac
1423 839 1748 896 satisfactio-

187 933 338 987 nibus
360 932 521 1002 justis
549 940 670 1001 post
697 942 918 1002 peccata
947 942 1223 988 sanentur.
1251 931 1448 986 Paulus
1475 932 1748 1001 apostolus

188 1022 240 1076 in
264 1021 495 1092 Epistola
535 1037 633 1076 sua
657 1023 877 1091 exponit
911 1034 966 1076 et
990 1023 1160 1077 dicit:
1198 1040 1217 1072 ι
1253 1021 1516 1076 Delictum
1546 1021 1747 1075 verita-

191 1107 257 1163 tis
282 1123 385 1163 non
413 1108 716 1162 habuerunt
741 1119 798 1162 ut
823 1109 957 1164 salvi
985 1109 1194 1174 fierent,
1223 1124 1286 1164 ac
1309 1119 1593 1180 propterea
1618 1109 1744 1163 mit-

186 1206 260 1253 tet
295 1197 397 1254 illis
432 1198 573 1254 Deus
607 1199 972 1268 operationem
1005 1201 1208 1255 erroris
1245 1207 1303 1254 ut
1332 1200 1557 1255 credant
1592 1214 1745 1253 men-

183 1288 348 1352 dacio,
377 1297 434 1342 ut
452 1287 760 1357 iudicentur
784 1304 972 1343 omnes
998 1289 1088 1358 qui
1119 1303 1226 1343 non
1249 1287 1582 1342 crediderint
1608 1287 1751 1341 veri-

184 1378 295 1442 tati,
315 1377 408 1432 sed
437 1378 538 1432 sibi
565 1377 780 1447 placent
809 1379 865 1432 in
892 1375 1149 1445 injustitia
1175 1377 1258 1449 (Il
1288 1376 1465 1432 Thess.
1491 1392 1554 1443 ιι,
1587 1375 1695 1445 10).
1721 1395 1742 1428 ι

181 1465 384 1522 Primus
415 1467 689 1522 felicitatis
715 1469 914 1538 gradus
942 1476 1027 1523 cst
1060 1483 1167 1522 non
1195 1467 1524 1537 delinquere,
1556 1481 1748 1522 secun-

181 1557 277 1612 dus
300 1557 491 1612 delicta
514 1573 870 1629 cognoscere;
895 1559 1003 1613 illic
1021 1560 1191 1614 currit
1211 1559 1516 1614 innocentia
1536 1559 1747 1628 integra

178 1654 234 1699 et
251 1645 468 1710 illibata,
499 1661 616 1715 qua:
643 1658 856 1711 servet;
882 1647 971 1702 hic
994 1648 1234 1708 succedit
1258 1646 1488 1712 medela,
1515 1662 1635 1716 qua:
1659 1662 1747 1702 sa-

1854 477 2111 546 Spiritum
2143 486 2410 543 sanctum,
2433 487 2491 532 ut
2506 479 2619 546 jam
2645 479 2846 534 dictum
2870 488 2970 544 est,
3001 483 3294 536 secundum
3315 483 3423 538 Do-

1850 567 1982 622 mini
2025 568 2320 623 Salvatoris
2361 570 2682 624 sententiam
2713 571 3018 638 damnatus,
3062 575 3267 645 absque
3312 575 3422 632 ulla

1851 656 2167 711 remissione
2197 657 2416 711 existat.
2454 657 2684 730 (Chrys.)
2725 657 2937 714 Nullum
2967 670 3052 716 est
3075 663 3216 730 enim
3247 665 3424 722 scelus

1848 753 1905 798 et
1928 745 2071 799 nulla
2094 746 2370 814 iniquitas,
2396 762 2516 816 qure
2540 764 2647 802 non
2674 749 3066 805 medicamento
3089 753 3420 821 paenitentia:

1849 843 2090 900 sanetur,
2121 835 2164 889 si
2193 837 2559 892 tantummodo
2593 838 2824 894 contrito
2863 848 2919 893 et
2951 840 3233 897 humiliato
3258 844 3423 900 corde

1849 943 1971 982 cum
2007 927 2280 998 lacrymis,
2322 929 2626 998 gemitibus,
2665 930 2878 1001 vigiliis,
2904 933 3252 996 orationibus,
3275 933 3420 1006 jeju-

1849 1019 1972 1084 niis,
2002 1019 2480 1089 eleemosynisque,
2508 1021 2800 1074 secundum
2827 1021 3020 1075 virium
3047 1038 3265 1078 suarum
3294 1041 3422 1095 pos-

1847 1109 2157 1166 sibilitatem
2193 1111 2262 1164 ad
2295 1109 2486 1175 Deum,
2527 1126 2557 1165 a
2595 1127 2702 1181 quo
2727 1114 2997 1182 peccando
3031 1115 3300 1182 discessit,
3331 1132 3420 1171 re-

1847 1199 1972 1253 deat
1999 1217 2012 1251 :
2043 1199 2259 1268 scripsit
2297 1201 2441 1254 enim
2470 1201 2916 1270 praeclarissimus
2950 1205 3138 1259 doctor
3162 1205 3418 1274 Joannes,

1845 1287 2452 1356 Constantinopolitanae
2493 1290 2747 1346 Ecclesia:
2791 1293 3104 1363 episcopus,
3156 1297 3419 1365 optimum

1848 1375 2003 1430 valde
2039 1375 2249 1432 librum.
2271 1378 2337 1432 de
2370 1381 2710 1448 reparatione
2739 1381 2868 1451 lapsi
2903 1399 3000 1453 per
3025 1385 3420 1453 paenitentiam,

1843 1479 2004 1534 quem
2033 1466 2356 1536 quicumque
2391 1479 2642 1536 peccator
2670 1471 2894 1542 legerit,
2922 1482 3053 1543 puto
3087 1476 3227 1544 quod
3257 1476 3417 1543 ultra,

1845 1557 2078 1612 donante
2104 1558 2242 1621 Deo,
2283 1573 2382 1627 pro
2413 1561 2800 1618 numerositate
2827 1573 3165 1632 peccatorum
3197 1582 3418 1622 suorum

1845 1644 2134 1716 desperare
2174 1663 2279 1702 non
2307 1649 2535 1718 poterit.
2575 1650 2680 1706 Sed
2709 1662 2765 1708 et
2803 1654 3176 1711 sanctissimus
3214 1668 3419 1730 martyr

177 1743 285 1789 net.
305 1733 472 1789 Porro
495 1743 620 1788 sunt
639 1736 859 1804 quidam
879 1736 970 1804 qui
992 1737 1411 1806 magnitudinem
1433 1745 1488 1790 et
1508 1736 1744 1792 innume—
1772 1740 1818 1800 Β
1845 1733 2144 1805 Cyprianus
2179 1737 2245 1792 de
2271 1737 2436 1807 lapsis
2461 1738 2913 1809 elegantissimum
2941 1745 3157 1814 scripsit
3187 1746 3413 1812 librum;

175 1824 444 1878 rositatem
471 1841 688 1880 suorum
712 1827 1054 1881 considerant
1083 1835 1447 1895 peccatorum,
1469 1835 1524 1882 et
1543 1827 1613 1881 ob
1637 1827 1738 1882 hoc

173 1916 513 1986 desperantes
541 1918 608 1972 de
649 1917 901 1974 ineffabili
935 1928 991 1974 et
1024 1921 1545 1989 incomprehensibili
1571 1921 1742 1975 omni-

169 1993 399 2077 potentis
426 2007 522 2062 Dei
557 2009 929 2066 misericordia
955 2010 1217 2075 diffidunt,
1244 2021 1300 2066 et
1324 2012 1528 2067 idcirco
1553 2011 1743 2066 nolunt

169 2111 327 2168 agere
348 2113 446 2167 pro
467 2100 702 2168 peccatis
721 2110 777 2155 et
799 2100 1093 2157 sceleribus
1108 2102 1221 2156 suis
1237 2102 1630 2172 paenitentiam,
1646 2104 1739 2158 sed

165 2187 563 2257 impteniteutes
603 2190 764 2245 corde
807 2191 862 2245 in
903 2192 1057 2246 malis
1097 2193 1207 2247 suis
1240 2193 1488 2247 obdurati
1528 2207 1739 2261 perma-

164 2287 329 2344 nent,
360 2288 415 2334 et
449 2279 675 2334 rebelles
701 2290 885 2336 contra
930 2280 1166 2351 Spiritus
1193 2282 1364 2337 sancti
1399 2282 1629 2353 gratiam
1657 2283 1741 2336 in-

166 2367 402 2424 feliciter
431 2371 688 2438 existunt,
713 2373 778 2426 de
807 2373 1002 2442 quibus
1029 2373 1105 2426 ait
1131 2372 1416 2443 Apostolus
1447 2387 1463 2427 :
1496 2392 1514 2424 ι
1553 2373 1739 2430 Nescis

159 2461 290 2531 quia
315 2462 576 2532 patientia
600 2463 697 2518 Dei
716 2464 783 2518 ad
811 2464 1178 2533 ptenitentiam
1209 2472 1261 2519 te
1286 2465 1538 2548 adducit?
1561 2476 1616 2519 tu
1643 2481 1713 2520 au

71 2589 76 2594 ρ
163 2560 276 2606 tem
325 2553 616 2606 secundum
659 2553 912 2608 duritiam
960 2562 1105 2608 tuam
1139 2563 1194 2609 et
1232 2569 1328 2609 cor
1371 2555 1736 2625 impaani-tens,

155 2640 500 2696 thesaurizas
531 2642 626 2696 tibi
656 2642 792 2697 iram
826 2643 880 2697 in
915 2643 1003 2698 die
1040 2644 1132 2698 irae
1158 2653 1213 2698 et
1239 2643 1582 2699 revelationis
1605 2641 1737 2711 justi

147 2728 345 2797 judicii
383 2730 476 2784 Dei
519 2729 691 2799 (Rom.
726 2746 786 2796 ιι,
821 2731 897 2801 5).
929 2750 948 2783 ›
981 2731 1104 2786 [hec
1136 2740 1314 2785 autem
1341 2731 1536 2784 duritia
1559 2732 1739 2787 cordis

150 2820 558 2888 impmnitentis
581 2820 912 2892 blasphemia
942 2829 1026 2878 est
1051 2823 1104 2876 in
1137 2820 1341 2892 Spiritu
1370 2829 1557 2876 sancto
1575 2861 1589 2886 ,
1617 2837 1738 2892 quae

149 2922 273 2961 non
303 2909 606 2964 remittetur
632 2909 723 2964 ulli
750 2910 973 2964 homini.
1008 2910 1159 2966 Unde
1191 2910 1451 2964 Dominus
1479 2909 1533 2964 in
1563 2909 1739 2963 Evan-

139 2999 302 3068 ,gelio
346 3001 423 3054 ait
466 3018 479 3053 :
528 3018 547 3051 ι
594 3001 696 3068 Qui
731 3001 927 3057 dixerit
953 3001 1340 3071 blasphemiam
1383 3001 1438 3055 in
1475 2999 1736 3068 Spiritum

149 3102 430 3158 sanctum,
457 3109 564 3148 non
588 3095 894 3150 remittetur
912 3095 962 3151 ei
992 3094 1183 3166 (Marc.
1215 3111 1300 3161 ιιι,
1320 3094 1430 3164 29).
1469 3114 1488 3149 ι
1527 3096 1603 3150 De
1625 3110 1732 3165 qua

147 3182 493 3252 blasphemia
514 3186 858 3242 cautissimus
877 3202 941 3242 ac
957 3186 1398 3256 prteclarissimus
1419 3187 1607 3242 doctor
1623 3187 1733 3242 Au-

139 3276 428 3343 gustinus,
448 3291 570 3332 cum
597 3277 662 3332 de
678 3276 1032 3332 irremissibili
1047 3276 1380 3347 blasphemia
1400 3277 1454 3330 in
1471 3275 1731 3346 Spiritum

145 3373 406 3419 sanctum
431 3381 735 3422 sermonem
757 3367 956 3424 faceret
977 3368 1044 3424 ad
1064 3368 1338 3439 populum,
1365 3369 1507 3423 inter
1536 3377 1731 3424 caatera

137 3455 232 3507 ait
260 3472 275 3508 :
306 3454 431 3510 Haec
459 3459 679 3512 omnino
709 3459 1097 3528 impaznitentia
1130 3477 1236 3515 non
1269 3461 1432 3514 habet
1460 3460 1731 3515 remissio-

141 3560 319 3611 nem,
362 3561 537 3616 neque
567 3548 622 3601 in
658 3549 760 3602 hoc
788 3548 1013 3612 saeculo,
1044 3565 1217 3619 neque
1259 3551 1311 3604 in
1353 3549 1564 3614 futuro,
1604 3551 1730 3619 quia

135 3639 476 3709 paenitentia
507 3640 756 3708 impetrat
778 3641 1144 3695 remissionem
1173 3643 1224 3694 in
1246 3641 1348 3696 hoc
1371 3642 1588 3704 saeculo,
1611 3657 1734 3710 qua:

137 3731 339 3785 valeat
374 3730 428 3784 in
466 3730 676 3797 futuro;
719 3731 811 3788 sed
845 3731 948 3786 ista
973 3731 1361 3801 imptnnitentia
1392 3731 1477 3787 vel
1507 3747 1602 3786 cor
1631 3733 1733 3787 im-

141 3822 429 3892 paenitens
452 3861 468 3885 ,
507 3821 758 3892 quamdiu
781 3821 1007 3891 quisque
1037 3821 1091 3875 in
1119 3822 1221 3876 hac
1248 3836 1414 3893 carne
1443 3821 1594 3886 vivit,
1625 3836 1732 3875 non

139 3921 337 3982 potest
357 3909 609 3979 iudicari,
634 3913 700 3968 de
721 3912 865 3968 nullo
887 3913 1028 3967 enim
1049 3911 1440 3981 desperandum
1461 3919 1543 3964 est
1565 3925 1734 3979 quan-

144 4005 248 4058 diu
291 4005 550 4073 patientia
591 4003 685 4058 Dei
723 4005 791 4059 ad
835 4003 1205 4074 mitentiam
1242 4004 1408 4058 ducit.
1445 4003 1575 4056 Item
1612 4011 1734 4072 post

142 4112 332 4165 pauca
383 4099 459 4150 ait
488 4115 501 4151 :
533 4098 702 4153 Omne
733 4112 954 4166 prorsus
991 4105 1270 4164 peccatum
1309 4103 1364 4149 et
1400 4095 1732 4163 blasphemia

145 4188 468 4242 remittetur
491 4187 828 4251 hominibus,
859 4185 948 4240 ubi
986 4187 1088 4241 hoc
1117 4194 1398 4256 peccatum
1433 4201 1540 4240 non
1569 4184 1734 4240 fuerit

143 4278 341 4333 cordis
383 4279 770 4348 impmnitentis
806 4287 992 4333 contra
1031 4277 1292 4348 Spiritum
1323 4287 1600 4344 sanctum,
1623 4292 1731 4347 quo

1840 1840 2068 1894 quorum
2093 1828 2323 1882 duorum
2344 1839 2626 1886 auctorum
2651 1834 2894 1902 quisquis
2911 1837 3213 1892 animarum
3240 1840 3416 1894 medi-

1840 1931 1936 1972 cus
1963 1917 2246 1983 habuerit,
2278 1928 2332 1973 et
2359 1920 2687 1978 intellexerit
2710 1923 2876 1980 libros
2911 1940 3148 1997 congrue
3170 1967 3185 1992 ,
3217 1929 3270 1982 in
3301 1945 3416 1984 om-

1839 2009 1999 2063 nibus
2044 2010 2345 2066 animarum
2384 2013 2715 2079 vulneribus,
2746 2014 2969 2083 juvaute
3016 2017 3147 2083 Deo,
3193 2021 3284 2088 qui
3332 2030 3416 2075 est

1840 2098 2080 2154 medicus
2093 2100 2444 2168 medicorum,
2461 2103 2792 2160 salutiferam
2810 2107 3009 2175 poterit
3021 2122 3290 2177 apponere
3306 2124 3416 2162 me-

1839 2189 2093 2244 dicinam.
2123 2190 2234 2246 Nec
2264 2193 2392 2248 illud
2420 2195 2472 2248 in
2494 2197 2747 2262 praesenti
2767 2199 3115 2268 excerptione
3137 2207 3266 2267 puto
3292 2214 3413 2254 esse

1839 2279 2192 2346 reticendum,
2222 2283 2366 2351 quod
2391 2284 2582 2338 beatus
2609 2285 2938 2356 Augustinus
2977 2287 3029 2340 in
3060 2287 3194 2342 libro
3227 2289 3291 2342 de
3319 2288 3411 2342 Ci-

1837 2371 2001 2426 vitate
2045 2373 2138 2426 Dei
2183 2382 2376 2443 quarto
2416 2373 2627 2431 decimo
2671 2379 2736 2431 de
2783 2379 3028 2447 superbis
3072 2380 3156 2435 vcl
3203 2381 3413 2437 occulte

1836 2464 2166 2533 peccatibus,
2193 2464 2364 2535 inquit
2389 2484 2400 2519 :
2425 2466 2566 2522 Utile
2593 2476 2676 2522 est
2697 2468 2751 2522 in
2780 2469 2991 2538 aliquod
3019 2482 3264 2540 apertum
3293 2489 3411 2526 ma-

1836 2555 2198 2626 nifestumque
2227 2567 2506 2626 peccatum
2551 2562 2746 2617 cadere
2781 2563 2923 2617 unde
2959 2564 3060 2618 sibi
3096 2565 3412 2635 displiceant

1835 2647 1928 2715 qui
1966 2648 2079 2716 jam
2129 2648 2233 2704 sib.
2272 2649 2532 2717 placendo
2572 2654 2896 2708 ceciderant.
2945 2654 3226 2712 Salubrius
3266 2659 3412 2712 enim

1835 2733 2028 2790 Petrus
2069 2736 2172 2791 sibi
2201 2738 2476 2808 displicuit
2509 2743 2724 2810 quando
2770 2744 2944 2808 flevit,
2975 2761 3136 2814 quam
3165 2747 3266 2801 sibi
3299 2748 3413 2816 pla-

1837 2829 1946 2880 cuit
1984 2826 2200 2895 quando
2242 2831 2585 2899 praesumpsit
2629 2846 2644 2884 :
2685 2833 2790 2887 hoc
2827 2833 2959 2888 dicit
2991 2844 3044 2890 et
3076 2850 3229 2890 sacer
3266 2836 3415 2891 Psal-

1835 2927 1958 2968 ιιιδ
1992 2932 2006 2966 :
2045 2931 2063 2964 ι
2098 2913 2262 2984 Imple
2300 2915 2464 2971 facies
2497 2934 2685 2974 eorum
2722 2921 3012 2991 ignominia
3034 2963 3050 2989 ,
3083 2931 3138 2978 et
3173 2935 3413 2994 quaerent

1837 3018 2032 3060 nomen
2061 3012 2230 3068 tuum,
2259 3007 2482 3062 Domine
2509 3006 2679 3079 (Paul.
2711 3026 2916 3078 Luxu,
2946 3013 3074 3084 17),⁴
3097 3033 3115 3065 ι
3145 3013 3197 3068 id
3220 3023 3322 3080 est,
3354 3024 3415 3070 ut

1762 3074 1806 3137 C
1842 3101 1897 3148 tu
1933 3093 2013 3148 eis
2051 3095 2266 3164 placeas
2299 3074 2663 3166 quaerentibus
2699 3074 2909 3156 nomen
2934 3074 3113 3166 tuum,
3137 3074 3412 3172 quod-sibi

1839 3183 2153 3252 placuerant
2195 3186 2484 3254 quaerendo
2515 3202 2693 3242 suum.
2753 3188 2856 3244 Sed
2883 3198 2966 3246 est
3003 3191 3157 3261 pejor
3192 3193 3414 3247 damna-

1836 3277 2104 3348 biliorque
2123 3279 2372 3350 superbia
2391 3281 2744 3349 quaerentium
2773 3282 2826 3336 in
2853 3284 3090 3352 peccatis
3113 3283 3414 3338 manifestis

1837 3369 2149 3441 suffragium
2176 3371 2538 3440 excusationis
2557 3412 2572 3436 ,
2604 3373 2932 3442 inquirentes
2966 3373 3106 3428 sicut
3137 3374 3210 3427 illi
3251 3375 3408 3444 primi

1837 3459 2113 3526 homines,
2157 3475 2384 3530 quorum
2428 3469 2483 3515 et
2521 3461 2610 3516 illa
2650 3463 2786 3516 dixit
2821 3476 2836 3516 :
2875 3482 2893 3514 ι
2935 3461 3167 3533 Serpens
3199 3465 3413 3518 seduxit

1837 3567 1944 3618 me,
1967 3561 2021 3606 et
2040 3553 2358 3608 manducavi
2387 3549 2538 3622 (Gen.
2565 3567 2625 3618 ιι,
2654 3552 2764 3623 12),
2797 3570 2817 3603 ›
2843 3561 2898 3606 et
2925 3552 3016 3607 ille
3041 3553 3178 3608 dixit
3202 3572 3216 3606 :
3251 3573 3267 3603 ι
3300 3554 3414 3608 Μυ-

1837 3640 1939 3695 lier
1961 3657 2122 3712 quam
2155 3641 2346 3695 dedisti
2373 3641 2599 3701 sociam,
2627 3641 2738 3709 ipsa
2770 3641 2900 3694 mihi
2931 3641 3078 3695 dedit
3099 3643 3164 3696 de
3189 3643 3334 3711 ligno
3361 3653 3416 3698 et

1839 3733 2068 3788 comedi.
2112 3751 2130 3784 ι
2179 3731 2454 3800 Nusquam
2491 3731 2580 3785 hic
2616 3739 2773 3785 sonat
2810 3731 2995 3801 petitio
3035 3733 3235 3798 veniat,
3279 3750 3411 3788 nus-

1838 3835 2001 3890 quam
2027 3819 2334 3889 imploratio
2360 3819 2658 3873 medicinte.
2687 3818 2792 3873 Sed
2813 3829 2870 3872 et
2893 3819 3020 3874 illud
3043 3835 3148 3874 non
3173 3830 3258 3875 est
3279 3837 3412 3891 prae-

1839 3909 2178 3972 tereundum,
2213 3908 2354 3977 quod
2383 3908 2520 3963 idem
2551 3915 2769 3962 sanctus
2798 3908 3130 3980 Augustinus
3162 3911 3238 3964 ait
3266 3913 3319 3965 in
3344 3912 3410 3966 li—

1837 4001 1935 4054 bro
1963 3999 2029 4055 de
2059 3999 2189 4054 Fide
2215 4007 2270 4053 et
2298 3998 2581 4068 Operibus,
2632 3999 2698 4054 de
2743 3999 2829 4054 his
2862 4000 2953 4070 qui
2989 4000 3230 4056 homines
3275 4003 3414 4056 male

1838 4103 2056 4143 securos
2089 4087 2321 4149 faciunt,
2362 4097 2421 4141 ut
2453 4096 2674 4157 propter
2699 4097 2901 4143 rectam
2931 4089 3088 4144 fidem
3117 4090 3326 4145 etiamsi
3359 4092 3414 4144 in

1837 4179 2157 4256 criminibus
2183 4179 2572 4248 permanserint
2595 4195 2699 4233 non
2728 4180 3066 4234 damnentur.
3091 4180 3410 4246 Caveamus,

1836 4272 2032 4342 inquit,
2058 4272 2342 4341 diligenter
2369 4273 2421 4326 iu
2455 4271 2719 4340 adjutorio
2748 4273 2958 4328 Domini
2989 4275 3082 4328 Dei
3111 4277 3278 4330 nostri
3307 4292 3412 4330 non

145 4369 212 4423 in
239 4368 482 4424 Ecclesia
508 4377 726 4438 peccata
763 4368 1059 4433 solvuntur,
1093 4376 1284 4423 cuncta
1315 4367 1418 4422 alia
1449 4367 1727 4421 dimittun-
1759 4407 1810 4466 D
1839 4363 2018 4420 facere
2057 4365 2300 4420 homines
2343 4364 2484 4419 male
2525 4379 2774 4428 securos,
2818 4366 3056 4420 dicentes
3084 4367 3164 4420 eis
3189 4369 3331 4435 quod
3367 4367 3414 4420 si

145 4468 247 4512 tur
292 4475 306 4511 :
345 4459 612 4528 quomodo
648 4467 826 4512 autem
872 4458 974 4512 hoc
1012 4458 1346 4522 remittetur,
1385 4456 1527 4525 quod
1567 4457 1733 4510 etiam

145 4549 530 4605 remissionem
563 4549 782 4618 impedit
805 4548 1052 4604 aliorum.
1079 4547 1271 4603 Omnia
1302 4563 1430 4617 ergo
1460 4548 1735 4602 dimittun-

145 4650 246 4694 tur
275 4640 357 4694 eis
401 4640 454 4693 in
493 4639 689 4710 quibus
719 4639 822 4694 hoc
868 4655 974 4694 non
1013 4649 1097 4695 est
1143 4640 1287 4710 quod
1329 4655 1618 4709 numquam
1648 4638 1732 4692 di-

145 4731 422 4784 mittetur.
455 4730 512 4784 In
551 4731 746 4800 quibus
787 4741 966 4784 autem
1007 4739 1118 4795 est,
1157 4731 1413 4799 quoniam
1445 4729 1544 4784 hoc
1573 4745 1732 4784 mun-

143 4833 321 4888 quam
351 4819 681 4884 dimittetur,
710 4834 809 4874 nec
837 4819 941 4873 alia
972 4819 1312 4874 dimittuntur
1340 4820 1465 4887 quia
1491 4817 1732 4872 omnium

145 4909 408 4964 remissio
423 4909 632 4964 vinculo
654 4911 806 4964 istius
829 4911 1134 4980 impeditur.
1159 4910 1233 4964 De
1249 4925 1354 4979 qua
1379 4908 1728 4978 blasphemia,

145 5001 206 5056 id
230 5011 340 5066 est,
367 5003 756 5072 imptenitcntia
777 5003 860 5057 vel
886 5019 980 5058 cor
1004 5003 1362 5072 imptenitens,
1395 5002 1732 5070 supradictus

143 5097 315 5160 pater
343 5089 671 5160 Augustinus
698 5091 1128 5146 enucleatissime
1152 5091 1414 5160 valdeque
1446 5091 1651 5161 prolixe
1676 5092 1762 5172 in’

143 5198 408 5238 sermone
443 5182 508 5237 ad
533 5183 784 5253 populum
812 5199 963 5239 more
999 5184 1156 5239 solito
1191 5186 1483 5240 secundum
1515 5195 1728 5239 sancta-

143 5289 278 5327 rum
321 5274 722 5344 Scripturarum
771 5274 1187 5330 affirmationem
1235 5275 1508 5329 disseruit.
1561 5274 1730 5329 Nemo

141 5380 286 5434 ergo
322 5381 420 5435 pro
443 5365 783 5422 multitudine
814 5375 867 5420 et
891 5367 1213 5422 enormitate
1236 5381 1454 5421 suorum
1482 5367 1730 5434 desperet

139 5465 534 5525 peccatorum,
585 5458 680 5512 sed
719 5457 896 5526 potius
939 5459 1216 5512 confidens
1254 5459 1319 5512 de
1360 5458 1728 5512 misericordia

140 5543 248 5600 Dei
277 5554 404 5614 agat
429 5561 528 5616 pro
554 5549 807 5616 peccatis,
837 5549 962 5603 dum
987 5548 1038 5602 in
1070 5548 1170 5602 hoc
1197 5563 1421 5616 corpore
1442 5549 1592 5610 vivit,
1615 5563 1729 5618 pm-

137 5639 468 5705 nitentiam,
515 5657 581 5696 ne
611 5641 663 5695 in
703 5640 881 5696 futuro
920 5639 1104 5696 :eterni
1128 5638 1326 5708 judicis
1355 5641 1601 5696 examine
1632 5657 1729 5710 pro

1838 4454 2039 4509 fuerint
2067 4456 2120 4509 in
2155 4454 2370 4510 Christo
2395 4457 2674 4525 baptizati,
2702 4456 3107 4524 quomodolibet
3131 4457 3185 4510 in
3213 4473 3273 4511 ea
3307 4457 3412 4511 fide

1837 4545 2074 4600 vixerint
2101 4561 2194 4600 eos
2225 4546 2288 4600 ad
2317 4547 2544 4606 salutem
2572 4557 2828 4602 mternam
2859 4564 2979 4603 esse
3011 4559 3285 4604 venturos.
3316 4548 3410 4603 Ja-

1838 4640 2002 4694 cobus
2027 4642 2171 4696 enim
2199 4643 2472 4711 apostolus
2496 4643 2573 4696 ait
2603 4661 2615 4695 :
2657 4662 2674 4693 ι
2708 4641 2765 4696 Si
2797 4641 2916 4710 quis
2944 4641 3101 4694 fidem
3132 4639 3327 4694 dixerit
3353 4654 3412 4694 se

1839 4731 2057 4799 habere,
2079 4749 2241 4802 opera
2272 4742 2449 4788 autem
2479 4750 2581 4788 non
2616 4734 2826 4796 habeat,
2857 4731 3094 4800 nunquid
3132 4728 3264 4784 fides
3299 4729 3408 4784 sal-

1838 4837 1964 4876 vare
1995 4822 2191 4892 poterit
2217 4824 2374 4876 cum?
2409 4822 2568 4877 Fides
2600 4823 2744 4876 enim
2774 4823 2890 4876 sine
2919 4820 3173 4889 operibus
3198 4829 3410 4874 mortua

1838 4923 1918 4966 est
1943 4913 2082 4981 (Jac.
2108 4929 2171 4978 ιι,
2197 4913 2304 4984 l-i).
2329 4933 2347 4963 ι
2371 4913 2522 4968 Sicut
2543 4913 2688 4967 enim
2711 4913 2841 4967 fides
2865 4920 3010 4967 recta
3030 4911 3230 4979 absque
3253 4910 3411 4966 bonis

1837 5002 2090 5070 operibus
2117 5002 2248 5056 nihil
2276 5003 2527 5072 cuiquam
2557 5003 2800 5070 prodest,
2833 5001 2902 5055 ita
2931 5015 3095 5070 opera
3125 5001 3263 5055 bona
3293 5001 3410 5056 sine

1838 5091 1941 5146 fide
1989 5094 2244 5162 prodesse
2291 5094 2448 5148 alicui
2505 5109 2609 5148 non
2639 5101 2887 5163 possunt,
2938 5100 3168 5146 testante
3219 5102 3408 5148 sancta

1837 5181 2116 5252 Scriptura
2145 5202 2157 5237 :
2195 5202 2213 5234 ι
2249 5182 2376 5238 Sine
2408 5183 2510 5238 fide
2550 5185 2694 5239 enim
2725 5182 3051 5252 impossibile
3085 5191 3171 5238 est
3197 5181 3410 5251 placere

1837 5274 1946 5327 Deo
1971 5272 2125 5344 (Heb.
2148 5290 2224 5339 χι,
2247 5273 2324 5346 6).
2361 5295 2379 5326 ι
2413 5274 2479 5330 Ut
2503 5274 2644 5329 enim
2676 5273 2808 5329 fides
2837 5282 2983 5328 recta
3013 5273 3130 5327 sine
3155 5272 3410 5340 operibus

1833 5363 1989 5419 bonis
2013 5364 2225 5420 salvare
2258 5381 2582 5435 quemquam
2619 5372 2869 5432 nequeat,
2903 5364 3046 5418 idem
3076 5361 3410 5416 clarissimus

1835 5455 2023 5510 doctor
2065 5455 2394 5526 Augustinus
2437 5456 2489 5510 in
2531 5455 2666 5510 libro
2695 5456 2761 5509 de
2800 5455 3072 5524 Baptismo
3107 5458 3299 5521 quarto
3329 5450 3410 5503 di-

1832 5548 1975 5602 vinis
1987 5563 2051 5602 ex
2078 5549 2397 5603 testimoniis
2415 5549 2762 5606 cou'testando
2782 5549 3013 5601 afﬁrmat
3033 5545 3218 5598 dicens
3242 5561 3254 5595 :
3275 5541 3412 5595 Cou-

1827 5634 2122 5696 stituamus
2149 5639 2381 5710 aliquem
2414 5641 2792 5696 fornicator-em
2813 5679 2826 5705 ,
2857 5627 3228 5699 inmundum,
3257 5632 3412 5686 luxu-
