3956 6326
534 271 669 326 1547

1176 270 1237 325 Β.
1281 270 1534 327 RABANI
1572 270 1790 329 MAURI
1828 273 2144 330 ABCHIEP.
2187 275 2494 336 MOGUNT.
2536 279 2820 337 OPERUM
2859 281 3038 336 PARS
3077 283 3162 337 lll.

3673 283 3800 340 [5&3

529 385 754 448 riosum,
797 397 1041 448 avarum,
1078 384 1396 450 veneﬁcum,
1439 383 1852 449 discordiosum,
1885 393 2107 440 eonten-
2132 389 2182 448 Α
2211 397 2291 443 tes
2315 390 2483 445 multo
2514 392 2748 461 majores
2769 394 2979 448 numeri
3002 409 3162 462 quam
3193 402 3250 448 tu
3274 408 3336 448 es
3361 403 3419 450 et
3447 395 3798 458 robustioris,

530 475 750 538 tiosum,
779 472 1114 538 seditiosum,
1148 475 1406 536 invidum.
1446 475 1742 538 ebriosum,
1775 485 2105 530 comessato-

531 579 644 618 rem
666 604 681 628 ,
711 562 1032 618 catholicum
1067 581 1080 618 :
1112 564 1354 633 nunquid
1389 571 1606 634 propter
1634 565 1738 618 hoc
1765 564 1938 618 solum
1963 565 2106 634 quod

527 655 825 737 catholipus
847 663 950 721 est,
981 671 1202 726 regnum
1233 656 1326 709 Dei
1355 656 1669 724 possidebit,
1696 671 1860 725 agens
1888 657 2011 710 talia
2039 657 2106 712 de

527 746 724 814 quibus
748 745 827 800 sic
853 745 1125 800 concludit
1163 745 1451 815 Apostolus
1484 762 1496 798 :
1533 764 1551 794 ι
1584 745 1712 812 Qtue
1744 746 1980 814 praedico
2007 762 2103 800 vo-

525 837 631 901 bis,
656 839 798 892 sicut
824 837 1066 907 praedixi,
1098 838 1352 906 quoniam
1384 837 1474 906 qui
1508 837 1632 891 talia
1659 846 1845 908 agunt,
1877 853 2105 908 regnum

527 928 622 982 Dei
655 943 760 983 non
799 935 1196 996 consequentur
1229 925 1370 997 (Gal.
1404 943 1458 991 v,
1488 926 1613 997 2|);
1645 945 1663 978 ι
1688 935 1743 981 et
1773 927 1898 981 alibi
1934 927 2101 981 dicit:

531 1040 551 1071 ι
596 1022 708 1076 lloc
745 1028 926 1074 autem
979 1020 1172 1076 scitote
1213 1026 1601 1089 cognoscentes
1644 1019 1895 1089 quoniam
1931 1019 2107 1074 omnis

527 1108 827 1170 fornicator
864 1118 956 1162 aut
985 1109 1292 1164 immundus
1324 1116 1418 1162 aut
1449 1123 1645 1164 avarus
1664 1149 1678 1172 ,
1707 1109 1849 1178 quod
1876 1115 1962 1163 est
1994 1108 2108 1162 ido-

497 1186 702 1256 'lorum
751 1200 1013 1261 servitus,
1063 1213 1170 1253 non
1222 1198 1383 1253 habet
1427 1198 1795 1252 haereditatem
1838 1197 1892 1250 in
1941 1211 2107 1266 regno

525 1291 726 1347 Christi
765 1300 819 1346 et
859 1291 953 1344 Dei
984 1290 1142 1360 (Eph.
1179 1306 1233 1353 v,
1264 1290 1338 1359 5).
1378 1309 1397 1341 ι
1429 1289 1606 1343 Verax
1640 1296 1722 1343 est
1749 1288 1894 1342 enim
1934 1287 2108 1342 sancti

526 1382 710 1438 Jacobi
759 1381 988 1451 apostoli
1027 1381 1295 1436 sententia
1319 1421 1334 1444 ,
1376 1395 1483 1449 qua
1515 1378 1648 1434 dicit
1689 1397 1702 1433 :
1739 1397 1758 1430 α
1793 1378 1955 1432 Fides
1990 1379 2108 1433 sine

527 1474 782 1544 operibus
805 1475 978 1530 otiosa
1007 1482 1090 1530 est
1119 1473 1259 1546 (Jac.
1289 1489 1360 1538 ιι,
1394 1472 1464 1526 20
1492 1482 1539 1527 ει
1577 1471 1690 1543 26).
1728 1491 1746 1522 ι
1777 1470 2050 1538 Quaeritur
2075 1486 2106 1524 a

530 1566 711 1632 multis
751 1573 931 1618 utrum
971 1573 1223 1634 parentes
1260 1563 1550 1632 baptizatis
1597 1561 1838 1632 parvulis
1877 1567 2108 1614 noceant

531 1673 654 1710 eum
701 1671 796 1710 eos
833 1655 1218 1709 daemoniorum
1260 1653 1542 1709 sacriﬁciis
1576 1653 1784 1708 sociare
1822 1659 2102 1713 conantur,

2209 479 2600 549 tradideritque
2643 496 2738 535 eos
2777 482 3038 537 Dominus
3083 483 3180 537 tibi
3223 483 3438 552 percuti
3481 499 3590 538 eos
3635 501 3804 554 usque

2205 569 2274 622 ad
2306 569 2755 625 internecionem.
2796 592 2816 622 ι
2845 570 3041 642 (Cass)
3070 571 3292 640 Septem
3331 573 3453 628 ista:
3487 583 3696 642 genta
3725 589 3805 627 εει

2205 668 2350 731 ptem
2391 669 2518 715 sunt
2557 663 2876 732 principalia
2919 664 3085 728 vitia,
3129 679 3249 733 qum
3291 679 3392 732 per
3427 665 3682 734 gratiam
3719 666 3808 719 Dei

2205 751 2574 820 unusquisque
2605 753 2863 822 spiritalis
2884 753 3039 808 miles
3067 768 3399 822 exsuperans
3429 756 3810 809 exterminare

2205 839 2422 908 penitus
2478 841 2838 907 admonetur;
2903 843 3046 911 quod
3109 857 3237 896 vero
3293 845 3536 914 majores
3597 847 3808 897 numeri

2205 945 2328 985 esse
2366 931 2653 996 dicuntur,
2701 932 2818 986 haec
2856 933 2996 987 ratio
3040 942 3126 986 est
3149 973 3163 996 ,
3209 933 3335 1002 quia
3365 934 3528 1002 plura
3565 943 3704 986 sunt
3739 936 3809 985 vi-

2209 1019 2283 1072 tia
2309 1034 2471 1087 quam
2497 1020 2729 1075 virtutes
2748 1061 2762 1084 ,
2792 1028 2849 1074 et
2873 1021 2994 1076 ideo
3028 1025 3081 1076 iu
3119 1023 3365 1091 catalogo
3393 1024 3632 1092 quidem
3661 1024 3809 1076 dina-

2206 1117 2492 1163 merantur
2535 1119 2740 1180 septem
2785 1113 3069 1176 nationes,
3119 1113 3172 1167 in
3223 1115 3644 1184 expugnatione
3687 1129 3808 1169 vere

2205 1211 2393 1251 earum
2431 1199 2549 1252 sine
2581 1199 2792 1254 numeri
2828 1201 3155 1270 ascriptione
3191 1215 3498 1270 ponuntur.
3541 1203 3630 1257 lt:
3669 1207 3808 1257 enim

2207 1289 2444 1344 dicitur:
2482 1307 2500 1339 ι
2543 1289 2611 1344 Ει
2637 1290 2900 1345 deleverit
2945 1302 3136 1361 gentes
3183 1292 3386 1348 multas
3435 1308 3634 1348 coram
3687 1303 3756 1349 te.
3787 1318 3802 1346 ι

2206 1381 2554 1436 Numerosior
2580 1389 2664 1436 est
2696 1381 2839 1435 enim
2871 1397 3030 1450 quam
3066 1382 3232 1436 Israel
3255 1383 3568 1437 carnalium
3603 1387 3808 1454 passio-

2207 1485 2332 1523 num
2363 1469 2612 1539 populus,
2641 1470 2735 1539 qui
2763 1471 2829 1523 de
2855 1470 2958 1524 hoc
2980 1472 3288 1540 septenario
3316 1470 3520 1526 fomite
3548 1473 3804 1528 vitiorum

2205 1575 2271 1615 ac
2295 1561 2478 1614 radice
2506 1561 2772 1629 procedit.
2801 1560 2875 1614 De
2898 1561 3272 1632 gastrimargia
3298 1577 3550 1632 namque
3577 1580 3805 1618 nascun-

2207 1661 2295 1707 tur
2320 1653 2763 1718 comessationes,
2807 1653 3120 1708 ebrietates.
3149 1653 3228 1706 De
3261 1653 3665 1719 fornicatione,
3697 1667 3802 1710 tar—

529 1748 610 1800 vel
637 1755 894 1816 quantum
921 1747 973 1800 in
998 1747 1100 1800 hoc
1125 1746 1225 1815 ipsi
1253 1754 1506 1816 parentes
1531 1743 1864 1812 delinquant.
1889 1741 2103 1796 Plenius
2132 1731 2178 1791 B
2205 1743 2462 1814 piloquia,
2511 1743 2835 1804 scurrilitas.
2885 1743 3091 1799 ludicra
3129 1753 3294 1813 atque
3325 1745 3699 1814 stultiloquia.
3735 1747 3802 1802 De

528 1840 595 1892 de
630 1840 728 1892 hac
753 1854 811 1891 re
836 1848 1055 1893 sanctus
1077 1837 1406 1908 Augustinus
1435 1837 1489 1890 in
1527 1835 1762 1906 Epistula
1790 1835 1855 1889 ad
1883 1834 2101 1890 Bonifa-

529 1931 668 1982 cium
703 1929 1014 1998 episcopum
1039 1927 1106 1982 de
1130 1927 1369 1996 parvulis
1392 1927 1754 1996 requirentem
1786 1925 1975 1980 edocet
2005 1939 2104 1979 nos

528 2022 712 2076 dicens
735 2060 749 2083 ,
779 2020 869 2090 qui
899 2019 1066 2074 semel
1104 2027 1388 2089 generatus
1424 2018 1585 2072 fuerit
1617 2032 1712 2086 per
1727 2016 1964 2070 aliorum
1997 2016 2104 2084 spi-

530 2114 574 2166 ri
585 2113 739 2167 talem
759 2112 1113 2174 voluntatem,
1137 2111 1390 2180 deinceps
1420 2125 1525 2164 non
1553 2121 1710 2178 posse
1735 2107 1950 2162 vinculo
1978 2106 2104 2160 alie-

529 2219 613 2258 nm
643 2203 942 2271 iniquitatis
960 2203 1242 2273 obstringi,
1271 2203 1355 2257 cui
1384 2201 1525 2255 nulla
1553 2216 1650 2255 sua
1679 2199 1952 2254 voluntate
1975 2215 2106 2253 con-

530 2295 712 2349 sentit.
743 2293 1000 2348 Parentes
1031 2303 1211 2348 autem
1238 2291 1321 2346 vel
1351 2293 1676 2360 quicumque
1706 2287 1939 2357 majores
1969 2289 2105 2343 ﬁlios

528 2398 626 2439 seu
675 2383 940 2453 quoslibet
979 2383 1230 2453 parvulos
1263 2381 1565 2451 baptizatos
1597 2380 1985 2434 daamoniorum
2018 2395 2106 2434 sa-

529 2476 749 2546 crilegio
767 2475 1006 2545 obligare
1027 2483 1308 2536 conantur,
1326 2471 1643 2541 spiritaliter
1661 2471 1940 2527 homicida:
1960 2478 2102 2524 sunt.

529 2568 663 2622 Nam
703 2569 755 2622 in
786 2567 892 2620 illis
921 2567 1135 2636 quidem
1159 2564 1589 2620 interfectionem
1619 2578 1726 2618 non
1756 2562 1981 2628 faciunt,
2011 2563 2105 2618 sed

531 2670 788 2730 quantum
815 2660 869 2712 in
905 2659 1034 2728 ipsis
1061 2666 1162 2723 est,
1193 2657 1569 2712 interfectores
1599 2655 1753 2709 ﬁunt.
1796 2654 1962 2709 Multa
2002 2654 2104 2708 alia

529 2760 583 2804 et
613 2747 1020 2803 innumerabilia
1051 2754 1177 2801 sunt
1205 2745 1509 2800 testimonia
1551 2744 1606 2798 in
1627 2743 1928 2798 divinarum
1962 2742 2107 2796 Scri-

529 2849 806 2910 pturarum
858 2835 1178 2891 auctoritate
1215 2836 1283 2891 de
1325 2834 1640 2890 criminibus
1684 2833 2106 2901 mortalibusque

528 2929 797 2997 peccatis,
835 2943 954 2996 quae
997 2927 1052 2980 in
1094 2925 1345 2996 przescnti
1383 2923 1731 2993 excerptione
1759 2931 1943 2976 noster
1973 2935 2107 2990 pau-

527 3019 777 3090 perculus
800 3035 905 3073 non
927 3018 1100 3087 potuit
1123 3015 1375 3086 colligere
1401 3012 1590 3083 stylus.
1617 3003 1786 3066 Nimis
1811 3012 1957 3065 enim
1985 3008 2104 3064 lon-

527 3123 653 3176 gum
697 3115 751 3159 et
793 3105 1020 3159 arduum
1069 3112 1153 3159 est
1185 3106 1347 3158 etiam
1386 3101 1720 3172 sapientibus
1765 3109 1821 3154 et
1863 3099 2104 3169 apprime

528 3197 910 3251 eruditissimis
949 3196 1078 3250 viris
1126 3203 1316 3250 cuncta
1367 3193 1576 3248 Veteris
1624 3191 1867 3259 Novique
1917 3189 2104 3245 Testa-

527 3287 729 3350 menti,
770 3285 1264 3354 catbolicorumque
1292 3283 1662 3338 universorum
1699 3282 1765 3336 de
1804 3280 1905 3334 hac
1933 3288 2105 3335 mate-

528 3375 605 3427 ria
637 3375 889 3444 colligere
914 3374 1056 3428 dicta
1081 3392 1092 3426 :
1119 3383 1319 3443 quanto
1344 3372 1516 3440 magis
1541 3371 1668 3424 mihi
1689 3371 1836 3425 omni
1863 3383 1928 3423 ex
1951 3378 2104 3439 parte

527 3480 779 3518 sermone
803 3474 859 3518 et
882 3465 992 3518 vita
1010 3463 1450 3518 ineruditissimo.
1474 3462 1578 3517 Sed
1599 3463 1725 3530 quia
1743 3470 1944 3516 sancta:
1967 3462 2101 3516 cha-

529 3553 676 3607 ritati
707 3562 809 3606 ttue
836 3553 1168 3618 inobediens,
1197 3560 1254 3606 ut
1279 3554 1459 3618 credo,
1489 3567 1750 3622 apparere
1781 3567 1886 3606 non
1917 3551 2102 3616 debui,

529 3643 846 3712 praesumpsi
875 3642 1016 3697 ultra
1039 3643 1181 3698 vires
1210 3659 1359 3699 meas
1383 3642 1562 3698 facere
1580 3642 1722 3712 quod
1750 3643 1945 3714 peritia
1969 3641 2103 3696 mihi

527 3747 633 3784 nou
682 3734 982 3799 ministrat,
1025 3748 1124 3788 nec
1161 3733 1388 3788 facultas
1427 3734 1649 3799 tribuit,
1680 3748 1780 3788 nec
1815 3733 2104 3790 inﬁrmitas

527 3823 811 3892 permittit.
837 3823 950 3880 Huc
969 3839 1140 3894 usque
1161 3826 1227 3880 de
1251 3825 1506 3895 gravibus
1529 3825 1956 3894 mortalibusque
1978 3841 2105 3895 pec-

527 3913 664 3966 catis
700 3927 767 3967 ex
806 3914 987 3969 multis
1017 3924 1324 3970 sanctarum
1355 3915 1757 3986 Scripturarum
1792 3917 2103 3971 auctoribus

527 4019 696 4072 pauca
725 4013 997 4074 excerpta,
1029 4007 1072 4060 si
1101 4005 1296 4076 placet,
1324 4005 1608 4062 sulﬁciant.
1646 4006 1800 4062 Nunc
1821 4014 2002 4061 autem
2037 4006 2104 4062 de

523 4104 652 4150 Oclo
679 4082 1053 4166 principalium
1091 4098 1342 4152 vitiorum
1364 4100 1574 4171 origine
1601 4114 1898 4168 eorumque
1923 4114 2100 4154 reme-

527 4188 631 4240 diis
665 4196 824 4256 prout
861 4197 1048 4244 auctor
1079 4189 1213 4246 lucis
1247 4200 1461 4245 internae
1491 4192 1594 4246 tuis
1633 4207 1732 4262 pro
1765 4192 1975 4246 meritis
2002 4191 2099 4246 do-

528 4293 660 4332 nare
688 4279 1014 4348 dignabitur,
1045 4281 1334 4335 secundum
1371 4281 1636 4337 modicam
1679 4281 1940 4350 eapacitis
1969 4296 2102 4336 mea

526 4369 798 4432 virtutem,
825 4383 890 4422 ex
921 4378 1232 4424 sanctorum
1259 4370 1478 4427 Patrum
1501 4372 1774 4441 opusculis
1795 4373 2098 4427 testimonia

527 4457 655 4512 huic
681 4459 830 4529 operi
857 4457 1150 4531 adjungere
1171 4462 1490 4531 procurabo.

523 4556 650 4611 CAP.
691 4557 754 4611 ll.
803 4589 873 4598 —
917 4557 994 4610 De
1027 4560 1245 4612 materia
1284 4568 1398 4630 octo
1437 4559 1808 4630 principalium
1853 4561 2097 4616 vitiorum

899 4631 1176 4699 eorumque
1217 4629 1413 4698 origine
1447 4629 1704 4684 sabulum.

595 4715 824 4771 Humani
857 4719 1071 4788 generis
1095 4728 1308 4774 creator
1335 4731 1392 4774 et
1415 4721 1662 4776 conditor
1684 4723 1845 4788 Deus,
1877 4733 2098 4793 propter

524 4807 844 4864 immensam
885 4811 1104 4882 pietatis
1142 4828 1252 4868 sua:
1288 4815 1719 4870 misericordiam
1755 4817 1942 4873 volens
1965 4817 2098 4874 libe-

523 4915 644 4954 rare
669 4903 917 4972 populum
946 4920 1101 4958 suum
1131 4921 1162 4959 a
1188 4907 1542 4975 praesentibus
1569 4909 1945 4978 perpetuisque
1971 4925 2089 4963 ma-

521 4989 589 5045 lis
621 4999 674 5046 et
697 4993 766 5046 ad
803 4995 969 5048 vitam
1005 4995 1234 5051 feliciter
1260 4997 1555 5066 perducere
1580 4999 1814 5064 felicem,
1839 5000 1929 5053 dat
1954 5015 2092 5068 prai-

518 5093 676 5153 eepta
705 5099 769 5138 ac
798 5086 1056 5142 salutaria
1096 5089 1298 5143 monita
1330 5105 1450 5158 qua:
1488 5104 1649 5160 agere
1682 5090 1764 5145 vel
1800 5089 2091 5146 observare

521 5176 740 5242 debeat,
783 5177 922 5234 unde
965 5179 1106 5235 inter
1143 5191 1335 5237 caetera
1373 5192 1638 5252 praecepta
1689 5184 2089 5240 Deuteronomii

519 5270 598 5324 ait
624 5270 802 5325 lsraeli
831 5271 1009 5340 (Deut.
1048 5289 1119 5336 vr,
1158 5275 1242 5344 lO)
1270 5293 1282 5328 :
1316 5295 1333 5326 ι
1368 5276 1503 5330 Cum
1532 5276 1891 5331 introduxerit
1917 5287 1969 5332 te
1996 5278 2090 5331 Do-

521 5363 700 5418 minus
747 5365 888 5418 Deus
930 5373 1054 5419 tuus
1101 5366 1154 5418 in
1201 5376 1399 5421 terram
1441 5383 1602 5437 quam
1648 5383 1996 5438 possessurus
2034 5385 2094 5424 es

520 5452 840 5523 iugredieris
877 5464 931 5508 et
972 5455 1230 5509 deleverit
1269 5466 1458 5527 gentes
1496 5459 1692 5512 multas
1729 5475 1911 5514 coram
1954 5470 2006 5515 te
2039 5469 2095 5514 et

518 5539 698 5596 lheum
729 5552 783 5597 et
806 5543 1133 5612 Gergeseum
1154 5555 1209 5600 et
1235 5548 1591 5603 Amorrheum
1613 5559 1667 5604 ct
1689 5549 2010 5606 Canamcum
2040 5560 2094 5606 et

519 5630 837 5687 Fc-rrezeum
869 5642 922 5686 et
953 5634 1155 5688 Eveum
1185 5645 1240 5689 et
1283 5636 1590 5691 llebuzeum
1621 5647 1934 5708 septemque
1963 5659 2089 5711 gen-

2201 1821 2561 1906 philargvria,
2595 1836 2956 1902 mendacium,
2995 1837 3283 1902 fraudatio,
3333 1838 3516 1904 furta,
3551 1842 3796 1910 periuria,

2204 1925 2376 1994 turpis
2404 1924 2540 1979 lucri
2578 1926 2848 1995 appetitus
2872 1965 2888 1990 ,
2929 1925 3059 1981 falsa
3101 1929 3416 1982 testimonia
3443 1969 3460 1992 ,
3515 1932 3796 1994 violente,

2203 2013 2590 2078 inhumanitas,
2643 2031 2706 2070 ac
2733 2017 3021 2085 rapacitas.
3054 2017 3132 2072 De
3175 2019 3288 2082 ira,
3326 2019 3664 2080 homicidia.
3702 2023 3796 2075 ch-

2202 2117 2338 2166 mor,
2365 2112 2420 2158 et
2443 2105 2761 2175 indignatio.
2781 2107 2856 2161 De
2877 2107 3098 2162 tristitia
3123 2123 3342 2173 rancor,
3357 2110 3796 2179 pusillanimitas,

2203 2194 2530 2259 amaritudo,
2556 2194 2883 2264 desperatio.
2917 2196 2993 2252 De
3032 2199 3240 2263 acedia,
3273 2200 3568 2265 otiositas,
3601 2217 3796 2255 sonum»

2203 2283 2394 2350 lentia,
2442 2285 2839 2355 importunitas,
2877 2287 3222 2357 inquietudo,
3255 2291 3616 2360 pervagatio,
3652 2292 3793 2345 insta—

2204 2375 2385 2430 bilitas
2428 2375 2626 2430 mentis
2651 2384 2708 2432 et
2733 2379 3010 2447 corporis,
3044 2380 3352 2435 verbositas
3389 2390 3451 2434 et
3493 2383 3792 2437 curiositas.

2205 2461 2281 2517 De
2312 2463 2648 2544 etencdoxia,
2677 2467 3071 2533 contentiones,
3115 2469 3381 2536 btereses,
3417 2469 3720 2537 iactantia,
3745 2489 3796 2527 ac

2204 2555 2553 2625 praesumptio
2605 2557 2924 2611 novitatum.
2975 2557 3052 2612 De
3104 2559 3360 2628 superbia
3412 2573 3790 2633 eontemptas,

2206 2645 2428 2710 invidia,
2474 2645 2861 2714 inobedientia,
2892 2647 3251 2718 blasphemia,
3279 2656 3684 2719 murmuratio,
3715 2658 3796 2708 de-

2206 2737 2421 2800 tractio,
2465 2736 2677 2806 aliaque
2720 2739 3036 2809 quamplura
3085 2741 3304 2804 similia,
3340 2758 3470 2811 quae
3507 2760 3640 2800 eum
3677 2749 3794 2808 sint,

2205 2829 2378 2884 multo
2399 2827 2622 2897 majoris
2644 2832 2852 2886 numeri
2879 2847 3040 2901 quam
3064 2834 3317 2888 virtutes.
3346 2834 3610 2890 Devictis
3638 2846 3798 2891 tamen

2204 2919 2310 2973 illis
2336 2928 2541 2989 septem
2573 2921 2960 2990 principalibus
3004 2923 3167 2987 vitiis,
3215 2939 3283 2978 ex
3329 2940 3583 2994 quorum
3619 2936 3795 2980 natura

2208 3008 2310 3064 ista
2361 3010 2707 3080 procedunt,
2763 3028 2951 3070 omnes
2992 3015 3241 3083 protinus
3289 3017 3704 3086 conquiescunt
3743 3033 3796 3072 ac

2133 3073 2178 3136 Ο
2206 3073 2467 3170 perpetua
2521 3073 2727 3170 pariter
2775 3117 2898 3157 cum
2954 3073 3041 3158 his
3091 3073 3476 3161 internecione
3541 3108 3790 3163 deleatur.

2206 3191 2361 3258 Quod
2389 3199 2568 3247 autem
2597 3193 2681 3248 bze
2707 3202 2888 3263 pestes
2921 3194 3084 3249 etiam
3105 3194 3456 3252 robustiores
3499 3200 3654 3262 sint,
3698 3215 3794 3253 m-

2205 3282 2403 3339 nifeste
2427 3292 2634 3338 naturae
2655 3285 2823 3354 ipsius
2849 3286 3251 3356 impugnatione
3276 3289 3598 3355 sentimus;
3621 3293 3795 3346 fortius

2205 3375 2351 3429 enim
2387 3375 2582 3429 militat
2628 3375 2682 3428 in
2715 3377 2972 3433 membris
3010 3378 3209 3433 nostris
3257 3380 3572 3437 oblectatio
3603 3387 3792 3453 passio-

2206 3479 2336 3518 num
2363 3465 2662 3519 carnalium
2703 3481 2864 3535 quam
2892 3467 3065 3522 studia
3091 3467 3378 3534 virtutum,
3407 3487 3545 3539 quae
3573 3489 3677 3528 non
3701 3475 3792 3527 nisi

2205 3572 2414 3612 summa
2445 3558 2769 3613 contritione
2811 3560 2992 3613 cordis
3029 3568 3083 3614 et
3115 3562 3367 3630 corporis
3412 3566 3784 3632 acquiruntar.

2206 3647 2358 3715 Quod
2401 3663 2531 3704 vero
2561 3650 2784 3704 istarum
2814 3653 3240 3720 perniciosarum
3267 3657 3529 3725 gentium
3563 3659 3786 3727 regiones

2205 3740 2497 3796 salubriter
2534 3743 2810 3810 possidere
2860 3743 3244 3812 praecipimur,
3292 3746 3369 3799 ita
3429 3747 3782 3818 intelligitur:

2205 3830 2367 3884 habet
2415 3831 2560 3886 enim
2609 3833 3031 3903 unumquodque
3070 3835 3258 3890 vitium
3301 3837 3355 3890 in
3397 3838 3576 3892 conde
3623 3851 3786 3894 nostra

2203 3921 2478 3990 propriam
2508 3923 2797 3978 stationem
2822 3940 2837 3988 ;
2871 3926 2964 3980 sed
2991 3926 3036 3980 si
3062 3941 3185 3980 cum
3223 3925 3450 3983 lsraelis
3476 3931 3702 4000 populo,
3739 3931 3786 3983 id

2205 4020 2306 4076 est,
2355 4013 2646 4068 virtutibus
2673 4024 2863 4069 contra
2894 4031 2953 4070 se
2981 4017 3367 4074 dimicantibus
3421 4020 3636 4075 fuerint
3672 4023 3784 4076 vitia

2205 4113 2454 4173 superata
2475 4146 2489 4169 ,
2519 4104 2693 4160 locum
2721 4121 2879 4175 quem
2925 4109 3025 4162 sibi
3071 4110 3123 4162 iu
3161 4111 3326 4164 corde
3354 4123 3564 4168 nostro
3604 4131 3786 4169 concu-

2202 4195 2480 4264 piscentiae
2541 4196 2624 4250 vel
2699 4194 3074 4252 fornicationis
3138 4198 3368 4268 spiritus
3443 4206 3781 4264 retentabat.

2203 4288 2457 4357 deinceps
2518 4290 2742 4344 castitas
2785 4291 3082 4357 obtinebit;
3157 4307 3319 4361 quem
3368 4293 3535 4350 furor
3583 4307 3784 4367 crepent

2203 4379 2462 4449 patientia
2489 4381 2826 4446 vindicabit;
2852 4397 3010 4451 quem
3042 4382 3260 4436 tristitia
3312 4395 3498 4439 morte
3532 4397 3784 4456 operante

2201 4477 2577 4536 occupaverat,
2619 4469 2870 4524 salutaris
2893 4480 2948 4525 et
2973 4471 3130 4539 plena
3172 4473 3375 4542 gaudio
3419 4474 3622 4530 laetitia
3667 4491 3780 4546 pas-

2201 4559 2431 4625 sidebit;
2459 4575 2620 4628 quem
2647 4563 2829 4616 acedia
2855 4563 3115 4624 vastabat,
3161 4564 3352 4633 incipit
3385 4567 3656 4621 excolere
3683 4568 3779 4621 for‘

2202 4649 2400 4714 titudo;
2433 4665 2591 4720 quem
2615 4653 2864 4722 superbia
2894 4654 3268 4718 conculcabat,
3306 4657 3508 4725 incipit
3545 4659 3782 4713 exmia:

2199 4741 2476 4796 humilitas
2500 4783 2516 4806 ,
2548 4752 2603 4797 et
2630 4743 2706 4798 ita
2732 4743 2956 4815 singulis
2982 4745 3130 4798 vitiis
3153 4744 3397 4815 expulsis
3426 4761 3632 4802 eorum
3654 4749 3778 4808 lea.

2199 4833 2251 4886 id
2273 4840 2376 4896 est,
2411 4833 2635 4888 aﬁ'ectns
2659 4835 2964 4890 contrarios
3009 4835 3361 4905 possidebunt
3389 4836 3495 4890 lilii
3517 4838 3709 4898 Israel,
3737 4839 3780 4891 id

2199 4931 2305 4986 est,
2355 4923 2550 4976 anima:
2593 4923 2838 4978 videntes
2885 4923 3076 4979 Deum.
3124 4923 3253 4977 Illud
3285 4939 3426 4978 vero
3473 4928 3628 4996 quod
3673 4943 3776 4982 cum

2199 5009 2472 5064 Abraham
2521 5011 2586 5065 de
2615 5012 2810 5065 futuris
2845 5011 3105 5066 Dominus
3135 5013 3472 5081 loqueretur,
3516 5031 3630 5069 non
3669 5031 3776 5084 sep-

2201 5111 2305 5154 tem
2337 5108 2523 5170 gentes
2550 5098 2744 5170 legitur
2767 5101 3141 5155 dinumerasse
3169 5101 3262 5154 sed
3289 5102 3514 5167 decem,
3553 5118 3774 5172 quarm

2205 5201 2344 5244 terra
2377 5191 2566 5244 semini
2610 5191 2727 5259 ejus
2767 5190 2940 5244 danda
2985 5191 3321 5260 promittitur
3354 5192 3494 5260 :qui
3525 5207 3778 5246 numerus

2201 5283 2406 5352 adjecta
2442 5283 2742 5336 idololatria
2787 5284 3041 5350 gentium,
3076 5281 3406 5352 blasphemia
3433 5281 3774 5340 Juttmrm.

2193 5387 2380 5444 errore
2409 5373 2804 5434 hmreticorum,
2834 5371 3237 5426 evidentissimc
3266 5369 3626 5440 adimpletur,
3671 5375 3778 5442 qui-

2193 5462 2294 5515 bus
2322 5470 2448 5515 ante
2480 5462 2727 5516 notitiam
2770 5463 2862 5516 Dei
2905 5463 3208 5531 etgratiam
3248 5461 3532 5531 baptismi,
3573 5464 3666 5519 vel
3689 5466 3776 5516 im-

2193 5553 2280 5616 pi'a
2305 5553 2602 5618 gentilium,
2657 5554 2740 5606 vel
2779 5553 3088 5622 blasphema
3134 5551 3444 5606 Judtcorum
3497 5554 3774 5608 multitudo

2195 5642 2434 5701 SUUJccta
2467 5651 2566 5706 ρςι,
2597 5645 2766 5696 donec
2795 5642 3142 5697 intellectuali
3190 5642 3428 5711 .‘Egvpto
3473 5659 3774 5700 commm-
