3956 6326
188 330 322 388 ιω

1143 324 1230 384 DE
1266 325 1467 387 VlTllS
1502 324 1591 383 ET
1633 323 2067 384 VIRTUTIBUS.
2103 354 2171 367 —-
2210 323 2335 381 Lm.
2375 320 2458 380 Ill.

3304 324 3443 380 1550

186 451 292 498 tur.
326 438 386 495 Si
421 446 605 495 autem
653 434 1044 494 abrenuntians
1091 439 1214 509 quis
1261 449 1317 496 et
1341 452 1593 511 egressus
1640 437 1765 494 inde
1794 443 1841 503 Α
1866 447 1971 505 est;
2001 438 2132 495 item
2166 438 2273 495 alio
2317 438 2456 504 loco,
2508 450 2633 492 cum
2673 437 2745 492 sit
2788 439 3041 510 superbia
3086 441 3355 510 posterior
3387 442 3441 496 in

188 544 284 601 per
328 527 425 583 Dei
455 527 684 599 gratiam
714 527 783 582 ad
817 542 1061 583 eremum
1085 529 1397 599 pervenerit
1441 527 1759 598 spiritalem,

186 619 267 687 de.
292 617 700 687 impugnatione
744 616 908 672 trium
952 617 1193 687 gentium
1240 616 1522 682 liberatur,
1573 624 1762 674 contra

182 719 393 782 septem
422 718 633 766 tantum
656 725 779 782 qua:
801 725 901 781 per
927 710 1149 782 Moysen
1182 710 1596 767 dinumerantur
1623 711 1764 769 bella

183 804 462 876 suscipiet.
486 804 763 860 Hactenus
792 806 909 860 haec
929 819 1102 875 pauca
1126 805 1193 860 de
1220 813 1346 861 octo
1375 805 1765 878 principalibus

183 895 332 950 vitiis
375 893 621 950 Cassiani
675 893 1053 950 facundissimi
1098 894 1338 951 doctoris
1390 904 1517 951 sunt
1577 896 1760 962 dicta,

181 986 443 1056 quaeritur
478 993 659 1041 autem
692 1000 792 1040 cur
818 985 1112 1041 Cassianus
1150 994 1206 1040 et
1240 984 1537 1058 Gregorius
1575 988 1629 1041 in
1659 985 1764 1042 Ca-

182 1074 361 1146 talogo
406 1076 722 1131 eorumdem
778 1075 1159 1146 principalium
1209 1076 1467 1132 vitiorum
1522 1077 1664 1132 inter
1703 1092 1765 1134 se

184 1165 528 1231 dissentiant,
560 1165 637 1220 ita
660 1174 717 1221 ut
750 1164 1041 1222 Cassianus
1082 1166 1137 1221 in
1165 1180 1354 1222 eorum
1379 1182 1605 1222 numero
1644 1168 1766 1238 pllio

183 1254 471 1328 largyriam
503 1267 558 1313 et
602 1258 843 1314 acediam
892 1258 1209 1315 adnumeret
1246 1273 1262 1313 :
1293 1268 1513 1315 econtra
1564 1259 1769 1332 Grego-

183 1346 299 1402 rius
325 1362 430 1402 non
459 1346 575 1404 lirec
604 1350 712 1403 duo
738 1347 889 1414 vitia,
921 1346 1310 1420 philargyriam
1331 1349 1539 1405 scilicet
1560 1358 1615 1405 et
1638 1366 1764 1406 ace—

182 1437 327 1492 diam
359 1438 413 1492 in
441 1454 628 1493 eorum
652 1428 805 1510 ponit
848 1452 1096 1505 numero,
1125 1440 1219 1495 sed
1248 1440 1507 1496 invidiam
1548 1450 1600 1498 et
1639 1457 1766 1496 ava-

191 1527 374 1582 ritiam
403 1528 543 1583 inter
564 1528 751 1584 eadem
774 1529 1094 1585 adnumerat
1119 1530 1271 1596 vitia,
1302 1532 1445 1601 quod
1469 1532 1766 1588 Cassianus

185 1620 490 1677 nullatenus
514 1621 673 1688 facit;
703 1621 778 1677 ait
812 1622 960 1677 enim
1006 1621 1303 1678 Cassianus
1327 1623 1470 1694 quod
1508 1624 1768 1680 adversus

1865 531 2058 587 ordine
2085 530 2454 596 conﬂictuum,
2499 530 2708 602 origine
2737 538 2917 588 tamen
2961 534 3292 591 anteriorem
3324 547 3447 592 esse

1864 622 2107 677 omnium
2153 630 2501 692 peccatorum
2543 630 2602 677 et
2647 621 2939 676 criminum
2978 623 3334 695 principium,
3388 633 3449 681 et

1865 719 2183 769 cunctarum
2205 710 2626 767 interfectricem
2647 712 2928 767 virtutum.
2950 712 3163 769 Abhinc
3181 715 3446 785 quemad-

1864 802 2086 857 modum
2112 802 2229 872 ipsa
2250 810 2375 858 octo
2401 801 2717 874 principalia
2744 802 2874 857 vitia
2902 816 3199 874 eorumque
3225 805 3441 861 soboles

1866 906 1899 947 a
1929 892 2091 947 beato
2126 890 2270 962 Papa
2299 891 2563 964 Gregorio
2592 892 2647 947 in
2674 892 3011 962 expositione
3035 893 3178 950 beati
3200 892 3322 962 Job,
3346 910 3446 966 po—

1866 983 1971 1038 sita
1991 993 2115 1037 sunt
2142 989 2197 1037 et
2221 983 2513 1038 ordinatim
2537 981 2779 1052 praeﬁxa,
2796 982 3020 1054 iuvante
3046 984 3294 1049 Domino,
3323 1000 3448 1056 per-

1866 1088 2177 1133 seauamur.
2207 1073 2300 1129 Ait
2319 1074 2462 1129 enim
2487 1091 2501 1128 :
2529 1073 2671 1129 Vitia
2699 1074 2897 1145 quippe
2914 1076 3175 1131 tentantia
3200 1092 3322 1147 qua:
3358 1077 3446 1133 in—
3482 1124 3493 1133 .

1866 1163 2065 1219 visibili
2094 1172 2281 1220 contra
2308 1178 2408 1219 nos
2435 1163 2619 1234 praelio
2649 1174 2950 1237 repugnant
2977 1182 3139 1238 super
3174 1180 3233 1222 se
3261 1181 3450 1238 super-

1866 1256 1971 1312 bia:
1999 1255 2255 1322 militant,
2300 1255 2405 1313 alia
2435 1271 2587 1312 more
2622 1256 2817 1313 ducum
2848 1266 3113 1328 prmeunt,
3153 1259 3257 1314 alia
3296 1273 3448 1315 more

1868 1347 2162 1412 exercitus,
2204 1347 2626 1417 subsequuntur,
2648 1348 2763 1419 ipsa
2790 1364 3022 1420 namque
3063 1352 3316 1407 vitiorum
3358 1366 3447 1407 re-

1862 1439 1993 1510 gina
2040 1438 2323 1510 superbia,
2365 1453 2489 1495 cum
2545 1440 2815 1496 devictum
2858 1442 3017 1511 plene
3059 1458 3154 1499 eor
3197 1444 3446 1514 cmperit,

1864 1542 1995 1583 mox
2017 1527 2146 1583 illud
2172 1536 2381 1599 septem
2424 1528 2812 1600 principalibus
2841 1530 2989 1588 vitiis
3025 1533 3180 1603 quasi
3227 1534 3449 1604 quibus-

1868 1622 1993 1676 dam
2028 1620 2142 1675 suis
2171 1619 2403 1676 ducibus
2434 1622 2821 1678 devastandum
2872 1624 3054 1689 tradit,
3100 1640 3239 1696 quos
3264 1625 3453 1682 videli-

183 1712 639 1783 octoprincipalia
666 1710 1129 1781 vitia,adjuvante
1149 1713 1400 1781 Domino,
1423 1713 1761 1770 colluctatio-
1868 1717 1957 1764 cet
1985 1709 2152 1764 duces
2199 1710 2471 1765 exercitus
2517 1711 2784 1781 sequitur,
2833 1714 2961 1781 quia
3019 1728 3087 1768 ex
3134 1714 3201 1769 iis
3264 1714 3450 1785 procul

184 1818 310 1860 nem
339 1803 597 1860 debemus
642 1804 903 1875 arripere.
957 1802 1095 1859 Sunt
1119 1813 1301 1860 autem
1345 1806 1459 1860 haec
1494 1806 1763 1876 :primum

1870 1799 2036 1855 dubio
2082 1799 2410 1870 importuna:
2458 1800 2715 1888 vitiorum
2752 1802 3125 1859 multitudines
3174 1805 3447 1869 oriuntur,

184 1894 576 1966 gastrimargite
596 1894 807 1959 vitium,
834 1894 979 1965 quod
994 1894 1386 1964 interpretatur
1402 1894 1541 1967 gula:
1564 1912 1763 1952 concu-
1862 1891 2015 1962 quod
2042 1893 2236 1949 melius
2263 1894 2623 1959 ostendimus,
2644 1893 2690 1949 si
2716 1894 2863 1964 ipsos
2884 1894 3069 1961 duces,
3098 1905 3263 1966 atque
3282 1909 3447 1951 excr-

183 1984 446 2058 piscentia
469 1985 554 2040 vel
583 1985 844 2056 ingluvies
865 1984 1101 2050 ventris;
1136 1985 1429 2041 secundum
1455 1985 1762 2041 fornicatio—
1866 1983 2011 2039 citus
2050 1991 2111 2038 ut
2149 1999 2438 2054 possumus
2465 1984 2831 2039 enumerando
2870 1983 3228 2055 proferamus.
3270 1984 3448 2039 Radix

185 2075 302 2140 nis;
333 2075 550 2130 tertium
576 2074 952 2147 pbilargyrize,
982 2074 1125 2144 quod
1163 2074 1481 2146 intelligitur
1514 2077 1763 2141 avaritia,

183 2168 291 2234 vel,
314 2175 375 2222 ut
398 2166 650 2268 proprius
668 2167 1021 2237 exprimatur,
1039 2181 1192 2223 amor
1215 2167 1477 2237 pecuniae.
1502 2166 1763 2235 Quartum

186 2259 302 2325 iras,
355 2257 600 2328 quintum
655 2258 925 2324 tristitim,
976 2270 1190 2312 sextum
1240 2257 1457 2322 acedize,
1494 2259 1637 2329 quod
1681 2267 1766 2314 est

186 2347 432 2403 anxietas
456 2347 569 2402 sive
599 2347 815 2402 tzrdium
839 2345 1051 2413 cordis;
1077 2346 1367 2417 septimum
1406 2349 1761 2413 coenodoxim,

185 2439 331 2509 quod
362 2439 748 2507 interpretatur
783 2453 922 2491 vana
952 2437 1155 2509 gloria;
1191 2446 1442 2493 octavum
1471 2438 1759 2507 superbiae.

184 2528 384 2585 Beatus
426 2536 604 2584 autem
645 2528 788 2600 Papa
828 2526 1121 2599 Gregorius
1164 2528 1238 2584 ita
1282 2528 1600 2600 principalia
1629 2529 1761 2585 vitia

186 2621 493 2675 dinumerat
515 2628 571 2674 et
593 2619 850 2675 describit
878 2620 934 2674 in
961 2619 1153 2676 ordine
1181 2638 1192 2674 :
1215 2619 1458 2674 Primum
1487 2619 1761 2690 superbia,

187 2710 481 2767 secundum
504 2710 678 2766 inanis
701 2709 889 2781 gloria,
910 2710 1128 2766 tertium
1150 2709 1372 2775 invidia,
1386 2719 1638 2780 quartum
1659 2711 1761 2777 ira,

187 2801 437 2871 quintum
465 2800 704 2864 tristitia,
734 2808 946 2855 sextum
968 2799 1217 2865 avaritia,
1239 2788 1536 2871 septimum
1556 2799 1764 2855 ventris

187 2890 469 2960 ingluvies,
493 2901 746 2948 octavum
758 2890 992 2945 luxuria.
1008 2889 1194 2946 Soluta
1208 2899 1288 2946 est
1300 2898 1483 2946 autem
1493 2891 1765 2947 veraciter

184 2982 255 3037 ab
277 2982 502 3038 eruditis
526 2981 837 3038 doctoribus
856 2982 933 3036 ita
954 2981 1070 3037 haec
1089 2981 1316 3053 quzestio
1341 3000 1354 3037 :
1377 2982 1647 3051 Avaritia,
1673 2982 1761 3037 in-

182 3073 400 3145 quiunt,
448 3088 569 3145 quae
598 3073 651 3128 in
677 3072 869 3129 Graeco
911 3073 1109 3129 dicitur
1136 3073 1489 3147 philargyria.
1521 3075 1677 3133 Unde
1707 3088 1763 3134 et

1867 2075 2066 2146 quippe
2099 2075 2278 2130 cuncti
2316 2074 2442 2129 mali
2482 2074 2734 2144 superbia
2781 2082 2888 2141 est,
2918 2074 2987 2130 de
3026 2090 3132 2145 qua
3170 2073 3451 2144 Scriptura

1866 2170 2159 2219 attestante
2203 2164 2405 2218 dicitur
2438 2181 2451 2217 :
2485 2186 2503 2215 ς
2542 2162 2760 2217 initium
2795 2162 2974 2218 omnis
3012 2163 3223 2234 peccati
3261 2177 3451 2232 super-

1862 2253 1952 2308 bia
1977 2252 2147 2324 (Eccl.
2178 2270 2232 2319 x,
2268 2254 2334 2309 15
2357 2253 2397 2324 ).
2430 2274 2449 2306 ι
2480 2253 2556 2309 De
2586 2255 2690 2310 hac
2730 2268 2944 2324 quoque
2972 2253 3238 2311 virulenta
3267 2253 3451 2309 radice

1863 2350 2071 2413 septem
2103 2344 2427 2414 principalia
2459 2344 2590 2398 vitia
2621 2342 2992 2415 proferuntur,
3029 2343 3239 2401 scilicet
3270 2344 3451 2400 inanis

1863 2432 2059 2502 gloria,
2083 2433 2304 2499 invidia,
2344 2435 2445 2497 ira,
2474 2434 2718 2499 tristitia,
2750 2434 3000 2497 avaritia,
3026 2433 3237 2489 ventris
3276 2432 3452 2503 inglu-

1862 2526 1999 2590 vies,
2046 2525 2283 2581 luxuria.
2318 2525 2453 2581 Nam
2476 2529 2603 2596 quia
2641 2526 2728 2582 bis
2751 2534 2961 2596 septem
2989 2527 3256 2597 superbia:
3301 2526 3449 2583 vitiis

1864 2632 1967 2677 nos
1994 2625 2183 2687 captos
2215 2616 2408 2683 doluit,
2431 2616 2634 2677 idcirco
2658 2616 2994 2687 Redemptor
3016 2624 3205 2674 noster
3229 2616 3299 2672 ad
3326 2617 3441 2687 spi-

1866 2707 2394 2765 ritalisliberationis
2420 2707 2665 2778 praelium
2706 2706 2912 2777 Spiritu
2948 2706 3283 2779 septiformis
3318 2722 3445 2777 gra—

1864 2795 1956 2851 tiae
1998 2795 2191 2866 plenus
2231 2795 2397 2850 venit.
2443 2794 2549 2853 Sed
2597 2795 2799 2851 habent
2842 2802 3034 2851 contra
3079 2795 3196 2850 haec
3238 2793 3449 2864 singula

1862 2887 2164 2943 exercitum
2190 2901 2368 2941 suum.
2402 2884 2537 2939 Nam
2554 2885 2622 2940 de
2647 2884 2792 2939 inani
2824 2884 2997 2955 gloria
3024 2886 3138 2940 haec
3156 2884 3444 2939 oriuntur:

1867 2974 2233 3031 inobedientia
2259 3015 2275 3041 ,
2326 2972 2609 3042 iactantia,
2665 2974 2995 3046 hypocrisis,
3049 2973 3446 3039 contentiones,

1866 3066 2198 3138 pertinaciae,
2235 3065 2519 3122 discordiae
2544 3073 2600 3121 et
2620 3064 2944 3121 nominatim
2972 3065 3455 3137 praesumptiones.

182 3164 516 3222 Cassianus:
545 3165 662 3222 Non
691 3166 864 3222 solum
890 3180 1008 3221 eam
1033 3166 1322 3237 Apostolus
1361 3169 1598 3225 radicem
1640 3185 1762 3228 esse

1865 3158 1945 3214 De
1971 3156 2198 3224 invidia,
2226 3158 2434 3224 odium,
2474 3157 2796 3223 susurratio,
2843 3157 3125 3224 detractio,
3159 3156 3450 3214 exsultatio

182 3255 424 3311 omnium
459 3256 741 3312 malorum.
765 3271 952 3312 verum
974 3257 1137 3313 etiam
1160 3257 1424 3313 idolorum
1448 3257 1763 3316 servitutem

182 3349 572 3417 pronuntiavit,
592 3347 776 3405 dicens
801 3367 814 3404 :
843 3348 912 3404 Et
935 3351 1179 3416 avaritia,
1202 3350 1345 3420 quod
1376 3350 1430 3405 in
1458 3349 1648 3407 Gnaeo
1677 3351 1764 3407 di-

178 3442 325 3495 citur
350 3441 699 3513 philargyria,
745 3461 764 3494 ι
795 3457 917 3513 quae
953 3451 1038 3497 est
1073 3443 1491 3499 simulacrorum
1522 3445 1763 3501 servitus

184 3530 343 3601 (Col.
390 3546 474 3596 ιιι,
500 3531 590 3602 5).
624 3551 644 3584 ι
677 3531 861 3587 Claret
885 3540 1068 3586 autem
1092 3533 1221 3603 quia
1260 3534 1317 3588 hi
1351 3534 1458 3589 duo
1488 3535 1760 3599 doctores,

182 3623 481 3695 Gregorius
511 3632 566 3681 et
592 3625 906 3689 Cassianus,
954 3628 1201 3695 quamvis
1226 3645 1365 3685 unus
1394 3629 1603 3685 diceret
1637 3631 1763 3701 phi—

180 3716 499 3786 largyriam,
542 3714 679 3770 alter
725 3715 1038 3783 avaritiam,
1087 3718 1393 3774 nullatenus
1426 3720 1570 3775 inter
1609 3736 1669 3776 se
1708 3721 1764 3775 in

182 3807 291 3862 hoc
316 3806 536 3862 nomine
564 3806 1044 3877 discrepaverunt,
1075 3809 1202 3878 quia
1230 3824 1395 3864 unum
1420 3820 1504 3865 est
1534 3813 1765 3868 avaritia

183 3906 245 3953 et
268 3896 617 3969 pbilargyria.
658 3897 919 3954 Invidiam
949 3907 1130 3954 autem
1157 3915 1320 3971 quam
1349 3898 1641 3958 Cassianus
1679 3905 1764 3959 in-

184 3998 270 4045 ter
292 3999 487 4046 caztera
515 3990 648 4045 vitia
693 4004 799 4046 non
827 3990 1221 4057 dinumeravit,
1260 3992 1445 4048 dicunt
1479 3994 1580 4049 sub
1611 3995 1766 4051 titulo

182 4081 450 4150 superbiae
489 4096 609 4136 eam
664 4082 1014 4148 intellexisse,
1049 4083 1170 4139 ideo
1207 4085 1333 4154 quia
1381 4085 1628 4142 diabolus
1669 4102 1768 4158 per

180 4169 495 4241 superbiam
542 4171 609 4227 de
643 4172 782 4228 cmlo
815 4173 1124 4237 decidisset,
1155 4175 1445 4233 invidendo
1487 4186 1665 4234 autem
1699 4180 1769 4234 de‘

180 4263 405 4319 sedibus
431 4264 688 4334 paradisi,
718 4265 923 4335 primos
942 4267 1193 4324 homines
1212 4269 1530 4339 expulisset,
1566 4274 1636 4328 ob
1660 4273 1766 4329 hoc

178 4368 353 4409 unum
398 4353 585 4410 volunt
616 4369 741 4411 esse
783 4357 1061 4425 morbum;
1111 4360 1252 4415 unde
1286 4360 1522 4433 Prosper
1543 4364 1660 4419 ait:
1705 4363 1763 4418 ln

176 4452 398 4499 tantum
434 4460 601 4500 unum
623 4454 708 4502 est
755 4446 953 4502 malum
982 4456 1042 4502 ut
1073 4464 1175 4505 nec
1211 4452 1477 4520 superbus
1516 4454 1634 4509 sine
1679 4456 1765 4511 in-

1866 3248 1922 3307 in
1948 3248 2192 3305 adversis
2239 3247 2512 3319 proximi,
2569 3247 2788 3305 aﬂlictio
2834 3258 3017 3305 autem
3065 3249 3120 3304 in
3174 3244 3451 3320 prosperis

1865 3340 2143 3406 nascitur;
2186 3340 2254 3396 de
2296 3339 2378 3394 ira
2400 3339 2552 3405 rixae,
2589 3347 2769 3396 tumor
2808 3339 3040 3406 mentis,
3086 3329 3447 3405 contumeliae,

1867 3430 2094 3498 clamor,
2150 3429 2484 3497 indignatio,
2533 3429 2901 3501 blasphemiae,
2947 3429 3331 3502 proferuntur;
3382 3430 3450 3486 de

1866 3520 2109 3587 tristitia,
2141 3521 2366 3586 malitia,
2401 3535 2619 3587 rancor,
2650 3520 3091 3591 pusillanimitas,
3121 3520 3445 3592 desperatio,

1864 3618 2053 3681 torpor
2093 3611 2239 3666 circa
2280 3619 2564 3681 praecepta,
2609 3610 2827 3681 vagatio
2865 3611 3063 3667 mentis
3088 3624 3219 3681 erga
3256 3609 3447 3666 illicita

1864 3702 2126 3774 nascitur.
2158 3703 2231 3758 De
2259 3701 2508 3767 avaritia,
2540 3702 2795 3772 proditio,
2841 3700 3010 3763 fraus.
3039 3701 3276 3767 fallacia,
3319 3717 3446 3771 per-

1858 3792 2039 3862 juria,
2089 3793 2436 3862 inquietudo,
2475 3792 2767 3857 violentiae,
2811 3800 2869 3847 et
2913 3800 3102 3847 contra
3141 3792 3451 3848 miscricor-

1865 3883 2013 3938 diam
2052 3884 2440 3939 obdurationes
2486 3881 2669 3939 cordis
2710 3884 2991 3947 oriuntur;
3032 3882 3100 3938 de
3122 3884 3330 3940 ventris
3367 3884 3451 3939 in-

1866 3973 2063 4047 gluvie,
2098 3975 2279 4046 inepta
2322 3974 2533 4040 laetitia,
2563 3974 2885 4040 scurrilitas,
2920 3976 3287 4043 immunditia,
3310 3977 3451 4032 mul-
3487 4042 3499 4049 δ

1869 4065 2175 4135 tiloquium,
2205 4066 2473 4121 bebetudo
2496 4082 2690 4123 sensus
2714 4067 2861 4123 circa
2885 4066 3294 4137 intelligentiam
3317 4084 3447 4139 pro-

1865 4168 2115 4230 pagatur;
2138 4160 2204 4214 de
2227 4158 2461 4226 luxuria,
2484 4159 2702 4215 caecitas
2722 4160 2944 4225 mentis,
2964 4160 3447 4227 inconsiderantia,

1867 4252 2252 4316 inconstantia,
2279 4252 2652 4322 praecipitatio,
2670 4267 2825 4308 amor
2853 4252 2957 4320 sui,
2981 4252 3168 4308 odium
3190 4251 3451 4319 Dei,aﬂ‘c-

1866 4351 1986 4399 ctus
1997 4342 2279 4411 praesentis
2292 4342 2498 4408 smeuli,
2522 4343 2715 4398 horror
2729 4342 2811 4398 vel
2832 4342 3138 4412 desperatio
3158 4341 3326 4397 futuri
3353 4357 3448 4412 ge-

1867 4440 2112 4488 neratur.
2142 4432 2279 4499 Quia
2315 4448 2446 4504 ergo
2482 4445 2688 4504 septem
2714 4433 3030 4505 principalia
3062 4441 3263 4489 tantam
3286 4434 3354 4490 de
3387 4450 3449 4491 se

176 4534 351 4600 vidia'
404 4549 504 4590 nec
546 4535 757 4592 invidus
805 4538 923 4594 sine
972 4541 1224 4611 superbia
1269 4514 1440 4612 13055“
1486 4545 1713 4601 inveniri
1745 4565 1760 4601 ε
1797 4514 2125 4580 Dvitiorum
2164 4523 2565 4581 multitudinem
2615 4525 2913 4594 proferunt,
2957 4540 3082 4581 cum
3126 4526 3194 4581 ad
3237 4542 3333 4582 cor
3356 4542 3451 4582 ve-

175 4623 445 4680 Acediam
496 4633 675 4680 autem
735 4627 878 4683 unde
931 4627 1229 4701 Gregorius
1294 4633 1349 4687 in
1404 4649 1566 4705 supra
1620 4635 1763 4691 dicta

176 4712 563 4784 principalium
590 4715 841 4772 vitiorum
865 4719 1296 4778 dinumeratione
1319 4722 1395 4777 nil
1420 4724 1581 4790 dixit,
1612 4727 1765 4781 aiunt

174 4817 308 4857 eam
348 4803 449 4860 sub
477 4805 711 4860 tristitia:
740 4808 956 4863 nomine
993 4809 1293 4882 intelligere
1326 4814 1585 4881 voluisse,
1619 4817 1763 4872 unde

176 4899 238 4948 et
286 4890 579 4951 Cassianus
609 4913 621 4950 :
651 4896 875 4964 Acedia,
922 4914 1085 4968 quam
1128 4916 1250 4966 nos,
1301 4902 1496 4972 inquit,
1544 4907 1760 4962 taedium

175 4981 302 5037 sive
331 4983 657 5040 anxietatem
691 4986 873 5043 cordis
912 5004 1201 5058 possumus
1241 5007 1551 5065 nuncupare
1589 4995 1762 5053 aliinis

175 5081 269 5129 est
302 5072 553 5129 tristitiae.
585 5074 681 5131 His
709 5086 887 5131 autem
935 5081 1224 5136 sententiis
1247 5082 1536 5140 manifeste
1560 5087 1761 5156 proba-

174 5170 273 5217 tur
317 5163 444 5233 quia
474 5162 767 5233 Gregorius
800 5175 855 5221 et
874 5165 1167 5226 Cassianus
1191 5171 1259 5227 de
1298 5179 1422 5243 octo
1450 5174 1763 5247 principali-

172 5255 286 5310 bus
320 5256 466 5312 vitiis
507 5256 849 5314 uniformiter
884 5270 1193 5319 senserunt.
1235 5264 1505 5333 Quaeritur
1548 5274 1603 5323 et
1630 5268 1761 5324 illud

173 5358 282 5401 cur
301 5345 597 5418 Gregorius
629 5348 683 5402 in
712 5349 827 5418 ipsa
852 5351 1111 5407 vitiorum
1157 5355 1605 5415 adnumeratione
1644 5360 1760 5430 pri-

172 5450 332 5491 mum
345 5437 536 5492 vitium
565 5440 872 5509 superbiam
895 5443 1068 5511 ponit,
1097 5452 1153 5500 et
1176 5443 1463 5503 Cassianus
1482 5449 1757 5516 ultimum,

173 5527 301 5597 ipse
326 5526 470 5581 enim
498 5527 664 5584 dicit:
690 5528 845 5585 Licet
878 5533 1099 5591 morbus
1142 5537 1410 5605 superbiae
1436 5546 1664 5594 octavus
1704 5548 1762 5595 ct

168 5617 409 5673 ultimus
454 5618 545 5684 sit,
594 5620 648 5674 in
694 5620 947 5678 conﬂictu
981 5623 1235 5680 vitiorum
1278 5638 1441 5698 atque
1475 5630 1529 5684 in
1566 5633 1761 5687 ordine

174 5718 418 5778 ponatur
442 5716 738 5775 extremus,
765 5712 971 5784 origine
999 5723 1178 5772 tamen
1209 5726 1262 5772 et
1292 5727 1533 5783 tempore
1557 5722 1763 5779 erimus

1870 4619 2045 4684 niunt,
2096 4617 2251 4687 quasi
2306 4617 2687 4688 subsequentis
2732 4619 3006 4674 exercitus
3047 4624 3292 4674 catervas
3339 4627 3451 4674 tra-

1868 4707 2026 4772 liunt,
2055 4722 2120 4762 ex
2150 4708 2347 4777 quibus
2373 4708 2625 4764 videlicet
2658 4716 2864 4778 septem
2893 4709 3132 4779 quinque
3158 4709 3444 4780 spiritalia,

1868 4798 2080 4866 duoque
2128 4796 2365 4852 carnalia
2419 4806 2580 4863 sunt,
2639 4798 2733 4852 sed
2783 4799 3203 4869 unumquodque
3252 4814 3443 4856 eorum

1868 4896 2018 4943 tanta
2058 4889 2160 4944 sibi
2190 4888 2515 4960 cognatione
2529 4887 2789 4958 .jungitur
2813 4897 2873 4944 ut
2901 4904 3009 4945 non
3044 4891 3149 4945 nisi
3180 4906 3346 4947 unum
3376 4893 3446 4948 de

1867 4978 2040 5034 altero
2075 4978 2419 5049 proferatur;
2454 4980 2626 5050 prima
2655 4994 2889 5050 namque
2924 4981 3189 5051 superbiae
3230 4982 3449 5039 soboles

1865 5067 2045 5124 inanis
2078 5078 2164 5124 est
2188 5070 2382 5141 gloria,
2423 5086 2544 5140 qua:
2571 5071 2698 5126 dum
2720 5087 3031 5142 oppressam
3056 5084 3291 5131 mentem
3323 5089 3445 5131 cor-

1865 5160 2096 5229 ruperit,
2143 5176 2269 5216 mox
2313 5161 2570 5219 invidiam
2614 5163 2802 5235 gignit,
2848 5165 2977 5236 quia
3022 5167 3274 5224 nimirum
3312 5169 3441 5223 dum

1863 5252 1988 5325 vani
2018 5253 2253 5308 nominis
2281 5255 2575 5323 potentiam
2604 5257 2828 5328 appetit,
2875 5272 2944 5314 ne
2973 5261 3098 5330 quis
3132 5262 3272 5316 hanc
3303 5260 3445 5316 alius

1862 5341 2086 5410 adipisci
2125 5343 2300 5398 valeat
2329 5345 2575 5400 tabescit.
2620 5344 2829 5401 Invidia
2867 5364 3084 5419 quoque
3117 5351 3252 5407 iram
3282 5364 3444 5420 gene-

1860 5437 1966 5495 rat,
2019 5431 2147 5500 quia
2190 5442 2393 5503 quanto
2445 5435 2659 5490 interno
2716 5436 2900 5493 livoris
2949 5440 3177 5495 vulnere
3228 5439 3442 5494 animus

1861 5523 2170 5589 sauciatur,
2223 5534 2374 5581 tanto
2434 5528 2597 5583 etiam
2648 5530 3025 5597 mansuetudo,
3075 5528 3441 5599 tranquillitas

1863 5615 2149 5681 amittitur,
2189 5626 2246 5672 et
2273 5619 2399 5688 quia
2441 5619 2595 5689 quasi
2623 5620 2810 5676 dolens
2838 5623 3140 5676 membrum
3182 5621 3437 5692 tangitur,

1863 5704 2068 5760 idcirco
2091 5708 2348 5775 opposita:
2369 5708 2600 5765 actionis
2627 5725 2818 5764 manus
2840 5710 2983 5765 velut
3011 5710 3228 5781 gravius
3249 5723 3439 5779 pressa
