3956 6326
499 311 632 366 1351

1141 303 1196 356 Β.
1238 303 1488 357 RABANI
1528 304 1746 361 MAURI
1786 303 2103 359 ARCHIEP.
2145 305 2456 362 MOGUNT.
2497 302 2783 360 OPERUM
2823 305 3002 361 PARS
3041 307 3123 362 ΙΙΙ.

3640 306 3772 362 tas:

491 423 756 485 sentitur;
783 432 848 473 ex
875 418 956 471 ira
978 432 1194 486 quoque
1224 416 1447 470 tristitia
1477 417 1670 481 oritur,
1702 417 1828 486 quia
1862 418 2074 470 turbata
2102 431 2153 486 Α
2180 420 2324 488 rupit
2363 428 2419 472 et
2443 434 2602 473 omne
2636 434 2808 489 genus
2838 423 3134 474 humanum
3164 422 3230 474 de
3257 419 3684 475 immortalitate
3710 423 3774 476 ad

492 526 667 575 mens,
716 524 824 578 quo
877 506 1185 561 inordinate
1235 520 1294 559 se
1337 506 1600 571 concutit,
1651 521 1716 560 eo
1773 507 2072 560 addicendo

491 599 793 663 contundit,
840 609 897 652 et
920 611 1043 650 cum
1069 595 1405 650 dulcedinem
1436 596 1842 666 tranquillitatis
1875 599 2072 650 amise-

491 690 584 754 rit,
639 688 775 744 nihil
828 687 970 741 hanc
1010 686 1113 740 nisi
1161 701 1229 740 ex
1277 687 1685 756 perturbatione
1736 688 2072 756 subsequens

490 793 696 832 mmror
718 778 919 848 pascit;
949 775 1402 844 tristitia'quoque
1423 777 1493 830 ab
1516 777 1745 830 avaritia
1768 777 2068 842 derivatur,

491 872 616 940 quia
641 873 766 926 dum
797 869 1082 924 confusum
1128 885 1222 924 cor
1264 870 1468 923 bonum
1509 869 1711 924 lzetitia:
1751 870 1897 923 intus
1927 869 2068 922 ami-

490 969 644 1032 serit,
686 967 826 1022 unde
863 963 1133 1021 consolari
1159 965 1372 1029 debeat,
1401 964 1548 1018 foras
1575 966 1796 1034 quaerit,
1839 974 1893 1019 et
1922 971 2072 1018 tanto

490 1058 662 1126 magis
687 1056 953 1110 exteriora
978 1057 1121 1109 bona
1145 1056 1369 1124 adipisci
1394 1055 1690 1121 desiderat,
1732 1067 1934 1124 quanto
1963 1071 2068 1108 non

487 1147 647 1199 habet
685 1146 752 1198 ad
781 1145 909 1216 quid
956 1145 1287 1200 intrinsecus
1335 1145 1587 1200 recurrit.
1631 1145 1876 1200 Posthac
1915 1159 2065 1210 vero,

488 1241 593 1292 duo
617 1238 852 1290 carnalia
890 1237 1036 1301 vitia,
1081 1237 1134 1291 id
1159 1245 1258 1301 est,
1301 1237 1506 1291 ventris
1533 1237 1800 1308 ingluvies
1823 1244 1881 1291 et
1906 1236 2068 1290 luxu-

487 1328 568 1380 ria
597 1338 884 1396 supersunt
909 1344 922 1380 :
949 1327 1043 1381 sed
1069 1329 1280 1381 cunctis
1305 1328 1475 1398 liquet
1495 1329 1640 1397 quod
1669 1329 1735 1383 de
1761 1328 1964 1382 ventris
1993 1328 2070 1381 in-

487 1416 662 1485 gluvie
709 1417 922 1471 luxuria
949 1418 1216 1484 nascitur,
1263 1419 1392 1472 dum
1433 1419 1486 1472 in
1526 1419 1644 1487 ipsa
1684 1418 2069 1473 distributione

485 1510 850 1565 membrorum
911 1511 1086 1564 ventri
1147 1511 1402 1581 genitalia
1465 1512 1694 1565 subnixa
1749 1510 2063 1575 videantur,

488 1601 627 1654 unde
655 1600 782 1654 dum
831 1617 998 1654 unum
1039 1601 1342 1656 inordinate
1376 1601 1639 1667 reficitur,
1682 1603 1828 1656 aliud
1876 1601 2066 1672 procul

485 1690 646 1744 dubio
686 1693 753 1744 ad
783 1691 1138 1746 contumelias
1180 1693 1470 1746 excitatur.
1505 1692 1651 1750 Bene
1689 1701 1870 1748 autem
1900 1694 2064 1748 duces

484 1781 762 1836 exhortari
799 1782 928 1836 dicti
956 1792 1102 1847 sunt,
1139 1784 1412 1839 exercitus
1458 1784 1698 1851 ululare,
1733 1785 1862 1853 quia
1892 1785 2067 1854 prima
2097 1791 2142 1848 B

482 1869 613 1924 vitia
635 1871 875 1940 decepta:
903 1875 1068 1927 menti
1091 1875 1244 1943 quasi
1273 1876 1374 1930 sub
1405 1877 1638 1946 quadam
1665 1877 1874 1931 ratione
1901 1891 1960 1931 se
1985 1877 2068 1930 in-

481 1973 690 2029 serunt,
717 1967 810 2019 sed
847 1967 1130 2020 innumera
1161 1983 1281 2037 qua:
1311 1955 1633 2038 sequuntur,
1675 1971 1802 2025 dum
1835 1971 1976 2025 hanc
2001 1969 2070 2024 ad

481 2069 698 2108 omnem
727 2056 994 2110 insaniam
1035 2059 1375 2128 pertrahunt,
1409 2061 1564 2129 quasi
1590 2060 1804 2115 bestiali
1829 2061 2069 2116 clamore

483 2143 838 2199 confundunt.
869 2146 974 2202 Sed
1005 2149 1132 2216 quia
1154 2152 1259 2203 huc
1287 2165 1458 2220 usque
1493 2152 1558 2206 de
1592 2162 1717 2206 octo
1747 2153 2068 2224 pt'itwipali-

482 2232 583 2286 bus
609 2235 753 2288 vitiis
779 2251 949 2304 pauca
996 2240 1269 2309 carpendo
1316 2243 1766 2312 deprompsimus,
1811 2243 2066 2314 deinceps

482 2328 850 2380 necessarium
899 2329 1055 2385 valde
1111 2346 1231 2385 reor
1289 2342 1347 2386 ut
1387 2348 1454 2386 ex
1503 2335 1688 2388 multis
1750 2345 2064 2390 sanctorum

481 2424 696 2483 patrum
743 2421 1018 2487 opusculis
1077 2421 1237 2477 latius
1283 2425 1579 2479 secundum
1628 2425 1758 2494 quid
1803 2425 2064 2482 Dominus

481 2505 611 2558 dare
633 2506 962 2576 dignabitur,
1003 2513 1237 2579 primum
1262 2514 1500 2585 origines
1521 2523 1575 2570 et
1604 2525 1729 2570 natu
1739 2531 1826 2571 ras
1849 2533 2065 2572 eorum-

480 2594 641 2662 dem,
693 2607 802 2654 tam
855 2603 1131 2669 minutas,
1181 2614 1288 2659 tam
1337 2613 1596 2664 obscuras
1651 2610 2058 2680 iuvestigemus.

481 2687 685 2745 Deinde
710 2706 902 2749 causas
931 2703 987 2750 et
1013 2698 1326 2752 vexationes
1349 2714 1561 2766 eorum,
1597 2717 1660 2757 ac
1687 2703 1904 2756 deumm
1941 2703 2062 2757 ido-

479 2796 609 2837 neas
667 2785 976 2842 curationes
1017 2804 1206 2844 eorum
1257 2805 1320 2846 ac
1372 2793 1634 2862 remedia,
1689 2804 1750 2849 ut
1797 2796 2060 2865 coepimus

477 2875 749 2942 carpendo
782 2876 1102 2948 indagemus

637 3006 763 3061 Car.
792 3006 878 3062 lll.
907 3040 976 3048 —
995 3009 1075 3064 De
1107 3021 1298 3065 natura
1325 3022 1374 3066 et
1409 3015 1611 3084 origine
1637 3017 1914 3086 superbire.

549 3136 765 3209 (Casa)
809 3140 1272 3206 Quemadmodum
1319 3160 1446 3200 vero
1491 3147 1653 3219 hujus
1695 3151 1871 3206 morbi
1911 3150 2058 3207 virus

477 3232 998 3301 perniciosissimum
1047 3236 1350 3292 devitemus
1391 3238 1586 3294 instrui
1632 3243 1929 3310 poterimus
1953 3283 1968 3308 ,
2011 3244 2057 3298 si

477 3324 648 3378 ruina:
691 3325 859 3392 ipsius
903 3341 1098 3380 causas
1127 3337 1290 3395 atque
1326 3329 1591 3400 originem
1640 3347 2052 3400 persequamur.

475 3415 764 3485 Nunquam
795 3417 940 3470 enim
977 3419 1158 3472 curari
1201 3421 1444 3490 languor,
1489 3439 1588 3477 nec
1629 3425 1868 3479 remedia
1905 3436 2058 3494 pote-

475 3514 604 3560 runt
637 3507 796 3560 malis
833 3508 1228 3565 valetudinibus
1264 3511 1532 3576 exhiberi,
1567 3514 1671 3566 nisi
1702 3515 1854 3584 prius
1880 3516 2058 3585 inqui-

381 3653 384 3656 ,
472 3596 664 3652 sitiunt
692 3597 870 3668 sagaci
898 3598 1136 3668 origines
1157 3616 1346 3655 earum
1369 3603 1760 3674 investigeutur
1781 3616 1836 3660 et
1855 3622 2051 3662 caesae.

470 3687 841 3760 Archaugelus
872 3705 1102 3760 namque
1136 3691 1224 3746 ille
1259 3693 1348 3762 qui
1372 3709 1470 3763 pro
1507 3695 1781 3752 nimietate
1810 3700 2056 3768 splenia)-

471 3779 552 3833 ris
577 3793 641 3833 ac
669 3781 884 3834 decoris
918 3782 1000 3834 sui
1036 3781 1225 3837 lucifer
1255 3797 1594 3854 nuncupatus
1626 3798 1730 3854 est,
1772 3795 1919 3845 nullo
1948 3793 2055 3848 alio

469 3884 632 3938 quam
661 3871 942 3939 superbia:
965 3872 1096 3928 vitio
1142 3874 1382 3944 dejectus
1430 3887 1514 3932 est
1549 3892 1616 3932 ue
1646 3881 1736 3934 illa
1775 3884 1932 3937 beata
1959 3901 2056 3938 an-

469 3962 712 4034 gelorum
739 3965 1000 4028 statione,
1031 3973 1085 4020 et
1113 3965 1180 4020 ad
1211 3967 1420 4022 inferna
1448 3971 1737 4041 collapsus.
1768 3973 1866 4029 llic
1898 3992 2054 4028 natu-

467 4069 574 4123 que
605 4053 822 4109 indutus
845 4055 1028 4110 divina
1053 4057 1303 4112 claritate
1323 4098 1336 4123 ,
1371 4069 1426 4114 et
1447 4061 1588 4115 inter
1615 4073 1845 4119 caeteras
1869 4083 2054 4136 super-

467 4163 566 4201 nas
602 4145 829 4200 virtutes
869 4149 1164 4204 conditoris
1196 4150 1444 4222 largitate
1485 4156 1829 4228 prmfulgens,
1872 4160 2050 4229 splen-

467 4238 654 4293 dorem
698 4238 972 4307 sapientia:
1006 4251 1062 4295 et
1107 4243 1364 4296 virtutum
1409 4246 1894 4316 pulchritudinem,
1943 4267 2048 4320 qua

465 4330 764 4384 ornabatur
814 4332 986 4402 gratia
1031 4335 1320 4400 creatoris,
1373 4345 1580 4392 naturae
1634 4354 1744 4394 sua:
1773 4343 2046 4410 potentia),

467 4437 573 4475 non
595 4422 976 4476 munificentiae
997 4423 1139 4478 illius
1152 4426 1436 4491 beneﬁcio,
1452 4443 1510 4482 se
1523 4430 1757 4484 credidit
1776 4433 2042 4499 obtinere,

465 4521 523 4566 et
563 4513 633 4567 ob
674 4513 777 4568 hoc
813 4514 987 4569 elatus
1030 4525 1283 4584 tanquam
1331 4522 1421 4586 qui
1471 4521 1538 4574 ad
1583 4527 2046 4592 persevcrantiam
2075 4510 2126 4570 D

465 4603 716 4673 puritatis
756 4605 914 4676 hujus
953 4607 1137 4661 divino
1171 4625 1276 4662 non
1300 4621 1485 4680 egeret
1513 4615 1716 4670 auxilio
1743 4617 1852 4670 Deo
1886 4633 1945 4672 se
1969 4620 2046 4673 si-

468 4695 647 4748 milem
671 4696 954 4763 judicavit,
987 4699 1100 4752 haec
1130 4701 1274 4752 enim
1305 4703 1417 4756 sola
1439 4705 1694 4772 cogitatio
1721 4705 1861 4761 facta
1891 4708 2047 4764 ruina

465 4796 566 4839 est.
591 4785 670 4841 Ob
701 4802 861 4856 quam
904 4791 1151 4844 desertus
1181 4809 1210 4846 a
1249 4791 1357 4846 Deo
1385 4794 1775 4852 beatitudinem
1817 4815 1920 4869 qua
1952 4800 2043 4856 Dei

465 4891 691 4932 munere
735 4878 1017 4934 fruebatur
1081 4884 1281 4938 amisit.
1333 4885 1455 4941 llam
1508 4898 1592 4943 est
1640 4891 1829 4960 primm
1877 4892 2048 4946 ruina:

465 4985 629 5025 causa
657 4980 715 5025 et
750 4975 901 5043 origo
943 4976 1256 5047 principalis
1296 4981 1503 5046 morbi,
1551 4984 1792 5036 omnium
1841 4987 2042 5038 etenim

465 5061 717 5116 vitiorum
761 5063 1084 5122 fomites.de
1131 5072 1380 5138 superbia
1430 5072 1764 5140 pullularunt
1811 5082 2044 5131 testante

463 5170 620 5211 sacra
649 5155 966 5228 Scriptura:
1008 5179 1024 5212 ι
1067 5161 1282 5216 luitium
1329 5166 1506 5218 onmis
1534 5167 1742 5234 peccati
1787 5169 2042 5238 superbia

463 5247 646 5320 (Eccl.
676 5267 730 5317 χ,
767 5250 885 5323 l5).
921 5273 939 5305 ι
998 5252 1115 5308 Νοιι
1155 5255 1415 5325 alicujus,
1461 5259 1557 5312 sed
1605 5259 1783 5314 omnis
1808 5262 2035 5331 peccati.

461 5344 714 5411 quoniam
761 5361 865 5401 non
909 5347 1082 5402 solum
1118 5361 1399 5418 peccatum
1429 5361 1514 5406 est
1559 5353 1695 5422 ipsa,
1723 5363 1780 5408 ut
1808 5355 2041 5426 Prosper

459 5434 554 5498 ait,
581 5437 675 5490 sed
712 5436 875 5492 etiam
904 5438 1108 5491 nullout
1148 5450 1429 5507 peccatum
1460 5444 1574 5497 fieri
1603 5454 1782 5513 potest
1825 5457 1918 5500 aut
1945 5462 2041 5516 po-

459 5528 561 5581 tuit
589 5529 671 5584 vel
707 5532 904 5600 poterit
941 5531 1058 5586 sine
1098 5531 1234 5599 ipsa.
1295 5532 1422 5588 Haec
1464 5536 1608 5590 enim
1645 5546 1724 5592 est
1759 5548 1950 5591 natura
1987 5547 2042 5593 et

457 5619 609 5690 origo
632 5624 897 5692 superbire
923 5639 1020 5694 per
1053 5640 1216 5694 quam
1247 5623 1497 5682 inVentor
1525 5629 1794 5698 superbia:
1823 5631 1889 5685 de
1919 5647 2035 5686 cm-

456 5710 684 5784 lestibus
705 5715 930 5780 corruit,
958 5724 1012 5768 ct
1032 5715 1374 5786 postmodum
1401 5718 1604 5788 primos
1629 5719 1878 5776 homines
1910 5736 2034 5776 cor-

2173 510 2559 564 mortalitatem
2586 511 2829 576 adduxit,
2858 512 2926 566 de
2955 527 3063 581 quo
3093 512 3220 566 dicit
3250 511 3555 580 Apostolus
3573 527 3592 565 :
3625 530 3645 559 ι
3677 510 3776 567 Per

2176 615 2341 654 unum
2387 602 2664 656 hominem
2703 612 2989 670 peccatum
3031 603 3255 656 intravit
3291 603 3348 656 in
3389 603 3692 665 mundum,
3722 612 3778 657 et

2172 706 2270 760 Per
2295 701 2579 759 peccatum
2613 707 2780 758 mors,
2827 701 2881 747 et
2918 693 2995 746 ita
3034 693 3092 748 in
3123 706 3312 747 omnes
3338 693 3605 747 homines
3655 705 3774 760 per-

2175 783 2408 836 transiit.
2446 801 2467 834 ι

2291 892 2417 948 CAP.
2460 895 2548 950 ιν.
2582 926 2652 936 -—-
2683 896 2838 962 Quod
2868 898 3126 967 superbia:
3158 899 3264 952 duo
3290 900 3399 952 sint
3432 914 3666 968 genere.

2243 1003 2442 1078 (0033.)
2484 1007 2599 1061 Duo
2635 1018 2764 1062 sunt
2805 1024 3004 1079 genera
3033 1012 3333 1078 superbire;
3385 1025 3586 1076 unum,
3636 1024 3778 1079 quoa

2170 1096 2444 1164 spiritales
2472 1113 2820 1166 summosque
2846 1089 3045 1168 pulsat,
3086 1102 3232 1154 aliud
3257 1103 3406 1170 quod
3442 1101 3778 1170 incipientes

2169 1187 2526 1262 carnalesque
2558 1190 2938 1258 complectitur
2973 1210 2986 1244 :
3019 1199 3072 1245 et
3104 1192 3230 1247 licet
3257 1204 3562 1260 utrumque
3593 1206 3780 1259 super-

2169 1277 2273 1332 bia:
2319 1295 2489 1349 genus
2527 1290 2638 1334 tam
2681 1283 2737 1335 in
2781 1281 2955 1336 Deum
2988 1300 3151 1353 quam
3199 1286 3253 1338 in
3299 1285 3567 1339 homines
3614 1283 3776 1337 noxia

2170 1369 2318 1424 inﬂet
2347 1371 2530 1438 elatio,
2564 1379 2744 1427 tamen
2771 1373 2900 1428 illud
2927 1376 3160 1443 primum
3181 1375 3508 1445 specialiter
3538 1373 3776 1428 refertur

2169 1461 2238 1513 ad
2260 1461 2471 1527 Deum;
2505 1465 2806 1518 secundum
2847 1466 2915 1519 ad
2960 1465 3205 1519 homines
3242 1466 3475 1534 proprie
3517 1465 3774 1534 pertinet,

2168 1553 2296 1621 quia
2315 1555 2482 1620 enim,
2507 1564 2565 1609 ut
2585 1556 2791 1610 dictum
2813 1569 2918 1622 est,
2948 1558 3054 1611 duo
3078 1568 3203 1611 sunt
3225 1558 3508 1627 superbia:
3531 1573 3734 1626 genera
3757 1577 3772 1610 :

2168 1658 2276 1697 una
2331 1646 2581 1702 videlicet
2621 1649 2872 1717 superbia
2919 1649 3116 1703 dicitur
3158 1649 3460 1719 spiritalis,
3513 1666 3583 1703 eo
3635 1652 3774 1719 quod

2169 1735 2443 1804 spiritales
2491 1747 2816 1808 sanctosque
2843 1740 3091 1795 homines
3125 1744 3346 1810 pulsat;
3376 1742 3564 1795 altera
3590 1756 3774 1794 carna-

2173 1825 2258 1891 lis,
2285 1842 2406 1895 qua:
2433 1830 2681 1883 carnales
2707 1831 3004 1899 impugnat.
3031 1830 3138 1884 Sed
3159 1832 3403 1899 primum
3437 1832 3516 1884 de
3547 1830 3770 1900 spiritali

2170 1917 2425 1984 superbia
2455 1917 2742 1972 dicendum
2771 1927 2854 1972 est
2879 1937 2892 1973 :
2917 1919 3038 1973 illos
3071 1921 3218 1974 enim
3261 1919 3630 1974 solummodo
3667 1921 3770 1988 pul-

2169 2022 2292 2061 sare
2316 2007 2454 2062 solet
2498 2009 2757 2078 spiritalis
2795 2011 3070 2080 superbia,
3115 2012 3208 2080 qui
3236 2012 3485 2065 devictis
3524 2026 3765 2081 superio-

2169 2098 2320 2154 ribus
2340 2099 2486 2154 vitiis
2505 2099 2618 2170 jam
2651 2101 3041 2172 propemodum
3085 2103 3294 2157 suntin
3333 2104 3620 2157 virtutum
3661 2105 3768 2156 cul-

2167 2188 2311 2242 mine
2334 2189 2603 2255 collocati,
2637 2206 2774 2261 quos
2798 2191 2922 2260 quia
2953 2191 3104 2262 lapsu
3134 2191 3344 2246 carnali
3373 2191 3768 2250 subtilissimlﬁ

2166 2279 2340 2336 hostis
2389 2297 2649 2351 superare
2693 2299 2801 2337 non
2837 2283 3028 2352 quivit,
3061 2283 3287 2353 Spiritali
3337 2285 3508 2338 ruina
3541 2285 3764 2354 dejiwe

2165 2383 2230 2424 ac
2251 2371 2601 2440 supplantare
2625 2382 2874 2437 conatur,
2899 2389 2995 2442 per
3026 2373 3167 2428 hanc
3211 2373 3336 2427 illos
3375 2377 3666 2429 universis
3691 2392 3766 2430 ve-

2165 2467 2343 2516 terum
2388 2463 2779 2532 stipendiorum
2823 2465 3032 2519 meritis
3069 2466 3240 2520 multo
3281 2465 3482 2520 labore
3533 2469 3766 2535 quastus

2163 2551 2396 2620 spoliare
2427 2554 2785 2608 contendens.
2804 2552 3051 2610 Carnalis
3077 2565 3258 2610 autem
3280 2557 3558 2626 superbia
3589 2573 3766 2611 carna-

2163 2642 2242 2699 les
2262 2644 2638 2701 inobedieutes
2661 2646 2794 2700 facit
2819 2657 2872 2701 et
2895 2663 3117 2718 asperos
3135 2689 3149 2713 ,
3178 2650 3344 2704 mites
3373 2660 3554 2721 atque
3583 2653 3762 2707 aﬂabi-

2161 2733 2242 2788 les
2279 2750 2400 2790 esse
2431 2735 2534 2790 min
2570 2739 2793 2807 patitur.
2834 2739 3016 2792 Vitam
3048 2741 3129 2794 eis
3167 2738 3299 2794 facit
3335 2741 3678 2812 longua-am,
3717 2755 3767 2798 ct

2162 2840 2230 2879 ne
2281 2827 2682 2883 confessionem
2729 2832 2796 2884 de
2837 2837 3075 2901 peccatis
3124 2832 3328 2886 faciant
3383 2833 3764 2890 confusionem

2160 2916 2374 2982 incutit,
2413 2935 2476 2973 ac
2505 2922 2788 2989 pudorem,
2826 2938 2926 2991 pro
2955 2923 3068 2977 suis
3099 2924 3452 2994 negligentiis
3493 2927 3762 2997 objurgzti

2162 3008 2425 3063 rebellant
2451 3019 2507 3064 et
2535 3022 2909 3076 murmurant;
2937 3023 2992 3066 et
3024 3013 3154 3082 quid
3175 3015 3423 3083 amplius
3441 3015 3468 3067 ?
3523 3032 3650 3070 cum
3676 3024 3768 3070 un-

2162 3100 2448 3155 serabilem
2476 3103 2775 3172 possederit
2812 3115 3072 3170 mentem,
3097 3106 3165 3159 ad
3192 3122 3392 3161 veram
3424 3108 3640 3163 Christi
3669 3112 3762 3164 ba-

2161 3191 2446 3246 militatem
2495 3195 2824 3249 descendere
2873 3211 2980 3250 non
3024 3199 3316 3266 permittit,
3353 3202 3426 3255 de
3469 3203 3634 3272 cujus
3675 3205 3762 3256 rui-

2157 3285 2388 3339 serrimo
2414 3287 2568 3355 lapsu
2603 3287 2757 3357 plura
2790 3290 2970 3344 dicere
3015 3292 3333 3348 curabimus
3372 3310 3510 3349 cum
3541 3299 3612 3350 de
3652 3297 3762 3364 ejus

2156 3371 2372 3430 indiciis
2400 3386 2636 3432 tractare
2656 3379 3002 3448 coeperimus.

2155 3507 2285 3565 CAP.
2315 3509 2626 3595 V.-:-_—Quod
2653 3525 2864 3595 tantum
2888 3519 2956 3570 ait
2979 3517 3180 3595 malum
3208 3525 3486 3592 superbire
3515 3538 3574 3578 tu
3597 3527 3756 3595 ipse:

2402 3583 2563 3637 Deum
2594 3587 2956 3640 adversarium
2998 3590 3190 3644 habere
3220 3583 3524 3649 morentur.

2229 3697 2426 3773 (Casa)
2460 3700 2691 3758 Tantum
2729 3704 2930 3760 malum
2976 3717 3058 3762 est
3097 3711 3381 3778 superbia,
3419 3722 3485 3767 ut
3513 3731 3628 3769 non
3669 3731 3754 3770 an-

2156 3792 2356 3861 gelum,
2387 3809 2492 3846 uon
2521 3793 2657 3847 alias
2698 3795 2928 3850 virtutes
2951 3798 3054 3852 sibi
3088 3803 3422 3865 contrarias,
3451 3805 3556 3858 sed
3591 3811 3756 3876 ipsum

2156 3882 2444 3936 Dominum
2496 3884 2868 3939 adversarium
2915 3887 3118 3944 habere
3159 3905 3470 3958 mereatur,
3527 3907 3756 3952 testante

2155 3969 2458 4041 Scriptura,
2488 3992 2505 4023 ι
2537 3972 2678 4029 Deus
2697 3976 2946 4044 superbis
2971 3978 3294 4034 adversatur
3323 4003 3342 4033 ι
3375 4001 3393 4048 ;
3426 3995 3482 4039 et
3507 3984 3708 4042 iterum
3737 4009 3752 4043 :

2160 4081 2178 4113 ι
2206 4064 2519 4121 immundus
2561 4077 2645 4123 est
2678 4073 2820 4138 apud
2857 4070 3028 4127 Deum
3055 4076 3240 4130 'omnis
3288 4094 3386 4146 qui
3425 4084 3641 4138 exultat
3667 4102 3755 4139 cur

2153 4171 2344 4222 suum;
2377 4177 2395 4208 ι
2447 4160 2746 4216 notandum
2773 4161 3038 4231 siquidem
3068 4177 3174 4231 est,
3207 4171 3355 4236 quod
3403 4187 3754 4243 nequaquam

2152 4247 2354 4301 dixerit
2397 4265 2562 4318 super
2615 4252 2700 4307 his
2742 4255 2837 4322 qui
2880 4257 3092 4311 caeteris
3132 4269 3262 4312 sunt
3292 4263 3448 4318 vitiis
3501 4269 3751 4330 involuti,

2151 4339 2293 4406 quod
2334 4340 2571 4396 habeant
2602 4344 2701 4398 sibi
2738 4347 3025 4401 Dominum
3067 4351 3445 4420 resistentem,
3481 4363 3584 4411 sed
3631 4362 3752 4414 solis

2151 4432 2419 4500 superbis.

2283 4543 2410 4598 CAP.
2446 4545 2528 4600 Vl.
2554 4578 2625 4586 —
2658 4548 2896 4614 Qualiter
2923 4554 3163 4623 superbia
3188 4559 3448 4625 superbos
3473 4577 3653 4618 texat.

2228 4656 2422 4728 (Casa)
2450 4659 2558 4713 illis
2583 4661 2728 4714 enim
2745 4679 2880 4731 quos
2906 4669 3464 4736 vexatsuperbiauon
3488 4685 3752 4744 opportu-

2157 4762 2258 4801 nus
2287 4758 2370 4801 est
2397 4765 2598 4817 sermo,
2623 4753 2716 4807 sed
2758 4755 2901 4808 risus
2937 4755 3068 4812 levis
3107 4774 3173 4812 ac
3213 4759 3424 4826 fatuus,
3485 4765 3752 4820 effr-enata

2156 4849 2319 4909 atque
2347 4841 2744 4910 indiseipliuata
2777 4847 2958 4901 cordis
2990 4852 3152 4903 elatio
3171 4890 3186 4915 ,
3222 4852 3534 4924 discipulos
3561 4871 3751 4913 contra

2155 4943 2372 4986 sanctos
2413 4933 2779 4989 Ecclesiarum
2826 4935 2920 4991 Dei
2967 4950 3209 4995 rectores
3265 4944 3529 5000 incautos
3583 4952 3752 5004 minii:

2150 5031 2205 5075 et
2225 5023 2413 5088 elatos,
2451 5042 2713 5097 sequaces
2753 5045 2880 5084 suos
2920 5032 2974 5085 iu
3003 5035 3360 5103 prosperitate
3385 5039 3528 5092 facit
3559 5043 3748 5108 elatos,

2151 5115 2205 5168 in
2249 5118 2575 5174 adversitate
2623 5109 2972 5190 desperantes
3013 5135 3067 5178 et
3115 5127 3338 5192 tristes,
3387 5131 3448 5183 in
3499 5137 3752 5188 oratione

2151 5210 2351 5274 tardos,
2396 5210 2449 5264 in
2481 5211 2677 5282 vigiliis
2719 5213 2920 5284 pigros,
2963 5215 3014 5268 in
3056 5216 3541 5290 eleemosyuarum
3589 5224 3754 5294 largi-

2151 5311 2259 5356 tate
2291 5312 2526 5368 tenaces,
2563 5306 2615 5358 in
2641 5304 2863 5373 jejuniis
2899 5309 3106 5372 avidos,
3149 5310 3206 5362 in
3249 5312 3576 5368 obedientia
3613 5319 3750 5370 desi-

2147 5394 2262 5460 des,
2292 5396 2342 5448 iu
2372 5396 2737 5465 hospitalitate
2765 5399 3112 5467 inhumanos,
3139 5413 3194 5456 et
3220 5407 3355 5474 quid
3382 5409 3630 5478 amplius
3653 5413 3747 5463 3m

2143 5487 2395 5542 oomibus
2419 5489 2576 5544 bouis
2609 5490 2924 5546 inhonestos
2949 5501 3004 5548 et
3042 5493 3520 5553 immiscricordes
3547 5501 3742 5553 reddit.

2141 5613 2270 5668 CAP.
2300 5611 2405 5667 Vll.
2434 5645 2502 5653 —
2529 5613 2732 5678 Quibus
2763 5613 2970 5668 indiciis
2995 5618 3157 5684 possit
3187 5621 3442 5687 superbia
3473 5627 3738 5691 cognosci.

2212 5725 2443 5799 (ϐίης.)
2476 5724 2570 5779 llis
2621 5725 2784 5796 igitur
2833 5726 3048 5782 indiciis
3098 5729 3358 5796 superbia
3402 5732 3734 5792 declaratur,
