3956 6326
153 363 290 430 1555

1110 359 1197 420 DE
1239 357 1439 418 VITIIS
1478 359 1564 415 ET
1604 353 2042 415 VIRTUTJBL'S‘.
2082 389 2148 398 —-
2186 356 2312 413 LIB.
2356 355 2439 413 lll.

3259 362 3395 420 1551

148 481 293 543 inest
319 479 570 556 primitus
589 472 647 534 in
673 473 886 548 loquela
923 475 1007 533 vis
1037 471 1311 540 clamoris,
1350 470 1406 530 in
1441 468 1696 530 taciturni
1749 475 1795 532 Α
1824 466 1943 525 tulit
1999 472 2220 527 mundo.
2274 472 2370 527 Est
2415 470 2561 528 enim
2615 471 2866 542 superbia
2909 482 3084 530 mater
3124 483 3177 530 ct
3213 478 3397 546 regina

154 588 282 642 tate,
306 570 632 636 amaritudo,
659 569 905 625 excelsus
931 576 987 624 et
1013 567 1214 624 effusus
1253 569 1308 622 in
1345 564 1532 620 laatitia
1582 563 1730 618 risus
1828 561 2102 628 vitiorum,
2131 561 2283 630 cujus
2319 579 2416 619 rex
2443 573 2530 618 est
2555 562 2818 630 diabolus,
2846 564 3055 621 dicente
3085 567 3360 639 Scriptura
3384 591 3395 626 :

148 663 562 728 irrationabilis,
599 661 656 716 in
700 661 955 715 serietate
993 658 1234 723 tristitia,
1283 658 1337 712 in
1373 653 1729 725 responsione

158 772 378 822 rancor,
412 753 642 810 facilitas
673 752 728 807 in
757 763 1023 816 sermone,
1061 749 1226 804 verba
1252 749 1452 820 passim
1479 746 1596 802 sine
1621 743 1727 799 ulla

148 851 330 908 cordis
368 847 634 919 gravitate
674 843 1032 915 erumpentia,
1064 855 1287 911 exspers
1321 839 1581 911 patientia
1621 845 1726 902 est,

146 943 390 1000 cbaritas
419 939 614 1005 aliena,
658 937 832 992 audax
873 936 942 991 ad
982 933 1336 991 contumelias
1386 930 1722 1001 irrogandas,

149 1035 222 1091 ad
252 1031 553 1090 tolerandas
579 1027 956 1101 pusillanimis,
1008 1027 1076 1081 ad
1131 1025 1488 1081 obediendum
1531 1021 1724 1078 dillici-

149 1123 244 1189 lis,
287 1122 355 1178 ad
389 1119 755 1191 recipiendam
790 1118 1221 1174 exhortationem
1252 1115 1625 1186 implacabilis,
1655 1115 1723 1170 ad

149 1212 476 1269 resecandas
499 1211 801 1267 voluntates
841 1224 968 1266 suas
1002 1208 1236 1274 infirma,
1276 1208 1343 1262 ad
1371 1207 1724 1262 succumben-

149 1303 278 1359 dum
298 1302 489 1359 alienis
517 1301 806 1367 dirissima,
854 1313 1174 1370 semperque
1212 1311 1337 1353 suas
1379 1295 1723 1352 deﬁnitiones

143 1400 388 1448 statuere
427 1389 778 1454 contendens,
807 1389 930 1460 ipsa
969 1403 1100 1443 vero
1128 1401 1468 1458 nequaquam
1506 1387 1719 1453 cedere,

145 1482 432 1554 locumque
460 1483 590 1538 dare
616 1480 772 1537 alteri
797 1481 1176 1551 acquiescens;
1198 1487 1254 1535 et
1293 1479 1367 1534 ita
1391 1477 1450 1532 fit
1472 1485 1530 1550 ut
1555 1477 1718 1532 etiam

144 1592 317 1648 capax
343 1574 557 1632 consilii
591 1574 830 1630 salubris
857 1572 1076 1639 ell‘ecta,
1121 1573 1177 1628 in
1205 1571 1455 1628 omnibus
1491 1584 1590 1626 suo
1619 1583 1717 1640 po-

145 1669 260 1723 tius
277 1667 460 1722 credat
486 1680 650 1735 quam
689 1664 962 1721 seniorum
979 1662 1206 1733 judicio,
1235 1661 1378 1717 unde
1404 1668 1459 1716 et
1486 1659 1720 1731 Prosper

142 1757 226 1812 ait
249 1775 262 1811 :
286 1756 352 1811 Hi
374 1769 509 1826 quos
541 1753 805 1824 superbia:
837 1753 1034 1809 mentis
1073 1753 1224 1808 tabes
1245 1750 1509 1808 virulente
1529 1766 1718 1807 corru-

141 1848 288 1918 perit
313 1819 588 1902 seniorum
629 1859 851 1900 suorum
871 1859 978 1902 non
1014 1845 1388 1915 obtemperant
1411 1843 1714 1914 imperatis,
1751 1819 1797 1880 Β

142 1937 243 1992 sed
262 1935 524 2006 iudicant,
555 1935 621 1990 de
656 1935 770 1990 suis
797 1933 1139 2006 negligentiis
1176 1931 1464 2005 objurgati,
1506 1942 1602 1989 aut
1635 1949 1720 1991 res

140 2025 365 2093 bellant,
415 2031 507 2080 aut
548 2033 910 2090 murmurant,
953 2024 1020 2079 de
1061 2023 1182 2080 loco
1215 2024 1482 2094 superiori
1525 2023 1718 2080 decer-

140 2127 284 2186 tant,
313 2117 558 2190 praeferri
585 2132 646 2173 se
675 2116 987 2172 melioribus
1021 2113 1298 2180 allectant,
1335 2129 1464 2172 suas
1493 2122 1721 2170 sentcn-

152 2213 264 2267 tias
291 2210 593 2283 procaciter
613 2209 844 2280 iactant,
877 2223 982 2263 non
1012 2215 1234 2263 servant
1269 2206 1324 2262 in
1349 2207 1609 2278 obsequio
1637 2221 1722 2262 re-

144 2305 467 2371 verentiam,
495 2304 612 2359 haec
636 2309 763 2359 sunt
788 2301 1052 2372 superbiae
1081 2300 1314 2356 tumoris
1339 2299 1564 2366 indicia,
1595 2299 1719 2371 qui-

145 2397 252 2452 bus
296 2396 436 2451 Deus
477 2393 766 2450 otl’enditur
815 2401 872 2448 et
913 2391 1000 2449 bis
1040 2389 1197 2447 malis
1240 2389 1485 2447 diabolus
1533 2399 1722 2462 pastus

147 2486 398 2544 exsultat.

145 2597 278 2656 (ΣΔΡ.
311 2598 440 2656 VIII.
478 2628 554 2642 —
583 2579 740 2664 Quod
791 2597 994 2654 nullum
1044 2597 1223 2652 vitium
1274 2605 1381 2652 tam
1408 2597 1634 2653 declinat
1687 2615 1722 2653 α

219 2669 478 2741 mandatis
524 2669 622 2723 Dei
665 2685 823 2740 quam
859 2668 1102 2741 superbia
1141 2678 1188 2724 et
1224 2668 1339 2740 ipsa
1378 2670 1543 2741 magis
1583 2669 1720 2724 iram

220 2737 430 2794 Domini
466 2737 731 2812 provocat.

222 2848 444 2921 (Hilar.)
457 2849 516 2905 In
539 2849 874 2922 expositione
885 2850 1160 2923 cujusdam
1174 2851 1370 2924 psalmi
1387 2851 1724 2910 excellentis-

151 2939 320 2994 simus
333 2939 487 2994 valde
499 2939 689 2995 doctor
701 2938 936 2996 Hilarius
947 2940 1295 2998 Pictaviensis
1306 2943 1591 3014 episcopus
1599 2958 1722 2998 cum

148 3029 336 3086 dolore
349 3029 704 3100 proclamavit
715 3030 899 3086 dicens
916 3049 928 3086 :
947 3046 982 3087 o
995 3031 1178 3087 infelix
1201 3033 1473 3103 superbia,
1497 3048 1616 3103 qua:
1632 3034 1723 3090 de-

141 3120 396 3192 dignatur
405 3121 505 3177 sub
514 3122 795 3193 praeceptis
805 3121 1111 3180 cmlestibus
1123 3123 1324 3192 vivere,
1342 3139 1462 3194 qua:
1472 3125 1721 3182 mandata

143 3209 334 3264 divina
361 3211 526 3268 animi
571 3211 802 3268 infidelis
832 3220 1042 3269 tumore
1073 3211 1300 3270 fastidit.
1330 3213 1569 3270 Plurima
1594 3226 1721 3272 sunt

139 3298 510 3356 humanorum
562 3300 819 3356 vitiorum
868 3301 1131 3368 crimina,
1181 3310 1238 3358 et
1279 3302 1506 3360 diversae
1559 3312 1722 3374 atque

137 3391 567 3450 innumerabiles
615 3403 958 3464 peccatorum
1006 3394 1378 3465 operationes,
1428 3394 1524 3451 sed
1575 3395 1720 3450 nulla

135 3483 320 3554 magis
344 3485 699 3555 provocanda:
746 3486 802 3541 in
851 3501 950 3541 nos
995 3486 1089 3541 Dei
1133 3487 1228 3541 ira:
1265 3501 1430 3556 quam
1455 3486 1720 3557 superbiae

133 3586 309 3627 causa
358 3583 460 3628 est.
514 3573 622 3630 Per
671 3575 979 3644 superbiam
1043 3576 1189 3630 cnim
1241 3575 1424 3646 plures
1478 3577 1719 3632 humana

127 3671 519 3729 contemnunt,
548 3672 603 3719 et
629 3664 738 3720 Deo
764 3665 989 3736 obsequi
1017 3674 1298 3735 spernunt,
1333 3666 1428 3721 sed
1457 3665 1586 3721 licet
1613 3667 1724 3721 sint

129 3752 413 3826 praeclara
455 3760 648 3808 caetera
683 3751 806 3808 fidei
853 3767 1037 3824 opera,
1070 3763 1125 3811 et
1153 3755 1206 3808 in
1239 3755 1385 3810 omni
1415 3754 1720 3812 divinorum

131 3849 546 3917 praeceptorum
591 3843 833 3898 custodia
885 3843 1098 3899 devotio
1145 3844 1484 3912 immoretur,
1537 3853 1719 3900 tamen

133 3931 474 4002 subrepente
523 3932 806 4002 superbia,
837 3932 1096 3988 memoria
1137 3947 1359 4000 eorum,
1409 3950 1529 4006 qum
1576 3943 1722 3991 recte

132 4037 456 4092 operamur,
488 4021 807 4088 abolebitur,
830 4037 927 4094 per
953 4023 1091 4078 hanc
1118 4023 1422 4081 Pliarismus
1449 4013 1546 4080 ille
1561 4039 1724 4080 evan-

135 4115 354 4186 gelicus
383 4115 608 4171 dicendo
638 4133 650 4170 :
690 4134 708 4167 ‹
737 4113 852 4170 Νοη
881 4131 1000 4171 sum
1033 4127 1286 4186 peccator
1322 4117 1462 4173 sicut
1502 4117 1590 4174 hic
1618 4134 1718 4188 pu-

139 4207 394 4262 blicanus
439 4204 590 4278 (Luc.
630 4222 783 4270 xvut,
825 4205 935 4279 11),
967 4225 985 4258 ι
1016 4222 1082 4261 ex
1115 4206 1422 4279 ingentibus
1468 4208 1720 4279 operibus

137 4297 339 4353 cecidit
376 4299 431 4352 in
477 4298 701 4354 crimen.
747 4298 1033 4368 Apostolus
1061 4300 1204 4355 enim
1232 4299 1429 4356 Paulus
1471 4302 1719 4372 angelum

142 4391 370 4446 Satanae
407 4392 497 4462 qui
529 4407 588 4447 se
619 4391 984 4462 colaphizaret
1023 4394 1232 4464 accepit
1256 4394 1306 4466 (ι
1335 4393 1456 4450 Cor.
1487 4412 1588 4462 xu,
1621 4395 1673 4462 7)
1702 4415 1715 4450 :

139 4498 218 4536 ne
261 4483 630 4553 magnitudine
669 4483 1055 4540 revelationum
1103 4486 1469 4542 extollerctur.
1520 4487 1716 4559 (Cass.)
1743 4522 1798 4584 Β

136 4575 246 4630 Est
289 4575 435 4630 enim
469 4575 718 4646 superbia
757 4576 1134 4648 gravissimum
1164 4578 1380 4643 vitium,
1420 4594 1519 4650 per
1557 4595 1718 4651 quam

137 4667 384 4721 humana
405 4667 730 4738 despicimus
749 4675 805 4722 et
825 4667 1005 4723 divina
1025 4668 1363 4740 negligimus,
1381 4670 1495 4742 ipsa
1516 4672 1722 4742 pariter

136 4776 338 4816 omnes
385 4761 638 4816 exhaurit
683 4761 927 4824 virtutes,
961 4762 1076 4830 ipsa
1103 4762 1378 4818 hominem
1417 4763 1627 4833 justitia
1668 4772 1723 4820 et

135 4850 438 4906 sanctitate
465 4851 761 4922 exspoliat,
798 4851 912 4922 ipsa
941 4859 1024 4906 est
1049 4850 1383 4908 interfectrix
1403 4862 1720 4910 cunctarum

133 4945 430 5011 virtutum,
455 4945 568 5017 ipsa
599 4955 684 5002 est
712 4947 1006 5003 saevissima
1031 4955 1086 5002 et
1109 4947 1478 5018 superioribus
1506 4949 1720 5006 cunctis

136 5036 438 5107 immanior
479 5037 674 5103 bestia,
716 5037 834 5094 sine
877 5053 983 5107 qua
1025 5037 1227 5092 nullum
1265 5037 1367 5094 fuit
1393 5048 1486 5094 aut
1513 5048 1596 5095 est
1629 5049 1723 5095 aut

134 5139 269 5181 esse
320 5105 519 5196 poterit
572 5136 850 5198 peccatum
883 5105 913 5182 ς-
941 5145 962 5179 ‹
1001 5127 1250 5195 Initium,
1298 5128 1492 5198 inquit,
1542 5130 1720 5186 omnis

131 5219 354 5288 peccati
376 5218 830 5290 superbia(Eccli.
867 5235 917 5283 ι,
953 5219 1062 5290 15).
1091 5217 1330 5293 [Prosp.]
1363 5219 1447 5275 Nil
1468 5228 1551 5276 est
1572 5220 1718 5277 enim

132 5309 292 5366 aliud
315 5325 476 5366 omne
502 5319 782 5380 peccatum
822 5311 927 5366 nisi
957 5311 1052 5367 Dei
1081 5321 1442 5383 contemptus,
1470 5327 1577 5382 quo
1603 5311 1718 5381 ejus

131 5412 418 5472 praecepta
448 5403 746 5458 calcantur.
788 5402 1030 5472 Denique
1059 5402 1172 5473 ipse
1198 5401 1444 5458 diabolus
1471 5404 1720 5459 inventor

130 5493 414 5562 superbire
458 5510 556 5566 per
601 5495 770 5565 ipsam
815 5495 882 5549 de
925 5495 1235 5550 ccelestibus
1284 5495 1509 5562 corruit,
1558 5511 1718 5565 quem

131 5585 290 5639 Deus
321 5583 526 5641 fecerat
568 5585 685 5640 sine
724 5585 830 5641 ullo
868 5595 1111 5657 peccato,
1141 5595 1194 5643 et
1233 5588 1346 5643 haec
1374 5595 1457 5642 est
1480 5588 1720 5642 omnium

130 5674 414 5730 malorum
440 5691 623 5742 causa,
651 5692 748 5748 per
775 5678 914 5732 hanc
944 5687 1194 5734 versutus
1225 5694 1450 5750 serpens
1475 5679 1721 5736 diabolus

127 5765 380 5834 primum
427 5776 706 5836 parentem
749 5768 1041 5833 interemit,
1069 5785 1170 5841 per
1205 5771 1346 5827 hanc
1381 5779 1606 5826 mortem
1639 5771 1719 5826 in-

508 5861 776 5926 Ps'raoc.
823 5860 1018 5924 CXII.

1833 668 1852 703 ι
1889 650 2008 722 Ipse
2043 661 2127 708 est
2169 670 2264 711 rex
2303 669 2465 727 super
2504 655 2784 712 universos
2815 655 2952 712 filios
2986 660 3241 730 superbia
3277 663 3399 732 (Job

1828 757 1938 808 XLI,
1965 744 2077 815 ‘25).
2108 765 2127 797 ι

1825 893 1950 964 CAP,
1986 894 2076 950 IX.
2103 927 2171 937 --
2195 895 2431 974 ijectio
2459 900 2534 954 vel
2561 901 2846 974 increpatio
2874 901 3122 974 adversus
3149 905 3398 974 superbos

2178 968 2385 1023 diversa
2413 987 2569 1041 super
2597 968 3040 1026 hoc'testimonia.

1897 1101 2191 1157 Dicendum
2215 1103 2399 1174 itaque
2420 1111 2505 1160 est
2532 1105 2777 1175 superbis
2803 1125 2816 1159 :
2852 1125 2870 1158 ι
2904 1104 2974 1161 Ut
3003 1105 3130 1176 quid
3161 1107 3406 1178 superbit

1824 1198 1966 1247 terra
1994 1200 2047 1247 et
2074 1193 2209 1248 cinis
2232 1193 2424 1264 (Eccli.
2452 1211 2509 1260 x,
2540 1195 2626 1264 9);
2659 1203 2713 1250 ct
2759 1195 2886 1254 illud
2932 1211 2946 1250 :
2991 1195 3132 1252 Deus
3159 1199 3406 1268 superbis

1822 1281 2028 1337 resistit
2058 1281 2109 1353 (I
2138 1281 2283 1336 Petr.
2315 1299 2373 1349 v,
2405 1282 2496 1355 5);
2527 1294 2583 1339 et
2613 1283 2742 1340 illud
2771 1302 2786 1339 :
2814 1284 3125 1341 lmmundus
3145 1295 3230 1342 est
3259 1288 3401 1358 apud

1821 1371 1990 1428 Deum
2011 1373 2187 1428 omnis
2211 1373 2302 1442 qui
2325 1374 2529 1430 exaltat
2556 1390 2650 1430 cor
2670 1389 2857 1441 suum;
2901 1382 2954 1431 et
2999 1375 3128 1431 illud
3155 1394 3168 1430 :
3212 1375 3402 1435 Omnis

1819 1463 1910 1534 qui
1939 1477 1998 1518 se
2031 1463 2235 1518 exaltat
2263 1463 2635 1520 bumiliabitur
2662 1464 2813 1537 (Luc.
2840 1480 2952 1532 xtv,
2989 1467 3108 1538 ll);
3141 1475 3196 1521 et
3225 1466 3354 1522 illud
3382 1486 3396 1521 :

1817 1551 1958 1609 Ante
1990 1553 2200 1609 ruinam
2249 1555 2522 1611 exaltatur
2554 1556 2776 1627 spiritus
2805 1557 2988 1630 (Prov.
3033 1574 3147 1625 xvr,
3190 1559 3310 1628 l8);
3344 1569 3405 1615 et

1819 1643 1950 1699 illud
1978 1662 1990 1698 :
2018 1643 2276 1700 Dominus
2296 1645 2402 1700 alta
2437 1660 2468 1701 a
2499 1645 2659 1718 longe
2680 1646 2957 1717 cognoscit
2988 1644 3400 1718 (Psal.cxxxvt,

1817 1733 1906 1803 7);
1966 1741 2022 1788 et
2082 1733 2212 1790 illud
2268 1751 2283 1788 :
2350 1734 2566 1791 Initium
2636 1736 2813 1792 omnis
2875 1738 3082 1806 peccati
3147 1740 3400 1810 superbia

1827 1824 2019 1896 (Eccli.
2046 1843 2102 1892 χ,
2131 1825 2241 1898 15).
2283 1846 2302 1878 ι
2339 1827 2480 1884 Deus
2525 1827 2742 1884 humilis
2766 1828 2938 1885 factus
2963 1837 3068 1896 est,
3118 1831 3406 1887 erubescat

1821 1917 1984 1974 homo
2017 1933 2140 1975 esse
2181 1920 2463 1991 superbus.
2501 1921 2730 1977 Occasio
2761 1921 2923 1993 igitur
2959 1922 3274 1994 perditionis
3301 1938 3400 1978 no-

1821 2014 1946 2062 stra:
1977 2005 2118 2062 facta
2148 2017 2232 2064 est
2255 2010 2509 2081 superbia
2553 2011 2772 2078 diaboli,
2813 2021 2868 2068 et
2895 2022 3274 2083 argumentum
3319 2030 3405 2070 re-

1820 2094 2147 2164 demptionis
2191 2105 2390 2153 nostra:
2425 2098 2643 2154 inventa
2669 2108 2754 2154 est
2780 2101 3056 2158 humilitas
3083 2103 3197 2171 Dei,
3229 2103 3400 2160 hostis

1821 2185 1966 2241 enim
1983 2195 2172 2242 noster
2199 2187 2338 2244 inter
2359 2190 2540 2244 omnia
2560 2191 2810 2248 conditus
2835 2193 3006 2250 videri
3029 2209 3190 2264 supra
3217 2197 3400 2252 omnia

1819 2276 1989 2332 voluit
2045 2277 2218 2334 elatus
2259 2295 2275 2336 :
2321 2278 2654 2350 Redemptor
2706 2291 2888 2338 autem
2939 2293 3123 2339 noster
3175 2299 3402 2355 magnus

1821 2383 2046 2425 manens
2086 2385 2250 2440 super
2275 2370 2476 2438 omnia,
2509 2371 2626 2428 fieri
2657 2373 2798 2430 inter
2822 2376 3001 2430 omnia
3043 2376 3290 2448 dignatus
3319 2391 3403 2434 εει

1819 2476 2037 2532 parvus.
2069 2461 2210 2534 Ergo
2255 2463 2472 2518 dicatur
2514 2465 2829 2534 humilibus,
2858 2468 2982 2538 quia
3009 2467 3135 2523 dum
3169 2484 3227 2524 se
3269 2470 3406 2538 deji-

1817 2554 1969 2610 ciunt
1994 2553 2061 2610 ad
2081 2554 2175 2611 Dei
2201 2555 2605 2614 similitudinem
2623 2561 2940 2616 ascendunt.
2967 2562 3188 2618 Dicatur
3219 2563 3397 2630 elatis,

1819 2646 1946 2716 quia
1973 2646 2100 2703 dum
2129 2661 2190 2705 se
2212 2649 2428 2722 erigunt
2454 2650 2510 2706 in
2536 2659 2797 2723 apostatae
2822 2653 3001 2725 angeli
3037 2653 3400 2712 imitationem

1828 2737 2040 2794 cadunt.

1890 2915 2020 2972 CAP.
2062 2913 2130 2972 Χ.
2161 2947 2228 2958 -—
2257 2917 2706 2987 Quemadmodum
2745 2922 3040 2992 superbiam
3076 2937 3324 2994 superare
3420 2912 3423 2915 ’

2462 3005 2757 3061 possumus.

1893 3127 2076 3198 Itaque
2105 3129 2249 3183 hunc
2294 3128 2610 3199 nequissimi
2651 3129 2874 3200 spiritus
2917 3130 3167 3202 laqueum
3212 3134 3396 3190 taliter

1822 3221 2120 3292 poterimus
2146 3221 2373 3276 evadere
2391 3261 2407 3287 ,
2438 3221 2484 3276 si
2514 3221 2568 3276 in
2598 3220 2821 3291 singulis
2845 3222 3040 3292 quibus
3067 3225 3400 3282 senserimus

1823 3325 1924 3366 nos
1963 3311 2256 3366 virtutibus
2285 3309 2605 3382 profecisse,
2636 3310 2766 3366 illud
2801 3312 3158 3381 apostolicum
3199 3315 3415 3378 dixeris

1823 3415 1983 3457 mus:
2017 3419 2034 3452 ι
2068 3398 2186 3455 Non
2218 3415 2346 3471 ego,
2379 3398 2474 3455 sed
2513 3399 2688 3471 gratia
2738 3399 2835 3455 Dei
2884 3397 3114 3466 mecum,
3145 3412 3201 3458 et
3227 3407 3401 3476 gratia

1822 3489 1918 3546 Dei
1948 3505 2068 3546 sum
2111 3490 2254 3560 quod
2283 3505 2433 3557 sum,
2469 3498 2524 3546 et
2553 3490 2722 3545 Deum
2765 3505 2886 3547 esse
2925 3492 3018 3563 qui
3067 3503 3320 3564 operatur
3347 3496 3400 3551 in

1823 3586 1979 3643 nobis
2004 3594 2060 3641 et
2076 3583 2212 3641 velle
2233 3594 2287 3640 et
2315 3584 2576 3656 perlicere
2600 3600 2699 3656 pro
2725 3585 2864 3640 bona
2894 3585 3169 3642 voluntate
3196 3587 3248 3660 (Ι
3277 3587 3399 3644 Cor.

1822 3693 1910 3741 xv,
1939 3677 2058 3748 10);
2088 3696 2108 3730 ι
2137 3677 2349 3732 dicente
2372 3676 2537 3731 etiam
2565 3676 2682 3746 ipso
2711 3684 2930 3732 auctore
2955 3677 3144 3734 salutis
3169 3690 3397 3735 nostra};

1829 3785 1848 3819 ‹
1885 3751 1988 3836 Ωιῖἰ
2029 3777 2214 3822 manet
2256 3767 2312 3820 in
2361 3780 2448 3821 me
2477 3775 2530 3821 et
2555 3781 2654 3836 ego
2696 3766 2750 3820 in
2777 3765 2897 3833 illo,
2926 3766 3011 3822 hic
3040 3766 3090 3821 fe
3123 3777 3143 3822 t
3171 3768 3402 3824 fructum

1823 3859 2070 3924 nultum,
2104 3858 2228 3928 qu’a
2260 3857 2379 3912 :ine
2407 3871 2494 3912 me
2522 3856 2656 3912 nihil
2709 3858 2934 3926 potestis
2977 3858 3156 3913 facere
3179 3857 3400 3931 (Plii’ip.

1823 3967 1885 4018 tt,
1925 3950 2026 4016 15;
2055 3949 2216 4004 Joan.
2248 3964 2334 4010 xv,
2367 3945 2444 4020 5),
2479 3956 2530 4002 et
2566 3955 2759 4003 (autem
2789 3948 2936 4002 talia.
2964 3947 3228 4021 Superbia
3257 3951 3407 4006 enim

1821 4041 2063 4098 omnium
2116 4037 2482 4110 dtpOpulatrix
2541 4037 2800 4092 virtutum
2847 4053 2944 4110 per
2995 4053 3175 4094 veram
3225 4049 3406 4112 potest

1821 4129 2088 4202 cxst'ngui
2117 4127 2496 4195 humilitatem,
2530 4127 2758 4198 ideoque
2788 4128 3162 4185 universitatis
3191 4139 3404 4186 creator

1822 4232 1877 4278 et
1923 4221 2165 4278 medieus
2194 4219 2334 4275 Deus
2363 4234 2581 4274 causam
2611 4219 3044 4292 principiumque
3089 4237 3177 4276 mo
3209 4223 3403 4277 borum

1822 4313 2130 4384 superbiant:
2159 4325 2280 4366 esse
2313 4324 2676 4382 cognoscens,
2703 4311 2996 4366 contrariis
3037 4326 3230 4368 sanare
3272 4328 3403 4368 con-

1823 4414 1921 4460 tra:
1940 4404 1987 4459 ia
2017 4401 2348 4474 prccuravit,
2384 4409 2444 4456 ut
2482 4417 2543 4457 ea
2571 4401 2804 4466 scilicet,
2825 4417 2944 4476 quae
2969 4417 3066 4476 per
3092 4403 3400 4472 superbiam

1822 4503 2174 4560 corruerant,
2207 4508 2302 4565 per
2331 4493 2692 4549 humilitatem
2735 4500 3097 4569 resutgerent.
3149 4493 3404 4548 Diabolus

1823 4601 2054 4657 namque
2085 4585 2257 4641 dicit:
2302 4604 2320 4636 ι
2373 4583 2429 4639 In
2477 4583 2675 4642 coelum
2716 4583 3076 4644 conscendam
3117 4581 3250 4653 (Isa.
3287 4599 3401 4648 ιη’,

1823 4679 1942 4751 15);
1979 4698 1997 4730 ι
2032 4677 2290 4732 Dominus
2311 4676 2479 4732 dicit:
2515 4693 2532 4727 ι
2563 4674 2851 4731 Ilumiliata
2879 4681 2961 4729 est
2979 4673 3033 4728 in
3060 4683 3201 4730 terra
3222 4676 3400 4731 anima

1821 4784 1942 4824 mea
1973 4765 2144 4840 (Paul.
2177 4783 2330 4833 xuu,
2359 4765 2487 4837 ‘25);
2532 4784 2549 4818 ι
2579 4765 2668 4821 ille
2689 4764 2817 4818 dicit
2843 4782 2856 4818 ε
2888 4782 2907 4816 ι
2947 4763 3052 4818 Ero
3081 4764 3272 4821 similis
3303 4766 3402 4821 Al-

1821 4859 2032 4914 tissimo
2073 4857 2208 4930 (Isa.
2254 4872 2365 4922 xw,
2403 4855 2526 4928 M);
2561 4875 2578 4908 ι
2621 4855 2664 4910 1)
2702 4854 2900 4923 minus,
2937 4872 2956 4906 ‹
2989 4870 3111 4911 cum
3155 4864 3299 4911 esset
3342 4857 3401 4912 in

1823 4952 1996 5007 forma
2031 4950 2124 5006 Dei
2153 4948 2453 5006 exinanivit
2480 4949 2850 5018 semet'psum,
2881 4945 3110 5002 formam
3135 4948 3275 5004 servi
3305 4965 3400 5005 ac-

1821 5044 2046 5115 cipiens,
2093 5041 2504 5110 humi'iavitque
2552 5056 2610 5096 se
2664 5039 2836 5094 factus
2860 5039 3114 5095 obediens
3135 5054 3304 5110 usque
3331 5041 3400 5095 ad

1821 5141 2048 5192 mortem
2079 5129 2245 5202 (Phil.
2283 5146 2345 5197 ιι,
2373 5130 2464 5196 7);
2509 5130 2602 5184 izle
2633 5129 2800 5185 dicit:
2835 5148 2853 5181 ι
2889 5127 3062 5204 Super
3107 5138 3252 5184 astra
3299 5130 3398 5184 Dei

1819 5222 2069 5279 eraltabo
2096 5220 2288 5277 solium
2339 5235 2519 5276 meum
2573 5218 2709 5294 (ιω.
2757 5233 2868 5286 xxv,
2911 5219 3030 5292 l5);
3081 5217 3182 5275 is'e
3222 5220 3394 5276 dicit:

1823 5333 1842 5366 ι
1871 5312 2066 5368 Discite
2087 5311 2116 5366 it
2134 5328 2220 5366 me
2231 5310 2354 5381 quia
2376 5310 2522 5367 mitis
2537 5325 2658 5366 sum
2678 5318 2733 5365 et
2757 5309 2975 5366 bumiiis
2995 5309 3156 5365 corde
3179 5309 3393 5383 (Matth.

1823 5420 1915 5468 ιι,
1964 5402 2076 5472 29).
2114 5421 2133 5454 ι
2170 5401 2226 5457 Si
2259 5400 2572 5473 principalis
2615 5401 2784 5456 ruina:
2832 5415 3048 5458 causam
3092 5408 3148 5455 et
3197 5400 3391 5455 salutis

1823 5503 2021 5550 nostra:
2049 5491 2396 5548 fundamenta
2435 5492 2829 5564 perspeximus,
2859 5507 2888 5547 a
2914 5507 3023 5562 quo
3066 5499 3120 5546 ct
3163 5489 3395 5560 qualiter

1823 5586 1903 5641 vel
1938 5587 2038 5640 ista
2077 5584 2220 5655 jaeta
2265 5583 2390 5648 sint,
2418 5583 2504 5637 vel
2548 5583 2635 5638 illa
2667 5585 3008 5650 emerserint,
3037 5582 3382 5653 quemadmo‘

1823 5681 1948 5736 dum
1971 5679 2208 5734 devitarc
2240 5685 2349 5731 tam
2390 5686 2627 5732 atrocem
2655 5687 2881 5733 mortem
2911 5675 3172 5746 superbia
3194 5675 3362 5732 debca
3387 5703 3397 5714 -

1825 5787 1962 5839 mus,
1992 5770 2071 5826 vel
2101 5770 2243 5825 illius
2270 5769 2420 5824 ruina
2454 5769 2534 5824 vel
2565 5770 2704 5825 illius
2731 5771 3021 5824 doceamur
3054 5768 3316 5842 exemplo.

2849 5859 2922 5925 13
