3956 6326
464 259 472 274 ’
566 287 706 346 4355

1203 289 1261 344 Β.
1306 289 1556 345 ΒΑΒΑΝΙ
1600 289 1815 348 MAURI
1854 291 2104 348 AIlCIIIE

2213 291 2518 352 MOGUNT.
2561 296 2848 355 OPERCM
2890 300 3067 356 PARS
3105 303 3189 357 111.

632 404 761 461 Car.
786 401 874 458 XI.
901 432 969 442 —
999 399 1245 458 Remedia
1272 404 1516 459 adversus
1550 404 1786 458 morbum
1810 405 2082 476 superbire.
2166 409 2216 469 Α
2244 407 2530 478 Evangelio
2556 409 2839 479 discipulis
2862 413 2974 468 suis
2995 414 3099 468 ait:
3126 434 3143 466 ‹
3175 413 3302 472 Sine
3325 431 3415 472 me
3444 421 3587 477 nihil
3615 433 3840 495 potestis

633 538 830 611 (Cass)
860 537 916 594 Si
943 538 1250 609 superbiam
1294 540 1682 596 ferocissimam
1708 541 1937 596 bestiam
1967 549 2024 596 et
2045 542 2136 597 de-

561 631 882 688 voratricem
919 640 1238 686 cunctarum
1275 633 1532 686 virtutum
1561 633 1885 688 omnimodis
1915 633 2136 688 festina-

561 738 682 777 mus
716 722 1085 793 exstinguerc,
1121 723 1476 792 nosmetipsos
1524 723 1775 778 omnibus
1826 724 2133 779 hominibus

559 813 844 869 inferiores
877 812 1205 882 judicemus,
1250 820 1302 866 ct
1344 813 1561 868 viliores
1595 821 1649 868 et
1687 815 1932 869 universa
1958 855 1971 880 ,
2013 829 2133 883 quae

559 906 717 962 nobis
738 905 936 960 fuerim
966 905 1217 976 irrogata,
1244 913 1298 958 et
1321 905 1367 958 si
1389 905 1498 958 sint
1536 904 1790 974 injuriosa
1821 903 1905 959 vel
1933 905 2126 971 tristia,

556 998 641 1054 vel
674 1000 955 1064 damnosa,
986 1006 1238 1067 tanquam
1269 1012 1298 1051 a
1329 997 1696 1067 superioribus
1741 996 1943 1052 nostris
1983 997 2130 1052 illata

555 1091 945 1163 patientissime
974 1089 1282 1153 toleremus,
1310 1099 1366 1143 et
1394 1097 1574 1144 mente
1599 1088 1797 1159 iugiter
1827 1087 2129 1144 recolamus

554 1184 640 1241 vel
692 1183 905 1240 Domini
944 1183 1115 1237 nostri
1165 1182 1270 1254 vel‘
1301 1191 1611 1238 sanctorum
1664 1180 1780 1250 ejus
1826 1182 2126 1252 passiones,

553 1274 957 1330 considerantes
987 1280 1136 1326 tanto
1157 1271 1448 1326 levioribus
1477 1286 1577 1326 nos
1611 1268 1820 1338 injuriis
1846 1271 2124 1336 attentari,

552 1374 758 1437 quanto
799 1365 1010 1436 longius
1056 1380 1086 1418 a
1137 1364 1570 1419 msritis'eorum
1611 1369 1666 1417 et
1715 1363 2126 1418 conversatione

551 1458 832 1514 distamus.
867 1455 1075 1510 Pariter
1104 1455 1267 1509 etiam
1309 1453 1605 1524 cogitantes
1651 1453 1760 1508 cito
1804 1468 1902 1508 nos
1930 1454 1996 1507 de
2023 1455 2126 1508 hoc

475 1537 482 1544 ’
549 1547 749 1603 δωουιο
798 1547 1144 1618 migraturos.
1191 1544 1393 1599 Deinde
1435 1545 1853 1612 posthaecohanc
1877 1543 2122 1599 eamdem

548 1636 908 1693 humilitatem
937 1650 1064 1707 erga
1094 1634 1377 1692 Dominum
1419 1633 1727 1690 firmissime
1766 1643 2119 1699 retentcmus,

543 1729 688 1800 quod
726 1743 758 1784 a
798 1728 954 1783 nobis
995 1729 1069 1782 ita
1099 1726 1454 1796 complebitur
1496 1736 1553 1779 ut
1595 1725 1728 1779 nihil
1763 1726 2120 1795 nosmetipsos

543 1823 748 1893 absque
792 1820 937 1876 illius
979 1820 1335 1890 opitulatione
1365 1819 1448 1872 vel
1479 1818 1650 1889 gratia
1685 1818 1828 1888 quod
1851 1818 1917 1872 ad
1949 1819 2117 1872 virtu-

542 1926 656 1974 tum
701 1915 1221 1972 consummationem
1257 1915 1489 1984 pertinet
1529 1929 1688 1984 posse
1716 1914 1976 1984 perlicere
2023 1928 2116 1970 co-

538 2024 878 2083 gnoscamus,
897 2007 989 2063 sed
1007 2015 1061 2062 et
1087 2007 1192 2062 hoc
1219 2007 1391 2076 ipsum
1422 2006 1562 2075 quod
1591 2006 1894 2076 intelligere
1913 2007 2115 2061 merui-

537 2115 660 2156 mus
689 2101 805 2171 ejus
829 2112 948 2154 esse
975 2097 1216 2153 muneris
1250 2097 1304 2152 in
1351 2097 1580 2152 veritate
1623 2097 1929 2152 credamus.
1980 2097 2115 2152 Nam

535 2201 593 2247 et
613 2200 831 2248 sanctus
857 2199 1013 2261 pater
1035 2189 1265 2244 Basilius
1292 2189 1358 2244 de
1379 2189 1660 2244 curatione
1686 2197 1742 2243 et
1763 2187 2000 2243 remedio
2027 2204 2116 2244 su-

473 2300 484 2344 i
534 2283 736 2353 perbia:
759 2281 839 2336 sic
859 2281 954 2346 ait,
987 2278 1319 2350 impossibile
1345 2287 1428 2333 est
1465 2277 1645 2332 curari
1675 2277 1777 2332 hoc
1798 2277 1986 2330 vitium
2011 2276 2113 2332 nisi

465 2417 476 2420 _
535 2374 814 2429 abstrahat
852 2387 911 2428 se
950 2379 1006 2426 et
1058 2372 1274 2427 recedat
1317 2372 1386 2426 ab
1436 2370 1688 2426 omnibus
1737 2371 2113 2426 occasionibus

465 2483 472 2490 ·
535 2463 806 2528 elationis,
835 2462 977 2518 sicut
1018 2461 1352 2530 impossibile
1382 2470 1466 2515 est
1495 2461 1761 2531 exstingui
1792 2461 1988 2532 linguas
2015 2463 2112 2516 ali-

533 2553 690 2626 cujus
714 2552 800 2608 vel
831 2553 1005 2625 gentis
1030 2551 1296 2623 loquelam
1322 2550 1406 2606 vel
1433 2551 1721 2606 artificium
1741 2551 1978 2622 aliquod,
2007 2553 2110 2608 nisi

465 2669 498 2679 --
531 2645 825 2720 quis-omni
859 2657 1054 2717 genere
1074 2658 1132 2700 se
1163 2642 1442 2699 abstrahat
1472 2659 1578 2700 non
1608 2643 1781 2698 solum
1803 2643 1870 2699 ab
1904 2644 2112 2715 agendo

530 2737 616 2794 vel
646 2737 914 2809 loquendo
959 2737 1046 2793 vel
1087 2738 1382 2803 movendo,
1425 2737 1519 2792 sed
1544 2735 1708 2791 etiam
1739 2735 1808 2790 ab
1842 2735 2110 2792 audiendo

528 2843 646 2897 eos,
669 2829 761 2900 qui
791 2836 956 2900 agunt
979 2828 1053 2894 id,
1077 2829 1221 2899 quod
1243 2826 1488 2884 oblivisci
1509 2825 1682 2896 cupit,
1711 2834 1766 2881 et
1789 2825 1892 2882 hoc
1917 2824 2093 2882 obser-

528 2920 764 2976 vandum
797 2920 866 2975 de
898 2918 1150 2976 omnibus
1172 2918 1337 2975 vitiis.

613 3031 746 3088 Car.
776 3031 891 3088 XII.
917 3063 986 3073 —
1007 3032 1084 3086 De
1115 3041 1306 3086 natura
1330 3041 1377 3087 et
1399 3031 1598 3103 origine
1618 3031 1789 3086 inanis
1815 3031 2014 3103 gloriae.

2135 499 2150 514 '
2241 495 2419 552 facere
2448 497 2629 568 (Joan.
2663 513 2752 566 xv,
2785 499 2860 572 5).
2911 522 2928 553 ι

2235 630 2364 688 CAP.
2392 631 2527 687 XIII.
2571 663 2639 674 —-
2675 634 2804 708 Qua,
2842 638 3233 708 comparatione
3271 655 3610 703 monstretur
3653 663 3838 708 natura

2553 705 2873 773 cenodoxiw,
2898 705 3074 774 idest,
3106 709 3276 766 inanis
3297 714 3490 782 gloria:

2307 815 2504 890 (Cass.)
2527 817 2759 875 Pulchre
2786 821 3032 877 seniores
3065 832 3314 882 naturam
3356 831 3544 887 morbi
3589 835 3760 902 hujus
3789 841 3832 892 in

2235 909 2453 963 modum
2503 923 2666 979 caepa:
2713 910 3094 981 pultorumque
3151 915 3514 984 describunt,
3551 937 3684 991 qua:
3737 941 3833 982 uno

2233 997 2488 1054 decorata
2538 1001 2807 1071 tegmine,
2847 1002 2953 1057 alio
2991 1019 3204 1060 rursum
3231 1008 3591 1067 inveniuntur
3627 1015 3830 1078 induta,

2232 1091 2500 1160 totiesque
2526 1091 2873 1161 reperiuntur
2901 1093 3138 1161 obtecta,
3165 1098 3382 1166 quoties
3416 1098 3636 1157 fuerint
3666 1107 3828 1174 expli-

2230 1189 2373 1236 cata.

2228 1309 2356 1368 CAP.
2380 1311 2520 1368 XIV.
2544 1343 2613 1352 —
2645 1313 2886 1378 Qualiter
2913 1317 2988 1371 vel
3013 1318 3202 1394 quibus
3233 1321 3406 1374 modis
3433 1322 3626 1376 inanis
3667 1324 3827 1394 gloria

2563 1394 2842 1440 sectatores
2869 1403 2991 1441 suos
3015 1389 3182 1458 pulset
3213 1408 3276 1443 ac
3304 1403 3478 1446 vexet.

2299 1491 2494 1568 (Cass.)
2525 1494 2640 1551 Non
2676 1497 2850 1552 solum
2877 1501 3021 1553 enim
3070 1509 3132 1554 ut
3172 1508 3372 1555 czetera
3419 1502 3560 1556 vitia
3597 1505 3652 1556 in
3679 1514 3824 1573 parte

2226 1586 2454 1652 carnali,
2480 1588 2573 1640 sed
2595 1589 2758 1642 etiam
2799 1589 2851 1642 in
2891 1591 3122 1659 spiritali
3150 1592 3430 1647 hominem
3467 1595 3676 1664 pulsat,
3709 1598 3822 1649 sub-

2227 1676 2401 1731 tiliore
2436 1692 2494 1731 se
2515 1679 2752 1748 nequitia
2781 1680 3033 1750 ingerens
3063 1683 3255 1747 menti,
3288 1693 3346 1737 et
3377 1701 3554 1754 quem
3581 1701 3692 1740 non
3729 1703 3816 1755 po-

2150 1768 2194 1826 B
2226 1777 2329 1822 test
2361 1769 2669 1824 carnalibus
2710 1771 2856 1826 vitiis
2893 1773 3163 1843 decipere,
3193 1775 3259 1830 de
3288 1776 3645 1845 spiritalibus
3671 1780 3815 1833 bonis

2220 1868 2444 1915 conatur
2469 1861 2737 1928 sauciare,
2767 1870 3028 1932 tantoque
3059 1876 3140 1920 est
3171 1867 3552 1934 perniciosior
3583 1871 3648 1922 ad
3683 1886 3810 1924 con-

2217 1949 2419 2005 ﬂictum
2463 1960 2664 2022 quanto
2707 1953 2991 2009 obscurior
3033 1953 3098 2008 ad
3144 1958 3479 2011 cavendum.
3532 1961 3581 2011 Α
3623 1960 3813 2013 dextris

2220 2041 2363 2096 enim
2391 2050 2448 2095 et
2473 2057 2502 2094 a
2527 2041 2765 2097 sinistris
2799 2042 3172 2098 Christianum
3203 2045 3544 2116 impugnare
3573 2065 3680 2103 non
3702 2065 3808 2102 ces-

2217 2144 2318 2190 sat.
2347 2134 2437 2189 Ait
2463 2135 2608 2188 enim
2637 2135 3070 2205 sapientissimus
3109 2136 3372 2191 Salomon
3406 2155 3420 2190 :
3465 2157 3488 2190 ι
3530 2139 3612 2193 Ne
3647 2142 3806 2195 diver-

2217 2225 2352 2279 taris
2381 2226 2448 2279 ad
2478 2225 2726 2279 dextram
2758 2227 2843 2281 vel
2889 2227 2958 2280 ad
3000 2228 3278 2282 sinistram
3311 2227 3512 2298 (Prov.
3551 2248 3630 2292 tv,
3655 2233 3752 2285 27‘s.
3783 2253 3798 2282 ι

2213 2314 2317 2382 Qui
2341 2315 2486 2369 enim
2509 2329 2566 2369 se
2590 2316 2656 2370 de
2687 2315 2977 2371 virtutibus
3003 2325 3057 2371 et
3075 2317 3335 2387 operibus
3357 2320 3534 2374 bonis
3557 2323 3798 2375 extollunt

2211 2414 2266 2460 et
2311 2406 2546 2460 inaniter
2578 2405 2949 2472 blandiuntur,
3008 2407 3076 2462 ad
3115 2408 3368 2462 dextram
3417 2411 3794 2472 divertnntur;

2214 2499 2305 2568 qui
2344 2513 2474 2552 vero
2508 2499 2574 2554 de
2609 2498 2754 2553 vitiis
2789 2499 3015 2568 gloriam
3063 2501 3166 2554 SlbI
3223 2500 3276 2554 in
3328 2517 3430 2555 sua
3495 2505 3800 2558 confusione

2212 2587 2561 2653 conquirunt,
2593 2585 2663 2640 ad
2697 2586 2975 2642 sinistram
3001 2602 3100 2657 per
3125 2587 3382 2643 elationis
3409 2598 3472 2642 et
3499 2591 3683 2646 inanis
3707 2593 3802 2662 glo-

2213 2679 2306 2733 rite
2335 2677 2528 2733 vitiu'm
2560 2679 2919 2734 divertuntur.
2964 2680 3134 2748 Quem
3179 2681 3246 2736 de
3297 2683 3496 2752 specie
3525 2685 3802 2740 succincta

2211 2791 2274 2831 ac
2299 2775 2482 2832 nitidae
2509 2785 2678 2832 vestis
2706 2775 3026 2832 coenodoxia
3052 2792 3158 2831 non
3177 2779 3358 2848 potuit
3387 2794 3690 2848 generare.
3717 2796 3800 2851 pro

2211 2867 2455 2938 squalida
2481 2876 2535 2923 et
2564 2868 2765 2924 inculta
2793 2885 2855 2924 ac
2890 2869 3080 2925 viliore
3121 2879 3356 2925 conatur
3385 2872 3623 2938 inferre,
3653 2891 3799 2944 quem

2209 2974 2316 3014 non
2347 2959 2522 3028 potuit
2569 2976 2665 3031 per
2713 2961 2975 3016 honorem
3017 2961 3280 3031 dejicere,
3317 2964 3646 3019 humilitate
3689 2981 3802 3032 sup-

2207 3049 2447 3120 plantat,
2482 3065 2642 3120 quem
2693 3051 2933 3106 scientiae
2997 3059 3053 3105 et
3104 3051 3400 3108 locutionis
3451 3065 3656 3108 ornatu
3701 3069 3796 3108 non

597 3143 797 3218 (Cass.)
829 3144 1177 3210 Cmnodoxia,
1207 3161 1369 3215 quam
1393 3159 1492 3200 nos
1515 3159 1707 3199 vanam
1739 3145 1851 3200 sive
1886 3145 2104 3202 inanem
2133 3118 2178 3182 (ἶ
2208 3118 2386 3210 pOtest
2428 3118 2686 3195 extollere
2712 3181 2725 3206 ,
2764 3141 3029 3212 gravitate
3066 3142 3470 3197 taciturnitatis
3527 3143 3717 3206 elidit,
3758 3146 3796 3197 si

525 3237 1123 3312 gloriam‘appellamus,
1151 3236 1500 3292 multiformis
1525 3246 1581 3292 et
1608 3237 1756 3291 varia
1780 3244 1942 3308 atque
1976 3238 2103 3293 sab-

518 3330 636 3385 tilis
659 3335 743 3384 est
777 3329 978 3399 passio,
1027 3328 1197 3382 ita-ut
1239 3327 1570 3396 quibuslibet
1614 3328 2102 3398 perspicacissimis

523 3419 696 3474 oculis
721 3433 831 3473 non
853 3418 1030 3474 dicam
1049 3417 1252 3482 caveri,
1282 3418 1376 3473 sed
1401 3418 1669 3487 provideri
1701 3427 1754 3473 et
1775 3419 2101 3488 deprehendi

522 3508 612 3561 vix
647 3507 838 3578 possit.
870 3507 1122 3562 Nascitur
1148 3507 1316 3573 enim,
1352 3515 1412 3562 ut
1455 3508 1654 3562 dictum
1685 3517 1791 3574 est,
1821 3523 1886 3564 ex
1911 3525 2100 3581 super—

521 3601 631 3667 bia,
659 3615 760 3670 per
789 3600 894 3656 hoc
931 3599 1075 3655 enim
1111 3600 1366 3656 vanitatis
1404 3600 1594 3656 vitium
1623 3601 1871 3657 diabolus
1896 3604 1964 3658 de
1999 3619 2098 3657 an-

521 3691 693 3766 gelica
735 3698 819 3748 est
860 3691 1066 3762 ejectus
1105 3690 1440 3747 beatitudine
1487 3705 1607 3746 cum
1653 3691 1858 3746 diceret
1891 3708 1902 3744 :
1945 3709 1962 3742 ‹
1991 3693 2100 3748 Ero

505 3782 713 3838 similis
741 3781 1018 3839 Altissimo
1054 3779 1187 3854 (Isa.
1220 3798 1330 3848 xw,
1359 3781 1471 3855 14),
1497 3801 1516 3834 i
1547 3790 1600 3838 et
1628 3796 1725 3853 per
1755 3784 1898 3839 hunc
1925 3783 2098 3839 inanis

515 3875 703 3947 gloriae
747 3875 993 3932 morbum
1019 3875 1225 3946 primos
1257 3876 1501 3931 homines
1524 3876 1733 3946 decepit
1761 3892 1882 3932 cum
1909 3877 1990 3932 eis
2019 3876 2100 3932 di-

519 3973 708 4022 ceret:
745 3985 763 4018 ‹
801 3965 967 4022 Eritis
993 3965 1134 4021 sicut
1161 3965 1270 4031 dii,
1313 3965 1551 4036 scientes
1580 3967 1781 4021 bonum
1806 3975 1860 4021 et
1895 3966 2098 4022 malum

519 4057 674 4129 (Gen.
703 4073 790 4124 Ill,
817 4055 892 4128 5).
926 4076 944 4108 ι
978 4056 1078 4112 Est
1100 4057 1246 4112 enim
1291 4056 1467 4111 inanis
1511 4055 1682 4127 gloria
1725 4057 2003 4127 multiplex
2044 4064 2100 4113 et

515 4147 882 4214 multiformis,
917 4162 980 4202 ac
1003 4147 1178 4202 varia.
1197 4156 1255 4202 ut
1279 4147 1486 4202 dictum
1513 4155 1614 4210 est,
1639 4148 1841 4216 passio,
1860 4149 2098 4218 undique

514 4240 776 4296 bellatore
805 4255 870 4294 ex
893 4239 1040 4295 omni
1066 4247 1218 4310 parte
1243 4238 1436 4293 victori
1462 4252 1774 4294 occurrens.
1801 4238 1935 4292 Nam
1963 4246 2018 4292 et
2042 4239 2096 4293 in

511 4331 702 4388 habitu
729 4340 786 4386 et
825 4332 877 4386 in
909 4331 1077 4386 forma
1103 4339 1157 4385 et
1185 4331 1238 4386 in
1275 4331 1510 4396 incessu,
1550 4331 1602 4384 in
1637 4345 1790 4396 voce,
1824 4331 1877 4384 in
1907 4345 2090 4402 opere,

501 4424 570 4479 .in
599 4423 814 4494 vigiliis,
845 4421 898 4476 in
923 4422 1186 4489 oratione,
1219 4421 1272 4476 in
1301 4421 1622 4486 remotione,
1653 4421 1706 4476 in
1748 4421 2002 4490 lectione,
2036 4421 2089 4476 in

515 4513 738 4570 scientia
759 4553 774 4578 ,
804 4513 857 4567 in
905 4512 1301 4577 taciturnitate,
1348 4512 1402 4566 in
1449 4513 1753 4568 ohedientia
1775 4554 1788 4580 ,
1819 4513 1873 4568 in
1912 4514 2092 4568 humi-

507 4604 695 4668 litate,
726 4603 780 4657 in
830 4602 1256 4671 longanimitate,
1287 4601 1655 4658 Christianum
1684 4603 1970 4659 vulnerare
1998 4619 2090 4659 co-

499 4703 696 4758 natur,
725 4707 821 4764 per
851 4693 954 4748 hoc
995 4692 1253 4748 vanitatis
1297 4694 1489 4748 vitium
1531 4695 1819 4764 decipitur,
1844 4694 2089 4764 quisquis

513 4783 751 4839 inbonis
777 4783 891 4838 suis
917 4782 1126 4838 laudari
1155 4784 1445 4849 desiderat,
1489 4794 1545 4841 et
1578 4801 1683 4841 non
1725 4785 1952 4842 Domino
1979 4787 2088 4844 Deo

511 4875 774 4931 honorem
823 4883 876 4930 et
917 4875 1129 4932 laudem
1165 4885 1220 4931 et
1264 4879 1560 4948 gratiarum
1607 4881 1849 4936 actiones
1899 4881 2083 4938 refert.

509 4967 637 5036 Nec
660 4968 860 5023 divinas
882 4969 1108 5040 imputat
1140 4971 1351 5042 gratim,
1382 4970 1640 5041 quidquid
1671 4973 1793 5027 boni
1831 4974 2087 5045 cogitavit

509 5068 608 5114 aut
637 5060 781 5131 dixit.
816 5061 899 5115 vel
945 5060 1101 5126 fecit,
1148 5061 1246 5116 sed
1297 5062 1450 5131 quasi
1486 5078 1553 5117 ex
1593 5080 1653 5119 se
1690 5063 1911 5132 habeat,
1943 5068 2085 5136 quod

501 5160 658 5209 recte
699 5152 989 5222 cogitavit,
1022 5153 1105 5209 vel
1130 5154 1286 5221 dixit,
1317 5156 1400 5210 vel
1429 5171 1590 5225 opere
1621 5155 1884 5228 implevit,
1915 5175 2006 5214 seu
2033 5167 2087 5214 ct

506 5242 828 5312 dignitatem
865 5252 921 5298 et
953 5243 1339 5301 sublimitatem
1372 5248 1571 5302 terreni
1599 5249 1820 5305 honoris
1853 5250 1935 5304 vel
1969 5253 2081 5322 Spi-

507 5331 682 5388 ritalis
709 5333 959 5390 decorem
995 5337 1294 5406 sapientiae,
1319 5339 1402 5394 vel
1437 5355 1502 5396 ex
1535 5357 1634 5397 suo
1662 5343 1878 5412 merito,
1904 5345 1988 5400 vel
2017 5363 2082 5401 ex

508 5441 607 5482 suo
635 5426 834 5494 studio,
861 5428 1161 5498 acquisisse
1198 5446 1258 5486 se
1283 5419 1577 5501 gloriatur,
1612 5433 1737 5488 dum
1788 5451 1946 5492 nemo
1981 5437 2096 5495 ho-.

510 5520 718 5574 minum
744 5521 938 5591 potuit,
955 5530 1132 5593 potest
1155 5532 1248 5576 aut
1271 5525 1469 5593 poterit
1498 5526 1621 5580 boni
1644 5528 1934 5598 quidquam
1958 5531 2082 5585 abs-

512 5623 616 5677 que
636 5609 728 5665 Dei
756 5611 928 5682 gratia
951 5612 1032 5667 vel
1059 5612 1326 5682 adjutorio
1349 5615 1430 5670 vel
1452 5616 1804 5685 inspiratione
1820 5621 2077 5691 cogitare,

513 5699 597 5753 vel
628 5702 826 5772 dicere,
857 5703 942 5758 vel
976 5703 1175 5773 facere,
1204 5705 1288 5760 vel
1313 5706 1531 5777 habere,
1555 5709 1698 5764 sicut
1743 5711 1998 5772 Dominus
2027 5716 2076 5769 in

2118 4465 2169 4526 D

2199 3229 2437 3302 jejunet,
2485 3229 2662 3299 palam
2709 3231 2879 3302 gloria
2930 3233 3186 3287 vanitatis
3237 3234 3522 3303 pulsatur,
3577 3238 3624 3290 si
3677 3236 3792 3289 illud

2204 3321 2609 3376 contemnenda:
2637 3322 2820 3392 gloriae
2844 3337 3008 3379 causa
3045 3326 3381 3391 contexerit,
3415 3330 3625 3384 eodem
3672 3329 3790 3382 vitio

2203 3413 2454 3468 elationis
2481 3415 2823 3481 obtunditur,
2852 3431 2919 3471 ne
2943 3432 3092 3471 vana:
3118 3417 3299 3487 gloriae
3329 3424 3670 3493 contagione
3699 3439 3794 3476 ma-

2203 3505 2434 3571 culetur,
2466 3506 2745 3562 orationes
2767 3506 3004 3562 occultas
3042 3517 3281 3572 exercet,
3309 3518 3372 3563 et
3401 3513 3558 3580 quod
3601 3513 3790 3566 unitum

2203 3596 2399 3651 habeat
2448 3595 2605 3665 hujus
2653 3597 2781 3652 facti
2841 3598 3119 3654 conscium
3177 3613 3282 3652 non
3337 3600 3538 3672 eliugit
3587 3604 3789 3657 aculeos

2201 3687 2476 3743 vanitatis.
2509 3688 2606 3744 Hic
2637 3691 2783 3744 enim
2815 3693 3035 3744 morbus
3065 3706 3165 3745 nec
3196 3706 3291 3746 eos
3311 3733 3328 3756 ,
3362 3695 3460 3762 qui
3511 3696 3568 3748 in
3613 3695 3786 3750 solitu-

2201 3779 2324 3834 dine
2353 3788 2670 3835 cunctorum
2713 3783 3023 3837 mortalium
3068 3784 3342 3838 consortia
3395 3784 3600 3853 gloria:
3636 3801 3786 3840 causa

2200 3867 2471 3939 fugerunt,
2503 3870 2757 3940 persequi
2799 3879 2997 3936 cessat,
3029 3881 3348 3942 quantoque
3397 3876 3642 3946 amplius
3675 3879 3782 3930 nni-

2199 3971 2416 4012 versum
2446 3957 2568 4028 quis
2607 3959 2908 4029 dispexerit
2955 3962 3248 4026 mundum,
3301 3973 3526 4019 tantum
3563 3968 3784 4021 alacrius

2197 4047 2538 4116 persequitur
2566 4056 2622 4104 et
2644 4049 2961 4115 insectatur,
2991 4048 3153 4105 alium
3185 4053 3332 4120 quod
3357 4055 3786 4124 patientissimus

2198 4136 2266 4191 sit
2291 4151 2514 4206 operum
2554 4153 2618 4192 ac
2654 4137 2876 4204 laboris,
2911 4138 3074 4194 alium
3117 4141 3264 4209 quod
3311 4143 3383 4197 ad
3424 4145 3782 4201 obediemlum

2194 4227 2648 4298 promptissimus,
2682 4228 2845 4285 alium
2877 4229 3019 4301 quod
3047 4231 3358 4288 humilitate
3385 4247 3622 4293 czeteros
3651 4255 3779 4309 prr-

2195 4319 2486 4388 pondCret,
2533 4327 2759 4375 conatur
2806 4320 3094 4386 extollere,
3141 4321 3279 4378 alius
3323 4325 3609 4392 scientiae,
3656 4330 3780 4381 alias

2195 4407 2464 4472 lectioni‘s,
2498 4407 2634 4463 alius
2661 4408 2966 4478 vigiliarum
3006 4410 3317 4479 prolixitate
3353 4424 3628 4480 tentatur,
3659 4418 3780 4470 solet

2195 4508 2377 4554 autem
2401 4501 2487 4555 hic
2513 4515 2661 4554 vanzc
2695 4500 2879 4571 glorise
2914 4504 3133 4557 morbus
3160 4505 3428 4572 quosdam
3463 4508 3524 4562 in
3556 4509 3776 4564 clericali

2193 4590 2385 4646 ordine
2413 4591 2734 4646 constitutos
2761 4601 2981 4662 propter
3005 4609 3195 4648 sonum
3219 4597 3374 4651 vocis
3405 4600 3689 4655 extollere.
3719 4617 3775 4654 eo

2193 4681 2335 4750 quod
2375 4680 2535 4735 latius
2575 4681 2826 4750 psallant,
2857 4692 2950 4737 aut
2977 4684 3119 4752 quod
3157 4685 3266 4739 sint
3308 4685 3500 4744 forma
3545 4694 3773 4761 conlucis

2193 4771 2398 4837 decori,
2430 4779 2522 4825 aut
2543 4773 2685 4840 quod
2712 4781 2964 4842 parentes
2984 4774 3178 4830 divites
3199 4791 3263 4832 ac
3279 4779 3501 4836 nobiles
3531 4785 3768 4838 habeant-

2193 4871 2282 4917 aut
2315 4863 2458 4933 quod
2487 4864 2594 4918 sint
2622 4863 2820 4919 eruditi
2851 4866 3134 4934 sapientia,
3170 4877 3264 4922 aut
3293 4873 3444 4940 quod
3469 4873 3766 4944 eloquentes

2195 4963 2249 5010 et
2293 4954 2659 5009 facundissimi
2705 4955 2758 5009 in
2807 4970 3076 5023 sermone,
3105 4967 3200 5012 aut
3228 4963 3376 5028 quod
3410 4963 3530 5017 sint
3557 4967 3764 5020 diversis

2193 5047 2384 5100 imbuti
2414 5047 2623 5101 artibus
2650 5055 2704 5102 ct
2731 5047 3050 5117 disciplinis,
3079 5057 3134 5103 et
3160 5051 3288 5118 quid
3315 5053 3602 5122 amplius?
3638 5071 3764 5110 sem-

2191 5150 2288 5204 per
2317 5136 2432 5190 haec
2461 5136 2715 5190 vanitatis
2746 5137 2914 5206 pestis
2942 5138 3008 5192 ad
3032 5138 3136 5192 hoc
3162 5138 3446 5194 hominem
3475 5151 3592 5197 tam
3619 5145 3766 5199 cleri-

2191 5239 2311 5278 cum
2341 5240 2502 5294 quam
2537 5224 2754 5291 laicum,
2784 5234 2891 5282 tam
2934 5229 3108 5282 virum
3144 5244 3307 5298 quam
3351 5230 3642 5298 feminam,
3671 5245 3766 5289 tam

2189 5330 2374 5370 senem
2402 5330 2563 5385 quam
2590 5316 2840 5386 juvenem
2887 5318 3194 5389 impugnat,
3225 5327 3286 5373 ut
3328 5321 3405 5375 de
3444 5323 3633 5388 bonis,
3661 5339 3770 5394 qua

2186 5405 2314 5475 agit,
2344 5405 2553 5460 laudem
2580 5407 2648 5462 ab
2671 5407 2978 5463 hominibus
3001 5410 3266 5477 requirat.

2183 5539 2310 5594 (λιιι.
2361 5540 2476 5596 λγ.
2518 5573 2586 5581 ——
2637 5543 2836 5607 Quibus
2891 5545 3096 5624 indiciis
3155 5547 3318 5599 nossit
3371 5548 3559 5604 inanis
3615 5551 3766 5620 gloria

2835 5631 3093 5684 cognosci.

2254 5721 2466 5794 (Basil.)
2489 5722 2585 5778 His
2608 5723 2748 5779 cnim
2775 5724 2984 5779 indiciis
3008 5725 3180 5780 inanis
3204 5725 3384 5796 gloria
3408 5735 3759 5802 cognoscitur.
