3956 6326
493 325 632 382 {359

1127 319 1188 374 Β.
1231 315 1485 374 MBAN!
1524 313 1740 371 MAURI
1777 309 2094 368 ARClllEP.
2135 307 2439 368 MOCUNT.
2481 311 2765 370 OPERUM
2801 310 2980 368 PARS
3012 311 3099 368 ιιι.

3609 311 3747 368 1360

491 431 779 490 invidendo
829 429 1082 487 inimicus
1127 428 1359 484 exstitit.
1391 423 1706 495 Et'Joseph
1752 425 1820 480 ab
1867 421 2063 478 invidis
2089 423 2137 483 Α
2166 439 2269 478 nax
2298 433 2351 480 et
2373 434 2556 482 torvus
2586 435 2858 498 aspectus,
2879 425 3058 497 pallor
3083 427 3140 481 in
3169 424 3329 492 faeie,
3357 426 3414 481 in
3443 425 3609 482 labiis
3635 435 3749 480 tre-

492 523 747 578 fratribus
777 527 862 576 est
880 518 1148 582 venditus,
1174 525 1228 573 et
1250 515 1378 572 Saul
1401 530 1497 570 rex
1525 513 1812 570 invidendo
1838 520 1920 568 est
1941 511 2065 582 per-

491 621 710 671 secutus
738 609 925 676 David,
956 617 1012 664 et
1033 607 1204 663 Judaei
1235 607 1356 661 inde
1385 605 1678 676 perierunt,
1707 604 1828 660 dum
1852 601 2066 658 Christo

493 704 702 760 malunt
727 701 968 757 invidere
998 715 1159 770 quam
1189 698 1429 753 credere.

618 817 748 873 Car.
782 813 924 870 XIX.
953 843 1022 853 —
1043 811 1283 880 Qualiter
1307 809 1509 864 invidos
1550 817 1694 862 verat
1723 805 1938 861 invidia.

570 931 739 985 Nemo
767 911 1040 984 existimet
1068 923 1268 979 malum
1298 921 1443 978 istud
1471 936 1575 975 una
1604 919 1782 990 specie
1803 915 2068 974 contineri

497 1033 591 1079 aut
612 1021 868 1076 brevibus
897 1018 1142 1075 terminis
1167 1025 1223 1073 et
1242 1024 1470 1087 angusto
1497 1013 1767 1078 concludi,
1788 1012 1898 1066 late
1921 1017 2071 1082 patet

496 1115 596 1170 zeli
629 1110 905 1181 multiplex
933 1118 990 1165 et
1025 1107 1261 1164 fecunda.
1280 1105 1573 1176 pernicies,
1601 1105 1752 1159 radix
1791 1114 1872 1159 est
1899 1103 2071 1158 malo-

497 1223 619 1263 rum
653 1205 914 1269 omnium,
944 1201 1386 1272 fonsgrandium
1427 1197 1562 1270 [Al.,
1589 1195 1964 1269 generalium],
1987 1209 2073 1250 se-

499 1297 790 1354 minarium
820 1294 1159 1358 delictorum,
1178 1292 1404 1346 materia
1429 1289 1867 1360 culparum,l'ude
1887 1287 2074 1342 odiu

504 1390 696 1462 surgit,
751 1386 1071 1443 animositas
1115 1384 1238 1439 inde
1287 1383 1548 1453 procedit,
1595 1381 1880 1436 avaritiam
1929 1378 2076 1434 zelus

504 1481 801 1537 inflammat
829 1478 954 1534 dum
989 1491 1088 1532 suo
1113 1475 1234 1545 quis
1264 1489 1369 1528 non
1409 1479 1590 1543 potest
1616 1487 1736 1528 esse
1767 1479 2074 1535 contentus,

503 1571 694 1628 videns
727 1569 958 1625 alterum
1001 1566 1277 1631 ditiorem,
1302 1564 1651 1620 ambitionem
1684 1563 1830 1619 zelus
1854 1561 2074 1628 excitat,

435 1702 445 1711 -
505 1664 631 1720 dum
658 1661 834 1717 cernit
862 1659 986 1731 quis
1014 1658 1179 1712 alium
1205 1657 1258 1712 in
1284 1656 1582 1712 honoribus
1611 1655 1932 1721 auctiorem,
1960 1651 2073 1708 zelo

502 1753 772 1810 excitante
823 1764 1012 1807 sensus
1071 1756 1285 1804 nostros
1335 1755 1498 1816 atque
1529 1745 1581 1800 in
1613 1744 1871 1801 ditionem
1922 1756 2074 1798 suam

503 1845 699 1901 mentis
735 1858 936 1900 arcana
967 1841 1272 1912 redigente,
1303 1839 1401 1896 Dei
1440 1839 1598 1894 timor
1640 1837 1937 1908 spernitur,
1962 1850 2077 1891 ma-

510 1934 790 2006 gisterium
819 1931 1021 1988 Christi
1049 1929 1336 2001 negligitur
1357 1927 1376 1996 ,’
1397 1927 1586 1998 judicii
1615 1927 1729 1982 dies
1755 1942 1861 1981 non
1894 1924 2076 1996 provi-

510 2026 684 2088 detur,
717 2021 1229 2092 inﬂatur-superbia,
1261 2021 1616 2075 exacerbatur
1646 2018 1849 2073 smvitia
1873 2057 1888 2083 ,
1921 2014 2081 2088 perfi-

510 2111 1023 2184 diaprznvaricatur,
1039 2108 1367 2180 impatientia
1388 2108 1621 2172 eaeeutit,
1639 2106 1768 2162 furit
1787 2104 2079 2171 discordia,

507 2204 586 2258 ira
610 2203 886 2268 fervescit,
910 2216 1010 2258 nec
1037 2215 1094 2256 se
1124 2199 1256 2254 iram
1278 2206 1455 2270 potest
1483 2197 1736 2253 cohibere
1759 2196 1843 2251 vel
1871 2210 2079 2268 regere,

493 2297 598 2366 _qui
628 2295 802 2352 factus
830 2303 912 2352 est
939 2293 1219 2364 potestatis
1239 2293 1448 2358 alienas,
1471 2290 1598 2347 hinc
1626 2289 1908 2346 dominicae
1935 2289 2083 2361 pacis

502 2387 780 2445 'vinculum
809 2387 1098 2457 rumpitur,
1130 2385 1533 2442 hinecharitas
1562 2383 1802 2440 fraterna
1826 2383 2080 2449 violatur,

508 2479 638 2534 hinc
667 2477 1002 2534 adulteratur
1032 2478 1225 2534 veritas
1249 2517 1264 2544 ,
1295 2477 1474 2533 unitas
1507 2475 1789 2532 scinditur.
1811 2474 1913 2530 Est
1939 2474 2083 2529 enim

517 2566 720 2623 invidia
769 2567 962 2623 anima:
1001 2567 1174 2633 linea,
1215 2582 1333 2637 quae
1358 2567 1691 2637 _eontagione
1733 2565 1956 2622 tabescit
1993 2579 2088 2634 pe-

511 2655 680 2712 ctoris
704 2697 718 2722 ,
759 2655 949 2710 invidit
997 2663 1177 2711 autem
1208 2655 1264 2710 in
1303 2655 1495 2721 altero,
1525 2654 1610 2711 vel
1656 2654 1909 2709 virtutem
1943 2653 2082 2724 ejus,

511 2748 596 2803 vel
627 2747 960 2815 felicitatem,
987 2748 1040 2803 id
1071 2755 1173 2813 est,
1199 2747 1284 2803 vel
1315 2748 1505 2803 merita
1535 2747 1772 2818 propria,
1801 2745 1887 2803 vel
1917 2747 2084 2802 bene-

508 2839 629 2894 ficia
658 2839 860 2905 divina,
883 2839 936 2893 in
967 2839 1176 2894 malum
1195 2838 1470 2910 proprium
1497 2837 1637 2894 bona
1662 2837 1836 2893 aliena
1862 2850 2086 2892 conver-

510 2941 629 2986 tunt
659 2932 846 2998 invidi,
879 2931 1167 2988 illustrium
1194 2931 1552 3002 prosperitate
1583 2938 1924 3001 torquentur,
1954 2928 2091 2984 alio-

504 3037 628 3079 rum
674 3021 900 3092 gloriam
944 3037 1096 3078 suam
1147 3021 1352 3077 faciunt
1395 3036 1648 3093 prunam,
1694 3021 1889 3091 quibus
1936 3019 2089 3075 cibus

2165 531 2308 583 mor,
2348 516 2550 572 stridor
2579 518 2636 572 in
2664 518 2936 585 dentibus,
2967 516 3134 573 verba
3162 517 3352 573 rabida
3380 525 3444 573 et
3485 517 3750 574 effrenata

2166 606 2432 672 convicia,
2453 607 2731 664 manusad
2751 607 2914 664 czedis
2935 607 3244 664 violentiam
3267 617 3526 681 prompta
3537 609 3752 665 etiamsi

2167 701 2342 772 gladio
2370 702 2800 768 interim'vacua,
2831 703 2954 758 odio
2985 711 3164 758 tamen
3192 703 3406 758 furiata:
3435 705 3648 759 mentis
3671 721 3754 760 ar-

2169 801 2337 857 mata,
2363 793 2486 850 odia
2517 794 2654 848 intra
2681 797 2750 848 se'
2771 793 2937 849 invidi
2969 795 3329 860 abscondunt,
3359 796 3418 850 in
3461 810 3598 850 suos
3640 811 3758 850 cru-

2170 884 2342 940 ciatus
2365 885 2660 950 enutriunt,
2687 883 3094 957 proficientibus
3114 885 3378 953 invident,
3397 886 3760 956 peccantibus

2173 975 2459 1042 favent,'dc
2505 979 2768 1033 bonorum
2813 978 2968 1033 malis
3012 980 3267 1050 gaudent,
3299 980 3368 1035 de
3413 979 3760 1050 profectibus

2170 1067 2374 1138 lugent,
2419 1068 2717 1124 inimicitiis
2753 1069 3004 1140 gratuitis
3033 1070 3243 1136 ardent,
3282 1070 3632 1140 deprehendi
3672 1086 3762 1141 pe-

2172 1160 2338 1216 ctoris
2365 1161 2445 1216 sui
2474 1161 2735 1216 malitiam
2764 1161 2972 1224 timent,
3005 1176 3220 1232 semper
3245 1163 3424 1217 amari
3477 1177 3762 1232 nunquam

2169 1251 2331 1316 certi,
2366 1251 2526 1306 amici
2571 1252 2788 1317 diaboli,
2822 1253 3028 1308 inimici
3072 1254 3238 1307 etiam
3280 1254 3390 1318 sui,
3441 1254 3764 1323 opinionem

2174 1343 2437 1400 bonorum
2469 1343 2706 1398 mundati
2745 1341 3076 1408 decolorant,
3109 1343 3162 1397 in
3194 1343 3543 1411 spiritalibus
3571 1359 3768 1398 carna-

2177 1433 2247 1488 lia
2267 1433 2516 1502 laudant,
2549 1433 2907 1504 utspiritalia
2950 1432 3092 1490 bona
3123 1432 3329 1489 eisdem
3373 1449 3503 1489 esse
3544 1448 3767 1503 persua-

2169 1526 2358 1581 deant.

2345 1636 2476 1694 Car.
2507 1634 2647 1692 XXI.
2673 1667 2744 1678 —
2764 1635 3061 1708 Increpatio
3092 1636 3342 1692 aduersus
3379 1635 3636 1691 invidos:

2103 1773 2153 1834 Β
2249 1750 2454 1823 (Cypr.)
2481 1750 2798 1820 Quicunque
2819 1763 2882 1838 gs
2911 1749 3123 1804 invidus
3137 1749 3518 1820 et-malignus
3549 1749 3764 1816 videris,

2177 1857 2338 1913 quam
2367 1841 2444 1899 sis
2484 1841 2584 1908 eis,
2617 1855 2755 1912 quos
2802 1839 3006 1905 odisti,-
3035 1839 3357 1905 insidiosos,
3401 1839 3764 1908 perniciosus,

2179 1931 2644 1997 infestus,-nullius
2672 1930 2846 2001 magis
2871 1939 3151 2000 quamtua:
3176 1929 3371 1985 salutis
3401 1930 3691 1984 inimicus!
3717 1939 3768 1984 ct

2179 2024 2422 2096 quisquis
2437 2022 2522 2077 ille
2541 2029 2648 2087 est,
2670 2035 2840 2090 quem
2861 2020 2975 2076 zelo
2995 2021 3366 2092 persequeris,
3393 2020 3770 2091 subterfugere

2179 2122 2233 2170 et
2261 2113 2431 2168 vitare
2456 2111 2756 2182 te-poterit,
2785 2119 2844 2166 tn
2872 2119 2924 2166 te
2957 2125 3065 2167 non
3107 2119 3270 2180 potes
3292 2110 3528 2181 fugere,
3555 2113 3770 2168 ubicun-

2179 2218 2286 2276 que
2315 2203 2841 2259 fueris-adversarius
2865 2211 2989 2258 tuus
3014 2211 3195 2258 tecum
3221 2211 3334 2268 est,
3353 2204 3547 2258 hostis
3573 2217 3772 2272 semper

2182 2296 2237 2352 in
2269 2304 2486 2367 pectore
2509 2302 2611 2361 est,
2642 2293 2910 2364 pernicies
2949 2293 3098 2350 intus
3126 2293 3338 2349 inclusa
3371 2303 3490 2358 est,
3523 2293 3770 2348 inelucta-

2181 2385 2276 2442 bili
2319 2393 2636 2442 catenarum
2679 2400 2823 2440 nexu
2861 2383 3058 2456 ligatus
3095 2394 3152 2440 et
3201 2385 3428 2440 vinetus
3469 2400 3558 2447 es,
3592 2383 3770 2438 invidia

2182 2478 2345 2532 etiam
2390 2477 2702 2532 dominante
2731 2475 2978 2545 captivus
3005 2489 3097 2540 es,
3123 2490 3228 2530 nec
3271 2474 3481 2530 solatia
3529 2473 3644 2527 ulla
3689 2473 3774 2525 tibi

2183 2567 2527 2632 subveniunt,
2555 2580 2910 2637 perseverans
2946 2564 3147 2619 malum
3191 2574 3278 2620 est
3327 2564 3628 2620 hominem
3671 2577 3778 2631 prr-

2183 2658 2336 2729 sequi
2366 2657 2434 2712 ad
2476 2657 2569 2712 Dei
2601 2657 2830 2728 gratiam
2875 2655 3256 2727 pertinentem.
3302 2653 3626 2708 Calamitas
3673 2653 3780 2705 sic

2184 2749 2423 2806 remedio
2459 2755 2543 2804 est
2579 2747 2756 2804 odisse
2801 2746 3036 2804 felicem.
3078 2745 3135 2801 Si
3157 2746 3334 2800 homo
3373 2744 3525 2799 lueis
3557 2759 3680 2798 esse
3705 2757 3783 2796 ee-

2184 2841 2334 2911 pisti,
2365 2855 2485 2910 qua:
2506 2847 2633 2895 sunt
2663 2837 2864 2894 Christi
2891 2853 3040 2910 gere,
3064 2837 3189 2908 quia
3219 2836 3312 2891 lux
3337 2845 3400 2892 et
3413 2835 3554 2890 dies
3586 2834 3780 2890 Christi

2185 2947 2266 2988 es.
2297 2930 2436 2998 Quid
2459 2931 2512 2986 in
2534 2931 2633 2985 zeli
2661 2931 2910 2985 tenebras
2938 2929 3089 2984 ruis?
3118 2929 3331 3000 quid-te
3361 2927 3568 2983 nubilo
3605 2925 3786 2980 livoris

2188 3021 2434 3087 involvis,
2469 3020 2599 3092 quid
2634 3021 2851 3078 invidiae
2869 3021 3305 3076 excitateiomne
3331 3021 3500 3089 pacis
3529 3027 3590 3074 et
3613 3018 3786 3074 chari-

509 3119 662 3174 laztus
695 3133 804 3174 non
832 3123 914 3173 est
947 3129 1050 3172 nec
1090 3122 1248 3186 putus
1279 3113 1570 3184 jucundus,
1598 3113 1833 3184 suspirat
1872 3127 2086 3184 semper
2111 3125 2160 3190 ο
2191 3112 2316 3167 tatis
2337 3111 2877 3182 lumen-exstinguis?
2905 3110 3035 3180 quid
3055 3110 3125 3165 ad
3152 3109 3442 3165 diabolum
3471 3110 3572 3190 cui
3597 3123 3786 3163 renun-

507 3219 564 3265 et
596 3209 898 3280 ingemiseit
931 3215 988 3263 et
1013 3206 1156 3262 dolet
1178 3246 1192 3271 ,
1223 3206 1458 3275 dumque
1487 3205 1553 3258 ab
1583 3203 1779 3258 invidis
1807 3217 2084 3273 nunquam

510 3301 647 3356 livor
668 3299 972 3370 exponitur,
1002 3297 1190 3353 diebus
1218 3312 1282 3352 ac
1309 3295 1560 3351 noctibus
1589 3302 1777 3366 pectus
1807 3295 2088 3351 obsessum

511 3390 628 3443 sine
657 3386 1053 3443 intermissione
1081 3385 1334 3450 laniatur,
1366 3383 1504 3438 mala
1530 3392 1722 3440 Caetera
1753 3385 1956 3440 habent
1985 3391 2092 3439 ter-

513 3479 741 3543 minuat,
773 3487 827 3532 et
855 3477 1210 3547 quodcunque
1251 3475 1584 3546 delinquitur
1612 3476 1793 3532 delicti
1837 3490 2090 3532 consum-

516 3566 765 3623 matioue'
781 3566 982 3628 finitur,
1003 3566 1198 3622 invidia
1229 3565 1518 3621 terminum
1545 3580 1651 3621 non
1673 3566 1854 3634 habet,
1879 3580 2093 3636 perma-

515 3674 648 3714 nens
666 3657 778 3730 jugi
788 3667 870 3713 ter
891 3653 1091 3712 malum
1109 3665 1167 3712 et
1191 3657 1308 3714 sine
1330 3656 1436 3712 ﬁne
1461 3665 1765 3728 peccatum,
1783 3667 2094 3730 quantoque

514 3749 602 3805 ille
629 3749 714 3804 cui
741 3748 944 3804 invidet
969 3748 1311 3804 successione
1340 3747 1560 3804 meliore
1583 3746 1909 3820 profecerit,
1943 3758 2094 3805 tanto

515 3839 726 3894 invidus
771 3845 826 3894 el.
879 3837 1178 3893 malevolus
1228 3837 1280 3892 in
1328 3835 1502 3906 majus
1551 3838 1855 3898 incendium
1909 3839 2096 3896 livoris

515 3929 732 4003 ignibus
768 3930 1098 3985 inardescit:
1123 3929 1247 4000 quis
1282 3927 1439 3985 facile
1483 3937 1680 4000 potest,
1713 3929 1872 4000 quale
1901 3930 2096 3986 sithoc

515 4020 716 4076 malum
744 4016 922 4076 verbis
951 4017 1288 4088 exprimere,
1305 4019 1446 4088 quod
1472 4018 1686 4073 invidus
1713 4019 1836 4074 odio
1862 4018 2096 4074 hominis

514 4113 854 4184 persequitur
887 4111 1128 4166 divinum
1161 4127 1356 4166 munus
1397 4111 1450 4165 in
1492 4111 1732 4178 homine,
1763 4127 1888 4168 cum
1915 4112 2095 4183 potius

520 4200 691 4255 amari
721 4202 882 4256 homo
905 4201 1097 4256 debeat
1127 4200 1288 4255 etiam
1318 4214 1418 4270 pro
1446 4196 1529 4256 sui
1569 4201 1746 4257 meriti
1775 4203 2097 4260 sanctitate?

520 4292 726 4348 Tantos
754 4293 964 4348 invidus
991 4295 1159 4350 habet
1190 4294 1336 4366 justa
1366 4309 1527 4365 poena
1572 4303 1829 4363 tortores,
1865 4306 2097 4368 quantos

519 4382 810 4439 invidiosus
835 4383 1084 4440 habuerit
1117 4385 1446 4451 laudatores,
1474 4386 1736 4456 siquidem
1773 4386 2096 4444 invidiosum

519 4474 648 4530 facit
711 4475 1027 4532 excellentia
1087 4478 1306 4544 meriti,
1357 4477 1597 4533 invidum
1651 4494 1809 4550 pmna
1866 4482 2176 4551 peccati.D

519 4563 971 4637 (Hierantilnter
1001 4566 1243 4621 invidum
1289 4577 1469 4623 autem
1516 4575 1570 4622 et
1619 4568 1942 4624 invidiosum
1994 4570 2098 4626 hoc

521 4657 742 4712 interest
779 4657 1161 4729 quod'invidus
1187 4658 1413 4714 feliciori
1440 4658 1650 4725 invidit,
1681 4659 1979 4716 invidiosus
2003 4675 2098 4716 au-

524 4756 628 4800 tem
659 4747 705 4802 is
729 4757 810 4804 est
837 4748 927 4820 qui
957 4749 1025 4803 ab
1052 4747 1389 4820 alio_patitur
1417 4749 1693 4818 invidiam,
1723 4749 1924 4806 invidia
1953 4751 2098 4808 enim

522 4854 734 4911 semper
782 4841 956 4898 aliena
997 4839 1256 4898 felicitate
1305 4851 1588 4913 torquetur
1631 4851 1686 4899 et
1730 4842 1786 4899 in
1829 4843 2099 4916 duplicem

523 4932 785 4988 scinditur
815 4934 1119 5005 passionem
1142 4976 1155 4998 ,
1190 4951 1312 4991 cum
1332 4944 1436 4990 ‘aut
1463 4935 1577 5006 ipse
1606 4945 1690 4992 est
1726 4935 1780 4991 in
1811 4951 1876 4992 eo
1907 4937 1960 4992 in
1991 4952 2098 5008 quo

521 5022 686 5078 alium
713 5039 831 5082 esse
855 5042 959 5083 non
989 5027 1124 5092 vult,
1147 5036 1241 5083 aut
1264 5025 1427 5084 alium
1456 5027 1642 5084 videns
1669 5042 1790 5084 esse
1818 5028 2098 5085 meliorem

523 5111 671 5168 dolet
712 5129 770 5170 se
808 5115 859 5172 ei
910 5132 1016 5174 non
1063 5131 1184 5173 esse
1227 5117 1582 5184 consimilem,
1609 5117 1832 5189 pulchre
1878 5120 2098 5192 quidam

523 5213 685 5276 poeta
713 5205 779 5262 de
809 5205 1008 5264 invidia
1033 5207 1160 5264 lusit
1187 5208 1409 5264 dicens:

708 5337 893 5390 iustius
929 5340 1100 5391 invidia
1124 5339 1354 5412 nihilost,
1377 5354 1487 5453 (iure
1505 5344 1732 5404 pretium
1757 5345 1916 5406 ipsum

777 5403 1034 5453 Auctorem
1060 5401 1184 5452 rodit
1209 5415 1391 5453 exeruc
1411 5411 1563 5453 atoue
1591 5408 1826 5453 animum.

777 5403 1034 5453 Auctorem
1060 5401 1184 5452 rodit
1209 5401 1563 5466 exeruclatqtie
1591 5401 1826 5454 animum.

527 5525 653 5582 CAP.
696 5524 812 5580 XX.
858 5557 923 5566 ——
955 5525 1154 5593 Quibus
1197 5526 1403 5651 indiciis
1447 5527 1745 5584 invidorum
1781 5529 2106 5586 dianosritur

1219 5614 1320 5651 mw
1362 5615 1432 5651 ια.

1219 5614 1432 5652 metata.

601 5707 778 5796 (Cypr.
820 5721 864 5765 et
911 5709 1248 5784 Prosp.)-.Est
1279 5710 1419 5766 enim
1458 5710 1762 5768 invidorum
1794 5713 1973 5771 vultus
2002 5715 2105 5769 mi-

2193 3203 2429 3260 tiaveras
2470 3203 2648 3259 redis?
2674 3201 2816 3270 Quid
2842 3201 2976 3257 Cain
3016 3201 3207 3257 similis
3249 3201 3494 3256 existis?
3519 3186 3658 3271 quid
3698 3201 3787 3254 sub

2191 3293 2387 3349 vestitu
2411 3294 2590 3349 ovium
2609 3292 2768 3363 lupus
2790 3291 3008 3348 latitas?
3027 3291 3158 3362 quid
3185 3307 3416 3362 gregem
3441 3291 3684 3357 Christi,
3703 3291 3788 3361 qui

2192 3386 2557 3443 Christianum
2602 3395 2654 3442 te
2699 3386 2944 3443 mentiris
2991 3385 3259 3441 infamas?
3306 3386 3532 3442 Christi
3597 3402 3788 3442 mare:

2193 3477 2418 3537 induere
2451 3486 2507 3534 et
2529 3495 2636 3535 non
2662 3493 2760 3550 per
2785 3477 2987 3534 Christi
3023 3478 3166 3534 viam
3205 3492 3445 3550 pergere
3478 3480 3626 3550 quid
3655 3479 3790 3534 aliud

2195 3586 2357 3642 quam
2385 3569 2755 3640 praevaricatio
2783 3577 2866 3625 est
2894 3569 3062 3625 divini
3095 3570 3332 3625 nominis
3353 3610 3370 3635 ,
3408 3585 3589 3640 qum
3621 3571 3794 3625 deser-

2196 3665 2272 3720 tio
2294 3663 2503 3720 itineris
2523 3663 2808 3719 salutaris?
2830 3662 3167 3734 Quapropter
3186 3663 3508 3729 considera,
3535 3679 3574 3720 ο
3600 3662 3792 3724 invide,

2195 3757 2250 3813 iu
2281 3766 2484 3828 quanta
2514 3757 2759 3814 caecitate
2803 3772 2886 3822 es,
2917 3756 3008 3827 qui
3053 3755 3230 3812 alieno
3270 3756 3537 3827 profectu
3593 3756 3792 3815 deﬁcis

2196 3846 2290 3918 qui
2319 3847 2492 3905 aliena
2522 3847 2881 3904 exsultatione
2913 3848 3276 3913 contabeseis,
3303 3857 3540 3917 quanta:
3569 3847 3796 3903 infelici-

2197 3937 2324 3994 tatis
2349 3954 2430 4005 es,
2461 3939 2554 4010 qui
2577 3938 2971 3995 melioratione
3013 3939 3249 4009 proximi
3282 3939 3542 3995 deterior
3591 3940 3794 4002 existis,

2195 4031 2486 4103 perpende,
2503 4047 2705 4102 quaeso,
2731 4031 2854 4103 quia
2877 4032 3004 4088 dum
3027 4040 3080 4087 te
3103 4031 3331 4089 a-livore
3353 4034 3601 4088 minime
3625 4043 3798 4089 anm-

2197 4123 2303 4190 dis,
2347 4125 2400 4180 in
2449 4125 2730 4196 antiquam
2772 4124 2973 4180 versuti
3009 4125 3192 4180 hostis
3208 4126 3524 4194 nequitiam
3557 4127 3795 4190 cedis,si

2196 4218 2342 4274 enim
2361 4217 2538 4272 aliena
2556 4218 2696 4273 bona
2718 4217 2942 4290 diligere
2967 4215 3252 4285 voluisses,
3276 4233 3342 4274 ea
3363 4220 3534 4289 quasi
3565 4229 3664 4273 tua
3685 4233 3800 4290 pro-

2197 4310 2317 4381 pria
2350 4308 2530 4365 facere
2556 4309 2846 4381 potuisses.

2245 4419 2373 4476 CAP.
2404 4418 2566 4474 XXII.
2591 4451 2662 4462 —
2683 4419 2929 4477 Remedia
2952 4423 3199 4478 adversus
3223 4422 3472 4479 Morbum
3506 4426 3756 4480 insidia.

2272 4531 2478 4604 (Cypr.)
2501 4531 2670 4604 Hujus
2699 4542 2877 4588 autem
2908 4527 3024 4588 vitii
3063 4535 3180 4591 hzec
3212 4550 3333 4592 esse
3375 4537 3598 4608 poterit
3637 4538 3798 4594 ιιιεῶ-

2201 4622 2340 4687 cina,
2371 4632 2426 4678 et
2454 4623 2610 4679 istius
2638 4623 2845 4680 curatio
2872 4624 3076 4691 morbi,
3108 4625 3153 4681 si
3189 4626 3392 4683 divinis
3423 4629 3798 4684 meditationi-

2201 4712 2304 4770 bus
2336 4721 2392 4768 et
2419 4712 2899 4769 exercitationibus
2943 4714 3326 4770 corroboretur
3351 4718 3588 4773 animus
3613 4729 3798 4774 contra

2202 4800 2381 4856 omnia
2412 4801 2609 4858 diaboli
2628 4802 3160 4874 jacula'firmandus,
3189 4814 3244 4860 et
3270 4806 3316 4861 si
3344 4806 3400 4861 in
3428 4810 3698 4864 manibus
3727 4809 3798 4862 di-

2202 4891 2325 4947 vina
2361 4892 2432 4948 sit
2455 4892 2632 4958 lectio,
2667 4894 2720 4947 in
2759 4892 3004 4950 sensibus
3032 4895 3304 4951 dominica
3342 4898 3642 4969 cogitatio,
3675 4910 3730 4954 et
3757 4899 3794 4952 si

2203 4983 2376 5038 oratio
2412 4979 2557 5054 jugis
2593 4983 2812 5038 omnino
2843 4997 2949 5038 non
2996 4991 3198 5048 cesset,
3244 4984 3509 5042 salutaris
3553 4989 3796 5060 operatio

2203 5081 2534 5145 perseveret,
2557 5071 3125 5145 Spiritalibussemper
3150 5075 3362 5131 actibus
3383 5078 3620 5134 animus
3649 5095 3796 5134 occu-

2205 5173 2384 5237 petur,
2413 5173 2473 5220 ut
2501 5165 2926 5236 quotiescunque
2953 5165 3203 5222 inimicus
3228 5169 3558 5233 accesserit,
3585 5170 3798 5240 quoties

2207 5255 2357 5311 adire
2384 5255 2702 5321 tentaverit,
2733 5255 2974 5310 clausum
3002 5255 3286 5311 adversum
3326 5273 3387 5314 se
3418 5270 3624 5328 pectus
3655 5260 3800 5314 inve-

2206 5346 2321 5402 niat
2348 5353 2402 5402 et
2421 5353 2710 5409 armatum,
2737 5353 2792 5400 et
2820 5345 2912 5414 qui
2943 5343 3124 5400 fueras
3146 5344 3346 5400 invidia
3375 5355 3438 5401 et
3475 5345 3654 5403 livore
3681 5363 3802 5417 pos-

2205 5453 2421 5502 sessus,
2448 5452 2662 5492 omnem
2698 5435 2844 5490 illam
2875 5435 3132 5490 malitiam
3165 5450 3272 5506 qua
3311 5436 3473 5506 prius
3523 5437 3802 5492 tenebaris

2206 5529 2400 5599 abjiee,
2443 5527 2513 5582 ad
2553 5527 2693 5581 viam
2739 5526 2863 5581 vitae
2907 5534 3123 5581 aeternas
3165 5526 3409 5596 vestigiis
3462 5527 3800 5586 salutaribus

2207 5620 2527 5682 reformare,
2557 5618 2727 5674 evelle
2761 5619 2828 5674 de
2863 5628 3083 5688 pectore
3119 5626 3212 5673 tuo
3242 5618 3433 5689 spinas
3461 5629 3518 5675 et
3544 5619 3798 5680 tribulos,

2208 5726 2410 5768 venena
2457 5711 2594 5766 fellis
2641 5725 2848 5767 evome.
2896 5708 3286 5766 discordiarum
3337 5709 3495 5767 virus
3543 5710 3798 5774 exclude.

3937 1002 3939 1030 I

3937 1101 3939 1164 i

3937 1349 3939 1372 |

3939 1709 3941 1738 |

3941 1866 3943 1894 I
