3956 6326
207 398 350 458 1561

1169 388 1258 450 DE
1294 389 1494 448 VlTllS
1535 389 1621 447 ET
1661 387 2103 449 V'IRTUTIBUS.
2142 422 2210 432 —-
2249 391 2376 449 LIB.
2419 392 2504 450 ιιι.

3321 402 3458 460 {362

205 522 477 592 purgetur
518 527 671 572 mens
711 527 873 587 quam
921 513 1264 585 serpentinus
1317 511 1454 568 livor
1501 510 1783 576 infecerat,
1812 509 1862 570 A
1888 508 2016 566 Car.
2048 509 2214 567 XXV.
2242 542 2310 552 —
2332 511 2534 578 Quibus
2563 511 2772 568 indiciis
2800 513 3126 587 dignoscitur
3153 517 3483 574 iracundus-

206 611 358 666 unde
399 606 712 664 vulneratus
754 605 936 663 fueras
977 606 1102 662 inde
1129 621 1341 672 curare,
1369 620 1488 660 ama
1533 619 1628 660 eos
1653 619 1790 674 quos

206 713 344 760 ante
371 703 587 768 oderas,
621 701 784 773 dilige
815 701 935 757 illos
963 700 1160 770 quibus
1188 697 1402 769 injustis
1432 696 1788 752 obtrectatio-

207 793 376 849 nibus
417 791 724 858 iuvidebas,
763 791 932 846 bonos
965 791 1180 845 imitare
1212 789 1258 845 si
1303 788 1499 844 sectari
1542 796 1714 858 potes,
1741 787 1789 842 si

206 885 412 942 sectari
439 899 547 939 non
567 893 720 954 potes
747 883 1014 938 collzetare
1043 890 1191 938 certe
1220 890 1275 937 et
1302 879 1573 952 gratulare
1602 877 1790 934 melio-

205 977 396 1042 ribus,
424 975 511 1031 fac
538 983 587 1030 te
617 974 720 1030 illis
747 975 980 1030 adunata
1009 974 1292 1030 dilectione
1317 973 1662 1044 participem,
1703 973 1788 1026 lac

205 1077 272 1124 te
294 1066 568 1124 consortio
596 1066 880 1122 charitatis
902 1074 957 1122 et
982 1065 1341 1121 fraternitatis
1367 1065 1585 1121 vinculo
1609 1064 1790 1124 colue-

208 1159 424 1223 mdem,
453 1157 630 1228 cogita
674 1172 736 1212 ea
784 1171 903 1228 qtue
937 1157 1118 1212 divina
1157 1165 1213 1211 et
1243 1156 1389 1227 justa
1440 1163 1588 1221 sunt,
1617 1156 1789 1219 babes

208 1255 398 1302 autem
445 1246 611 1301 multa
654 1261 774 1316 qum
819 1247 1055 1319 cogites,
1085 1247 1396 1317 paradisum
1432 1246 1630 1317 cogita,
1679 1261 1814 1317 quo-

207 1341 350 1398 Cain
376 1358 483 1398 non
510 1342 686 1409 rediit,
711 1342 804 1412 qui
831 1342 1030 1398 invidia
1070 1341 1293 1399 fratrem
1315 1342 1580 1412 peremit,
1609 1341 1788 1412 cogita

208 1435 434 1492 caeleste
457 1452 704 1508 regnum,
735 1422 920 1508 [Forte
946 1435 1085 1490 deest
1108 1435 1204 1507 ad}
1218 1435 1360 1506 quod
1385 1450 1491 1490 non
1521 1433 1623 1489 nisi
1653 1448 1786 1488 con-

207 1531 408 1586 cordes
453 1537 614 1600 atque
656 1529 940 1584 unanimes
979 1529 1238 1585 Dominus
1281 1527 1558 1594 admittit;
1611 1526 1787 1598 cogita

209 1620 359 1690 quod
388 1620 480 1674 lilii
511 1620 603 1674 Dei
631 1619 686 1674 hi
714 1619 822 1675 solii
839 1619 1046 1689 possint
1074 1617 1278 1684 vocari,
1299 1618 1389 1688 qui
1413 1617 1522 1672 sint
1549 1615 1797 1686 pacifici,

208 1711 308 1781 qui
339 1712 702 1768 nativitateet
745 1713 862 1783 lege
905 1711 1200 1783 divina‘ad
1242 1709 1645 1766 similitudinem
1691 1710 1785 1764 Det

213 1763 394 1858 lj’atris
437 1811 493 1858 et
534 1801 735 1859 Christi
761 1763 1143 1874 -1:espondearit
1188 1801 1428 1867 adunati,
1467 1801 1645 1872 cogita
1685 1801 1786 1856 sub

211 1895 507 1951 oculis-Dei
530 1909 627 1950 nos
648 1902 814 1961 stare,
841 1901 1116 1965 spectante
1137 1909 1202 1948 ac
1215 1892 1493 1963 iudicante
1520 1892 1636 1962 ipso
1651 1907 1790 1947 con-
1818 1874 1866 1934 Β

217 1986 537 2041 versationis
570 1986 785 2042 actvitae
819 1995 1016 2042 nostra:
1048 1984 1318 2040 curricula
1356 1983 1676 2047 decurrere,
1704 1997 1793 2037 co-

214 2075 326 2147 gita
345 2076 454 2131 cito
480 2091 580 2132 nos
606 2075 675 2130 ab
703 2075 804 2132 hoc
834 2075 1032 2132 saeculo
1061 2075 1412 2144 migraturos,
1435 2073 1480 2129 si
1510 2073 1653 2130 enim
1678 2073 1796 2127 haec

213 2182 337 2237 qute
375 2166 520 2222 dicta
563 2174 688 2222 sunt
711 2165 1035 2238 cogitaveris
1073 2173 1136 2221 et.
1155 2180 1320 2237 opere
1364 2162 1693 2235 impleveris,
1725 2163 1794 2218 ab

215 2254 650 2312 invidiamorbo
681 2255 790 2311 Deo
814 2263 1130 2327 protegente
1159 2254 1338 2311 curari
1369 2253 1593 2325 poteris.

257 2389 384 2447 Car.
414 2388 599 2445 XXIII.
624 2418 695 2431 --
713 2389 792 2445 De
818 2398 1008 2445 natura
1035 2397 1084 2444 et
1108 2389 1306 2460 origine
1333 2387 1426 2443 ira:
1455 2403 1516 2442 ac
1545 2385 1760 2457 furoris.

295 2521 378 2578 ira
425 2521 570 2578 enim
608 2536 675 2578 ex
720 2521 919 2578 invidia
960 2529 1270 2593 generatur,
1302 2537 1425 2578 cum
1469 2523 1525 2578 in
1572 2531 1797 2580 externo

225 2614 461 2671 vulneris
487 2615 656 2671 livore
686 2614 898 2671 animus
928 2614 1240 2681 sauciatur,
1270 2623 1326 2672 et
1369 2622 1520 2671 tanto
1548 2630 1799 2671 mansue-

224 2707 352 2762 tudo
401 2705 804 2776 tranquillitatis
849 2706 1144 2773 amittitur,
1189 2717 1392 2777 quanto
1433 2707 1553 2778 plus
1599 2707 1798 2762 invidia

221 2798 478 2868 eujusque
504 2806 735 2855 mentem
759 2799 1050 2855 obsederit.
1075 2798 1372 2872 Postquam
1401 2799 1646 2856 diabolus
1670 2815 1795 2870 pro-

221 2895 340 2958 pter
380 2888 686 2958 superbiam
731 2888 797 2944 de
835 2889 1040 2945 caelesti
1081 2888 1285 2959 ejectus
1321 2898 1405 2946 est
1445 2889 1798 2955 beatitudine,

226 2978 438 3036 invidus
465 2987 521 3034 et
547 2979 836 3036 iracundus
864 2981 1068 3038 homini
1104 2998 1199 3054 per
1224 2981 1580 3052 deccptricem
1613 2981 1802 3050 nequi-

227 3068 316 3123 tiae
339 3083 448 3124 suae
470 3078 643 3126 artem
663 3069 728 3126 de
751 3069 1080 3127 beatissimis
1098 3070 1334 3141 paradisi
1355 3069 1574 3125 sedibus
1594 3069 1801 3141 expulit

229 3161 557 3229 seducendo,
588 3170 642 3217 et
679 3163 797 3218 haec
843 3171 928 3220 est
975 3170 1170 3218 natura
1204 3170 1259 3219 et
1300 3162 1512 3218 initium
1560 3161 1654 3216 ira:
1683 3176 1802 3231 qum

229 3252 434 3322 species
463 3261 550 3308 est
578 3252 774 3310 furoris
800 3253 1052 3327 (Basil.);
1084 3256 1225 3311 inter
1248 3254 1483 3309 furorem
1523 3263 1705 3308 autem
1743 3261 1798 3307 et

229 3341 363 3398 iram
382 3343 496 3398 haec
520 3351 602 3400 est
625 3343 943 3412 differentia,
970 3346 1094 3416 quia
1115 3346 1207 3417 qui
1233 3345 1486 3401 irascitur
1514 3344 1654 3400 intra
1681 3343 1798 3398 ani-

229 3452 343 3492 mos
389 3453 514 3493 suos
551 3439 654 3495 hoc
699 3441 885 3508 voluit,
914 3443 1052 3497 sicut
1081 3457 1150 3497 ex
1196 3442 1315 3512 ipso
1357 3441 1626 3496 indicatur
1651 3441 1797 3511 quod

229 3524 462 3578 dicitur:
492 3545 510 3577 ι
545 3526 837 3583 lrascimini
882 3538 938 3584 et
979 3529 1145 3585 nolite
1170 3545 1394 3600 peccare
1412 3529 1582 3602 (Psal.
1613 3546 1686 3595 tv,
1711 3529 1792 3602 5),

229 3611 320 3679 qui
362 3627 508 3667 vero
538 3612 666 3667 furit
699 3613 811 3682 jam
849 3616 970 3686 plus
1015 3617 1214 3686 aliquid
1256 3632 1353 3686 per
1394 3625 1602 3672 motum
1634 3618 1794 3688 gerit,

236 3719 256 3752 ι
287 3700 436 3754 furor
480 3701 621 3756 enim
647 3742 663 3768 ,
695 3703 886 3774 inquit,
927 3704 1006 3759 eis
1047 3705 1338 3759 secundum
1386 3706 1795 3761 similitudinem

231 3790 514 3860 serpentis.
548 3811 566 3844 ι
594 3792 738 3848 Inter
763 3793 1095 3849 iracundiam
1134 3802 1316 3849 autem
1346 3803 1401 3849 et
1426 3795 1562 3849 iram
1589 3796 1691 3850 hoc
1716 3795 1798 3849 in-

234 3890 418 3948 terest,
441 3882 584 3953 quod
625 3884 932 3952 iracundus,
967 3899 1178 3956 semper
1201 3885 1471 3950 irascitur,
1499 3884 1672 3941 iratus
1700 3900 1807 3959 pro

237 3981 473 4045 tempore
496 3974 818 4031 concitatur.

236 4109 365 4166 Car.
394 4111 661 4168 XXIV.—
684 4112 923 4181 Qualiter
940 4115 1022 4170 ira
1042 4125 1187 4172 uexat
1205 4117 1366 4174 iratos
1387 4118 1796 4190 acfuribundos.

302 4243 497 4318 (ϐακε.)
523 4247 604 4303 Ira
636 4248 864 4320 denique
896 4250 948 4306 in
980 4252 1180 4308 nostris
1220 4254 1472 4310 cordibus
1510 4255 1797 4323 insidente,

237 4349 335 4390 nec
349 4337 609 4407 judicium
637 4347 783 4396 recte
815 4340 1156 4398 discretionis
1180 4344 1484 4413 acquirere,
1513 4361 1614 4402 nec
1639 4346 1801 4403 hone-

236 4435 331 4484 sta:
392 4431 856 4500 contemplationis
926 4434 1217 4502 intuitum,
1275 4452 1376 4492 nec
1432 4439 1800 4498 maturitatem

233 4517 441 4573 consilii
482 4521 773 4589 possidere,
802 4537 907 4578 nec
941 4524 1061 4579 vitae
1093 4525 1406 4596 participes,
1438 4542 1538 4583 nec
1570 4528 1800 4596 iustitia:

1959 603 2156 678 (Cass)
2179 605 2313 660 Cum
2336 607 2692 661 miserabilem
2718 607 2806 662 hic
2833 608 2927 663 ira
2953 607 3170 665 morbus
3189 609 3464 667 obsederit

1889 708 2124 754 mentem
2171 699 2427 754 adversus
2471 699 2564 769 qui
2615 708 2920 758 commotus
2962 699 3132 758 tuerit
3178 715 3464 758 rancorem

1889 787 2055 842 animi
2102 796 2366 854 reservat,
2393 795 2551 858 negat
2579 788 2794 860 quidem
2834 803 2892 845 se
2933 787 3114 844 verbis
3155 788 3339 857 irasci,
3367 789 3464 847 sed

1889 877 2065 948 reipsa
2107 886 2163 934 et
2191 893 2353 948 opere
2386 877 2656 948 indignari
2699 878 3017 950 gravissime
3061 881 3464 951 comprobatur,

1888 983 2119 1040 namque
2139 969 2189 1024 ei
2217 967 2421 1041 [neque
2445 967 2592 1042 cum]
2614 980 2850 1040 congruo
2880 985 3127 1028 sermone
3153 974 3462 1044 compellat,

1890 1072 1988 1114 nec
2023 1057 2337 1114 affabilitate
2379 1058 2440 1114 ei-
2465 1057 2622 1114 solita
2659 1060 3008 1131 colloquitur,
3040 1063 3133 1118 sed
3171 1071 3252 1119 est
3292 1064 3341 1118 ei
3384 1079 3470 1121 re-

1888 1150 2107 1222 sponsio
2133 1164 2339 1216 amara,
2369 1165 2548 1206 sermo
2578 1151 2963 1218 durus,-vultus
2985 1160 3188 1221 torvus,
3215 1165 3467 1226 aspectus

1891 1255 2133 1306 aversus,
2160 1255 2313 1296 mens
2342 1240 2558 1296 turbida
2578 1249 2633 1297 et
2655 1242 2898 1310 adversa,
2923 1259 3081 1317 quem
3107 1244 3188 1300 ira
3222 1254 3458 1301 retentat

1891 1346 2104 1402 semper
2135 1339 2354 1403 paratus
2400 1332 2468 1387 ad
2508 1332 2859 1401 irridendum,
2901 1335 3462 1407 ad'exasperandutn,

1889 1424 1954 1478 ad
1982 1424 2508 1494 reprehendendum,
2533 1432 2589 1482 et
2609 1425 2748 1482 bona
2765 1425 2889 1496 ejus
2915 1443 3021 1484 non
3047 1440 3193 1486 recte
3217 1446 3460 1501 pronun-

1889 1514 2150 1581 tiandum,
2195 1514 2298 1570 hoc
2338 1515 2484 1570 enim
2523 1514 2712 1570 vitium
2755 1526 2990 1574 mentem
3033 1519 3233 1586 turbat,
3258 1528 3463 1576 rcctum

1891 1608 2175 1666 consilium
2195 1609 2460 1681 dissipat,
2476 1611 2745 1683 justitiam
2775 1612 2993 1670 alienat.

1961 1719 2089 1776 Car.
2121 1718 2310 1777 XXVI.
2332 1751 2403 1762 —
2421 1719 2716 1795 Increpatio
2740 1723 2987 1783 adversus
3016 1726 3251 1784 morbum
3277 1729 3393 1784 im.

1965 1828 2162 1902 (Cass.)
2195 1829 2253 1886 Si
2287 1831 2355 1887 ad
2386 1832 2770 1904 perfectionem
2801 1839 2998 1906 tendis,
3028 1848 3084 1896 et
3107 1855 3332 1912 agonem
3360 1841 3471 1912 spi-

1894 1920 2104 1977 ritalem
2156 1922 2393 1993 legitime
2433 1925 2584 1996 cupis
2621 1925 2920 1994 decertare,
2970 1930 3038 1984 ab
3082 1930 3226 1985 omni
3276 1930 3380 1996 ira,
3418 1940 3474 1985 et

1897 2008 2077 2066 furore
2099 2011 2307 2069 alienus
2335 2015 2525 2082 existe,
2544 2017 2666 2073 audi
2691 2019 2820 2090 quid
2845 2018 3107 2076 Dominus
3127 2028 3310 2076 noster
3334 2037 3471 2091 prte-

1896 2106 2040 2176 cepit
2068 2107 2292 2165 dicens:
2323 2129 2342 2163 t
2373 2109 2563 2168 Omnis
2603 2113 2694 2185 qui
2732 2113 2986 2170 irascitur
3013 2113 3166 2168 fratri
3199 2129 3317 2180 suo,
3351 2129 3473 2168 rcus

1895 2199 2002 2256 erit
2020 2199 2224 2271 judicio
2265 2201 2490 2274 (Matth.
2529 2220 2585 2271 v,
2615 2204 2738 2276 22).
2764 2225 2781 2258 ι
2816 2205 2884 2260 Et
2926 2203 3120 2260 Paulus
3159 2203 3472 2275 apostolqu

1882 2309 1923 2345 Δι
1957 2288 2167 2359 Omnis,
2194 2291 2392 2363 inquit,
2423 2293 2501 2348 ira
2525 2301 2580 2349 et
2614 2293 2914 2365 indignatio
2942 2300 2997 2348 et
3025 2292 3230 2347 clamor
3255 2301 3309 2346 et
3334 2292 3475 2347 blas-

1897 2381 2115 2452 phemia
2141 2382 2358 2438 tollatur
2379 2398 2408 2438 a
2432 2383 2585 2438 vobis
2612 2399 2734 2439 cum
2758 2384 2904 2438 omni
2931 2382 3134 2438 malitia
3161 2382 3373 2454 (Ephes.
3400 2399 3471 2442 tv.

1898 2476 2012 2546 51).
2037 2496 2054 2529 ι
2072 2476 2206 2532 Cum
2231 2477 2383 2543 dicit,
2406 2494 2425 2529 ς
2453 2475 2639 2532 Omnis
2661 2477 2741 2532 ira
2765 2475 3212 2542 tollaturavobis,
3236 2497 3253 2528 ι
3276 2475 3473 2530 nullam

1897 2572 2115 2643 penitus
2150 2572 2298 2628 velut
2326 2572 2688 2628 necessariam
2731 2579 2788 2628 et
2822 2571 3007 2627 utilem
3050 2568 3206 2625 nobis
3242 2567 3472 2636 excepit.

1901 2661 2055 2728 Quod
2098 2670 2279 2717 autem
2322 2663 2450 2718 dicit
2493 2661 2818 2718 Psalmista:
2849 2681 2868 2714 ι
2893 2661 3194 2718 lrascimini
3233 2669 3287 2714 et
3311 2659 3478 2713 nolito

1899 2767 2124 2824 peccare
2153 2751 2326 2824 (Psal.
2353 2769 2426 2818 IV,
2453 2754 2526 2825 5),
2560 2774 2578 2806 ι
2599 2752 2772 2822 jubet,
2801 2753 3197 2824 nobismetipsis
3226 2753 3477 2821 vitiisque

1900 2843 2105 2899 nostris
2132 2858 2199 2898 ac
2223 2843 2662 2914 suggestionibus
2684 2844 2863 2914 pravis
2891 2843 3087 2908 irasci,
3116 2850 3310 2897 et'non
3354 2855 3478 2912 pec-

1901 2952 2046 3002 care,
2079 2936 2147 2991 ad
2170 2935 2418 2992 effectum
2440 2937 2643 2992 scilicet
2668 2951 2761 2992 eas
2783 2936 3000 2993 noxium
3031 2937 3346 3008 perducere,
3376 2935 3481 2989 hoc

1903 3035 2084 3082 autem
2111 3027 2204 3083 irae
2229 3026 2419 3081 vitium
2449 3043 2580 3084 cave
2609 3043 2678 3083 ne
2714 3028 2796 3084 vel
2828 3028 3017 3083 leviter
3046 3028 3099 3082 in
3139 3026 3301 3082 corde
3343 3025 3477 3080 resi-

1903 3118 2029 3173 deat
2055 3125 2164 3183 tuo,
2193 3117 2384 3173 adimit
2411 3118 2555 3173 enim
2593 3118 2684 3174 ubi
2716 3117 2876 3175 fuerit
2909 3126 3148 3175 sanctam
3185 3118 3474 3174 multarum

1826 3239 1871 3302 ρ
1903 3210 2166 3266 virtutum
2203 3219 2500 3278 catervam,
2545 3211 2621 3266 ait
2657 3211 2800 3266 enim
2849 3210 3164 3283 Scriptura:
3196 3229 3214 3262 ι
3243 3209 3479 3264 Vir'ira-

1900 3301 2108 3356 cundus
2150 3301 2466 3357 inhonestus
2511 3309 2626 3368 est;
2655 3321 2676 3355 ι
2709 3309 2765 3358 et
2818 3301 3051 3357 iterum:
3083 3320 3101 3354 ο
3131 3302 3211 3357 Ira
3258 3300 3310 3356 in
3351 3301 3469 3356 sinu

1900 3389 2270 3460 insipientium
2312 3390 2632 3460 requiescit;
2661 3409 2678 3444 ι
2709 3398 2800 3446 et:
2832 3389 3170 3446 «Iracundus
3210 3389 3318 3461 agit
3360 3390 3475 3446 sine

1900 3480 2144 3548 consilio,
2169 3489 2227 3536 et
2259 3480 2342 3535 vir
2371 3482 2646 3538 animosus
2682 3481 2824 3553 parit
2853 3481 3018 3549 rixas,
3047 3483 3130 3536 vir
3155 3491 3334 3537 autem
3370 3481 3476 3536 ira-

1899 3570 2108 3626 cundus
2129 3570 2314 3627 effodit
2337 3581 2554 3642 peccata
2577 3570 2760 3643 (Prov.
2785 3589 2874 3638 xv,
2894 3573 3012 3645 l8);
3045 3593 3062 3626 ι
3091 3583 3143 3628 et
3165 3571 3469 3644 apostolus:

1906 3677 1924 3710 ι
1958 3660 2042 3714 lra
2084 3662 2230 3717 enim
2267 3660 2368 3716 viri
2406 3661 2672 3733 justitiam
2717 3663 2811 3718 Dei
2846 3669 2949 3719 neu
2979 3671 3231 3735 operatur
3257 3661 3398 3734 (Jac.
3435 3680 3472 3729 ι,

1898 3749 2014 3820 se).
2041 3769 2058 3804 ι

1899 3858 2027 3914 CAP.
2082 3858 2288 3915 XXVII.
2323 3891 2391 3903 —-
2433 3861 2679 3934 Remedia
2715 3863 2902 3934 quibus
2941 3865 3075 3918 iram
3123 3863 3186 3918 de
3231 3862 3475 3918 cordibus

2287 3933 2476 3986 nostris
2507 3933 2774 3990 eradicare
2797 3935 3074 4005 possimus.

1973 4044 2169 4118 (Cass.)
2201 4043 2326 4101 Haec
2350 4053 2432 4100 est
2451 4045 2612 4117 hujus
2640 4045 2810 4101 morbi
2838 4045 3101 4102 medicina
3130 4045 3388 4116 perfecta,
3413 4055 3471 4099 ut

1900 4134 2151 4205 primitus
2176 4135 2458 4192 credamus
2485 4135 2630 4192 nullo
2674 4137 2832 4192 modo
2863 4137 2976 4191 sive
3005 4135 3221 4207 injustis
3244 4137 3355 4192 sive
3386 4135 3476 4205 ju-

1902 4225 2001 4281 stis
2037 4241 2110 4280 ex
2147 4227 2328 4282 causis
2373 4227 2536 4282 licere
2563 4227 2717 4283 nobis
2751 4227 2934 4295 irasci,
2965 4228 3199 4284 secundo
3243 4228 3474 4284 scientes

1903 4334 2000 4374 nos
2025 4319 2280 4388 templum
2309 4318 2544 4390 Spiritus
2577 4320 2748 4376 sancti
2775 4319 2911 4377 efIici
2939 4321 3158 4376 omnino
3184 4336 3290 4377 non
3315 4335 3473 4392 posse

1903 4407 2196 4464 iracundiae
2216 4409 2267 4464 in
2289 4409 2447 4466 nobis
2472 4410 2664 4481 spiritu
2691 4421 3078 4477 commorante,
3110 4421 3381 4483 postremo
3416 4420 3473 4466 ut

1903 4499 2200 4570 cogitemus
2233 4515 2572 4571 nequaquam
2605 4502 2764 4558 licere
2804 4503 2962 4557 nobis
2990 4516 3147 4557 orare
3177 4517 3278 4556 nec
3305 4501 3470 4558 iratos

235 4614 448 4665 tenaces
463 4586 597 4674 {sed
623 4627 691 4667 ne
717 4613 969 4683 spiritalis
994 4586 1207 4686 quidem
1234 4586 1306 4672 ae
1321 4586 1436 4673 veri
1466 4586 1687 4676 luminis
1709 4637 1800 4677 ca-
1826 4587 1878 4648 D
1905 4586 2127 4686 [Hedera
2155 4605 2341 4660 preces
2372 4591 2438 4646 ad
2469 4591 2657 4686 099""
2681 4600 2736 4648 et
2779 4592 3043 4686 mea???“
3071 4593 3319 4686 humana?
3343 4607 3473 4646 con‘

230 4715 392 4769 paces
433 4703 728 4772 poterimus
771 4707 1033 4772 existere,
1065 4726 1082 4761 t
1113 4709 1236 4780 quia
1283 4713 1638 4767 exacerbatus
1683 4721 1807 4779 est,

231 4790 432 4860 inquit,
464 4808 574 4863 prae
601 4796 679 4849 ira
721 4797 907 4852 oculus
946 4814 1097 4854 meus
1125 4797 1298 4871 (Psal.
1325 4817 1399 4867 vr,
1429 4801 1504 4872 8),
1532 4821 1549 4853 ι
1579 4818 1680 4859 nec
1707 4819 1798 4858 sa-

229 4883 444 4952 pientiai
488 4886 778 4958 participes
825 4887 1048 4944 efficiam
1091 4889 1192 4946 etsi
1238 4892 1504 4962 sapientes
1556 4894 1799 4949 omnium

229 4977 564 5045 pronuntiari
596 4981 845 5050 opinione
877 4983 1180 5051 videamur,
1210 4987 1333 5056 quia
1370 4987 1447 5041 ira
1477 4988 1530 5042 in
1559 4989 1679 5043 sinu
1699 4990 1798 5044 'ino

227 5065 530 5134 sipientium
565 5070 870 5139 requiescit.
900 5071 1163 5146 (Hieron)
1215 5075 1416 5144 Duplex
1458 5086 1639 5133 autem
1686 5095 1795 5135 non

227 5157 404 5213 solum
430 5162 570 5230 apud
599 5177 716 5225 nos,
743 5178 929 5219 verum
961 5167 1120 5221 etiam
1151 5169 1288 5238 apud
1317 5169 1665 5242 philosophos
1701 5172 1802 5228 irae

228 5265 423 5306 nomen
457 5254 738 5324 accipitur,
769 5256 854 5311 vel
894 5272 1015 5312 eum
1045 5258 1241 5328 injuria
1276 5261 1510 5317 lacessiti
1538 5263 1799 5319 naturali-

225 5338 328 5395 bus
355 5343 584 5398 stimulis
609 5345 966 5411 concitamur,
997 5348 1080 5403 vel
1109 5364 1230 5404 cum
1276 5351 1650 5420 requiescente
1696 5333 1797 5407 im-

223 5438 350 5501 petu
371 5440 427 5487 et
453 5432 630 5490 furore
658 5435 1112 5506 restrictopotest
1132 5454 1286 5495 mens
1315 5441 1793 5512 baberejudicium

222 5530 281 5577 et
307 5524 651 5581 nihilominus
673 5541 833 5596 super
855 5541 919 5582 eo
945 5529 1035 5596 qui
1059 5538 1277 5598 putatur
1305 5531 1505 5587 laesisse
1526 5533 1800 5590 desiderat

220 5611 505 5680 ultionem,
534 5615 635 5671 hoc
655 5626 832 5673 autem
856 5618 1043 5674 vitium
1073 5622 1167 5676 ira:
1197 5623 1582 5679 humanitatem
1605 5632 1661 5678 et
1689 5625 1797 5680 cle-

203 5705 483 5796 'mentiam
515 5715 571 5762 et
605 5711 1069 5768 mansuetudinem
1111 5711 1285 5768 aufert
1326 5713 1394 5769 ab
1441 5730 1505 5772 co
1546 5717 1637 5788 qui
1676 5732 1796 5774 eam

201 5793 541 5853 [familiarius
570 5799 820 5870 possidet.

1902 4679 2121 4736 ditionis
2149 4688 2348 4736 statum
2376 4681 2778 4738 considerantes
2795 4682 3040 4752 quotidie
3062 4698 3160 4739 nos
3185 4683 3470 4738 credamus

1900 4786 1931 4827 e
1981 4787 2206 4843 corpore
2251 4774 2608 4844 migraturos,
2652 4775 2892 4845 nihilque
2935 4776 3089 4832 nobis
3145 4777 3470 4832 continentia

1899 4862 2186 4927 castitatis,
2213 4863 2345 4917 nihil
2365 4862 2713 4934 jejuniorum,
2749 4865 3077 4932 orationum,
3102 4865 3470 4939 cleemosyna-

1899 4968 2042 5020 rum,
2069 4954 2484 5025 vigiliarumque
2528 4955 2802 5012 laboribus
2843 4956 3244 5024 conferendum,
3276 4959 3471 5028 quibus

1897 5054 2118 5115 propter
2147 5046 2480 5101 iracundiam
2511 5047 2678 5101 solam
2707 5055 2762 5103 et
2791 5048 2972 5104 odium
3001 5048 3070 5104 ab
3100 5049 3471 5106 universitatis

1892 5133 2074 5204 judice
2102 5135 2360 5206 supplicia
2391 5137 2777 5207 promittuntur
2794 5147 3014 5195 mterna.

1899 5258 2026 5314 CAP.
2059 5257 2292 5314 XXVIII.
2323 5290 2386 5301 —
2406 5259 2484 5315 De
2519 5269 2708 5316 natura
2743 5272 2792 5317 et
2823 5263 3022 5328 oriqine
3063 5263 3289 5318 tristitia:
3331 5280 3469 5326 more

2599 5331 2786 5401 tifera’.

1972 5441 2052 5498 Ex
2099 5442 2176 5497 ira
2215 5457 2430 5514 quoque
2470 5444 2688 5499 tristitia
2741 5446 2936 5511 oritur,
2980 5446 3107 5514 quia
3150 5443 3465 5516 perturbata

1896 5549 2050 5590 mens
2073 5550 2179 5606 quo
2206 5535 2508 5591 inordinate
2535 5551 2595 5591 se
2621 5538 2880 5602 concutit,
2917 5553 2982 5592 eo
3016 5535 3312 5589 addiceudo
3339 5549 3468 5589 cou-

1895 5625 2090 5691 fundit,
2121 5634 2331 5681 etcum
2379 5625 2713 5681 dulcedinem
2760 5623 3159 5694 tranquiiiitatis
3199 5623 3464 5687 amiserit,
3531 5693 3534 5696 .

1898 5717 2029 5773 :iihil
2073 5718 2214 5772 hanc
2257 5716 2358 5772 nisi
2404 5732 2468 5772 ex
2518 5715 2825 5772 turbatione
2879 5715 3212 5783 subsequens
3261 5725 3465 5768 mmror

1905 5808 2086 5874 pascit.
2135 5805 2532 5877 Nonnunquam
2577 5815 2753 5861 tamen
2804 5806 2896 5860 ira:
2945 5805 3292 5874 praecedentis
3330 5804 3474 5887 ~vitio
3557 5865 3562 5868 _
