3956 6326
443 341 582 400 i363

1082 336 1144 392 Β.
1185 335 1437 392 RABANI
1477 334 1699 392 MAURI
1739 284 2057 391 XRClilEP.
2102 331 2411 389 MOGUNI‘.
2452 332 2739 389 OPERUM
2770 335 2952 391 PARS
2985 335 3073 390 Ili.

3592 341 3733 398 εδει

440 453 694 526 subsequi
714 467 809 511 seu
833 450 1285 523 concupiscentia:
1312 450 1520 506 lucrive
1543 447 1826 518 cujusdam
1851 449 2030 505 minus
2056 455 2107 511 Α
2131 461 2267 517 quos
2308 447 2459 502 novit
2494 446 2584 501 illa
2620 448 2869 507 conferre
2913 465 3034 521 quae
3072 450 3370 509 secundum
3421 451 3607 509 Deum
3652 454 3737 511 es!

446 544 652 616 indepti
675 541 928 616 generari
958 541 1177 597 tristitia
1205 540 1502 607 solet,'cum
1528 555 1588 596 se
1616 541 1809 596 barum
1839 553 2019 595 rerum

448 635 688 708 quadam
732 647 827 703 spe
852 639 1034 689 mente
1061 640 1324 702 concepta
1349 630 1469 701 quis
1500 628 1697 685 viderit
1731 624 2016 694 excidisse,

441 722 711 780 interdum
742 736 871 777 vero
901 721 1069 777 etiam
1100 720 1261 776 nullis
1301 719 1658 777 existentibus
1700 719 1889 775 causis
1908 718 2022 775 dia-

437 815 617 873 bolica
644 814 901 871 instinctu
928 821 1085 873 tanto
1113 821 1334 883 repente
1363 827 1598 869 mmrore
1644 810 2027 883 deprimimur,

440 916 498 963 ut
540 907 805 978 quidquid
848 905 1078 977 benigna
1120 904 1457 971 ail'abilitate,
1490 904 1752 977 quidquid
1800 920 2019 976 compe-

441 1001 575 1057 tenti
619 999 1054 1056 confabulatione
1101 1013 1132 1054 a
1178 1013 1450 1070 quoquam
1495 996 1765 1069 prolatum
1815 997 2021 1064 fuerit,

437 1092 807 1163 importunum
833 1088 991 1145 nobis
1009 1103 1073 1144 ac
1095 1089 1425 1160 superﬂuum
1446 1087 1739 1159 iudicetur,
1766 1087 2023 1159 nullaque

438 1198 470 1236 a
498 1180 651 1237 nobis
677 1177 934 1242 reddatur
953 1178 1032 1235 eis
1051 1187 1207 1250 grata
1226 1179 1509 1251 responsio
1535 1178 1816 1235 universos
1842 1175 2023 1234 cordis

442 1274 611 1331 nostri
638 1286 885 1328 recessus
906 1269 1030 1327 felle
1050 1272 1433 1329 amaritudinis
1453 1281 1773 1344 occupante.

563 1408 693 1466 CAP.
722 1407 916 1464 XXIX.
942 1439 1015 1451 —
1042 1406 1122 1463 De
1147 1418 1338 1480 natura
1364 1416 1411 1464 et
1439 1408 1641 1480 origine
1668 1408 1899 1463 tristitiae

1075 1478 1385 1549 salutifera.

508 1601 704 1677 (Cass)
735 1601 1069 1660 Praedicator
1096 1602 1346 1674 egregius
1392 1602 1460 1659 de
1506 1603 1609 1659 hac
1638 1603 1860 1659 tristitia
1906 1609 1982 1659 alt
2006 1622 2029 1657 ε’

436 1706 557 1766 qua!
596 1693 892 1751 secundum
927 1693 1098 1751 Deum
1131 1699 1215 1749 est
1248 1692 1467 1750 tristitia
1493 1733 1510 1761 ,
1553 1693 1928 1765 paenitentiam
1955 1696 2026 1751 ad

436 1785 668 1843 salutem
711 1784 962 1842 stabilem
1004 1791 1282 1857 operatur,
1316 1786 1433 1855 haec
1461 1786 1607 1842 enim
1645 1793 1741 1845 aut
1767 1786 2021 1864 alienum
2052 1815 2099 1875 Β

436 1886 718 1952 peccatum
737 1878 886 1949 luget
909 1885 1005 1933 aut
1020 1877 1327 1950 proprium,
1347 1893 1449 1935 nec
1469 1878 1538 1935 de
1561 1878 1666 1935 hoc
1686 1878 1852 1947 dolet,
1878 1880 2023 1950 quod

436 1972 618 2029 divina
639 1969 853 2041 iustitia
871 1971 1072 2043 agitur,
1097 1971 1195 2029 sed
1214 1972 1281 2028 de
1294 1980 1605 2039 sumeret,
1624 1972 1769 2043 quod
1787 1973 2025 2028 humana

438 2064 725 2135 iniquitate
764 2063 1159 2131 committitur,
1193 2064 1311 2120 lucc
1334 2078 1573 2134 namque
1596 2063 1772 2121 tribus
1793 2079 2024 2136 genera-

438 2164 531 2210 tur
580 2154 797 2221 modis,
848 2154 1024 2225 primo
1050 2169 1149 2229 pro
1180 2154 1520 2226 pusuitudine
1546 2154 1865 2212 delictorum
1890 2196 1906 2222 ,
1942 2171 2032 2214 se-

438 2247 619 2305 cundo
640 2262 748 2319 pro
768 2246 1039 2305 desiderio
1062 2245 1445 2318 perfectionis,
1468 2245 1631 2302 tertio
1658 2262 1757 2319 pro
1785 2254 2029 2303 contem-

437 2338 687 2409 platiOne
704 2336 903 2394 futura:
928 2337 1281 2395 beatitudinis
1298 2377 1314 2404 ,
1352 2337 1445 2395 bis
1470 2336 1617 2393 enim
1641 2336 1858 2393 iudiciis
1882 2337 2021 2395 salu-

440 2428 599 2485 tifera
621 2428 959 2501 dignoscitur
980 2428 1227 2495 tristitia,
1253 2436 1341 2487 est
1368 2443 1606 2499 namque
1633 2428 1893 2485 obediens
1909 2469 1925 2496 ,
1948 2429 2024 2485 al-

436 2519 655 2586 fabiiis,
671 2517 912 2587 humilis,
942 2526 1246 2586 mansueta,
1268 2518 1455 2577 suavis
1473 2534 1541 2575 ac
1563 2519 1797 2591 patiens,
1822 2520 2041 2581 habens.

439 2613 495 2668 itt
549 2610 842 2682 semetipsa
887 2625 1079 2671 omnes
1130 2609 1342 2669 fructus
1389 2610 1627 2682 Spiritus
1668 2615 1843 2671 sancti
1892 2630 2038 2686 quos

437 2709 723 2760 enumerat
750 2700 892 2761 idem
911 2701 1244 2773 Apostolus:
1275 2722 1296 2756 ‹
1326 2702 1563 2762 Fructus
1582 2714 1764 2763 autem
1794 2706 2037 2778 Spiritus

437 2800 527 2849 est
550 2793 811 2860 ebaritas,
841 2790 1129 2865 gaudium,
1155 2809 1258 2865 pax
1280 2835 1295 2861 ,
1336 2794 1721 2867 longanimitas
1739 2838 1754 2864 ,
1787 2799 2027 2867 bonitas,

438 2885 775 2958 benignitas,
810 2884 966 2953 ﬁdes,
1004 2886 1394 2954 mansuetudo,
1430 2887 1763 2944 continentia
1796 2887 1940 2960 (Gal.
1973 2905 2027 2957 v,

437 2978 557 3053 ‘22).
592 2999 612 3033 ι
643 2977 773 3036 lites
794 2985 883 3036 est
912 2978 1058 3034 enim
1083 2986 1144 3034 ut
1165 2979 1369 3037 dictum
1391 2986 1496 3048 est,
1526 2980 1760 3038 salubris
1784 2981 2025 3050 tristitia,

438 3067 751 3139 secundum
768 3067 975 3135 Deum,
1007 3083 1128 3141 quae
1159 3069 1539 3140 preuitentiam
1568 3070 1638 3125 ad
1662 3069 1891 3127 salutem
1916 3078 2031 3127 sta-

2130 540 2371 597 tristitia.

2124 658 2249 714 Car.
2272 657 2486 714 XXXII.
2500 689 2569 701 ——
2583 659 2883 733 Increpatio
2906 661 3153 733 adversus
3174 662 3415 717 morbum
3440 662 3741 733 mortifere

2791 732 3042 785 tristitiae.

2195 844 2399 916 (Casa)
2433 842 2689 915 Quisquis
2728 859 2790 900 es
2828 843 2955 900 huic
2988 843 3250 914 pestifero
3286 844 3550 901 irretitus
3588 860 3736 901 mor-

2122 936 2222 1003 bo,
2260 944 2537 992 memento
2568 936 2694 1006 quia
2724 935 2865 991 sicut
2892 936 3036 991 tinea
3065 935 3392 991 vestimento
3430 944 3493 990 et
3528 950 3741 991 verum

2122 1024 2271 1096 ligno
2302 1025 2378 1081 ita
2408 1025 2628 1083 tristitia
2654 1033 2814 1082 nocet
2838 1026 2989 1081 cordi
3012 1033 3123 1081 tuo.
3176 1024 3387 1081 Evome
3422 1026 3604 1097 igitur
3632 1027 3737 1081 hoc

2123 1114 2502 1171 amaritudinis
2530 1128 2834 1181 venenum,
2864 1114 3081 1186 utquid
3116 1115 3261 1171 enim
3288 1129 3395 1185 pro
3430 1116 3745 1172 amissione

2123 1206 2262 1264 lucri
2309 1209 2596 1279 prmsentis
2642 1208 2913 1266 tristaris?
2952 1217 3012 1264 ut
3056 1208 3187 1278 quid
3232 1224 3334 1279 pro
3370 1209 3531 1265 illato
3570 1210 3739 1265 detri-

2122 1298 2346 1355 mento?
2374 1306 2435 1353 ut
2460 1299 2588 1369 quid
2615 1314 2716 1371 pro
2740 1299 2996 1371 irrogatis
3020 1299 3275 1369 iniuriis?-
3293 1308 3355 1355 ut
3386 1301 3525 1371 quid
3554 1301 3743 1357 morti-

2124 1388 2237 1444 fera
2279 1389 2691 1461 desperatione,
2732 1406 2834 1462 pro
2877 1392 3331 1447 innumerositate
3378 1399 3741 1462 peccatorum

2129 1488 2364 1549 tuorum,
2391 1482 2535 1539 sicut
2554 1482 2685 1540 Cain
2716 1492 2841 1555 post
2866 1482 3229 1540 lratricidium
3248 1524 3265 1549 ,
3306 1494 3367 1539 et
3408 1482 3589 1541 ludas
3614 1494 3739 1556 post

2123 1579 2484 1651 proditionem
2508 1580 2775 1639 tristaudo
2794 1579 3136 1637 concuteris?
3151 1578 3293 1635 Audi
3320 1579 3605 1635 dicentem
3626 1579 3741 1636 Do—

2125 1675 2332 1730 minum
2363 1693 2376 1730 :
2417 1692 2435 1726 ι
2474 1673 2609 1730 Nolo
2639 1682 2871 1744 mortem
2896 1671 3231 1744 peccatoris,
3270 1671 3374 1728 sed
3400 1680 3467 1727 ut
3504 1685 3739 1728 eoum—

2130 1771 2277 1819 tatur
2299 1768 2356 1819 et
2384 1762 2533 1819 vivat
2558 1762 2776 1835 (Eucti.
2800 1732 2996 1827 iniu,
3021 1760 3134 1833 ll),
3169 1780 3188 1812 ›
3217 1732 3317 1816 ubi
3344 1768 3405 1817 et
3430 1761 3657 1832 quando
3680 1771 3737 1817 et

2100 1898 2101 1901 η
2127 1853 2183 1909 iu
2216 1869 2540 1925 quacunque
2566 1869 2641 1937 re.
2655 1853 2874 1909 tristitia
2897 1851 3079 1909 saeculi
3103 1860 3297 1909 contra
3324 1867 3389 1908 se
3436 1852 3623 1907 erexit
3652 1851 3739 1908 ﬂe

2125 1962 2251 2037 ore.
2263 1956 2321 2003 et
2370 1960 2581 2017 opere:
2623 1964 2643 1999 ι
2681 1945 2935 2003 Gaudeas
2973 1944 3222 2037 gaudebo
3264 1945 3325 2001 in
3370 1945 3647 2037 Domino,
3682 1954 3735 2001 et

2126 2036 2411 2095 exsultatio
2444 2039 2502 2094 iu
2526 2040 2639 2097 Deo
2666 2039 2892 2095 salutari
2919 2052 3043 2094 meo
3069 2036 3208 2110 (Isa.
3237 2052 3354 2106 ut,
3386 2036 3509 2109 i0).
3551 2058 3577 2092 ι

2128 2173 2259 2230 CAP.
2288 2172 2613 2253 XXXlll:_-:—
2624 2171 2871 2253 Remedia
2891 2171 3078 2253 quibus
3094 2169 3381 2253 tristitiam
3396 2170 3737 2253 mortifera.

2305 2244 2369 2298 de
2395 2242 2645 2298 cordibus
2668 2242 2863 2297 nostris
2887 2242 3240 2297 exterminare
3258 2242 3563 2311 possimus.

2202 2356 2402 2428 (Cum)
2438 2355 2594 2412 lianc
2613 2371 2747 2428 ergo
2773 2354 3295 2426 perniciosissimam
3314 2355 3645 2425 passionem
3664 2354 3731 2408 ita

2129 2444 2196 2502 de
2225 2446 2384 2502 nobis
2417 2445 2690 2516 expellere
2728 2445 3058 2517 poterimus,
3106 2444 3152 2499 si
3198 2452 3448 2499 mentem
3494 2452 3737 2500 nostram

2128 2535 2360 2608 spiritali
2408 2536 2764 2593 meditatione
2801 2535 3009 2608 iugiter
3039 2544 3370 2605 occupatam
3413 2534 3609 2590 futura
3648 2550 3737 2607 spe

2129 2637 2188 2683 et
2209 2626 2669 2700 contemplatione
2689 2628 3033 2699 repromissae
3050 2626 3419 2683 beatitudinis
3439 2628 3735 2699 erigamus,

2128 2734 2230 2791 pro
2257 2727 2584 2775 aeternorum
2610 2734 2793 2775 rerum
2822 2718 3019 2775 intuitu
3048 2732 3266 2790 semper
3290 2718 3408 2775 laeti
3441 2729 3615 2791 atque
3642 2720 3738 2775 im-

2130 2810 2359 2868 mobiles
2385 2811 2760 2882 perdurantes,
2785 2826 2886 2868 nec
2908 2810 3125 2867 casibus
3147 2808 3347 2879 deiecti
3370 2811 3741 2882 praesentibus

2130 2917 2234 2958 nec
2261 2904 2536 2973 prosperis
2573 2900 2839 2958 fuerimus
2873 2902 3039 2969 elati,
3067 2910 3310 2974 utraque
3335 2903 3499 2959 velut
3537 2904 3737 2960 caduca

2129 3004 2185 3052 et
2211 3010 2337 3050 mox
2360 2996 2699 3051 transeuntis
2732 2996 3197 3067 contemplantes,
3235 3005 3297 3053 et
3330 2996 3624 3069 apostolus
3650 2995 3736 3052 Ia-

2130 3085 2299 3141 cobus
2332 3085 2494 3155 huius
2525 3085 2643 3140 vitii
2678 3085 3001 3141 medicinam
3029 3085 3189 3141 nobis
3234 3095 3621 3158 congruenter
3654 3087 3735 3142 in-

438 3158 604 3216 bilem
637 3167 921 3230 operatur,
954 3174 1076 3230 quae
1104 3167 1403 3217 sectatores
1440 3175 1569 3216 suos
1602 3176 1633 3216 a
1661 3163 1954 3218 mundanis
1975 3171 2033 3221 et
2059 3173 2105 3236 C
2135 3174 2319 3229 sinuat
2358 3174 2545 3230 dicens
2575 3192 2587 3228 :
2630 3191 2649 3225 ‹
2698 3173 2972 3229 Tristatur
3000 3174 3198 3245 aliquis
3239 3185 3497 3232 vestrum
3523 3219 3541 3242 ,
3590 3186 3735 3243 oret;

442 3246 622 3304 noxiis
647 3255 863 3318 separat
884 3248 1121 3314 actibus,
1141 3256 1197 3304 et
1214 3248 1284 3305 ad
1308 3248 1433 3305 coeli
1456 3250 1640 3320 dirigit
1664 3266 1869 3308 arcem.
1895 3253 2034 3312 Abs-

450 3353 557 3408 quc
591 3337 695 3394 ista
738 3338 887 3394 enim
926 3339 1106 3396 omnis
1147 3339 1367 3395 tristitia
1407 3347 1665 3410 tanquam
1709 3342 1923 3409 saeculi,
1979 3353 2036 3401 et

449 3445 575 3500 qua:
602 3436 834 3485 mortem
862 3428 1083 3497 inferat,
1110 3428 1393 3500 :equaliter
1419 3430 1725 3501 repellenda
1754 3442 1861 3501 est,
1887 3451 2035 3492 nunc

447 3522 515 3575 ad
546 3520 881 3594 propositum
915 3520 1160 3579 ordinem
1198 3521 1294 3578 ira)
1326 3523 1621 3580 mortifera:
1652 3527 2031 3584 revertendum

446 3622 549 3669 est.

444 3747 575 3801 Car.
608 3744 778 3805 XXX.
803 3778 872 3788 —
906 3744 1148 3812 Qualiter
1183 3749 1397 3804 tristitia
1440 3750 1711 3820 mortifera
1754 3760 2030 3807 sectatores

880 3834 1003 3875 suos
1032 3829 1183 3874 vexat
1208 3836 1271 3875 ac
1292 3818 1583 3892 propulsat.

517 3954 716 4027 (Cass.)
746 3952 916 4023 Quem
946 3954 1091 4010 enim
1133 3955 1222 4010 hic
1262 3954 1489 4026 pestifer
1525 3955 1766 4028 possidet
1810 3957 2032 4015 morbus

447 4048 517 4105 ab
541 4047 688 4103 omni
716 4060 841 4103 eum
883 4054 1102 4118 separat
1139 4046 1335 4102 divina:
1372 4048 1841 4119 contemplationis
1869 4050 2034 4105 intui-

445 4146 504 4191 tu
532 4176 548 4203 ,
595 4144 942 4209 mentemque
973 4136 1092 4208 eius
1119 4136 1186 4193 ab
1215 4137 1363 4193 omni
1404 4138 1657 4209 puritatis
1694 4147 1839 4196 statu
1880 4138 2029 4197 labe-

446 4225 614 4283 factat
636 4240 701 4281 ac
723 4225 997 4298 deprimit.
1027 4225 1144 4283 Non
1173 4227 1447 4285 orationes
1479 4229 1528 4284 ci
1563 4244 1685 4286 cum
1712 4229 1892 4287 cordis
1920 4230 2032 4288 ala-

447 4317 641 4373 critate
681 4317 950 4388 permittit
995 4317 1233 4389 explere,
1269 4334 1378 4375 non
1408 4335 1688 4376 sacrarum
1733 4322 2036 4380 lectionum

445 4410 576 4467 sinit
603 4409 856 4467 remediis
886 4410 1143 4467 incubare
1160 4451 1188 4479 ,.
1205 4413 1553 4482 tranquillum
1581 4428 1645 4469 ac
1682 4414 1871 4470 mitem
1908 4432 2030 4474 esse

445 4518 554 4558 nou
579 4502 806 4574 patitur,
838 4510 894 4558 et
916 4502 985 4558 ad
1011 4512 1206 4559 cuncta
1229 4506 1605 4574 operationum
1631 4505 1718 4563 vel
1751 4507 2029 4581 religionis
2053 4524 2108 4587 Β

443 4591 617 4648 cilicia
634 4633 650 4661 ,
683 4593 1053 4664 impatientem
1075 4600 1131 4651 et
1151 4610 1406 4665 asperum
1428 4596 1635 4665 reddit,
1663 4600 1918 4671 omnique
1946 4616 2035 4658 sa-

446 4681 590 4736 lubri
616 4682 842 4739 consilio
864 4682 1079 4755 perdito
1103 4694 1159 4740 et
1184 4685 1366 4741 cordis
1389 4688 1694 4745 constantia
1715 4691 2031 4760 perturbata

443 4770 597 4826 velut
614 4782 884 4830 amentem
909 4773 1039 4831 facit
1056 4784 1111 4832 et
1130 4776 1362 4843 ebrium,
1383 4793 1600 4836 sensum
1624 4779 1846 4854 frangit,
1868 4798 2030 4856 quem

446 4870 506 4918 et
526 4861 708 4919 obruit
734 4864 1109 4937 desperatione
1135 4868 1357 4940 poenali.

447 4997 579 5055 Car.
606 4995 797 5055 XXXI.
835 5032 904 5044 —
933 5003 1142 5090 Quibus
1167 5008 1377 5090 indiciis
1418 4988 1691 5081 mortifera
1728 5013 2033 5070 declaratur

1123 5080 1359 5135 tristitia.

520 5203 721 5279 (Casa)
754 5204 881 5263 Haec
918 5222 1049 5266 vero
1091 5211 1312 5269 tristitia
1358 5214 1656 5286 asperrima
1700 5225 1818 5284 est,
1862 5217 2033 5289 impa»

448 5296 590 5353 tiens
609 5337 625 5363 ,
652 5296 829 5364 dura,
850 5296 1012 5369 plena
1051 5314 1280 5359 rancore
1312 5311 1369 5359 et
1402 5318 1638 5361 maerore
1677 5305 2033 5375 intructuoso,

448 5402 513 5443 ac
539 5386 919 5459 desperatione
944 5390 1177 5461 poenali,
1199 5408 1361 5464 quem
1381 5411 1512 5453 vero
1538 5397 1780 5467 possidet
1805 5399 1874 5455 ab
1905 5414 2032 5456 era-

448 5477 616 5535 tiouis
642 5489 891 5553 segregat
925 5480 1138 5550 studio,
1184 5499 1216 5539 a
1257 5484 1504 5544 lectionis
1531 5486 1801 5546 abstrahit
1824 5492 2035 5549 exerci-

448 5571 527 5627 tio
547 5612 563 5637 ,
599 5572 667 5629 ad
708 5588 895 5631 sacras
940 5575 1324 5636 meditationes
1362 5578 1721 5650 negligentem
1764 5583 1943 5641 reddit
1977 5591 2036 5642 et

450 5661 726 5732 desidem,
773 5666 842 5723 ad
888 5675 1077 5724 sancta
1124 5667 1426 5740 vigiliarum
1470 5671 1647 5727 studia
1692 5674 1905 5731 tardum
1948 5675 2029 5733 fa-

454 5755 559 5824 cit,
589 5766 643 5813 et
672 5759 882 5832 pigrum
904 5802 919 5829 ,
943 5764 1227 5822 universos
1249 5764 1459 5821 fructus
1486 5766 1757 5834 spiritales
1776 5782 2026 5839 evacuat,

2134 3281 2290 3338 aquo
2334 3265 2516 3323 animo
2555 3275 2679 3334 est,
2726 3264 2918 3337 psallat
2948 3265 3091 3335 (Jac.
3123 3283 3184 3333 ν,
3232 3268 3363 3340 l3),
3406 3288 3429 3322 ι
3464 3270 3560 3326 bis
3600 3271 3737 3326 enim

2134 3356 2310 3412 modis
2340 3356 2591 3413 universa
2632 3356 2894 3411 malarum
2938 3356 3286 3412 tristitiarum
3318 3372 3533 3430 genera
3564 3361 3735 3432 opim.

2133 3446 2279 3504 laute
2307 3449 2534 3504 Domino
2557 3462 2848 3519 possumus
2881 3462 3141 3519 superare
3172 3448 3219 3504 si
3251 3449 3535 3506 volumus.

2202 3555 2330 3613 Car.
2362 3556 2601 3613 XXXIV.
2624 3589 2692 3598 —-
2715 3557 2793 3613 De
2822 3567 3015 3614 natura
3052 3568 3103 3614 et
3148 3561 3354 3632 origine
3400 3564 3673 3620 avaritia.

2204 3668 2403 3744 (Cass)
2438 3669 2679 3726 Avaritia
2703 3711 2723 3736 ,
2762 3685 2883 3740 quae
2909 3669 2963 3725 in
2992 3668 3182 3726 Graeco
3211 3671 3427 3728 dicitur
3461 3675 3737 3749 philargy-

2132 3764 2249 3830 ria,
2294 3777 2419 3834 quae
2460 3770 2545 3818 est
2572 3761 2988 3819 simulacrorum
3032 3764 3301 3829 servitus,
3351 3764 3635 3837 Apostolo
3662 3770 3735 3824 di-

2131 3860 2307 3925 cente,
2332 3852 2489 3908 radix
2509 3853 2751 3910 omnium
2771 3851 3056 3918 malorum,
3081 3853 3162 3909 sic
3181 3852 3329 3909 enim
3353 3856 3439 3910 ait
3463 3874 3480 3911 :
3512 3876 3535 3907 ε
3566 3856 3733 3913 Radix

2131 3943 2376 4001 omnium
2404 3943 2671 3999 malorum
2698 3952 2783 3999 est
2807 3944 3094 4013 cupiditas,
3117 3960 3283 4015 quam
3312 3948 3551 4018 quidam
3574 3966 3739 4021 appe-

2132 4042 2308 4091 tentes
2346 4041 2667 4090 erravcruut
2696 4048 2726 4088 a
2758 4032 2864 4089 ﬁde
2893 4042 2947 4088 et
2976 4033 3325 4091 inseruerunt
3358 4052 3423 4093 se
3456 4039 3733 4097 doloribus

2131 4124 2319 4182 multis
2348 4124 2398 4197 (ι
2432 4123 2565 4179 Tim.
2598 4140 2682 4191 τι,
2717 4122 2830 4197 10).
2858 4123 3044 4181 Oritur
3073 4133 3254 4181 autem
3296 4126 3419 4184 inec
3456 4130 3733 4187 insanin-

2131 4222 2256 4279 bilis
2280 4221 2452 4294 pestis
2496 4236 2565 4279 ex
2604 4221 2890 4292 superbia,
2918 4237 3040 4293 quae
3080 4231 3164 4281 est
3210 4222 3312 4280 Dei
3358 4236 3729 4300 contemptus

2132 4315 2268 4372 Nam
2302 4314 2583 4388 augelicus
2606 4314 2697 4371 ille
2722 4315 2858 4371 ordo
2878 4356 2893 4382 ,
2923 4315 3015 4386 qui
3042 4316 3109 4371 de
3140 4316 3283 4373 cmlo
3317 4318 3628 4377 infeliciter
3646 4335 3733 4379 ee-

2133 4407 2284 4476 cidit,
2312 4417 2535 4480 propter
2564 4406 2871 4479 superbiam
2901 4415 2957 4463 et
2984 4406 3271 4462 avaritiam
3302 4412 3544 4477 corruit,
3562 4412 3657 4467 ubi
3680 4419 3733 4467 et

2133 4500 2250 4556 [nec
2288 4499 2662 4555 insaturabilis
2698 4498 2876 4555 rabies
2911 4498 3172 4565 avaritia,
3202 4514 3328 4570 quae
3358 4510 3419 4557 et
3464 4503 3735 4575 cupiditas

2133 4589 2351 4655 dicitur,
2375 4588 2729 4662 principalem
2766 4590 2995 4661 sumpsit
3023 4590 3315 4660 originem,
3333 4590 3473 4648 dum
3503 4593 3735 4651 nomine

2132 4681 2447 4753 concupivit
2480 4696 2604 4739 esse
2631 4680 2826 4738 similis
2847 4722 2864 4749 ,
2906 4695 3029 4736 eum
3073 4678 3280 4738 diceret
3309 4700 3324 4735 :
3359 4701 3381 4734 ε
3407 4682 3627 4741 Ponant
3650 4700 3731 4740 se-

2131 4771 2256 4828 dem
2287 4785 2465 4827 meam
2497 4771 2562 4828 ad
2604 4771 2942 4843 aquilonem,
2982 4778 3042 4826 et
3075 4785 3169 4827 ero
3205 4771 3407 4829 similis
3450 4774 3735 4831 Altissine

2133 4862 2269 4934 (Jsa.
2297 4878 2409 4931 xw,
2441 4861 2566 4936 il),
2603 4881 2627 4916 δ
2665 4863 2791 4933 quia
2833 4862 3063 4917 avaritia
3106 4875 3217 4917 non
3259 4861 3443 4919 solum
3490 4866 3727 4936 pecuni:

2131 4963 2236 5019 est,
2264 4954 2363 5011 sed
2380 4954 2547 5011 etiam
2575 4948 2906 5019 altitudinis;
2937 4968 3039 5024 per
3073 4954 3214 5009 hanc
3242 4952 3503 5011 diabolus
3528 4958 3727 5028 primos

2132 5045 2385 5103 homines
2421 5046 2488 5103 de
2532 5045 2785 5102 claustris
2818 5045 2979 5117 eiecit
3025 5044 3299 5117 paradisi,
3344 5062 3453 5118 per
3494 5050 3637 5106 hanc
3674 5058 3725 5105 et

2134 5136 2422 5192 Dominum
2463 5151 2601 5192 ausu
2643 5136 2897 5207 improbo
2943 5136 3208 5201 tentavit,
3264 5152 3391 5193 cum
3436 5142 3498 5196 ei
3551 5142 3721 5197 omnia

2133 5229 2302 5299 regna
2330 5227 2518 5284 uiundi
2537 5228 2776 5285 ostendit
2794 5227 3021 5285 dicens:
3058 5247 3077 5280 ι
3110 5226 3239 5284 Haec
3259 5230 3445 5286 omnia
3472 5232 3727 5287 tibidabo

2134 5317 2179 5372 si
2208 5318 2497 5389 procidens
2519 5318 2835 5375 adoraveris
2861 5333 2949 5374 me
2976 5317 3192 5391 (Matth.
3220 5335 3297 5385 tr,
3324 5319 3405 5391 9),
3444 5340 3467 5373 ι
3498 5322 3615 5378 hac
3638 5336 3722 5376 ao-

2136 5416 2243 5464 tem
2269 5407 2608 5479 inexplebilis
2629 5409 2899 5479 pernicies
2922 5418 2985 5463 ut
3001 5407 3235 5479 Prosper
3256 5408 3723 5469 luculentissima:

2135 5500 2323 5557 doctor
2344 5500 2423 5555 ait
2446 5500 2575 5557 siue
2587 5500 2839 5572 superbia
2861 5500 3092 5556 inveniri
3114 5515 3217 5555 non
3238 5509 3443 5571 potest,
3470 5504 3557 5559 sic
3578 5504 3721 5559 enim

2134 5590 2243 5656 ait,
2274 5605 2408 5647 sane
2445 5591 2713 5663 cupiditas
2743 5600 2908 5664 atque
2934 5592 3185 5664 superbia
3211 5592 3269 5647 in
3299 5602 3516 5649 tantum
3556 5610 3715 5651 om

2132 5690 2217 5737 est
2251 5681 2487 5748 malum,
2521 5690 2582 5737 ut
2624 5697 2724 5739 nec
2772 5684 3038 5754 superbus
3083 5683 3201 5739 sine
3239 5682 3577 5753 cupiditate,
3618 5697 3713 5739 nec

2132 5775 2249 5829 sine
2292 5776 2541 5845 superbia
2588 5776 2757 5845 possit
2804 5776 3033 5833 inveniri
3084 5776 3324 5847 cupidus.
3377 5775 3622 5842 Denique
3667 5778 3711 5833 si
