3956 6326
173 384 300 446 1565
486 390 497 405 ³
1111 370 1199 425 DE
1237 363 1440 423 VlTllS
1473 362 1563 419 DE
1596 356 1782 416 VIRTI

1882 353 2036 413 BUS.
2077 382 2148 394 -—-
2182 349 2311 408 LIB.
2351 349 2438 407 Ill.
3281 341 3418 402 l366

175 492 435 575 quodlibet
452 500 732 567 peccatum
752 494 1069 562 perpetrare
1100 502 1205 542 non
1230 498 1450 556 possum
1474 478 1576 535 nisi
1602 491 1734 533 mea:
1762 476 1814 537 Δ
1837 470 2310 575 (ferenumquam
2334 508 2349 535 r
2382 463 2655 575 ‘CUSNCS‘
2679 460 3417 575 ejrgg‘di‘eﬁfn‘jimmeisf

175 552 505 648 delectationi
535 552 871 639 consentiam
897 619 913 645 ,
950 576 1093 649 quod
1138 552 1451 647 cupiditatis
1495 575 1577 625 est
1614 582 1744 639 pro-
1847 561 2033 637 [Forte
2059 558 2485 632 interponendum
2526 553 2655 628 nou]
2692 552 2959 658 dominos,
2986 562 3054 658 et.
3077 552 3312 613 alienum
3340 560 3425 606 at-

176 646 363 753 priu‘m,
390 682 443 729 et
464 672 557 729 Dei
593 676 857 743 prmcepta
893 646 1254 729 contemnam,
1278 662 1420 735 quod
1447 668 1531 716 est
1560 671 1745 728 supcr-
1844 653 2068 753 tendere
2086 651 2394 751 diligenter,
2409 646 2808 753 non‘proprium
2830 646 3214 753 convenienter
3231 658 3435 753 experto

176 737 270 826 bitu
310 737 533 829 malum,
579 737 847 834 quomodo
894 773 1002 814 non
1050 772 1117 812 ex
1161 755 1451 825 cupiditate
1495 766 1615 820 quae
1662 755 1746 803 est
1847 744 2013 800 dere:
2045 755 2240 797 avarus
2286 740 2434 834 enim
2459 737 2752 834 sollicitius
2770 743 2952 815 servat
2977 750 3147 834 quam
3170 737 3431 834 acquirit,

178 824 319 917 radix
343 824 615 912 malorum
641 853 884 909 omnium
919 858 975 906 et
1005 863 1070 904 ex
1110 845 1360 919 superbia
1380 885 1394 910 ,
1426 858 1547 913 quae
1589 859 1606 891 ‹
1643 839 1746 895 ini-
1846 835 2124 893 molestius
2146 831 2382 890 custodit
2409 846 2573 903 quam
2603 829 2778 901 rapuit
2804 848 2817 884 :
2845 826 3083 901 suspirat
3115 825 3263 919 enim
3289 824 3427 896 vigi-

179 928 302 1006 tiuiu
335 947 512 1003 omnis
542 943 749 1015 peccati
778 939 968 1014 (Eccli.
999 955 1055 997 x.
1074 917 1217 1008 liii»
1259 936 1479 1001 dicitur,
1506 929 1750 1004 procedit
1847 927 1967 983 lans
1996 927 2355 998 acquirendo,
2384 923 2623 995 suspirat
2651 921 2925 978 dormiens
2955 917 3303 1015 reservando,
3328 932 3431 1015 nec

180 1054 327 1095 omne
352 1006 666 1108 peccatum?
787 1006 796 1014 ’
1146 1006 1152 1008 ἡ
1848 1016 2041 1090 vigiliae
2070 1017 2236 1083 laetae,
2279 1030 2379 1071 nec
2419 1028 2643 1108 somnus
2671 1025 2934 1108 securus,
2970 1024 3071 1066 nec
3099 1008 3216 1064 dies
3253 1006 3430 1108 laetus,

1848 1125 1951 1167 nec
1978 1126 2082 1165 nox
2114 1109 2297 1179 quieta
2321 1115 2424 1174 est,
2456 1104 2733 1170 discurrit,
2763 1110 3045 1175 torquetur
3074 1109 3132 1157 et
3154 1098 3342 1172 gemit,
3378 1107 3432 1154 et

1850 1202 2000 1273 quasi
2015 1201 2089 1257 illi
2106 1198 2197 1274 [F.
2213 1197 2311 1271 nil]
2324 1196 2588 1270 proficiat,
2602 1196 2743 1268 quod
2755 1194 3004 1265 acquirit.
3023 1191 3125 1261 Qui
3139 1189 3434 1264 possessio-

1851 1293 2010 1349 nibus
2028 1292 2185 1364 longe
2203 1290 2415 1363 lateque
2432 1285 2639 1345 diffusis
2652 1286 2708 1342 in
2728 1284 2962 1342 confinio
2980 1283 3141 1364 alium
3161 1282 3437 1356 possidere

1853 1398 1960 1439 non
2000 1363 2246 1455 patitur,
2280 1380 2407 1436 dum
2456 1378 2717 1435 terminos
2754 1374 2959 1448 jungit,
3000 1363 3137 1430 fines
3164 1371 3435 1444 producit,

1854 1472 2213 1530 calumniatur
2248 1471 2511 1542 pauperi,
2559 1468 2887 1525 mediocrem
2929 1464 3160 1537 premit,
3200 1463 3438 1520 vicinum

1854 1562 2113 1629 excludit,
2141 1569 2197 1617 et
2224 1575 2415 1616 omnes
2436 1558 2788 1616 circumcirca
2812 1556 3019 1629 positos
3049 1552 3353 1611 infestando
3375 1568 3443 1608 ac

184 1662 391 1734 piendis
415 1661 645 1717 aliorum
670 1659 1014 1715 facultatibus
1031 1698 1046 1725 ,
1087 1656 1371 1712 nonnullos
1414 1664 1473 1710 ut
1511 1651 1758 1725 proprias
1853 1652 2226 1725 persequendo
2249 1650 2491 1722 depellit,
2514 1649 2607 1720 qui
2637 1663 2745 1704 non
2773 1646 3027 1719 acquirit,
3052 1645 3164 1701 nisi
3180 1643 3323 1700 alius
3342 1642 3441 1734 tle-_

185 1732 448 1810 retineant
474 1751 737 1807 inutiliter
761 1750 976 1805 divitias
1002 1747 1297 1829 prepulsat.
1340 1746 1491 1802 Solet
1523 1759 1756 1815 namque
1792 1825 1832 1829 _
1857 1744 2032 1812 verit,
2062 1743 2215 1829 lucra
2250 1757 2358 1798 non
2403 1740 2625 1807 condit,
2676 1739 2782 1795 nisi
2828 1738 2968 1794 alius
3010 1734 3321 1809 gemuerit‘:
3356 1732 3469 1790 cui-
3510 1760 3515 1767 -

187 1858 377 1899 avarus
396 1843 632 1911 cogitare
649 1838 731 1894 vel
752 1839 956 1895 dicere:
981 1837 1024 1894 si
1047 1824 1305 1908 pecunias
1331 1835 1638 1892 reconditas
1658 1848 1763 1890 non
1792 1825 1842 1885 B
1869 1835 1970 1894 soli
1989 1824 2322 1901 bonum'est,
2349 1832 2492 1905 quod
2516 1831 2788 1904 publicum
2815 1830 3015 1888 malum
3043 1838 3158 1898 est,
3197 1830 3324 1886 dum
3353 1834 3461 1882 aut
3500 1850 3505 1855 -

188 1934 450 1999 habuero,
472 1930 602 2001 quid
622 1929 716 1985 filii
744 1931 850 1986 mei
875 1937 998 2000 post
1023 1936 1250 1985 mortem
1290 1927 1518 1992 facient,
1544 1924 1675 1996 quid
1719 1935 1769 1990 si
1872 1927 2079 1984 fructus
2107 1934 2318 1993 servat,
2352 1933 2446 1980 aut
2475 1938 2744 1980 annonam
2770 1928 2980 1995 captat,
3020 1928 3115 1977 aut
3144 1918 3298 1976 inﬂat
3320 1933 3450 1990 pre-

186 2025 473 2085 inlirmitas
501 2022 745 2094 corporis
772 2022 877 2079 mei
904 2021 1181 2088 evenerit,
1202 2021 1332 2092 quid
1356 2021 1402 2076 si
1426 2020 1587 2093 longa
1612 2034 1765 2076 senc-
1871 2022 1968 2089 tia,
1999 2029 2090 2077 aut
2124 2020 2281 2077 fenus
2308 2026 2631 2092 exaggerat,
2662 2019 2791 2074 dum
2821 2015 3136 2088 acquirendi
3167 2013 3317 2070 lucra
3346 2028 3446 2086 per

187 2123 305 2173 ctus
343 2112 765 2185 prolongaverit.
794 2111 1062 2185 (larem?)
1092 2110 1217 2167 llaec
1245 2118 1301 2167 et
1327 2109 1433 2166 alia
1461 2109 1547 2166 his
1574 2108 1771 2167 similia
1871 2114 2099 2173 nocendi
2129 2113 2366 2185 exquirit
2403 2113 2651 2185 ingenia,
2678 2111 2765 2167 cui
2800 2110 3124 2182 pupillorum
3167 2108 3340 2165 dulcis
3367 2115 3455 2165 est

263 1169 387 1226 CAP.
424 1165 642 1223 XXXV.
664 1195 736 1206 -—
760 1163 1000 1231 Qualiter
1022 1163 1248 1218 avaritia
1274 1169 1425 1216 vexat
1452 1173 1658 1214 avaros.

250 1296 442 1371 (σακε.)
485 1293 723 1350 Avaritia
774 1292 919 1347 enim
968 1290 1229 1362 quosdam
1281 1296 1580 1345 sectatores
1627 1298 1753 1342 suos

187 1396 339 1445 vexat
358 1388 424 1443 in
469 1385 853 1442 acclamatione
886 1390 941 1439 et
979 1382 1137 1438 laude
1165 1380 1291 1438 boni
1345 1378 1581 1435 nominis
1610 1376 1753 1433 facta

186 1476 447 1553 populari,
476 1476 739 1546 quosdam
764 1475 829 1531 de
849 1473 1178 1529 sublimitate
1211 1471 1463 1535 honoris,
1493 1469 1755 1539 quosdam

186 1573 250 1628 de
280 1569 624 1641 acquirendis
659 1569 824 1625 rebus
864 1565 1188 1638 superfluis;
1230 1563 1518 1620 nonnullos
1558 1564 1626 1618 de
1671 1577 1757 1616 ra-

189 2212 483 2261 tractantes
546 2202 694 2258 avari
753 2202 1012 2272 pecunias
1058 2209 1331 2270 utcunque
1394 2199 1774 2270 conquirentes

190 2306 440 2350 nummos
463 2306 562 2363 per
587 2291 670 2348 fas
691 2299 747 2346 et
768 2289 920 2346 nefas
945 2290 1146 2346 habere
1169 2289 1502 2355 desiderant,
1531 2297 1585 2344 et
1610 2289 1770 2360 pleno

193 2382 392 2441 sacello
412 2382 765 2449 delectantur,
791 2388 1017 2437 currunt
1035 2379 1179 2435 enim
1202 2387 1257 2435 et
1278 2380 1605 2446 discurrunt,
1628 2393 1771 2435 nunc

192 2476 320 2540 huc,
349 2487 493 2529 nunc
537 2471 685 2540 illuc,
731 2470 1082 2542 negotiando,
1133 2470 1414 2553 rapiendo,
1462 2469 1772 2526 mentiendo

187 2565 442 2637 iurando,
471 2564 727 2631 rixando,
758 2571 888 2619 tunc
914 2562 1056 2619 enim
1083 2571 1235 2633 putat
1271 2561 1477 2619 bonum
1518 2561 1773 2621 habuisse

196 2671 258 2712 se
290 2654 450 2719 diem,
483 2653 698 2723 quando
723 2653 1004 2731 denarium
1032 2654 1242 2724 reponit
1264 2669 1462 2723 avarus
1494 2654 1550 2710 in
1571 2670 1694 2710 arca
1719 2662 1776 2709 et

193 2745 320 2801 ideo
356 2743 672 2817 insatiabilis
703 2731 758 2799 et
784 2742 1122 2815 inexplebilis
1146 2760 1243 2816 per
1276 2746 1459 2803 omnia
1488 2745 1777 2817 turpitudi-

193 2851 324 2892 num
355 2850 553 2909 genera
586 2835 926 2907 lasciviccque
965 2837 1253 2895 discurrit:
1291 2837 1385 2895 ubi
1411 2839 1667 2910 pecunias
1697 2855 1780 2897 re-

194 2939 365 2999 ponat
388 2969 403 2996 ,
446 2929 535 2985 cui
573 2942 671 2984 eas
694 2928 879 2985 credat
907 2930 1213 3002 ambiguus,
1255 2930 1451 2987 deinde
1472 2932 1600 3004 quid
1619 2947 1687 2988 ex
1710 2932 1778 2989 iis

196 3034 487 3087 coemere,
534 3018 798 3090 qualeque
841 3021 1229 3077 commercium
1280 3020 1458 3077 valeat
1503 3021 1789 3094 duplicare.

1870 2206 2127 2279 gemitus,
2158 2213 2214 2261 et
2240 2205 2526 2261 viduarum
2555 2202 2738 2259 suavis
2763 2210 2847 2258 est
2870 2200 3057 2266 ﬂetus,
3096 2199 3222 2255 dum
3248 2198 3452 2269 pratda,

1872 2293 2176 2365 huiusmodi
2200 2294 2464 2365 pascitur,
2486 2300 2542 2349 et
2571 2290 2756 2362 spoliis
2786 2288 2972 2345 talium
2996 2287 3316 2344 delectatur.
3349 2285 3453 2355 Qui

1875 2386 2024 2442 dives
2062 2394 2150 2442 est
2190 2400 2339 2451 arca,
2362 2399 2469 2440 non
2492 2383 2708 2449 merito,
2731 2379 3077 2453 possessione
3102 2394 3207 2434 non
3234 2390 3457 2450 genere,

1874 2477 2091 2533 nomine
2118 2491 2223 2532 non
2254 2474 2543 2548 dignitate,
2574 2473 2729 2544 cujus
2761 2470 3006 2527 avaritia:
3040 2484 3143 2525 nee
3174 2467 3453 2541 proprium

1875 2567 2098 2634 suﬂicit,
2124 2583 2225 2624 nec
2251 2565 2472 2623 modum
2499 2563 2729 2637 imponit
2760 2561 2991 2618 alienum
3009 2602 3025 2629 ,
3050 2559 3189 2616 solet
3219 2572 3456 2629 namque

1876 2660 2105 2715 avaritia
2127 2657 2397 2715 devictum
2418 2655 2658 2710 animum
2679 2652 2836 2723 quasi
2855 2666 2924 2708 ex
2948 2650 3161 2707 ratione
3179 2647 3455 2704 exhortari

1877 2765 2002 2806 cum
2029 2749 2159 2805 dicit
2183 2766 2221 2825 ε,
2245 2746 2398 2803 valde
2421 2745 2540 2801 sine
2571 2743 2727 2815 culpa
2763 2748 2882 2808 est,
2921 2740 3066 2811 quod
3089 2737 3333 2809 quaedam
3364 2735 3460 2791 ha-

1876 2839 2056 2897 benda
2102 2836 2445 2908 concupiscis
2469 2874 2485 2903 ,
2519 2834 2649 2906 quia
2695 2847 2805 2888 non
2833 2828 3179 2901 multiplicari
3223 2825 3451 2898 appetis,

1878 2931 1974 2988 sed
1997 2945 2159 3001 egere
2178 2926 2543 3001 pertimescis,
2566 2933 2620 2980 et
2644 2923 2788 2995 quod
2807 2921 2948 2979 male
2968 2920 3106 2978 alius
3126 2919 3324 2978 retinet
3345 2919 3461 2992 ipse

1881 3023 2075 3080 melius
2098 3020 2379 3094 expendis.

195 3125 331 3167 cura
357 3109 591 3182 graviori
612 3109 961 3178 distenditur,
989 3126 1221 3183 eumque
1246 3111 1320 3168 illi
1342 3123 1408 3168 et
1428 3126 1497 3169 ex
1520 3113 1625 3169 hoc
1649 3120 1777 3170 voto

1882 3135 2010 3194 Cap.
2041 3129 2582 3199 XXXVI—Quibus
2606 3129 2813 3186 indiciis
2848 3114 3197 3202 cognoscitur.
3217 3126 3459 3185 auaritia.

200 3198 284 3273 [et
306 3175 410 3256 hoc
431 3214 497 3256 ex
520 3198 668 3273 voto]
691 3175 1169 3267 eesserit,vavidio-r
1189 3202 1349 3259 famis
1371 3202 1638 3259 accrescit
1657 3218 1780 3259 ava-
1802 3175 1851 3248 (ἶ

196 3293 362 3360 ritim,
392 3301 649 3365 tantoque
670 3295 1041 3351 vehementior
1057 3296 1369 3363 suscitatur,
1391 3302 1597 3366 quanto
1614 3296 1780 3352 etiam

197 3402 412 3443 summa
442 3387 578 3443 lucri
608 3387 781 3459 major
804 3390 1114 3459 apponitur.
1147 3389 1347 3463 (Cass.)
1378 3391 1512 3448 Cum
1536 3392 1781 3463 pecuniae.

196 3480 405 3536 etenim
433 3480 766 3537 incremento
796 3480 976 3536 rabies
1002 3482 1313 3551 cupiditatis
1348 3490 1604 3552 augetur,
1640 3482 1785 3538 sicut

198 3571 355 3627 enim
376 3568 701 3641 hydropicus
726 3581 930 3640 quanto
964 3571 1083 3642 plus
1114 3573 1278 3636 bibit,
1308 3581 1456 3628 tanto
1490 3572 1610 3643 plus
1641 3573 1780 3641 sitit,

199 3664 287 3719 ita
321 3676 519 3717 avarus
546 3670 748 3731 quanto
778 3662 950 3732 magis
974 3663 1168 3726 habet,
1194 3670 1347 3717 tanto
1377 3663 1548 3735 magis
1584 3663 1801 3720 habere.

197 3751 502 3819 desiderat,
526 3748 764 3821 nihilque
785 3749 929 3805 aliud
946 3750 1168 3821 respicit
1186 3750 1365 3806 cordis
1385 3751 1602 3818 intuitu,
1621 3766 1783 3821 quam

199 3843 350 3899 unde
360 3841 641 3912 pecuniam
663 3855 857 3911 parare
874 3840 1069 3908 valeat,
1089 3841 1427 3911 procreatrix
1448 3854 1680 3912 namque
1703 3849 1789 3897 est

199 3932 450 3988 omnium
484 3931 749 3987 malorum
788 3930 1047 3997 avaritia,
1090 3945 1209 4000 quae
1245 3945 1504 4001 sequaces
1540 3945 1666 3986 suos
1695 3930 1788 3988 ubi

201 4036 335 4094 spes
362 4022 566 4078 nummi
594 4021 774 4092 aliqua
807 4022 1041 4092 potuerit
1073 4020 1367 4094 refulgere,
1400 4022 1602 4078 nullam
1628 4022 1788 4079 fidem

201 4112 468 4167 exhibere
491 4112 779 4180 permittit,
814 4126 916 4183 pro
942 4113 1048 4168 hoc
1077 4127 1182 4167 non
1207 4110 1503 4180 mendacii,
1537 4127 1642 4168 non
1664 4127 1787 4185 per-

193 4198 333 4270 jurii
351 4241 368 4267 ,
391 4217 498 4258 non
522 4201 652 4257 furti
678 4200 886 4258 facinus
920 4202 1303 4272 perhorrescit.
1338 4202 1531 4276 Fitque
1548 4217 1647 4276 per
1666 4219 1787 4261 om-

204 4294 304 4349 nia
330 4302 391 4349 ut
415 4292 534 4349 aliis
557 4302 766 4360 venter,
794 4296 868 4349 ita
897 4310 1060 4352 avaro
1089 4310 1278 4350 aurum
1300 4303 1356 4351 et
1377 4310 1501 4367 spes
1528 4294 1664 4351 lucri
1688 4308 1789 4366 pro

203 4384 344 4439 Deo.
397 4382 551 4440 Unde
582 4384 775 4441 beatus
796 4384 1087 4455 Apostolus
1115 4405 1133 4437 ι
1170 4386 1451 4441 avaritiam
1474 4385 1789 4442 simulacro-

204 4489 333 4529 rum
360 4474 673 4531 servitutcm
704 4475 839 4547 (Col.
870 4492 958 4544 tu,
988 4475 1042 4549 5)
1086 4497 1106 4530 ι
1138 4478 1525 4547 pronuntiavit,
1552 4494 1617 4535 eo
1643 4479 1786 4550 quod

1954 3246 2152 3323 (Casa)
2188 3246 2359 3316 Quem
2384 3245 2530 3303 enim
2555 3244 2783 3300 avaritia
2803 3242 3078 3316 possidet,
3103 3240 3275 3314 magis
3295 3238 3363 3296 ad
3384 3239 3460 3297 fo-

1881 3358 2003 3398 rum
2031 3354 2194 3412 quam
2220 3337 2289 3394 ad
2306 3336 2613 3407 Ecclesium
2635 3334 2914 3407 properari
2939 3332 3150 3401 suadet,
3177 3332 3353 3405 magis
3385 3331 3464 3388 inc

1884 3429 2049 3486 tentis
2075 3426 2248 3485 oculis
2272 3425 2533 3498 perspicit
2579 3439 2772 3480 aurum
2812 3437 2976 3496 quam
3016 3421 3248 3489 ctelum,
3289 3419 3466 3492 magis

1884 3534 2018 3576 auro
2066 3525 2244 3575 textas
2286 3523 2340 3573 et
2384 3513 2679 3571 olosericas
2715 3521 2897 3570 vestes
2937 3511 3246 3569 considerat
3297 3524 3479 3581 quam.

1885 3615 2080 3671 anima:
2124 3629 2236 3671 suae
2270 3613 2528 3679 virtutes,
2573 3610 2747 3683 magis
2782 3610 3064 3666 denarium
3107 3616 3261 3664 amat
3303 3622 3469 3679 quam

1883 3720 2175 3779 pauperem
2195 3744 2210 3771 ,
2259 3705 2431 3775 magis
2468 3702 2629 3772 hujus
2652 3703 2779 3757 vitre
2804 3701 3045 3767 lucrum,
3076 3716 3240 3771 quam
3271 3700 3468 3757 animat

1886 3811 1998 3853 sure
2034 3794 2358 3859 remedium,
2400 3793 2573 3863 magis
2594 3806 2787 3847 aurum
2818 3805 2981 3862 quam
3016 3790 3215 3846 Deum:
3258 3788 3466 3845 nullam

1886 3886 2032 3942 enim
2056 3883 2440 3949 humilitatem,
2469 3881 2673 3937 nullam
2699 3880 3082 3947 obedientiam,
3104 3879 3305 3935 nullam
3335 3876 3467 3934 cha-

1885 3975 2127 4042 ritatem,
2156 3973 2361 4029 nullam
2390 3972 2770 4038 reverentiam,
2797 3970 3000 4028 nullam
3027 3970 3284 4027 virtutem
3311 3969 3468 4028 exhi-

1884 4067 1999 4133 bet,
2040 4063 2136 4121 sed
2175 4063 2486 4134 indignatur
2515 4061 2583 4117 ad
2606 4062 2808 4128 omnia,
2854 4068 2911 4117 et
2946 4062 3016 4117 ad
3053 4058 3261 4132 singula
3303 4072 3470 4132 opera

1886 4163 2190 4214 murmurat
2212 4161 2372 4224 atque
2400 4153 2658 4227 suspirat,
2686 4162 2746 4211 et
2765 4154 2911 4211 velut
2946 4153 3121 4226 ‘equus
3149 4150 3472 4214 durissimus

1886 4248 1952 4305 ad
1968 4247 2331 4320 praecipitium
2359 4245 2533 4302 fertur
2554 4245 2805 4305 infrenis.

1886 4378 2013 4436 CAP.
2047 4376 2312 4437 XXXVII.
2334 4410 2403 4421 ——
2424 4377 2725 4450 Increpatio
2751 4378 3000 4436 adversus
3027 4395 3247 4447 avaros,
3266 4378 3483 4437 diversa-

2348 4466 2503 4520 δειράν
2538 4451 2637 4504 hoc
2675 4452 2990 4505 testimonia.

205 4562 387 4635 ﬁgura
416 4564 510 4620 Dei
535 4573 591 4620 et
616 4528 847 4637 imagine
869 4528 1252 4638 praztermissa,
1271 4584 1434 4638 quam
1458 4528 1787 4625 devotelser-
1812 4528 1865 4588 Β
1959 4561 2007 4619 Ο
2040 4562 2284 4633 quisquis
2322 4578 2403 4629 es,
2440 4577 2601 4618 aVat‘e
2627 4571 2681 4618 ct
2704 4564 2919 4634 cupide,
2936 4563 3071 4623 .audi
3098 4563 3389 4623 Dominum

205 4654 369 4709 viens
400 4653 510 4710 Deo
552 4655 955 4713 immaculatam
984 4657 1041 4713 in
1082 4659 1370 4730 semetipso
1404 4659 1587 4717 debuit
1615 4668 1789 4717 custo-

204 4745 364 4810 dire,
409 4745 689 4803 hominum
717 4746 918 4818 ﬁguras
948 4749 1237 4819 impressas
1272 4766 1405 4806 auro
1440 4751 1658 4825 diligere
1690 4767 1788 4824 pro

202 4832 325 4890 Deo
348 4835 539 4891 maluit
563 4844 619 4893 et
642 4837 802 4893 tueri.
837 4836 1074 4893 Cunctos
1107 4839 1271 4910 igitur
1299 4855 1436 4911 pene
1463 4856 1651 4898 omnes
1677 4843 1788 4914 agi-

204 4933 295 4983 tat
320 4927 547 4982 avaritia
567 4966 583 4993 ,
608 4927 813 4984 nullum
847 4928 916 4984 de
949 4928 1037 4984 his
1077 4929 1315 5000 quietum
1336 4945 1456 4988 esse
1484 4932 1785 5001 permittit:

204 5014 306 5085 qui
335 5016 468 5071 nihil
498 5015 701 5074 habent
732 5017 1025 5088 cupiditate
1056 5025 1410 5090 torquentur,
1441 5020 1515 5076 illi
1537 5022 1629 5091 qui
1653 5021 1787 5078 divi-

206 5107 321 5162 tias
367 5107 644 5178 possident
714 5109 1075 5166 sollicitudine
1130 5110 1460 5167 cruciantur.
1503 5111 1616 5169 Nec
1655 5113 1817 5185 ipsis,

203 5197 357 5252 enim
378 5198 518 5255 bene
544 5206 648 5268 est,
678 5200 772 5271 qui
802 5200 1077 5257 recondito
1100 5215 1235 5257 auro
1260 5201 1548 5269 incubant,
1575 5201 1686 5258 imo
1708 5202 1812 5273 ip-.

204 5288 289 5347 sis
310 5296 396 5345 est
419 5290 652 5362 gravius,
684 5302 896 5361 semper
922 5290 1066 5347 enim
1099 5296 1224 5346 sunt
1251 5292 1416 5358 anxii,
1442 5291 1623 5349 moesti
1641 5333 1656 5360 ,
1684 5291 1791 5348 sol-

204 5380 373 5449 liciti,
403 5397 474 5439 ne
506 5383 611 5438 hoc
639 5394 827 5439 servus
856 5381 1086 5448 auferat,
1126 5396 1195 5439 ne
1237 5380 1323 5437 fur
1347 5380 1597 5449 effodiat,
1625 5391 1788 5453 atque

204 5472 337 5530 ideo
366 5474 705 5531 retrudentes
734 5473 866 5530 illud
904 5474 1173 5541 tenebris,
1206 5474 1282 5530 ita
1328 5475 1695 5542 abscondunt,
1727 5483 1786 5530 ut

203 5566 454 5621 omnium
480 5566 834 5639 subterfugiat
852 5566 1148 5633 notionem,
1170 5566 1304 5622 nihil
1328 5582 1391 5624 ex
1421 5581 1487 5622 eo
1510 5565 1787 5637 proferen-

206 5663 296 5713 tes
341 5657 630 5730 aliquando
667 5659 736 5714 ad
777 5672 957 5724 usum,
1000 5671 1070 5714 ne
1105 5657 1312 5727 apertio
1345 5658 1688 5713 tenebrarum
1717 5656 1788 5713 sit

208 5764 377 5806 causa
405 5748 658 5820 perdendi
679 5790 692 5818 ,
715 5757 931 5806 servant
959 5757 1137 5804 autem
1176 5747 1302 5804 illud
1332 5756 1381 5804 ct
1408 5762 1511 5804 non
1536 5754 1782 5814 utuntur,

1890 4652 2182 4726 Evangelio
2221 4667 2320 4710 suo
2350 4652 2655 4710 dicentem:
2684 4673 2702 4707 ι
2733 4652 2932 4711 Cavete
2959 4655 3029 4712 ab
3061 4656 3212 4713 omni
3239 4657 3491 4714 avaritia.

1893 4742 2062 4816 (Luc.
2116 4758 2226 4809 xu,
2264 4741 2404 4815 l5),
2464 4761 2484 4794 ι
2527 4751 2584 4798 et
2627 4742 2942 4814 Apostolum
3000 4745 3466 4805 comminantem:

1897 4851 1921 4887 ε
1946 4832 2132 4904 Neque
2158 4834 2329 4903 avari,
2352 4848 2810 4906 nequerapaces,
2847 4850 3071 4908 regnum
3094 4836 3201 4895 Dei
3232 4838 3481 4911 posside-

1893 4924 2026 4981 bunt
2054 4923 2108 4997 (Ι
2149 4920 2359 4979 Cor.'vt
2384 4963 2400 4992 ,
2427 4925 2536 4997 10).
2588 4943 2607 4979 ι
2645 4925 2785 4982 Audi
2820 4935 2876 4984 et
2907 4927 3251 4986 Salomonem
3288 4930 3472 4988 dicen-

1892 5026 2000 5073 tem
2033 5034 2048 5073 :
2085 5036 2103 5069 ι
2134 5016 2394 5075 Fructum
2427 5032 2537 5073 non
2575 5017 2757 5089 capiet
2789 5034 2857 5075 ex
2896 5020 2977 5077 eis
3007 5018 3198 5093 (Ecch'.
3225 5037 3291 5089 v,
3318 5022 3414 5095 9);
3444 5041 3465 5076 ι

1890 5108 2021 5165 item
2047 5127 2060 5164 :
2094 5127 2112 5161 ι
2138 5108 2321 5167 Avaro
2349 5107 2485 5164 nihil
2509 5116 2593 5165 est
2619 5109 2901 5167 scelestius
2923 5109 3112 5185 (Eccli.
3144 5129 3212 5180 x,
3250 5111 3339 5185 9);
3370 5132 3390 5167 ι
3414 5121 3472 5170 et
3500 5162 3507 5171 .

1890 5201 2018 5256 item
2050 5199 2158 5257 alio
2189 5199 2242 5255 in
2266 5199 2385 5256 loco
2409 5198 2543 5256 dicit
2571 5199 2850 5273 Scriptura
2888 5219 2902 5257 :
2940 5221 2960 5255 ι
2988 5202 3198 5261 Avarus
3223 5203 3470 5277 pecuniis

1890 5306 1997 5349 non
2026 5290 2338 5362 implebitur
2372 5290 2564 5363 (Eccli.
2592 5308 2656 5360 v,
2685 5292 2761 5366 9).
2796 5311 2815 5347 ι
2854 5278 3205 5363 Pertimesee,
3225 5308 3460 5364 cavare,
3484 5346 3497 5356 .

1891 5385 1989 5440 has
2019 5382 2322 5440 divinarum
2353 5383 2754 5456 Scripturarum
2783 5388 3081 5445 sententias
3101 5429 3120 5455 ,
3166 5397 3223 5445 et
3262 5387 3372 5445 noli
3411 5389 3469 5445 in

1887 5492 2014 5534 arca
2059 5476 2289 5533 cubiculi
2333 5477 2536 5533 terreni
2576 5483 2700 5533 tuas
2743 5492 3007 5551 reponere
3053 5478 3303 5548 divitias,
3365 5480 3463 5538 sed

1889 5583 1983 5625 eas
2001 5568 2180 5639 potius
2206 5583 2304 5641 per
2328 5582 2521 5624 manus
2544 5582 2840 5640 pauperum
2864 5571 3251 5642 orphanorum,
3273 5568 3469 5629 viduar-

1889 5673 2145 5730 rumque,
2177 5658 2232 5713 in
2262 5657 2568 5715 cmicstibus
2600 5659 2904 5715 transmitte
2936 5657 3221 5714 thesauris.
3249 5656 3409 5726 Audi,
3433 5672 3472 5716 ο

1890 5764 2075 5819 avare,
2097 5766 2129 5806 ο
2152 5748 2359 5822 cupide,
2383 5747 2604 5807 Paulum
2629 5747 2895 5807 dicentem
2917 5745 3215 5820 apostolum
3240 5765 3251 5808 τ
3285 5766 3303 5803 ι
3329 5748 3462 5805 Ava-
