3956 6326
446 276 579 329 1567
1109 268 1168 323 Β.
1211 269 1461 326 ΒΑΒᾹΝΙ
1504 272 1720 329 MAL'III
1757 268 2073 327 ABClilEP.

2116 267 2253 326 MOG
2265 268 2423 327 UNT.
2465 269 2763 330 OPERUIL
2788 270 2968 329 PARS
3005 269 3102 329 III.
3569 277 3716 337 1568

440 385 565 442 ritia
591 397 691 440 nec
725 383 1033 439 nominetur
1059 398 1113 438 in
1147 384 1299 440 vobis
1344 384 1557 456 (Eplies.
1593 401 1648 451 v,
1676 383 1753 456 5).
1793 404 1811 439 ι
1844 383 2013 441 item:
2046 389 2091 447 Α
2122 383 2270 453 gina,
2293 393 2578 459 materque
2594 387 2837 444 omnium
2859 390 3146 457 vitiorum,
3179 398 3385 463 septem
3417 404 3557 450 sunt
3591 397 3718 466 eius

441 497 461 529 ι
497 473 758 540 Avaritia,
786 490 914 546 quce.
934 481 1020 530 est
1049 472 1462 531 simulacrorum
1492 477 1722 532 servitus
1755 473 1893 548 (Col.
1927 490 2011 542 IlI,

435 569 514 644 5).
551 589 569 623 ›
604 569 776 638 Quam
801 569 871 624 sit
902 569 1015 624 haec
1043 568 1221 624 rabies
1249 567 1484 625 humano
1506 570 1687 643 generi
1711 570 1868 628 noxia
1890 571 2012 626 audi

435 661 612 716 adhuc
638 661 813 732 ipsum
843 658 1110 716 dicentem
1145 650 1442 730 apostolum
1471 679 1484 717 :
1525 681 1542 713 ι
1582 662 1682 730 Qui
1715 662 1902 717 volunt
1934 661 2014 718 di-

431 751 572 808 vites
607 751 722 806 ﬁeri
750 793 764 817 ,
811 751 1054 807 incidunt
1094 753 1148 807 in
1199 753 1557 810 tentationem
1587 763 1644 809 et
1677 754 1729 808 in
1763 753 2012 824 laqueum

433 844 630 900 diaboli
660 851 714 899 et
741 845 1004 900 desideria
1051 844 1220 900 multa
1264 854 1319 901 et
1364 846 1586 911 nociva,
1616 861 1736 916 quae
1763 854 2014 916 mergunt

439 939 685 992 homines
714 938 766 992 in
797 937 1070 992 interitum
1094 945 1146 991 et
1169 937 1523 1009 perditionem
1548 937 1600 1008 (Ι
1627 937 1760 992 Tim.
1782 937 1955 1008 νι,,9).
1987 956 2006 991 ι

427 1028 565 1082 Audi
596 1037 650 1083 et
676 1027 935 1084 Iacobum
961 1028 1284 1099 apostolum,
1310 1027 1426 1098 ejus
1452 1029 1610 1084 noxia
1632 1028 1854 1084 vulnera
1880 1043 2011 1099 ape-

427 1119 654 1174 rientem
683 1136 696 1173 :
728 1137 746 1169 ‹
775 1118 932 1188 Agite
963 1133 1127 1183 nunc,
1161 1118 1383 1183 divites,
1405 1119 1614 1188 plorate
1653 1118 1922 1174 ululantes
1954 1117 2010 1173 in

426 1208 660 1262 miseriis
683 1223 801 1278 qnte
823 1209 1138 1263 advenerint
1163 1208 1316 1264 vobis
1346 1222 1361 1262 :
1389 1208 1586 1264 divitiae
1617 1217 1807 1264 vestrae
1830 1216 2012 1278 putre-

430 1302 583 1358 factm
611 1312 757 1370 sunt,
786 1303 1108 1359 vestimenta
1134 1313 1313 1360 vestra
1343 1319 1372 1367 a
1404 1305 1563 1362 tineis
1590 1313 1830 1363 comesta
1857 1315 2002 1372 sunt,

428 1409 620 1448 aurum
667 1401 722 1450 et
762 1403 1045 1465 argentum
1091 1403 1328 1450 vestrum
1361 1396 1718 1468 aenuginavit,
1739 1406 1796 1454 et
1820 1412 2004 1468 aerugo

429 1502 615 1542 eorum
664 1486 718 1541 in
772 1487 1136 1543 testimonium
1184 1489 1338 1547 vobis
1382 1489 1516 1555 erit,
1567 1497 1622 1544 et
1662 1487 2009 1544 manducabit

427 1596 621 1634 carnes
656 1588 860 1635 vestras
891 1580 1043 1652 quasi
1076 1579 1212 1652 ignis
1242 1579 1384 1653 (Jac.
1419 1597 1484 1648 v,
1530 1581 1605 1652 l).
1660 1599 1678 1634 ι
1712 1581 1806 1638 llis
1837 1580 2008 1638 sacris

423 1673 744 1741 perterritus
768 1671 1073 1737 sententiis,
1097 1687 1246 1736 cave,
1272 1689 1304 1726 υ
1326 1672 1489 1728 miser
1509 1687 1691 1738 avare,
1717 1685 1786 1726 ne
1813 1686 2002 1726 aurum

425 1763 660 1817 retineas
709 1763 764 1817 in
793 1777 950 1830 arca,
981 1771 1035 1817 et
1067 1770 1350 1834 peccatum
1394 1763 1448 1816 in
1477 1761 1690 1828 anima,
1723 1776 1790 1818 ne
1827 1769 2006 1817 vestes
2034 1740 2080 1799 Β

425 1853 480 1908 in
527 1870 782 1922 camera,
825 1863 880 1910 et
921 1854 1097 1911 scelus
1137 1855 1188 1912 in
1225 1853 1582 1920 conscientia,
1625 1869 1694 1910 ne
1734 1853 1916 1924 fruges
1953 1862 2011 1909 et

425 1945 662 2001 subsidia
693 1945 746 2000 in
780 1944 1104 2011 cellaria,_et
1126 1946 1381 2003 miseram
1409 1959 1652 2003 reserves
1675 1945 1912 2000 animam
1949 1943 2004 1999 in

426 2038 638 2094 inferno
669 2053 792 2094 cum
825 2037 1036 2093 diabolo
1067 2037 1185 2093 sine
1217 2036 1322 2092 fine
1353 2035 1736 2095 miserabiliter
1759 2035 2008 2092 crucian-

429 2129 576 2184 dam.
605 2131 681 2184 Da
713 2129 1124 2202 pauperibus,o
1157 2144 1342 2194 avare,
1373 2128 1514 2202 quod
1553 2128 1722 2186 habes
1747 2129 1799 2183 in
1839 2135 2005 2194 terra,

423 2235 484 2280 nt
510 2225 751 2281 invenias
772 2233 1107 2281 reservattun
1141 2225 1194 2280 in
1218 2223 1357 2280 coelo
1381 2221 1449 2278 ab
1471 2223 1678 2293 angelis
1696 2263 1710 2290 ,
1739 2221 1883 2293 quod
1907 2236 2006 2291 pro

423 2314 622 2368 Christi
671 2328 856 2369 amore
903 2313 1224 2371 distribuisti
1267 2313 1596 2385 pauperibus
1639 2312 1692 2367 in
1740 2301 2018 2376 terra,isi.

421 2403 569 2458 enim
614 2403 666 2457 in
711 2404 813 2458 hac
845 2403 952 2458 vita
980 2403 1308 2474 pauperibus
1334 2410 1484 2458 tuam
1512 2418 1621 2458 non
1663 2403 2008 2462 distribueris

423 2494 810 2559 substantiam,
852 2503 976 2566 post
1003 2503 1229 2550 mortem
1266 2502 1447 2549 autem
1477 2493 1618 2548 scias
1647 2501 1699 2548 te
1727 2508 1850 2549 cum
1880 2508 2009 2564 pur-

419 2593 617 2656 purato
646 2584 810 2641 divite
837 2591 892 2642 et
924 2599 1090 2641 avaro
1131 2585 1250 2642 sine
1291 2583 1660 2640 misericordia
1700 2583 1753 2638 in
1797 2581 2008 2639 inferno

423 2677 794 2733 cruciandum.
824 2697 842 2730 ς
873 2676 1018 2733 Nihil
1045 2676 1189 2733 enim
1213 2677 1432 2748 prodest
1458 2676 1500 2732 si
1527 2675 1836 2732 universum
1861 2690 2008 2730 mun-

422 2769 550 2821 dum
582 2765 900 2831 lucrareris,
926 2765 1005 2822 sic
1033 2765 1293 2822 Dominus
1319 2765 1416 2832 ait,
1445 2773 1500 2820 et
1523 2772 1643 2835 post
1663 2771 1890 2820 mortem
1916 2762 2009 2819 de-

421 2862 736 2918 trimentum
777 2861 975 2918 animae
1018 2872 1122 2918 tua:
1163 2861 1386 2934 patiaris
1427 2860 1641 2934 (Matth.
1679 2877 1799 2926 xvi,
1835 2859 1950 2932 26).
1982 2878 2001 2912 ι

420 2955 561 3010 Cave
578 2969 645 3011 ne
667 2954 922 3026 cuiquam
947 2955 1208 3011 molestus
1235 2955 1457 3022 existas,
1475 2968 1542 3010 ne
1560 2945 1754 3022 injuste
1769 2953 2005 3024 aliquem

419 3047 731 3117 opprimas,
777 3061 846 3102 ne.
889 3047 1239 3117 potentibus,
1288 3057 1379 3102 aut
1422 3045 1778 3118 pauperibus,
1822 3060 1891 3100 ne
1924 3043 2006 3099 vi-

421 3139 558 3194 cinis
578 3148 670 3194 aut
695 3140 968 3196 extraneis
983 3181 996 3204 ,
1022 3155 1088 3194 ne
1110 3139 1284 3195 viduis
1305 3147 1398 3194 aut
1417 3137 1655 3210 pupillis,
1681 3153 1776 3194 sua
1804 3137 2004 3209 injuste

422 3228 724 3293 abstrahas,
753 3229 1080 3284 voces-enim
1113 3244 1299 3285 eorum
1326 3237 1382 3284 et
1416 3229 1665 3299 lacrymt’e
1698 3229 1766 3285 ad
1795 3226 2004 3297 justum

419 3325 479 3372 ct
506 3318 807 3374 districtum
829 3318 1066 3390 judicem
1103 3319 1272 3375 Deum
1303 3321 1618 3375 ascendunt.

2030 3094 2076 3157 C

423 3456 551 3511 Car.
583 3455 869 3512 XXXVIII.
885 3488 952 3498 -—
967 3455 1267 3512 Remedium
1289 3463 1466 3511 confra
1488 3452 1721 3507 morbum
1744 3455 1999 3508 arat-uite.

495 3568 696 3641 (ϐακε.)
720 3569 845 3626 llzec
870 3579 957 3627 est
978 3569 1120 3626 enim
1148 3566 1411 3623 medicina
1431 3574 1486 3622 et
1507 3566 1717 3622 curatio
1740 3563 2000 3636 perfecta,

421 3661 582 3732 hujus
612 3664 883 3733 pestiferze
908 3663 1108 3728 cladis,
1137 3662 1182 3718 si
1206 3675 1367 3732 super
1387 3661 1568 3716 omnia
1596 3661 2003 3716 considerantes

421 3755 784 3810 conditionem
813 3752 1125 3826 fragilitatis
1146 3754 1420 3818 humanae,
1453 3765 1760 3816 caveamus,
1794 3764 1861 3805 ne
1889 3749 2004 3805 dies

422 3843 672 3910 Domini,
708 3846 849 3900 sicut
887 3845 974 3900 fur
999 3844 1052 3898 in
1081 3851 1236 3899 nocte
1265 3841 1675 3912 superveniens,
1719 3841 2002 3896 audiamus

422 3936 552 3991 illud
575 3937 720 4007 quod
751 3937 803 3992 in
837 3935 1127 4006 Evangelio
1154 3935 1305 3992 diviti
1342 3935 1544 3990 dictum
1583 3941 1665 3988 est
1695 3950 1706 3987 :
1745 3951 1767 3984 ι
1804 3931 1998 3997 Stulte,

418 4029 522 4083 hac
554 4038 713 4084 nocte
749 4029 988 4084 animam
1020 4035 1166 4082 tuam
1196 4033 1462 4095 expetent
1490 4040 1519 4078 a
1561 4033 1642 4088 te;
1675 4039 1794 4095 qua:
1822 4029 2002 4078 autem

419 4118 644 4188 parasti,
676 4117 831 4186 cujus
859 4119 1050 4174 erunt?
1086 4138 1104 4171 ι
1149 4115 1300 4189 (Luc.
1339 4131 1446 4181 xu,
1473 4115 1589 4187 20.)
1621 4115 1710 4186 qui
1745 4115 1891 4170 enim
1934 4114 2020 4170 ab.

421 4212 524 4266 hoc
546 4210 676 4268 vitio
701 4212 881 4266 sanari
906 4211 1197 4274 desiderat,
1231 4209 1346 4265 sine
1369 4207 1669 4264 cessatione
1693 4208 1834 4263 diem
1858 4223 2004 4264 mor-

419 4303 492 4356 tis
518 4311 644 4356 ante
673 4302 858 4358 oculos
878 4300 1212 4373 prmcogitet,
1235 4309 1290 4356 et
1317 4299 1460 4370 quod
1489 4307 1610 4370 post
1648 4299 1922 4354 hominem
1945 4299 1998 4354 in

423 4393 670 4464 sepulcro
695 4394 926 4460 vermis,
950 4400 1004 4450 et
1028 4399 1149 4464 post
1177 4405 1415 4447 vermcm
1449 4389 1624 4460 pulvis
1655 4388 1868 4446 futurus
1905 4389 1996 4458 sit,

422 4461 634 4554 penset,
664 4493 720 4540 et
742 4484 833 4539 ubi
856 4493 982 4540 tunc
1014 4461 1174 4538 erunt
1193 4481 1309 4554 ejus
1332 4480 1529 4535 divitiae
1545 4487 1860 4550 pertractat,
1883 4479 2001 4536 tunc
2027 4461 2080 4522 D

421 4584 475 4628 et
505 4573 588 4629 his
623 4573 818 4629 similia
853 4572 1232 4645 pertractando
1274 4571 1345 4626 sit
1393 4568 1747 4640 eleemosynis
1793 4568 1998 4640 largus,

421 4662 667 4717 oratione
694 4670 1066 4733 compunctus,
1096 4661 1289 4717 timore
1317 4659 1529 4716 Domini
1551 4666 1803 4725 ornatus,
1825 4660 1999 4730 ptem.-

425 4752 592 4807 tentia
613 4751 843 4818 fervens,
866 4751 1130 4808 charitate
1151 4751 1368 4806 ardens.
1394 4749 1664 4806 Hactenus
1685 4748 1866 4805 divina
1887 4750 1999 4820 opi-

424 4841 629 4896 tulante
649 4841 820 4911 gratia
843 4841 908 4896 de
931 4840 1167 4910 quinque.
1190 4839 1520 4910 spiritalibus
1531 4838 1697 4907 vitiis,
1713 4846 1774 4894 ut
1795 4839 1998 4908 exigui-

425 4945 510 4990 tas
529 4941 710 4989 nostra
731 4934 924 5004 potuit,
954 4947 1018 4987 ex
1041 4933 1462 4988 Ol‘lIIOtIOXOI‘tIm
1490 4940 1703 5002 patrum
1725 4931 1998 5003 opusculis

424 5025 741 5084 succinctitn
771 5025 897 5081 huic
924 5024 1264 5096 excerptioni
1289 5033 1489 5078 :et'erna
1511 5022 1737 5078 inseruit
1759 5023 2000 5078 testimo-

427 5123 547 5188 nia,
580 5134 723 5175 nunc
755 5133 967 5190 quoque
999 5126 1198 5182 restat,
1233 5125 1294 5171 ut
1331 5117 1396 5171 de
1434 5115 1641 5171 duobus
1669 5113 1994 5179 carnalibus,

427 5212 549 5283 gula
589 5209 840 5268 videlicet
867 5220 1029 5280 atque
1055 5209 1267 5264 luxuria
1297 5222 1364 5262 eo
1400 5208 1660 5272 donante,
1701 5206 1801 5277 qui
1833 5206 2000 5261 absti-

425 5314 616 5362 nentes
637 5314 921 5376 castasque
959 5303 1131 5375 diligit
1171 5310 1408 5367 mentes,
1449 5302 1718 5372 carpendo
1749 5309 1807 5356 ut
1839 5303 2002 5373 empi-

427 5413 571 5464 lﬂttS,
601 5406 1010 5468 pertractemus.

417 5484 558 5562 the.
591 5504 832 5561 XXXIX.
855 5536 925 5546 -—-
947 5503 1020 5560 De
1055 5513 1244 5559 natura
1281 5513 1328 5558 et
1367 5503 1566 5575 origine
1599 5503 2001 5575 gastrimargiw,

704 5593 819 5646 quin
844 5578 1215 5647 interpretatur
1243 5574 1430 5629 ventris
1456 5574 1726 5645 ingluvies.

505 5697 734 5764 Excepta
767 5694 1038 5764 superbia,
1071 5709 1189 5763 qum
1217 5699 1300 5746 est
1323 5689 1636 5760 principalis
1667 5690 1818 5745 ruina
1843 5698 1893 5744 et
1923 5705 2006 5746 re~

2119 475 2352 543 soboles,
2383 476 2621 550 quinque
2649 477 2923 548 videlicet,
2962 482 3266 550 spiritales,
3307 485 3365 540 id
3402 495 3494 542 est
3533 488 3718 546 inanis

2117 567 2309 638 gloria,
2334 569 2556 635 invidia,
2581 571 2684 638 ira,
2709 573 2948 640 tristitia,
2977 576 3220 642 avaritia,
3256 579 3476 648 duoque
3515 595 3716 637 carna-

2117 661 2211 726 les,
2235 664 2440 720 ventris
2463 665 2727 736 ingluvies
2751 667 2980 734 scilicet,
3003 678 3164 739 atque
3189 669 3429 738 luxuria,
3458 683 3594 728 sunt
3619 691 3721 730 au—

2116 760 2222 808 tem
2248 754 2405 808 simul
2431 763 2571 820 octo,
2607 757 2931 828 principalia
2957 759 3106 826 vitia,
3128 761 3241 830 jam
3268 763 3335 818 de
3359 765 3612 834 quinque
3636 768 3724 822 vi-

2115 844 2204 899 tiis
2229 860 2350 900 cum
2381 852 2555 900 matre
2597 854 2747 902 sexta
2787 848 2995 917 pariter
3029 864 3189 920 supra
3219 851 3568 922 disputatum
3605 865 3724 921 est,

2113 934 2182 989 ab
2221 934 2345 991 hinc
2385 936 2452 992 de
2490 936 2864 1009 gastrimargia
2905 949 2959 994 et
3005 939 3216 997 luxuria
3253 953 3315 998 ut
3360 948 3714 1002 octonarium

2112 1027 2364 1098 expleant
2386 1045 2704 1095 numerum,
2725 1033 3169 1101 pertractandum
3208 1045 3310 1091 est.
3352 1036 3588 1094 Ventris
3623 1057 3716 1094 an-

2112 1125 2222 1173 tem
2245 1117 2536 1189 ingluvies,
2575 1135 2694 1191 quaa
2729 1130 2784 1176 et
2819 1124 3257 1192 concupiscentia
3295 1128 3438 1198 gulae
3484 1130 3714 1194 dicitur,

2110 1208 2203 1264 ubi
2239 1207 2324 1262 vel
2358 1207 2602 1278 quando,
2641 1210 2982 1282 qualiterque
3016 1216 3246 1284 sumpsit
3282 1216 3564 1288 originem
3601 1218 3718 1288 ple

2110 1299 2232 1354 nius
2257 1299 2490 1371 Prosper
2519 1299 2756 1356 insinuat
2783 1301 3008 1358 dicens:
3037 1303 3331 1362 Videamus
3357 1307 3604 1377 qualiter
3639 1308 3726 1362 illi

2110 1390 2357 1448 homines
2397 1392 2560 1463 primi
2602 1395 2975 1450 commiserint
3014 1404 3126 1452 tam
3168 1400 3378 1469 grande
3419 1410 3724 1470 peccatum-

2109 1483 2252 1556 quod
2279 1493 2336 1538 et
2369 1485 2512 1554 ipsos
2543 1485 2608 1541 de
2642 1487 2895 1556 paradiso
2923 1488 3183 1558 projecit,
3223 1490 3277 1545 in
3304 1491 3414 1546 hoc
3436 1493 3574 1546 vita:
3599 1508 3716 1561 pce-

2109 1571 2250 1630 nalis
2273 1574 2529 1641 exitium,
2563 1575 2696 1631 etin
2723 1576 2803 1632 eis
2843 1577 3178 1647 originaliter
3207 1588 3390 1635 totum
3431 1581 3713 1638 damnavit

2109 1679 2279 1738 genus
2321 1667 2614 1722 humanum
2642 1708 2660 1734 ,
2699 1668 3029 1739 prohibitum
3081 1671 3354 1741 siquidem
3397 1688 3432 1727 a
3481 1672 3711 1728 Domino

2107 1753 2286 1810 fuerat
2332 1756 2477 1825 quod
2506 1756 2574 1812 de
2597 1757 3156 1828 lignoscientiaaboni
3178 1769 3236 1817 et
3263 1761 3402 1816 mali
3434 1778 3508 1817 ne
3537 1778 3709 1818 eome—

2109 1847 2320 1914 derent,
2345 1845 2439 1902 sed
2461 1847 2598 1918 gulae
2617 1849 2762 1906 vitio
2777 1851 2990 1922 decepti
3007 1850 3405 1917 comederunt,
3437 1853 3548 1906 nisi
3569 1854 3708 1907 enim

2108 1938 2492 2005 comedissent,
2520 1950 2776 2012 perpetuo
2799 1943 3130 2000 immortales
3151 1953 3338 1999 essent
3359 1945 3453 2008 ,si
3479 1946 3584 2000 sub
3607 1945 3708 2000 Deo

2108 2047 2207 2088 suo
2231 2033 2492 2098 viventes,
2523 2044 2854 2106 praeceptum
2898 2036 3040 2105 quod
3074 2045 3420 2106 acceperunt
3445 2037 3708 2091 custodis-

2107 2132 2251 2192 sent,
2285 2141 2385 2180 nec
2418 2126 2799 2181 desererentur
2832 2142 2863 2182 a
2905 2126 3014 2182 Deo
3057 2127 3159 2183 nisi
3189 2127 3370 2182 Deum
3413 2128 3575 2198 prius
3613 2128 3708 2197 ipsi

2107 2218 2462 2286 desererent,
2509 2229 2566 2276 et
2603 2221 2805 2277 idcirco
2845 2221 2898 2276 in
2943 2223 3081 2278 hanc
3125 2238 3510 2278 :erumnosam
3558 2223 3709 2294 huius

2107 2309 2231 2366 vita:
2263 2310 2534 2366 miseriam
2560 2311 2697 2382 gulae
2725 2311 2922 2367 delicto
2949 2321 3108 2382 atque
3146 2311 3315 2367 morti
3359 2312 3562 2367 traditi
3595 2322 3710 2366 sunt

2108 2399 2321 2471 dejecti,
2351 2400 2442 2456 ubi
2474 2401 2652 2456 omnis
2684 2400 2847 2457 homo
2876 2415 2973 2472 per
3000 2409 3287 2472 peccatum
3317 2402 3600 2468 nascitur,
3621 2417 3710 2472 per

2108 2489 2527 2558 laboremvivit,
2559 2506 2660 2562 per
2686 2489 3203 2549 doioremmoritur.

2107 2667 2236 2726 Car.
2273 2666 2384 2726 XL.
2423 2700 2493 2710 —
2517 2668 2758 2744 Qualiter
2786 2673 2971 2728 vermis
3009 2672 3271 2744 ingluvies
3303 2682 3472 2728 reatu!
3503 2689 3570 2726 ee
3591 2688 3710 2741 μηδ

2561 2741 2739 2813 pulsat
2779 2752 3041 2798 amatores
3067 2741 3228 2798 suos.

2180 2867 2378 2944 (Cass.)
2405 2867 2605 2927 Tribus
2626 2871 2768 2928 enim
2787 2872 2984 2939 modis,
3004 2873 3212 2930 ventris
3239 2872 3528 2945 ingluvies
3557 2887 3706 2929 suum

2107 2972 2269 3030 quem
2301 2961 2544 3031 possidet
2581 2962 2855 3018 hominem
2887 2970 3079 3018 vexat:
3102 2963 3284 3033 primo
3322 2973 3390 3019 ut
3437 2973 3573 3020 ante
3611 2964 3712 3019 lio-

2107 3068 2225 3108 ram
2267 3053 2584 3109 canonicam
2626 3063 2682 3110 et
2727 3062 2986 3110 statutam
3027 3054 3165 3126 gulae
3209 3069 3384 3110 causa
3412 3055 3578 3110 cibos
3617 3069 3708 3124 po-

2108 3153 2326 3216 tumque
2347 3145 2627 3217 degustet;
2659 3147 2896 3202 secundo
2917 3147 3058 3217 quod
3088 3147 3478 3202 tantummodo
3507 3146 3710 3201 ventris

2109 3237 2346 3307 ingluvie
2373 3244 2426 3292 et
2451 3237 2735 3293 saturitate
2772 3237 3134 3308 quarumlibet
3168 3237 3376 3308 gaudet
3406 3253 3664 3293 escarum
3689 3253 3710 3300 ;

2107 3330 2267 3387 tertio
2295 3330 2437 3400 quod
2465 3329 2893 3386 accuratioribus
2915 3338 2969 3386 et
2989 3329 3590 3401 pretiosioribuscibis
3609 3329 3710 3384 de—

2104 3421 2357 3488 lectatur,
2386 3423 2528 3492 quod
2559 3437 2661 3479 nec
2701 3423 2947 3494 corporis
2985 3423 3067 3479 sui
3098 3423 3434 3488 necessitas,
3469 3438 3574 3478 nec
3597 3437 3706 3476 sua

2103 3513 2336 3584 qualitas
2362 3528 2607 3583 persona:
2643 3513 2892 3585 congruit
2924 3531 2937 3566 :
2979 3522 3104 3569 sunt
3137 3513 3307 3576 enim,
3341 3521 3404 3568 ut
3452 3512 3702 3568 Isidorus

2103 3605 2197 3670 ait,
2223 3611 2456 3676 quatuor
2497 3619 2694 3676 genera
2725 3603 3124 3659 districtionum
3152 3603 3208 3658 in
3249 3602 3392 3675 gulae
3426 3604 3702 3675 appetitu,

2104 3695 2155 3750 id
2191 3703 2292 3760 est,
2327 3695 2480 3766 quid,
2523 3694 2760 3765 quando,
2789 3703 3052 3766 quantum
3089 3703 3144 3748 et
3175 3694 3459 3765 quomodo
3483 3703 3706 3764 appeta-

2103 3795 2211 3842 tur.
2257 3786 2396 3854 Quid
2443 3785 2508 3840 ad
2543 3801 2656 3842 rem
2701 3787 2874 3856 ipsam
2918 3786 3155 3856 pertinet
3201 3801 3328 3856 qum
3381 3788 3703 3856 appetitur,

2103 3877 2342 3946 quando,
2369 3874 2414 3930 si
2461 3883 2585 3930 ante
2613 3873 2915 3946 legitimum
2963 3883 3176 3944 tempus
3209 3874 3344 3945 quid
3382 3884 3702 3946 appetatur.

2102 3965 2372 4033 Quantum
2401 3979 2534 4020 vero
2583 3964 2648 4018 ad
2685 3964 3192 4020 immoderationem
3245 3963 3518 4030 refertur,
3563 3979 3702 4034 quo—

2102 4054 2262 4111 modo
2279 4053 2345 4109 ad
2369 4053 2758 4124 impatientiam
2783 4052 3142 4109 festinationis
3162 4053 3454 4124 accipitur.
3483 4053 3699 4109 Castri-

2101 4145 2308 4216 margia
2326 4145 2494 4209 enim,
2523 4145 2576 4199 id
2605 4153 2705 4208 est,
2729 4144 2936 4199 ventris
2959 4143 3242 4214 ingluvies,
3265 4159 3432 4214 quem
3455 4146 3705 4216 possidet

2101 4237 2370 4308 patienter
2415 4236 2600 4292 vivere
2621 4253 2725 4292 non
2754 4236 3040 4307 permittit.
3065 4228 3200 4288 Nam
3220 4233 3374 4290 illum
3409 4238 3704 4294 nocturnis

2103 4327 2254 4384 horis
2285 4327 2598 4398 frequenter
2635 4326 2701 4381 de
2741 4341 2840 4382 suo
2886 4325 3018 4381 facit
3063 4339 3285 4395 surgere
3319 4325 3490 4390 lecto,
3541 4335 3598 4382 et
3641 4336 3712 4382 ut

2103 4415 2354 4474 celeriter
2381 4414 2447 4470 ad
2479 4429 2752 4471 secessum
2785 4413 3026 4479 festinet,
3061 4411 3309 4468 certatim
3342 4428 3470 4468 cum
3497 4429 3700 4484 magno

2107 4508 2308 4579 impetu
2337 4514 2520 4578 urget.
2560 4504 2832 4576 (Hierom)
2862 4503 3101 4576 Digestio
3130 4502 3336 4558 ventris
3370 4512 3426 4557 et
3455 4505 3698 4572 gutturis

2105 4615 2214 4656 uno
2237 4607 2534 4671 occupatur
2553 4596 2748 4654 ofﬁcio.
2779 4597 2971 4653 Nimia:
2993 4597 3138 4654 enim
3167 4611 3234 4652 eo
3262 4606 3517 4668 tempore
3541 4597 3710 4653 illum-

2103 4691 2442 4746 circumdant
2473 4688 2766 4744 luxuriosae
2804 4687 3178 4758 cogitationes,
3209 4687 3336 4756 quia
3367 4685 3460 4742 ubi
3493 4689 3695 4743 saturi-

2104 4791 2188 4837 tas
2213 4789 2268 4836 et
2297 4780 2534 4836 ebrietas
2579 4778 2806 4845 fuerint,
2846 4777 2921 4832 ibi
2956 4777 3123 4834 libido
3160 4776 3506 4842 dominatur,
3549 4796 3692 4834 nun-

2103 4884 2263 4940 quam
2291 4881 2390 4938 ego
2409 4867 2618 4922 ebrium
2647 4875 2852 4921 castum
2884 4863 3108 4935 putabo,
3135 4863 3226 4934 qui
3267 4863 3369 4919 etsi
3398 4864 3534 4919 vino
3559 4880 3694 4920 eon-

2103 4959 2639 5032 sopitusdormierit,
2669 4965 2848 5013 tamen
2874 4956 3052 5026 potuit
3086 4969 3317 5025 peccare
3344 4969 3448 5024 per
3475 4956 3688 5010 vinum.

2103 5051 2394 5120 Postquam
2428 5048 2571 5103 enim
2601 5062 2632 5101 a
2670 5061 2769 5101 suo
2796 5045 2994 5100 misero
3024 5043 3324 5099 surrexerit
3351 5045 3688 5099 somno-dis-

2103 5139 2284 5196 currit.
2313 5139 2420 5195 huc
2461 5137 2606 5201 illuc,
2649 5135 2938 5202 anxiando,
2967 5135 3352 5206 perquirendo,
3385 5139 3685 5204 quomodo.

2105 5229 2358 5300 qualiter,
2390 5227 2476 5284 vel
2502 5227 2698 5299 quibus
2738 5225 2876 5282 cibis
2912 5225 3238 5296 potibusque
3269 5240 3432 5280 suum
3482 5226 3686 5281 iterum

2103 5321 2277 5392 possit
2313 5333 2543 5376 onerare
2580 5327 2826 5373 ventrem
2852 5357 2867 5382 ,
2916 5330 3234 5387 quacunque
3279 5316 3426 5372 enim
3470 5315 3613 5372 hora
3657 5330 3688 5369 a

2105 5429 2294 5470 somno
2314 5410 2632 5475 surrexerit,
2658 5410 2772 5464 sive
2798 5407 2972 5463 media
3000 5417 3179 5472 nocte,
3201 5407 3318 5462 sive
3345 5406 3476 5476 galli
3495 5415 3686 5468 cantu,

2105 5505 2218 5560 sive
2253 5503 2596 5558 illucescente
2634 5497 2744 5560 die,
2784 5496 2965 5552 statim
3005 5494 3246 5550 dolorem
3287 5495 3483 5563 capitis
3521 5495 3689 5549 sentit

2107 5594 2354 5659 nimium,
2380 5592 2525 5647 sitim
2564 5589 2864 5652 ardentem,
2906 5595 2965 5642 et
2993 5585 3173 5642 statim
3200 5591 3259 5640 ut
3298 5584 3687 5639 vorarissimus

2108 5683 2262 5754 lnpns
2310 5681 2462 5736 avide
2502 5689 2684 5751 potum
2730 5678 3015 5748 cibumque
3059 5692 3180 5733 cum
3220 5674 3367 5730 omni
3408 5676 3688 5731 anxietate
