3956 6326
220 313 344 376 assa
397 299 400 302 ’

1155 324 1245 384 DE
1285 326 1485 385 VlTllS
1522 331 1608 386 ET
1652 333 2088 394 \‘lRTUTlBU-S.
2125 371 2194 382 —
2231 341 2359 399 LIB.
2394 345 2480 401 Ill.

3304 361 3442 422 £370

216 430 484 505 perquirit,
521 441 579 540 et
603 431 695 489 ubi
722 432 1008 540 invenerit,
1035 451 1158 540 mox
1200 439 1340 497 labia
1365 442 1526 540 .sieca
1545 482 1570 540 ,-
1590 442 1774 501 fauces
1799 447 1850 509 Α
1883 467 1901 540 ι
1939 448 2032 506 Vae
2051 453 2141 522 qui
2167 463 2415 526 potentes
2450 458 2582 516 estis
2613 461 2680 517 ad
2710 462 3003 522 bibendum
3029 468 3234 540 vinum,
3259 483 3315 531 et
3338 475 3441 534 viri

217 537 433 589 amaras,
467 522 750 593 pulmones
779 524 1016 596 inflatos,
1053 531 1261 586 viscera
1299 531 1629 600 collidentia,
1668 548 1766 590 vo-

217 615 371 670 rando
403 623 464 670 ut
490 615 639 686 gluto
667 625 724 673 et
744 620 1134 693 gastrimargus
1165 623 1466 696 refrigerat.

215 744 328 802 Car.
367 743 500 802 XLI.
531 777 602 788 —
625 747 1020 874 Quibustssit
1060 754 1270 809 indiciis
1300 757 1552 836 cognosci
1575 759 1768 829 gastri-

548 834 780 874 maraus.
810 838 828 874 ι
895 832 990 874 est.
1020 823 1158 874 aula:
1191 825 1416 874 deditus.

548 834 780 890 mergus,
810 823 866 874 id
895 832 990 889 est,
1019 823 1158 894 gula:
1191 823 1416 880 deditus.
1445 880 1460 894 ,

275 927 437 996 Quem
468 929 584 986 haec
623 933 945 990 miserabilis
984 936 1188 992 lacerat
1222 937 1414 1004 bestia,
1459 939 1546 996 his
1590 950 1766 1012 potest

213 1019 434 1090 dignosci
472 1020 703 1076 indiciis.
743 1021 876 1078 Nam
909 1025 1196 1082 deli‘ciosus
1221 1043 1432 1099 semper
1474 1040 1530 1086 et
1575 1033 1764 1090 avidus

210 1119 304 1175 est,
329 1111 474 1166 cibos
498 1113 642 1167 enim
669 1112 926 1170 lautiores
945 1125 997 1170 et
1019 1117 1285 1187 pretiosos
1314 1120 1558 1190 requirit.
1583 1121 1766 1189 Quan-

212 1210 466 1273 tacunque
509 1205 753 1260 ciborum
781 1206 983 1263 fercula
1023 1218 1147 1266 ante
1174 1229 1232 1269 se
1263 1214 1438 1284 posita
1465 1214 1682 1280 viderit,
1705 1225 1761 1271 ut

207 1294 269 1348 de
298 1294 544 1350 omnibus
589 1311 804 1352 sumere
853 1300 1042 1368 possit,
1095 1311 1418 1371 pertractat,
1470 1311 1682 1374 tempus
1709 1312 1764 1360 et

204 1384 381 1439 horam
411 1383 602 1440 edendi
627 1386 850 1442 sollicite
881 1403 978 1458 per
1006 1391 1285 1462 horologia
1314 1393 1508 1447 anxius
1542 1393 1763 1448 investi-

203 1486 306 1548 gat,
344 1477 642 1548 szepiusque
687 1480 962 1551 egreditur
997 1490 1054 1537 et
1097 1482 1398 1554 ingreditur
1440 1484 1651 1551 cellam,
1697 1485 1762 1542 ac

200 1567 357 1623 solem
380 1567 525 1623 velut
570 1570 637 1624 ad
663 1584 918 1626 occasum
961 1573 1171 1629 tardius
1213 1585 1593 1645 properantem
1641 1592 1761 1632 cre—

197 1657 340 1713 brius
367 1659 636 1725 intuetur;
669 1659 714 1714 si
749 1669 931 1716 autent
959 1663 1374 1734 disputationem
1403 1665 1635 1737 aliquam
1665 1682 1760 1721 au-

1870 539 2040 634 fertes
2065 545 2133 600 ad
2159 545 2490 604 miscendam
2519 550 2839 610 ebrietatem
2868 555 3002 627 (Im.
3033 574 3090 626 v,
3117 539 3252 634 εει),
3290 581 3312 616 ι
3345 580 3442 621 au-

1869 632 2020 728 diant
2055 635 2182 692 vino
2233 639 2402 695 multo
2444 641 2608 697 dediti
2655 655 2710 701 et
2751 647 3028 706 luxuriose
3069 632 3310 712 viventes
3342 674 3441 728 per

1866 719 2058 776 Isaiam
2097 728 2422 796 prophetam.
2460 747 2472 783 :
2524 751 2544 784 ι
2577 731 2670 789 Vze
2709 736 2800 804 qui
2833 741 3158 809 consurgitis
3185 719 3438 803 manead

1867 810 2185 869 ebrietatem
2223 820 2534 875 sectandam
2577 837 2748 895 usque
2793 827 2861 882 ad
2888 843 3194 898 vesperum,
3222 841 3284 889 ut
3312 835 3438 892 vino

1864 904 2101 960 mstuetis
2147 903 2374 978 (Ιὸίιι.,
2420 910 2549 983 ll).
2602 933 2622 967 ι
2687 914 2924 972 Audiant
2973 920 3166 991 gulosi,
3217 926 3440 982 audiant

1864 996 2064 1054 ebriosi
2093 1001 2392 1068 apostolum
2430 1005 2657 1062 Paulum
2704 1009 2970 1068 dicentem
3001 1031 3014 1067 :
3058 1033 3076 1067 ι
3119 1015 3234 1072 Νοη
3261 1019 3313 1072 in
3341 1035 3436 1075 co-

1863 1089 2280 1180 messationibus
2308 1101 2362 1149 et
2402 1095 2755 1156 ebrietatibus
2797 1101 2974 1173 (Rom.
3007 1122 3127 1173 xm,
3161 1109 3279 1180 l5);
3317 1129 3335 1162 ι
3381 1120 3438 1167 et

1863 1178 2104 1236 iterum:
2141 1201 2159 1235 ι
2207 1184 2344 1240 Esca
2388 1202 2488 1243 nos
2527 1205 2634 1248 non
2679 1195 3022 1251 commendat
3066 1196 3177 1254 Deo
3216 1178 3268 1270 (1
3308 1197 3430 1256 Cor.

1860 1288 1936 1339 vi,
1968 1274 2045 1348 8).
2083 1294 2102 1328 ι
2138 1276 2476 1349 Quapropter
2500 1283 2824 1340 admonendi
2853 1298 2979 1342 sunt
2999 1290 3135 1360 gulae
3159 1291 3325 1346 dediti
3361 1309 3432 1350 ne

1861 1363 1924 1419 in
1952 1379 2017 1420 eo
2041 1369 2186 1436 quod
2216 1383 2466 1425 escarum
2495 1371 2840 1430 delectationi
2864 1377 3183 1434 incumbunt
3205 1379 3433 1438 luxuriae

1859 1469 1919 1511 se
1945 1471 2202 1514 mucrone
2245 1460 2584 1532 transfigant.
2618 1463 2828 1530 Quanta
2877 1466 2984 1522 cibi
3029 1483 3125 1538 per
3162 1484 3314 1525 esum
3351 1471 3433 1525 lo-

1859 1546 2120 1615 quacitas,
2150 1558 2350 1616 quanta
2381 1551 2578 1606 mentis
2611 1551 2802 1608 levitas
2829 1555 3114 1611 insidietur
3143 1560 3430 1628 aspiciant,

1859 1649 1928 1691 ne
1955 1636 2084 1692 dum
2124 1640 2301 1694 ventri
2343 1641 2578 1698 molliter
2615 1643 2878 1712 serviunt,
2924 1647 3183 1704 vitiorum
3225 1649 3442 1722 laqueis

197 1749 350 1802 dicrit
367 1749 431 1804 de
451 1749 774 1805 abstinentia
791 1758 846 1806 et
860 1725 1068 1822 jejunio
1091 1769 1276 1810 aurem
1300 1725 1516 1823 avertit,
1539 1755 1756 1813 a1iunde
1784 1793 1832 1853 Β
1856 1725 2146 1783 crudeliter
2171 1728 2562 1801 asmngamur’

194 1836 398 1948 fabulas
442 1837 628 1903 sumit,
676 1847 731 1893 et
761 1847 820 1894 ut
852 1841 1012 1946 citius
1039 1852 1218 1948 potest
1258 1844 1363 1948 illo.
1377 1847 1444 1901 de
1473 1841 1594 1902 loco
1621 1845 1759 1919 fugit
1785 1836 1832 1853 ”
1857 1857 1984 1915 Cap.
2009 1859 2188 1918 XLIII.
2219 1864 2559 1948 -λῖεηιεάῐα
2586 1880 2768 1948 contra
2795 1876 3032 1948 {nardum
3053 1877 3435 1948 gastrimargia:

190 1935 245 1982 ct
271 1929 679 2000 quibuscunque
716 1941 894 2002 potest
925 1933 1153 2005 ingeniis
1173 1937 1280 1994 huc
1309 1939 1542 2011 illucque
1567 1956 1758 2011 pervo-

189 2023 284 2089 lat,
321 2024 642 2096 inquirendo
669 2027 812 2081 unde
853 2028 955 2084 sibi
992 2031 1236 2087 diversos
1275 2033 1427 2088 cibos
1453 2035 1756 2105 poculaque

186 2117 465 2186 conficiat,
489 2127 543 2175 et
567 2128 626 2174 ιιι
652 2119 800 2177 solus
838 2121 936 2178 hos
964 2123 1228 2195 percipiat
1256 2124 1445 2180 horam
1475 2134 1765 2196 exspectat

183 2217 469 2264 secretam.

238 2323 378 2407 βω).
419 2324 574 2382 XLIL
597 2357 667 2368 -—
695 2325 992 2400 Increpatio
1023 2329 1266 2386 adversus
1293 2328 1430 2402 gula:
1457 2330 1680 2387 deditos.

255 2437 669 2507 Adversusvos,
700 2455 734 2497 ο
764 2442 1108 2514 gastrimargi
1142 2452 1198 2499 et
1224 2443 1416 2516 gulosi,
1447 2443 1626 2499 divina
1655 2457 1754 2514 per

175 2528 527 2600 Evangelium
575 2531 787 2588 intonat
830 2535 1095 2590 sententia
1143 2534 1330 2592 dicens
1363 2552 1378 2589 :
1415 2553 1434 2586 ι
1473 2534 1750 2591 Attendite

173 2635 246 2676 ne
268 2617 564 2692 graventur
589 2625 754 2680 corda
807 2633 991 2680 vestra
1032 2625 1087 2680 in
1127 2625 1346 2696 crapula
1398 2632 1458 2681 et
1489 2624 1753 2681 ebrietate

173 2712 330 2783 (Luc.
376 2729 491 2781 χιι,
533 2715 658 2785 34);
692 2735 712 2771 ι
747 2725 802 2772 et
828 2717 1029 2773 Paulus
1065 2718 1325 2774 adversus
1364 2735 1460 2775 vos
1506 2717 1754 2774 clamitat

171 2804 450 2874 apostolus
476 2822 498 2859 :.
519 2825 538 2858 ι
567 2807 705 2863 Esca
729 2809 900 2864 ventri
925 2819 980 2864 et
998 2817 1189 2866 venter
1212 2811 1374 2875 escis,
1401 2811 1544 2867 Deus
1568 2819 1748 2866 autem

169 2895 397 2951 ethunc
429 2905 485 2952 et
512 2896 655 2953 hanc
684 2896 926 2954 destruet
954 2897 1010 2971 (Ι
1038 2897 1166 2954 Cor.
1189 2915 1266 2966 vr,
1307 2899 1419 2973 l3).
1471 2918 1491 2952 ι
1533 2899 1669 2955 Nam
1694 2908 1750 2954 et

166 2984 235 3040 de
262 2985 418 3042 vobis
447 2985 588 3042 idem
617 2988 896 3059 apostolus
920 2989 1089 3044 dicit:
1122 3009 1140 3042 ι
1178 2989 1418 3058 Quorum
1444 2992 1588 3046 Deus
1616 3005 1724 3046 ven

165 3085 254 3132 ter
285 3086 372 3134 est
400 3087 456 3134 et
479 3077 651 3149 gloria
681 3079 736 3134 in
784 3079 1101 3136 confusione
1144 3081 1231 3136 his
1273 3080 1365 3151 qui
1411 3088 1626 3136 terrena
1655 3095 1746 3136 sae

161 3169 325 3240 piunt
359 3168 525 3242 (Phil.
557 3185 639 3236 ιιι,
680 3170 756 3242 9).
797 3189 816 3224 ι
857 3169 1059 3243 [Cass]
1105 3170 1456 3227 Considerate
1495 3171 1622 3241 quia
1649 3170 1751 3226 So-

164 3260 388 3315 domita
415 3275 524 3315 non
547 3259 660 3315 vini
706 3259 947 3332 crapula,
991 3261 1087 3317 sed
1114 3263 1398 3318 saturitate
1444 3262 1598 3334 panis
1622 3263 1752 3318 sub-

160 3352 336 3408 mersi
369 3360 518 3420 sunt,
558 3353 740 3410 audite
787 3353 998 3409 Domini
1047 3355 1368 3426 prophetam
1411 3353 1748 3410 Hierusalem

160 3444 542 3516 increpantem
570 3463 592 3500 :.
623 3465 641 3498 ι
679 3444 818 3512 Quid
854 3448 1003 3503 enim
1037 3448 1283 3518 peccavit
1329 3463 1485 3505 soror
1515 3457 1606 3504 tua
1643 3448 1752 3505 So-~

157 3535 354 3602 doma,
384 3536 490 3592 nisi
519 3537 648 3606 quia
666 3551 861 3606 panem
896 3553 1054 3594 suum
1093 3539 1147 3593 in
1184 3540 1470 3596 saturitate
1495 3549 1552 3596 et
1579 3541 1750 3596 abun-

157 3628 358 3683 dantia
387 3628 744 3683 comedebat?
785 3647 804 3680 ι
848 3626 1078 3684 Pensate
1105 3631 1266 3700 igitur
1289 3631 1335 3686 si
1365 3631 1656 3687 Sodomita:
1681 3632 1749 3686 de

155 3722 288 3778 sola
310 3721 591 3778 nimietate
618 3723 772 3793 panis
793 3731 1139 3789 corruerunt,
1189 3723 1318 3792 quid
1338 3723 1534 3784 facient
1559 3723 1750 3794 ill-qui

159 3830 308 3872 sano
339 3829 567 3884 corpore
596 3815 840 3871 carnium
867 3830 933 3871 ac
961 3815 1076 3869 vini
1105 3814 1452 3884 perceptione
1485 3814 1740 3870 immode-

159 3912 292 3958 rata
322 3903 575 3960 libertate
597 3912 950 3976 praesumunt,
977 3919 1084 3959 non
1121 3910 1382 3974 quantum
1409 3903 1614 3973 expetit
1646 3902 1749 3958 im-

155 3993 458 4061 becillitas,
481 3994 576 4050 sed
595 4003 854 4065 quantum
875 3994 1040 4048 animi
1060 3993 1224 4050 libido
1245 3993 1575 4064 suggesserit
1596 4007 1752 4048 usur-

159 4091 391 4152 pantes.
434 4083 683 4156 (Isidor.)
714 4083 914 4140 Audite
957 4083 1185 4154 pariter,
1232 4098 1267 4140 o
1309 4083 1446 4155 gulae
1489 4083 1682 4150 dediti,
1715 4099 1750 4140 o

158 4176 377 4231 ebriosi
395 4185 452 4232 et
475 4176 752 4242 vinolenti,
782 4191 941 4247 quam
966 4176 1316 4232 vehementer
1339 4182 1633 4247 arguantur
1657 4191 1748 4231 eo-

153 4267 430 4323 messatio
467 4275 523 4322 et
553 4275 867 4338 sumptuosa
911 4267 1156 4324 convivia
1176 4281 1273 4338 per
1297 4266 1641 4338 prophetam,
1672 4266 1748 4322 ita

156 4366 227 4413 ut
254 4358 618 4414 comminetur
664 4359 922 4415 Dominus
955 4373 1013 4416 se
1058 4373 1166 4414 non
1218 4357 1567 4413 dimissurum
1607 4355 1747 4412 hanc

2279 1935 2334 1990 id
2376 1947 2450 1991 est
2478 1941 2666 1994 ventris
2704 1937 2986 2014 ingluviem

1923 2042 2028 2112 Qui
2058 2053 2237 2101 autem
2268 2047 2372 2102 hoc
2411 2049 2602 2105 vitium
2639 2051 2798 2122 plene
2837 2069 3098 2125 superare
3141 2055 3432 2123 desiderat,

1853 2147 1959 2188 non
1988 2135 2162 2190 solum
2191 2137 2245 2191 in
2267 2139 2542 2195 sumendis
2567 2140 2794 2211 dapibus
2814 2144 3204 2213 parcimoniam
3235 2152 3430 2211 teneat,

1851 2234 1911 2281 ut
1939 2227 2144 2283 scilicet
2173 2229 2524 2286 refectionem
2544 2248 2758 2302 semper
2785 2236 2996 2290 esuries
3021 2244 3303 2306 temperet,
3333 2251 3427 2291 ve-

1850 2331 1969 2372 rum
1999 2317 2162 2372 etiam
2198 2319 2566 2376 accuratiores
2598 2321 2757 2376 simul
2797 2331 2854 2377 ct
2901 2324 3183 2379 suaviores
3226 2323 3432 2393 epulas,

1850 2417 2071 2480 excepta
2085 2410 2330 2480 corporis
2356 2410 2672 2468 inﬁrmitate
2693 2421 2751 2468 et
2771 2414 3043 2483 hospitum
3065 2415 3430 2483 susceptione,

1849 2511 2179 2567 contemnat,
2209 2501 2407 2573 (ϐακε.)
2438 2511 2494 2558 et
2529 2513 2636 2559 non
2672 2504 2847 2559 solum
2891 2514 3128 2560 mentem
3153 2513 3210 2560 et
3237 2519 3434 2575 corpus

1849 2606 2007 2646 suum
2036 2593 2369 2664 constringat
2390 2591 2647 2662 jejuniis,.
2679 2609 2871 2649 verum
2899 2594 3073 2650 etiam.
3094 2593 3314 2665 vigiliis,
3347 2593 3430 2648 le-

1847 2683 2027 2737 ctione
2057 2698 2270 2753 quoque
2299 2694 2354 2739 et
2378 2684 2570 2740 crebra
2599 2687 3015 2755 compunctione
3037 2686 3252 2752 cordis,
3270 2686 3430 2740 uber-

1851 2784 1960 2834 tate
1981 2791 2195 2846 quoque
2221 2776 2592 2848 lacrymarum
2621 2786 2682 2833 et
2714 2780 2962 2833 oratione
2985 2777 3229 2843 assidua,
3255 2792 3350 2832 seu
3373 2786 3430 2832 et

1847 2866 2312 2938 eleemosynarum
2343 2867 2616 2938 largitate,
2644 2883 2744 2924 nec
2765 2884 2871 2923 non
2902 2875 2958 2923 et
2988 2868 3307 2923 assiduitate
3334 2883 3430 2922 cu-

1843 2957 2071 3028 juslibet
2122 2959 2248 3014 boni
2286 2942 2496 3028 operis,
2528 2970 2876 3032 mentemque
2911 2976 3066 3016 suam
3103 2959 3432 3029 contempla-

1853 3051 1986 3106 tioni
2013 3049 2208 3105 divina:
2235 3048 2436 3118 deligat
2470 3065 2656 3106 amore
2685 3051 2950 3106 virtutum
2991 3051 3173 3123 potius
3216 3058 3273 3105 et
3307 3049 3426 3120 pul-

1777 3137 1822 3201 C
1853 3141 2160 3199 chritudine
2184 3141 2490 3198 caelestium
2525 3141 2844 3209 delectetur,
2875 3151 2930 3198 et
2958 3144 3034 3199 ita
3059 3143 3203 3198 velut
3229 3140 3430 3198 caduca

1852 3232 2112 3304 despiciet
2143 3233 2396 3288 universa
2432 3234 2740 3303 praesentia.
2783 3233 2918 3288 Nam
2951 3241 3007 3288 et
3041 3241 3232 3289 contra
3261 3233 3434 3303 tripli.-

1851 3339 1968 3382 ccm
1994 3325 2452 3397 impugnationem
2481 3339 2601 3394 quae
2627 3324 2682 3378 in
2708 3323 2870 3394 hujus
2895 3324 3016 3379 vitii
3035 3323 3322 3380 vexatione
3345 3340 3432 3380 su-

1848 3419 2034 3490 perius
2055 3417 2325 3487 descripta
2353 3425 2454 3483 est,
2487 3417 2755 3488 triplicem
2784 3416 3185 3472 observantiam
3209 3431 3431 3474 necesse

1850 3517 1937 3566 est
1988 3509 2280 3575 custodire,
2311 3509 2364 3564 id
2386 3519 2491 3575 est,
2521 3517 2583 3564 ut
2613 3509 2845 3580 primum
2886 3509 3188 3580 legitimum
3219 3517 3431 3580 tempus

1851 3608 1907 3656 et
1950 3601 2143 3656 horam
2185 3599 2537 3657 absolutionis
2562 3609 2619 3655 et
2657 3599 2980 3656 refectionis.
2999 3608 3311 3671 exspectet;
3341 3616 3430 3656 se~

1851 3691 2027 3746 eundo
2045 3699 2106 3744 ut
2124 3691 2328 3759 absque
2354 3705 2565 3744 summa
2594 3689 2919 3746 necessitate
2949 3691 3210 3760 corporis,
3246 3700 3306 3745 ut
3341 3707 3432 3746 su-

1852 3795 1951 3850 pra
1977 3779 2180 3834 dictum
2200 3787 2306 3845 est,
2339 3778 2630 3835 deliciosas
2650 3779 2754 3834 sibi
2781 3778 2968 3848 epulas
2992 3795 3298 3850 praeparare
3323 3796 3430 3835 non

1847 3869 2073 3941 jubeat;
2117 3871 2274 3927 tertio
2308 3880 2367 3926 ut
2407 3870 2873 3942 qualibuscunque
2917 3870 3058 3928 escis
3127 3870 3432 3928 vilioribus-

1852 3981 1957 4037 que
1985 3974 2271 4022 contentus
2297 3966 2388 4022 sit.

1850 4078 1978 4136 CAP.
2018 4076 2201 4133 XLIV.
2236 4104 2307 4121 -ιο
2343 4077 2420 4134 De
2443 4088 2707 4162 naturaet
2729 4078 2940 4163 .origine
2970 4077 3196 4134 luxuria:
3234 4094 3295 4132 ac
3323 4079 3432 4149 for-

2489 4159 2788 4205 nicationis.

1921 4265 2118 4338 (Cum)
2151 4265 2230 4321 Ex
2259 4281 2366 4337 quo
2399 4265 2560 4320 etiam
2590 4265 2678 4320 hic
2713 4265 3176 4322 immundissimus
3211 4261 3433 4332 spiritus

1848 4357 2078 4413 luxuria:
2121 4365 2286 4427 atque
2317 4356 2692 4414 fornicationis
2739 4357 2950 4413 oriatur
2990 4370 3122 4412 voce
3162 4353 3430 4410 dominica

155 4447 514 4517 iniquitatem
535 4447 620 4503 bis
638 4448 730 4517 qui
752 4461 872 4502 eam
898 4448 1128 4503 libenter
1153 4446 1425 4512 ambiunt;
1451 4447 1584 4502 dicit
1601 4446 1744 4501 enim
1771 4482 1824 4542 Β
1849 4450 2173 4507 declaratur.
2217 4468 2238 4501 ι
2278 4450 2352 4506 De
2374 4449 2558 4515 corde,
2603 4450 2799 4520 inquit,
2839 4460 3042 4506 exeunt
3073 4447 3430 4520 cogitationes

154 4551 267 4605 per
303 4535 500 4591 Isaiam
530 4554 544 4590 :
581 4554 598 4588 ι
633 4535 774 4592 Ecce
795 4536 1049 4607 gaudium
1073 4544 1128 4592 et
1154 4535 1363 4602 lmtitia,
1394 4535 1646 4593 occidere
1668 4536 1747 4591 vi-

156 4627 317 4683 Iulos
343 4626 661 4698 etjugulare
681 4627 902 4692 arietes,
931 4627 1216 4683 comedere
1247 4643 1443 4684 carnes
1469 4637 1526 4684 et
1563 4628 1748 4684 bibere

155 4719 386 4784 vinum,
412 4719 458 4774 si
487 4717 777 4773 dimittitur
806 4717 1063 4788 iniquitas
1093 4718 1207 4773 brec
1235 4717 1412 4783 vobis,
1434 4718 1607 4774 donec
1635 4732 1748 4772 mo-

153 4809 390 4863 riamini
421 4807 557 4880 (Ira.
582 4823 716 4871 xxn,
737 4807 846 4876 1⁵5).
883 4826 900 4858 ι
936 4805 1090 4861 Sicut
1113 4821 1302 4862 omnes
1327 4806 1576 4863 carnales
1601 4806 1748 4877 cupi-

154 4900 372 4955 ditates
425 4898 748 4954 abstinentia
793 4905 1141 4963 resecantur,
1190 4897 1266 4951 ita
1316 4911 1508 4952 omnes
1551 4896 1747 4951 anima:

152 4988 400 5044 virtutes
427 4987 710 5042 edacitatis
757 4987 886 5041 vitio
911 4986 1283 5051 destruuntur,
1316 4985 1442 5041 inde
1487 4994 1568 5041 est
1600 4986 1743 5056 quod

153 5088 217 5134 et
270 5079 418 5134 idem
455 5078 725 5150 Propheta
747 5078 920 5134 dicit:
953 5098 972 5130 ι
1009 5077 1273 5149 Princeps
1313 5093 1606 5149 coquorum
1651 5079 1746 5135 de-

153 5169 374 5224 struxit
406 5185 590 5225 muros
619 5169 976 5234 Hierusalem,
1007 5189 1025 5223 ι
1061 5169 1190 5239 quia
1216 5178 1272 5225 et
1298 5178 1487 5226 venter
1514 5171 1600 5226 cui
1631 5187 1746 5227 ser-

152 5261 319 5315 vitur
347 5275 378 5314 a
409 5261 600 5331 coquis
640 5261 870 5316 virtutes
907 5261 1098 5316 animm
1123 5261 1372 5317 destruit.
1405 5262 1748 5334 Quapropter

154 5348 399 5404 audiant
421 5349 620 5406 ebriosi
647 5364 662 5404 :
709 5369 727 5400 ι
761 5349 938 5406 Nolite
968 5350 1228 5405 inebriari
1255 5351 1402 5417 vino,
1443 5353 1498 5407 in
1528 5369 1636 5424 quo
1661 5364 1746 5409 est

153 5439 385 5496 luxuria
414 5441 574 5512 (Eph.
615 5441 823 5512 v.18),
872 5460 890 5494 ι
944 5441 1166 5498 audiant
1190 5451 1246 5496 et
1295 5442 1424 5498 illud
1468 5445 1745 5514 propheti-

152 5549 328 5600 cum;
372 5553 390 5585 ι
424 5533 729 5590 Fornicatiu
756 5543 811 5590 et
832 5535 1067 5590 ebrietas
1089 5532 1336 5589 auferent
1363 5551 1458 5590 cor
1489 5534 1635 5606 (Ore.
1665 5552 1742 5603 tv,

159 5624 283 5696 ll),
335 5643 354 5678 ι
391 5623 644 5691 ebrietas,
674 5627 814 5681 sicut
846 5625 899 5680 in
932 5624 1053 5691 Lot,
1095 5641 1286 5681 sensus
1327 5627 1534 5682 ratione
1569 5629 1739 5698 capti-

157 5723 282 5770 vat.
307 5716 544 5774 Audiam
567 5717 655 5788 qui
685 5718 908 5774 multum
939 5717 1130 5774 bibunt
1155 5727 1208 5772 ct
1239 5734 1343 5774 non
1373 5717 1738 5774 inebriantur:

1849 4541 2022 4604 malas,
2071 4541 2389 4607 homicidia,
2449 4540 2740 4607 adulteria,
2794 4540 3212 4603 fornicationes,
3263 4535 3427 4601 furta,

1847 4633 1980 4690 falsa
2014 4633 2344 4698 testimonia,
2393 4651 2412 4683 ι
2452 4641 2508 4687 et
2555 4640 2750 4688 caetera
2795 4630 3012 4702 (Matth.
3044 4645 3133 4696 xv,
3181 4628 3292 4699 l9),
3339 4627 3429 4682 hic

1846 4725 1992 4781 enim
2015 4722 2796 4780 fornicationisinfestissimus
2811 4724 3190 4786 morbus,cum
3215 4719 3430 4788 aprimo
3529 4799 3532 4802 .

1848 4824 2090 4884 tempore
2142 4814 2449 4884 pubertatis
2503 4813 2823 4883 impugnare
2884 4812 3108 4882 incipiat
3149 4809 3426 4866 hominum

1850 4919 2041 4977 genus,
2059 4920 2166 4961 non
2187 4904 2292 4958 nisi
2319 4904 2468 4974 prius
2481 4912 2675 4958 caetera
2693 4902 2823 4956 vitia
2853 4909 3197 4972 superentur,
3225 4899 3429 4954 exstin-

1849 4995 2051 5067 guitur.
2078 4994 2260 5066 (Isid.)
2291 4994 2480 5050 Oritur
2527 4994 2728 5050 ctenim
2757 4992 2969 5047 luxuria
2997 5008 3062 5047 ex
3093 4990 3210 5044 vitir
3245 5003 3430 5058 super-

1850 5088 1951 5144 biae
1983 5086 2228 5157 exemplo
2257 5086 2416 5157 primi
2446 5086 2704 5152 hominis,
2736 5086 2826 5155 qui
2857 5101 2982 5140 mox
3010 5092 3069 5138 ut
3097 5099 3196 5154 per
3234 5097 3427 5150 super-

1849 5176 1994 5232 biam
2015 5177 2213 5232 tumuit
2241 5183 2431 5231 contra
2456 5176 2646 5240 Deum,
2673 5175 2853 5230 statim
2877 5173 3059 5229 carnis
3089 5171 3262 5228 sensit
3300 5169 3426 5223 libi--

1849 5268 2050 5334 dinem,
2097 5278 2150 5323 et
2195 5267 2441 5337 pudenda
2489 5266 2721 5336 operuit.
2782 5264 2928 5319 lnter
2976 5271 3173 5320 cmtera
3218 5267 3426 5328 septem

1849 5358 2009 5424 vitia,
2034 5373 2154 5428 qua:
2181 5368 2355 5414 mater
2391 5357 2646 5413 vitiorum
2695 5355 2948 5428 superbia
2991 5359 3233 5426 generat,
3260 5349 3430 5404 forni-

1849 5450 1994 5506 catio
2025 5449 2259 5504 maxima
2287 5458 2371 5505 est
2395 5449 2680 5512 scelerum,
2704 5448 2831 5518 quia
2865 5463 2962 5519 per
2987 5444 3167 5501 carnis
3195 5442 3429 5496 immun-

1849 5539 2036 5594 ditiam
2067 5539 2324 5608 templum
2354 5539 2446 5595 Dei
2477 5539 2642 5594 violat
2669 5547 2723 5594 et
2745 5537 2936 5594 tollens
2962 5533 3204 5590 membra
3225 5530 3430 5588 Christi

1850 5628 1981 5685 facit
2009 5630 2250 5684 membra
2282 5629 2608 5686 meretricis.
2659 5628 2884 5684 Diversa
2904 5631 3030 5682 sunt
3050 5629 3230 5679 autem
3253 5620 3423 5675 forni-

1850 5721 2081 5778 eationis
2126 5736 2348 5793 genera.
2398 5721 2493 5779 Est
2531 5730 2712 5778 autem
2759 5716 3043 5776 fornicatio
3074 5711 3328 5771 carnalis.
3369 5707 3425 5765 in
