3956 6326
471 373 603 431 1371

1103 373 1162 427 Β.
1207 371 1457 426 ΠΑΒΑΝΙ
1495 368 1713 425 MAURI
1749 342 2069 424 AR'ClllEP.
2109 367 2417 424 MOGUNT.
2459 366 2745 424 OPERUM
2784 369 2963 425 PARS
2996 368 3081 425 Ill.

3588 371 3762 430 13⁸72³

471 498 577 553 qua
616 482 679 537 fit
699 482 943 552 corporis
990 481 1313 552 inquinatio,
1343 489 1428 537 est
1455 488 1510 536 et
1543 479 1828 549 spiritalis,
1856 479 1909 533 in
1940 492 2041 547 qua
2073 485 2123 543 Α
2148 477 2274 542 dici,
2308 488 2482 547 neque
2502 488 2727 547 rapaces
2756 492 2985 548 regnum
3009 477 3099 532 Dei
3138 476 3493 547 possidebunt
3520 478 3575 552 (ι
3602 481 3736 535 Gor-

471 588 583 629 non
613 587 809 643 corpus
832 571 1116 642 polluitur,
1143 573 1255 632 .sed
1286 586 1439 627 mens
1466 569 1799 640 inquinatur,
1838 569 1903 625 de
1935 584 2041 638 qua

472 664 721 720 Christus
748 664 823 717 ait
869 679 882 715 :
938 682 957 714 ‹
1002 663 1105 730 Qui
1128 662 1327 718 viderit
1364 660 1647 716 mulierem
1683 661 1751 715 ad
1786 661 2042 730 concupi-

473 754 730 810 scendum
757 768 901 819 eam,
917 753 1031 825 jam
1060 754 1364 808 mmchatus
1405 761 1489 808 est
1511 766 1634 807 eam
1667 751 1723 806 in
1755 752 1919 807 corde
1944 766 2042 807 suo

473 844 689 915 (Matth.
719 860 772 910 v,
821 844 933 916 28).
984 864 1004 898 ι
1052 845 1242 901 Omnis
1283 845 1427 899 enim
1468 842 1746 898 immunda
1790 841 2040 913 pollutio,

474 935 761 991 fornicatio
786 935 1007 999 dicitur,
1042 934 1290 1005 quamvis
1315 936 1545 1006 quisque
1571 934 1784 990 diversa
1810 932 2043 1002 turpitu-

475 1028 617 1085 dinis
644 1028 917 1098 voluptate
940 1028 1315 1099 prostituatur.
1349 1027 1549 1099 (Hicin)
1575 1027 1655 1081 Ex
1690 1025 2046 1082 delectatione

475 1120 621 1176 enim
670 1106 987 1176 fornicandi-
1027 1120 1179 1175 varia
1230 1119 1525 1191 gignuntur
1568 1118 1804 1188 flagitia,
1854 1116 2047 1189 quibus

476 1227 700 1283 regnum
721 1211 815 1267 Dei
834 1212 1126 1277 clauditur,
1147 1218 1205 1266 et
1223 1212 1385 1267 homo
1404 1226 1435 1265 a
1456 1210 1564 1266 Deo
1585 1216 1884 1279 separatur,
1907 1207 2047 1263 unde

475 1310 530 1357 et
550 1302 607 1356 in
630 1301 798 1356 veteri
825 1301 944 1373 lege
969 1301 1036 1358 de
1059 1300 1308 1357 nefandis
1347 1301 1701 1368 criminibus,
1725 1315 1847 1371 quae
1872 1301 1933 1354 in
1956 1314 2048 1355 oc-

476 1393 620 1448 culto
644 1392 798 1459 fiunt,
835 1400 895 1449 et
916 1393 968 1447 ei
1011 1392 1295 1448 nominare
1333 1392 1707 1463 turpissimum
1744 1399 1845 1458 est,
1877 1406 1947 1446 ne
1990 1397 2046 1446 et

475 1483 703 1539 dicentis
739 1499 802 1539 os
829 1492 882 1539 et
908 1498 1069 1539 aures
1108 1483 1444 1539 audientium
1471 1482 1860 1553 polluerentur,
1889 1494 2051 1551 gene-

475 1573 660 1628 raliter
689 1572 965 1644 Scriptura
988 1574 1263 1644 complexa
1284 1580 1366 1628 est
1394 1571 1579 1628 dicens
1603 1588 1616 1627 :
1646 1570 2048 1629 r‘Vcrecundos

472 1661 557 1717 vel
587 1672 899 1718 reverentes
922 1662 1084 1719 facite
1111 1656 1249 1718 filius
1274 1660 1440 1719 Israel
1483 1661 1552 1716 ab
1580 1660 1729 1715 omni
1759 1657 2049 1714 immundi-

472 1753 567 1818 tia,
605 1771 623 1803 ι
657 1752 724 1807 de
742 1768 847 1822 qua
875 1760 935 1807 et
959 1752 1157 1808 Paulus
1193 1751 1468 1823 apostolus
1492 1752 1736 1821 loquitur
1761 1764 1779 1805 :
1813 1769 1831 1802 ι
1861 1749 2049 1805 Forni-

2141 582 2214 631 vt,
2250 566 2326 636 9).
2378 585 2397 617 ι
2442 566 2509 621 Et
2554 582 2771 622 rursum
2815 585 2828 621 :
2866 586 2887 618 ‹
2931 566 3311 624 Fornicatorcs
3350 576 3409 624 et
3454 570 3741 627 adulteros

2134 655 2398 726 iudicabit
2420 657 2561 712 Deus
2588 657 2776 727 (Hebr.
2804 673 2925 723 xm,
2948 657 3027 727 4).
3055 676 3073 710 ι
3101 657 3168 712 Ει
3190 674 3406 714 rursum
3432 659 3581 715 idem
3606 675 3742 730 apo-

2143 746 2312 802 stolus
2346 746 2468 801 ait:
2506 765 2523 797 ‹
2562 746 2752 817 Fugite
2803 745 3237 813 fornicationem,
3274 747 3476 803 fratres
3509 768 3524 803 :
3561 751 3743 819 quod-

2143 852 2359 908 cunque
2386 837 2534 892 enim
2562 846 2845 907 peccatum
2888 836 3287 895 feceritthomo
3325 848 3491 896 extra
3534 854 3741 910 corpus

2144 938 2259 995 est;
2287 930 2377 999 qui
2418 936 2600 985 autem
2648 930 2968 994 fornicatur,
3009 930 3065 985 in
3103 945 3298 1000 corpus
3332 946 3496 986 suum
3542 942 3743 1002 peccat

2145 1022 2197 1093 (Ι
2222 1020 2346 1077 Cor.
2368 1038 2442 1090 vr,
2474 1024 2582 1094 l8).
2621 1043 2641 1077 ι
2666 1023 2903 1081 Audiant
2924 1032 2979 1080 et
3000 1025 3058 1080 bi
3077 1025 3168 1094 qui
3191 1025 3495 1095 spiritalem
3522 1035 3743 1082 sectan-

2146 1123 2234 1170 tur
2270 1114 2561 1182 luxuriam,
2588 1116 2643 1173 id
2675 1125 2778 1183 est,
2804 1116 2898 1186 qui
2947 1116 3005 1170 in
3048 1115 3214 1171 corde
3258 1116 3477 1172 libidini
3502 1132 3745 1173 consen-

2148 1206 2307 1271 tiunt,
2343 1213 2400 1262 et
2438 1206 2507 1261 ad
2524 1220 2660 1277 Opus
2685 1206 2986 1278 concupita:
3031 1206 3273 1261 libidinis
3302 1221 3415 1261 non
3446 1216 3743 1277 pertrans-

2146 1306 2316 1351 eunt:
2362 1316 2380 1347 (
2414 1297 2518 1364 Qui
2563 1298 2780 1364 viderit,
2817 1318 2836 1350 ι
2868 1298 3044 1367 inquit
3078 1296 3367 1363 Dominus,
3396 1316 3417 1348 ι
3450 1296 3747 1353 mulierem

2146 1387 2215 1442 ad
2245 1388 2733 1457 concupiscendum
2754 1404 2898 1455 eam,
2920 1387 3033 1458 jam
3062 1388 3372 1444 mtechatus
3411 1397 3499 1443 est
3529 1403 3659 1443 eam
3690 1390 3745 1443 in

2147 1475 2309 1530 corde
2335 1490 2437 1533 suo
2466 1475 2680 1548 (Matth.
2710 1476 2925 1549 xxvm).
2966 1497 2987 1530 ι
3023 1476 3091 1531 Et
3126 1492 3223 1547 per
3260 1477 3491 1532 beatum
3534 1474 3643 1531 Job
3668 1477 3747 1532 di-

2147 1565 2287 1621 citur
2318 1580 2333 1620 :
2368 1585 2387 1617 ι
2423 1566 2608 1638 Pepigi
2637 1567 2813 1623 foedus
2850 1583 2977 1623 cum
3008 1568 3181 1624 oculis
3208 1568 3371 1635 meis,
3397 1576 3464 1622 ut
3491 1582 3569 1622 ne
3605 1569 3749 1638 cogi-

2150 1664 2321 1712 tarem
2347 1658 2567 1727 quidem
2596 1659 2665 1715 de
2686 1658 2918 1730 virgine.
2958 1659 3130 1727 Quam
3153 1659 3305 1714 enim
3326 1668 3559 1728 partem
3584 1659 3747 1715 babe-

2148 1756 2232 1803 ret
2256 1747 2395 1804 Deus
2416 1749 2472 1802 in
2496 1763 2585 1805 me
2611 1749 2862 1820 desuper,
2892 1757 2949 1804 et
2977 1749 3351 1807 lnereditatem
3379 1748 3747 1820 Omnipotens

471 1845 614 1900 catio
643 1852 821 1900 autem
862 1852 919 1900 et
945 1845 1121 1900 omnis
1163 1845 1506 1900 immunditia
1551 1852 1647 1899 aut
1675 1843 1903 1898 avaritia
1945 1857 2047 1898 nec
2073 1828 2120 1888 Β
2146 1838 2214 1896 de
2233 1840 2463 1897 excelsis
2483 1840 2604 1912 (Job
2636 1856 2765 1895 xxxi
2790 1880 2809 1906 ,
2836 1840 2931 1911 l)?
2962 1859 2983 1895 ι
3022 1840 3134 1896 Nisi
3179 1841 3329 1896 enim
3352 1841 3543 1897 actori
3566 1840 3744 1913 [Forte

469 1936 777 1991 nominetur
799 1936 854 1991 in
875 1935 1028 1991 vobis
1050 1935 1191 1991 sicut
1210 1936 1366 1991 decet
1383 1945 1602 1991 sanctos
1623 1932 1836 2006 (Ephes.
1853 1950 1907 2000 v,
1921 1932 1998 2005 5).
2022 1952 2043 1986 ι

467 2026 605 2082 Nam
646 2036 703 2082 et
741 2028 1119 2101 prophetatum
1164 2028 1218 2083 in
1261 2027 1395 2083 locis
1432 2027 1680 2098 plurimis
1718 2026 2045 2091 invenimus,

467 2119 832 2175 idololatriam
886 2118 1300 2176 fornicationem
1355 2117 1710 2189 appellatam,
1765 2125 1826 2171 ut
1870 2116 2042 2172 illud:

473 2228 493 2262 ι
541 2210 995 2277 Fornicabantur,
1036 2210 1228 2281 inquit,
1271 2220 1397 2281 post
1437 2208 1581 2263 idola
1617 2222 1717 2261 sua
1759 2214 1814 2263 et
1851 2205 2045 2277 spiritu

464 2301 840 2357 fornicationis
870 2301 1079 2357 seducti
1116 2309 1246 2357 sunt
1270 2299 1488 2373 (Ezerlt.
1515 2314 1593 2363 vt,
1618 2296 1695 2370 9).
1738 2318 1757 2350 ι

532 2412 660 2469 Cap.
690 2412 853 2470 XLV.
881 2443 951 2455 —-
973 2413 1213 2479 Qualiter
1231 2412 1445 2468 luxuria
1474 2421 1623 2466 vexat
1652 2410 1971 2466 luxuriosos.

532 2526 857 2596 Plerumque
907 2526 1001 2592 hi,
1044 2541 1180 2596 quos
1224 2526 1342 2583 haec
1392 2523 1833 2581 immundissima
1879 2528 2044 2577 vexat

460 2617 662 2688 passio,
706 2625 891 2687 turpes
930 2627 986 2671 et
1020 2615 1331 2672 luxuriosos
1370 2613 1657 2685 proferunt
1683 2628 1963 2670 sermones
1988 2622 2043 2669 et

464 2707 634 2763 nimio
657 2706 897 2762 libidinis
924 2708 1119 2762 ardore
1152 2706 1401 2762 succensi
1433 2704 1501 2759 ad
1535 2703 1811 2774 speeiosas
1845 2703 2038 2760 mulie-

461 2814 580 2854 rum
605 2798 809 2854 formas
841 2799 1151 2870 petulantes
1172 2799 1424 2870 ingerunt
1441 2796 1649 2862 oculos,
1682 2804 1737 2852 et
1762 2797 1909 2853 anxii
1934 2798 2042 2852 huc

380 2938 397 2947 -
461 2892 695 2961 illucque
716 2892 1055 2949 sollicitando
1083 2900 1386 2955 currentes,
1419 2890 1692 2961 quomodo
1720 2896 1774 2944 et
1799 2889 1887 2944 ubi
1913 2902 2043 2958 qua-

459 2982 692 3054 literque
736 2984 900 3039 etiam
946 2984 1001 3039 in
1046 2982 1448 3040 nefandissimis
1490 2976 1844 3046 criminibus,
1893 2980 2039 3051 quod

460 3073 623 3130 nimis
652 3083 807 3143 turpe
846 3082 930 3130 est
973 3075 1175 3140 dicere,
1208 3088 1364 3129 suam
1396 3071 1886 3127 immundissimam
1909 3085 2038 3140 pos:

466 3166 575 3221 sint
612 3166 829 3237 explere
862 3166 1162 3222 libidinem.
1197 3165 1336 3221 Nam
1373 3173 1429 3221 et
1471 3164 1593 3220 ideo
1633 3178 1775 3235 saepe
1809 3172 2039 3233 comptae
2062 3169 2107 3231 ρ

461 3256 714 3324 pretiosis
754 3271 811 3311 se
854 3256 1088 3313 induunt
1109 3256 1372 3322 vestibus,
1403 3264 1464 3311 ut
1507 3256 1681 3311 amari
1722 3255 1932 3327 possint
1975 3255 2043 3310 ab

461 3344 547 3398 his
589 3358 725 3414 quos
752 3345 809 3398 in
846 3356 942 3400 sua
968 3345 1190 3400 miseria
1225 3344 1451 3414 cupiunt
1484 3344 1779 3414 participes
1818 3345 2036 3409 habere,

461 3441 518 3489 et
546 3436 908 3506 qualicunque
942 3436 1209 3491 diabolico
1254 3436 1417 3492 stibio
1455 3445 1511 3491 et
1550 3445 1744 3492 ornatu
1794 3444 2038 3507 possunt,

465 3540 595 3581 suas
619 3525 936 3580 decolorant
960 3525 1145 3583 facies.

462 3636 589 3691 CAP.
618 3634 797 3694 XLVI;
825 3668 893 3677 ——
933 3637 1132 3704 Quibus
1172 3641 1331 3721 possit
1368 3640 1579 3694 indiciis
1609 3641 1848 3710 cognosci
1886 3639 2040 3693 luxu-

1147 3725 1338 3764 νιοςηδ.

530 3815 736 3891 (Ct/pr.)
762 3817 969 3885 Quibus
993 3827 1075 3875 est
1094 3821 1239 3875 enim
1266 3821 1376 3876 vita
1398 3821 1672 3877 luxuriosa
1692 3829 1749 3877 et
1772 3821 2038 3892 impudica

461 3905 778 3975 frequenter
806 3910 969 3963 verba
1001 3924 1136 3964 vana
1176 3920 1231 3966 et
1280 3910 1411 3967 falsa
1450 3918 1613 3981 atque
1650 3911 1929 3967 luxuriosa
1954 3910 2037 3966 lo-

457 4006 720 4065 quuntur,
746 3999 932 4069 vagari
957 3999 1144 4056 oculos
1167 4016 1380 4072 semper
1423 4017 1519 4072 per
1543 4001 1746 4057 formas
1773 4001 1946 4057 illices
1984 4008 2039 4056 et

458 4088 731 4156 speciosas
749 4091 1088 4160 permittunt,
1109 4093 1416 4163 pompatico
1438 4102 1493 4149 et
1517 4093 1834 4151 illecebroso
1850 4110 2039 4166 gressu

456 4176 729 4245 incedunt,
775 4179 1053 4236 lasciviam
1094 4182 1341 4254 diligunt,
1383 4182 1661 4239 libidinem
1697 4192 1905 4251 amant,
1943 4200 2037 4240 cu-

457 4268 739 4340 piditatem
765 4271 1113 4341 applaudunt,
1144 4275 1311 4330 verba
1337 4273 1712 4345 multiplicant,
1746 4274 1883 4346 gula:
1902 4289 2035 4331 con-

457 4359 823 4428 cupiscentias
859 4371 1157 4431 sectantur,
1194 4365 1509 4423 ebrietatem
1541 4366 1799 4437 diligunt,
1825 4367 1951 4423 lites
1981 4376 2037 4423 et

455 4451 565 4507 iras
587 4469 695 4509 non
725 4454 985 4525 devitant,
1009 4459 1291 4515 avaritiam
1323 4469 1378 4516 et
1396 4461 1787 4534 philargyriam
1806 4478 1915 4519 non
1941 4479 2031 4519 re-

455 4541 686 4611 frenant,
712 4521 1048 4604 otiositatem
1092 4558 1294 4617 amant,
1325 4521 1484 4607 bonis
1510 4521 1752 4608 moribus
1789 4568 1895 4608 non
1941 4553 2032 4609 ἀθ-
2061 4521 2111 4581 D

455 4633 744 4704 lectantur,
788 4638 929 4695 inter
965 4655 1063 4697 eos
1100 4643 1191 4712 qui
1220 4643 1289 4698 de
1329 4643 1581 4699 castitate
1617 4653 1674 4699 et
1698 4646 2031 4701 continentia

454 4725 748 4797 loquuntur
770 4738 970 4800 tacent,
997 4732 1308 4804 Scripturas
1328 4735 1559 4801 divinas,
1589 4736 1655 4791 de
1682 4738 1793 4791 vita
1813 4736 2029 4807 pudica,

456 4814 754 4886 fastidiunt,
802 4820 1041 4880 habiturn
1075 4825 1380 4882 ordinatum
1415 4829 1863 4901 propositumque
1898 4844 2030 4885 con-

454 4908 757 4966 venientem
788 4922 898 4968 tam
923 4916 1234 4987 capillorum
1256 4933 1419 4989 quam
1447 4920 1679 4975 vestium
1705 4920 1845 4976 sicut
1868 4921 2026 4977 decet

455 5013 561 5055 non
619 5001 839 5073 habent,
882 5021 1098 5063 omnem
1152 5010 1553 5066 immunditiam
1603 5026 1710 5067 non
1762 5012 2029 5078 devitant,

455 5093 549 5150 sed
577 5104 780 5149 amant.

455 5207 583 5265 Car.
627 5208 828 5266 XLVII.
878 5243 947 5252 —
997 5212 1294 5285 lucrepatio
1344 5217 1592 5272 adversus
1640 5217 1939 5273 luxuriosos
1984 5228 2032 5272 et

1062 5285 1426 5353 fornicatores.

523 5393 758 5451 Audiant
798 5395 1059 5451 luxuriosi
1098 5397 1189 5467 qui
1230 5398 1505 5455 carnalem
1546 5408 1820 5456 sectantur
1876 5401 2032 5455 luxu-

454 5486 589 5544 riam
624 5487 851 5545 Paulum
880 5489 1183 5561 apostolum
1222 5491 1534 5557 terribiliter
1564 5493 1982 5549 comminantem
2016 5510 2029 5547 :

458 5596 481 5629 c
514 5576 698 5648 Neque
720 5577 1096 5646 fornicatores,
1120 5580 1313 5650 inquit,
1341 5596 1513 5653 neque
1536 5582 1690 5638 idolis
1712 5584 2031 5651 servientes,

454 5684 628 5739 neque
658 5670 864 5733 molles,
900 5687 1073 5742 neque
1120 5672 1480 5727 masculorum
1507 5673 1910 5739 concubitores,
1940 5688 2034 5729 ne-

455 5776 560 5829 que
583 5760 748 5829 fures,
773 5778 946 5833 neque
976 5764 1147 5830 avari,
1188 5776 1362 5834 neque
1397 5764 1616 5831 ebriosi,
1660 5780 1833 5834 neque
1877 5766 2035 5821 male-

2150 1929 2381 2003 auctori]
2412 1937 2601 1986 nostro
2650 1930 2912 2002 cogitatio
2941 1929 3093 2002 pravi
3130 1945 3449 1987 consensus
3494 1931 3747 2001 displice-

2149 2029 2255 2089 ret,
2275 2036 2620 2092 nequaquam
2658 2036 2757 2092 per
2779 2020 2977 2077 lsaiam
3015 2021 3223 2077 diceret
3255 2038 3271 2075 :
3307 2039 3329 2072 ι
3374 2020 3617 2076 Auferte
3641 2036 3745 2075 m—

2148 2116 2257 2171 lum
2282 2115 2675 2186 cogitationum
2700 2126 3013 2171 vestrarum
3052 2115 3121 2170 ab
3150 2112 3329 2170 oculis
3364 2115 3515 2169 meis
3544 2112 3743 2185 (131.1,

2147 2204 2258 2278 16).
2299 2225 2318 2258 ι
2352 2204 2420 2261 Ει
2456 2205 2510 2259 in
2536 2204 2827 2277 Evangelia
2868 2204 3157 2260 Pbariszeis
3186 2221 3201 2256 :
3246 2222 3269 2256 ι
3306 2202 3461 2271 Quid
3493 2205 3741 2275 cogitatis

2080 2352 2085 2359 ,
2145 2296 2286 2351 mala
2310 2296 2365 2351 in
2394 2295 2651 2353 cordibus
2676 2296 2876 2364 vestris
2899 2294 3116 2367 (Matth.
3142 2311 3219 2361 rx,
3246 2294 3332 2366 4).
3380 2314 3405 2347 ι
3452 2294 3650 2368 [ιδιά]
3674 2295 3743 2349 Ex

2145 2386 2310 2443 corde
2334 2387 2477 2442 enim
2503 2387 2741 2457 primum
2771 2384 3153 2443 fornicationes
3184 2394 3318 2443 sunt
3344 2386 3673 2443 auferenda
3690 2396 3744 2442 ω

2145 2491 2252 2532 non
2280 2484 2638 2546 prorumpant
2673 2477 2729 2531 in
2765 2490 2952 2545 opera,
2992 2475 3121 2531 hinc
3152 2483 3259 2542 est,
3302 2476 3467 2546 quod
3498 2491 3604 2548 per
3624 2492 3743 2546 pro-

2141 2569 2361 2637 phetam
2399 2566 2602 2623 dicitur
2640 2585 2653 2623 :
2695 2585 2714 2619 ι
2756 2564 3037 2637 Aceingite
3066 2565 3289 2622 lumbos
3318 2575 3551 2623 vestros
3592 2583 3745 2639 sirpe:

2142 2662 2309 2715 ubera
2331 2667 2512 2714 vestra
2543 2657 2680 2730 (ha.
2704 2670 2851 2725 Im,
2874 2656 2987 2728 11),
3018 2675 3037 2709 ι
3071 2656 3175 2712 hoc
3192 2664 3305 2723 est,
3346 2657 3413 2712 in
3434 2658 3615 2714 corde
3634 2658 3744 2714 libi-

2142 2753 2294 2809 dines
2318 2760 2583 2819 resecate,
2612 2764 2732 2823 quae
2758 2749 2830 2805 ad
2875 2749 3089 2805 lumbos
3124 2750 3434 2820 pertinent.
3472 2750 3621 2807 Nam
3652 2766 3743 2807 eor

2143 2858 2307 2914 super
2323 2844 2493 2899 ubera
2518 2851 2622 2908 est,
2652 2856 2762 2897 non
2793 2842 2851 2896 in
2897 2839 3115 2896 lumbis.
3158 2840 3413 2897 Audiant
3444 2852 3508 2899 et
3548 2843 3610 2898 hi
3655 2843 3741 2912 qui

2140 2942 2419 2991 sectantur
2464 2934 2885 3000 immunditiam,
2915 2933 2973 2989 id
2993 2940 3097 3000 est,
3122 2933 3219 3003 qui
3253 2948 3369 2989 non
3396 2935 3623 3006 grande
3645 2949 3739 3004 pa.

2139 3034 2257 3082 tant
2284 3039 2408 3081 esse
2428 3025 2660 3091 facinus,
2691 3025 2835 3095 quod
2863 3024 2982 3080 sine
3016 3025 3313 3079 concubitu
3351 3027 3541 3082 maris
3572 3034 3630 3082 et
3656 3025 3735 3082 fe-

2138 3120 2301 3174 minae
2346 3118 2403 3173 in
2437 3117 2669 3173 diversis
2708 3115 2987 3173 diabolicis
3047 3115 3548 3186 prostitutionibus
3594 3133 3745 3173 suam

2142 3215 2440 3281 provocant
2462 3207 2760 3263 libidinem.
2788 3205 3133 3276 Apostolum,
3158 3205 3362 3275 inquit,
3388 3204 3633 3261 Paulum
3654 3222 3743 3261 au-

2142 3301 2294 3357 diant
2314 3300 2585 3355 dicentem
2616 3312 2633 3352 :
2673 3315 2692 3350 ι
2730 3296 2916 3367 Neque
2944 3295 3209 3351 immundi
3228 3308 3469 3367 regnum
3500 3295 3601 3351 Dei
3626 3311 3743 3367 pos-

2141 3391 2390 3447 sidebunt
2438 3387 2491 3459 (I
2519 3387 2624 3443 Cor
2653 3402 2727 3453 vr,
2758 3386 2881 3458 10);
2913 3405 2932 3439 ›
2959 3392 3016 3441 et
3045 3400 3260 3442 rursum
3300 3403 3317 3439 :
3363 3403 3383 3437 ι
3422 3386 3741 3443 For-uicario

2139 3491 2195 3539 et
2216 3482 2393 3539 omnis
2433 3479 2779 3536 immunditia
2812 3493 2918 3534 nec
2946 3477 3256 3534 nominetur
3298 3478 3361 3535 in
3388 3479 3561 3535 vobis
3582 3477 3733 3549 (Eph.

2139 3588 2193 3639 v,
2215 3573 2292 3643 ὅ).
2326 3590 2345 3625 ι
2375 3567 2577 3643 [Hiera]
2602 3568 2718 3624 Non
2746 3567 2895 3623 enim
2922 3566 3148 3633 diceret,
3180 3583 3201 3617 ι
3239 3580 3474 3625 omnem
3504 3567 3735 3622 immun-

2138 3661 2349 3727 ditiam,
2378 3679 2397 3713 ι
2429 3660 2536 3716 nisi
2564 3658 2798 3715 diversis
2820 3673 2893 3713 ex
2917 3657 3093 3714 modis
3118 3655 3361 3713 inﬂuxus
3389 3656 3737 3713 seminisﬁe—

2138 3762 2241 3819 ret,
2264 3752 2421 3807 ﬁeret
2437 3760 2495 3807 et
2516 3749 2890 3807 sordidissima
2902 3747 3142 3803 titillatio
3155 3748 3367 3803 carnis.
3393 3746 3611 3821 (σαι.)
3632 3750 3735 3803 Au-

2138 3841 2521 3899 diantPaulum
2534 3841 2836 3912 apostolum
2849 3839 3138 3905 dicentem,
3151 3852 3349 3895 omnes
3361 3839 3734 3910 pariteradul-

2139 3936 2238 3992 teri
2250 3977 2264 4000 ,
2282 3934 2565 4000 luxuriosi,
2582 3934 2962 3997 fornicatores,
2992 3931 3277 3997 immundi,
3295 3931 3503 3987 molles
3524 3946 3733 3987 mascu-

2137 4028 2309 4083 lorum
2336 4025 2736 4082 concubitores.
2774 4042 2795 4075 ‹
2830 4022 2951 4078 Non
2981 4022 3149 4089 enim,
3174 4022 3375 4092 inquit,
3394 4023 3627 4079 vocavit
3640 4036 3731 4076 vos

2137 4119 2279 4174 Deus
2296 4118 2351 4173 in
2367 4117 2719 4190 ignominiam
2738 4115 2904 4173 sedin
2925 4115 3374 4180 sanctimoniam,
3396 4135 3417 4168 ι
3437 4116 3731 4187 itaqucqm'

2136 4213 2253 4267 haec
2262 4209 2484 4280 spernit,
2502 4223 2610 4265 non
2623 4207 2900 4264 hominem
2913 4207 3140 4278 spernit,
3154 4207 3249 4263 sed
3262 4206 3440 4265 Deum
3454 4209 3553 4279 qui
3568 4208 3727 4264 etim

2136 4302 2284 4357 dedit
2302 4300 2550 4371 spiritum
2567 4314 2722 4357 suum
2736 4306 2987 4355 sanctum
3010 4297 3063 4353 in
3079 4298 3259 4354 nobis.
3284 4297 3355 4352 Et
3370 4297 3542 4353 illud:
3564 4320 3583 4350 ι
3607 4298 3729 4354 Ba

2135 4400 2239 4459 est,
2291 4391 2485 4462 inquit,
2533 4390 2785 4447 voluntas
2827 4389 2958 4455 Dei,
2997 4387 3361 4446 sanctificatio
3410 4396 3627 4457 vesta,
3670 4400 3729 4444 ut

2137 4482 2455 4539 abstineatis
2484 4495 2583 4538 vos
2604 4496 2637 4536 a
2666 4480 3044 4547 fornicatione,
3074 4489 3137 4536 ut
3170 4480 3313 4536 sciat
3343 4483 3723 4553 unusquisque

2135 4582 2379 4630 vestrum
2406 4586 2503 4629 vas
2524 4587 2681 4629 suum
2709 4572 2989 4642 possidere
3022 4572 3077 4626 in
3106 4571 3316 4626 honore
3346 4580 3405 4627 et
3451 4571 3728 4627 santiﬁca-

2137 4666 2300 4729 tione,
2328 4665 2505 4721 nonin
2526 4664 2780 4735 passione
2812 4663 3087 4729 desiderii,
3112 4663 3256 4718 sicut
3278 4672 3341 4718 et
3364 4672 3589 4733 gentes,
3612 4678 3729 4734 qua

2138 4758 2388 4829 ignorant
2422 4756 2591 4813 Deum
2630 4754 2684 4828 (Ι
2724 4753 2906 4810 Thess.
2937 4769 3012 4820 tv,
3039 4754 3126 4825 5);
3164 4760 3284 4809 ret
3321 4754 3461 4810 illud
3504 4755 3565 4809 in
3608 4755 3729 4825 Epi-

2136 4848 2274 4905 stola
2320 4847 2387 4904 ad
2427 4846 2721 4903 Hebraeos:
2756 4858 2775 4893 ι
2821 4845 3038 4910 Pacem,
3084 4845 3285 4915 inquit,
3330 4845 3635 4900 sectamini
3675 4854 3733 4900 et

2136 4939 2574 5006 sanctimoniam,
2605 4939 2725 4993 sine
2748 4951 2856 5007 qua
2881 4950 3043 4991 nemo
3067 4935 3273 4990 videbit
3310 4933 3495 4990 Deum
3534 4933 3721 5005 (Hdt.

2134 5050 2210 5088 an
2220 5075 2234 5099 ,
2251 5031 2360 5105 ll).
2382 5030 2706 5101 Hiccquoque
2718 5029 3001 5085 evidenter
3012 5028 3131 5085 sine
3150 5026 3521 5082 sanctimonia
3530 5067 3551 5092 ,
3560 5042 3723 5098 quan

2133 5122 2271 5178 solet
2290 5122 2656 5193 integritatem
2686 5119 2886 5176 mentis
2912 5117 2996 5173 vel
3027 5117 3321 5188 puritatem
3342 5118 3605 5188 corporis
3630 5132 3727 5187 ap-

2132 5214 2353 5286 pellare,
2371 5211 2741 5283 pronuntiavit
2757 5210 2929 5265 Deum
2964 5210 3183 5279 penitus
3204 5206 3382 5263 videri
3402 5222 3521 5263 non
3542 5220 3721 5278 posse,

2133 5304 2419 5376 siquidem
2462 5308 2518 5357 et
2561 5300 2652 5357 hic
2697 5299 2951 5355 similiter
2975 5295 3163 5363 infert,
3196 5295 3454 5353 eumdem
3496 5311 3721 5353 sensum

2132 5393 2447 5464 explanatis,
2461 5390 2540 5447 Ne
2558 5391 2683 5460 quis
2706 5388 3021 5453 fornicator,
3040 5395 3139 5449 aut
3158 5385 3442 5457 profanus,
3468 5394 3537 5441 ut
3556 5386 3719 5440 Esau.

2135 5485 2372 5540 Audiant
2396 5482 2453 5537 bi
2481 5482 2571 5553 qui
2588 5496 2694 5536 non
2708 5478 2891 5535 carnis
2910 5476 3261 5547 corruptione
3282 5476 3381 5531 sed
3398 5476 3591 5531 cordis
3612 5474 3710 5529 de-

2134 5580 2403 5649 linquunt,
2438 5575 2758 5634 sententiam
2798 5572 2970 5628 sancti
3000 5570 3184 5626 Basilii
3208 5568 3571 5625 (kesariensis
3607 5566 3699 5637 cpi

2134 5669 2303 5740 scopi.
2356 5666 2631 5722 Mulierem
2677 5665 2853 5734 inquit
2894 5663 3107 5734 ignoro,
3143 5668 3193 5715 et
3227 5660 3386 5730 virgo
3416 5675 3531 5714 non
3568 5672 3715 5717 sm

2135 5762 2225 5819 ubi
2252 5759 2566 5832 intelligitur
2608 5774 2713 5814 non
2744 5764 2851 5812 tam
2886 5756 2939 5810 in
2990 5753 3241 5809 mulieres
3279 5766 3402 5811 esse
3438 5750 3721 5808 abstinen-
