3956 6326
211 332 343 396 1573

1166 334 1251 391 DE
1289 333 1487 391 VITIIS
1525 336 1612 392 ET
1652 334 2085 393 VIRTUTIBUS.
2125 368 2196 380 —
2228 339 2355 395 LIB.
2394 340 2481 396 lli.

3307 354 3446 413 I574

210 453 351 517 tiam,
373 460 538 520 quam
574 444 937 518 integritatem
957 444 1156 514 cordis,
1183 447 1327 504 unde
1353 458 1411 505 et
1429 448 1761 521 Augustinus
1787 450 1838 513 Α
1864 457 1916 503 et
1950 450 2339 518 praemeditatio
2380 452 2603 521 mortis,
2655 455 2881 528 diesque
2923 463 3238 522 tremendus
3274 464 3451 527 futuri

208 542 510 614 cpiscopus:
550 538 837 610 virginitas
876 540 1077 607 carnis,
1104 555 1302 612 corpus
1337 541 1621 611 intactum,
1654 542 1765 598 vir-

209 630 391 704 ginitas
418 629 612 685 anima:
647 629 781 686 ﬁdes
802 629 1135 702 incorrupta.

207 742 321 798 Car.
361 740 589 798 XLVIII.
628 773 699 782 —
742 738 994 797 Remedia
1045 750 1226 797 contra
1262 744 1495 798 morbum
1539 743 1764 798 luxuria:

267 812 334 883 αρ’
359 814 745 879 fornicationis,
784 812 1115 883 omniumque
1148 813 1538 868 immundorum
1575 814 1766 883 nefan-

268 882 552 955 dorumque
577 884 881 939 criminum.

267 993 458 1067 (ϐω.)
493 994 699 1064 Duplex
722 1006 956 1065 namque
985 994 1311 1065 oppugnatio
1336 1001 1421 1049 est
1451 992 1762 1050 fornicatio-

204 1086 281 1143 nis
300 1094 460 1155 atque
500 1084 746 1151 luxuriae,
782 1092 991 1143 armata
1022 1084 1156 1140 vitio
1185 1098 1516 1155 consurgens
1536 1085 1605 1140 ad
1626 1098 1763 1155 prae-

200 1177 343 1243 limn,
363 1184 417 1233 et
435 1177 638 1233 idcirco
659 1177 909 1234 similiter
936 1176 989 1232 ei
1013 1177 1228 1247 gemina
1254 1184 1341 1232 est
1362 1176 1479 1231 acie
1502 1175 1763 1231 resisten-

198 1269 339 1333 dum,
360 1270 407 1325 si
430 1269 654 1340 quidem
696 1278 758 1326 ut
786 1270 975 1326 morbo
996 1269 1180 1326 carnis
1203 1268 1505 1340 animaque
1538 1282 1764 1326 concre-

197 1369 302 1416 tum
328 1361 478 1416 virus
506 1361 756 1430 acquirit,
787 1361 863 1417 ita
880 1360 990 1416 nisi
1009 1360 1254 1432 utrisque
1278 1361 1484 1432 pariter
1502 1360 1762 1417 dimican-

195 1451 329 1507 tibus
365 1458 600 1523 nequeat
630 1449 861 1525 [nequit]
890 1451 1170 1508 debellari.
1197 1450 1307 1508 Nec
1325 1452 1469 1507 enim
1496 1450 1692 1508 suﬂicit
1711 1451 1762 1506 ei

193 1541 280 1613 qui
332 1543 400 1598 ab
445 1541 548 1598 hoc
601 1542 1035 1599 immundissimo
1080 1544 1214 1601 vitio
1258 1542 1532 1601 desiderat
1577 1545 1760 1599 sanari

190 1632 356 1690 solum
398 1634 684 1705 corporale
711 1633 1009 1705 jejunium,
1053 1635 1159 1691 nisi
1196 1636 1468 1707 przecedat
1506 1635 1763 1692 contritio

188 1725 403 1797 spiritus
431 1734 489 1781 et
513 1727 715 1795 oratio,
737 1734 793 1783 et
823 1728 1081 1784 continua
1113 1736 1423 1784 sanctarum
1451 1726 1761 1799 Scriptura-

1857 540 2050 611 judicii
2068 580 2084 607 ,
2118 543 2215 598 sed
2238 550 2292 598 et
2314 559 2412 614 pro
2433 544 2770 603 absolutione
2800 552 3193 619 praeteritorum
3220 557 3450 615 delicto-

1863 644 2015 696 rum,
2039 639 2093 687 et
2112 647 2212 702 pro
2239 634 2582 703 adipiscenda
2613 648 2869 708 perpetua
2896 644 3093 698 mentis
3116 652 3170 698 et
3203 646 3452 715 corporis

1862 721 2101 792 puritate
2121 722 2348 778 multum
2376 723 2592 793 adjuvat
2616 726 3075 799 eleemosynarum
3097 732 3184 801 pia
3207 732 3447 805 largitio,

1863 819 1920 866 et
1950 812 2092 881 quod
2136 812 2312 881 majus
2345 822 2460 881 est,
2490 816 2644 885 hunc
2676 817 3165 876 immundissimum
3210 822 3449 880 fornica-

1864 902 2025 956 tionis
2052 902 2300 973 spiritum
2321 946 2335 971 ,
2363 906 2511 963 omni
2544 910 2744 964 mentis
2770 909 3067 968 intentione
3104 930 3212 970 non
3242 917 3449 973 nostris

1862 992 2066 1050 viribus
2102 995 2434 1051 conﬁdentes
2464 1001 2751 1056 credamus
2785 1018 2885 1059 nos
2917 1019 3227 1075 expugnare
3261 1021 3447 1077 posse,
3528 1062 3538 1070 .

1861 1086 1964 1143 hoc
2001 1088 2146 1163 enim
2182 1091 2440 1161 perﬁcere
2468 1092 2731 1149 industria
2754 1095 2987 1151 humana
3019 1113 3124 1154 non
3154 1099 3438 1169 praevalet,

1861 1176 1956 1232 sed
1978 1178 2260 1247 opitulatio
2281 1189 2335 1235 et
2372 1182 2746 1238 misericordia
2783 1184 3025 1254 Domini,
3055 1204 3156 1244 nec
3180 1188 3364 1246 labore
3389 1197 3448 1247 et

1861 1268 2038 1323 studio
2071 1270 2292 1340 proprio
2329 1271 2617 1328 victoriam
2650 1274 2895 1331 obtinere
2934 1291 3032 1333 nos
3070 1292 3231 1347 posse
3261 1281 3448 1336 creda-

1859 1372 2018 1423 mus,
2065 1358 2170 1413 nisi
2221 1358 2482 1416 fucrimus
2533 1360 2716 1417 divino
2765 1364 2964 1419 auxilio
3009 1381 3073 1422 ac
3110 1369 3448 1438 protectione

1864 1449 2462 1523 suil‘ulti,_impossibile
2495 1462 2578 1509 est
2616 1455 2759 1509 enim
2796 1456 3069 1511 hominem
3104 1460 3250 1527 suis,
3277 1468 3339 1515 ut
3370 1460 3448 1516 ita

1862 1541 2090 1597 dixerim
2109 1583 2129 1608 ,
2150 1544 2345 1613 pennis
2370 1545 2439 1599 ad
2466 1553 2575 1599 tam
2609 1546 2923 1616 praecelsum
2955 1547 3280 1619 coelesteque
3306 1563 3450 1621 prat-

1862 1637 2031 1693 mium
2065 1638 2382 1707 subvolare,
2424 1639 2527 1695 nisi
2564 1653 2685 1694 eum
2713 1638 2885 1711 gratia
2912 1638 3009 1694 Dei
3044 1639 3110 1694 de
3136 1646 3295 1694 terra:
3326 1640 3443 1695 luto

1860 1734 1919 1782 et
1945 1741 2104 1783 emno
2128 1743 2354 1784 munere
2384 1728 2653 1784 castitatis
2687 1728 2954 1784 eduxerit.
2983 1728 3355 1799 Quapropter,
3385 1736 3449 1785 ut

68 1884 93 1896 -
188 1830 302 1872 rum
327 1816 638 1885 meditatio;
662 1819 758 1875 sed
779 1827 835 1875 et
857 1819 1117 1890 spiritalis
1139 1819 1492 1891 intelligentia
1508 1826 1564 1875 et
1585 1818 1760 1875 scien-
1786 1804 1833 1865 Β
1860 1826 2057 1873 cuncta
2078 1817 2237 1891 hujus
2260 1817 2435 1874 morbi
2452 1818 2689 1873 remedia
2710 1818 2950 1874 breviter
2970 1819 3224 1891 replicem
3246 1837 3260 1874 :
3286 1834 3448 1889 opor-

186 1908 263 1963 tia
307 1908 377 1964 ad
402 1910 851 1982 expurgationem
891 1911 1055 1983 hujus
1074 1911 1454 1983 impurissimae
1490 1910 1759 1983 passionis

182 1998 467 2071 plurimum
495 2000 735 2071 prodest,
756 2001 909 2058 labor
934 2001 1098 2058 etiam
1125 2017 1371 2074 opusque
1400 2016 1658 2058 manuum
1690 2000 1758 2056 ad

182 2093 336 2165 hujus
360 2095 479 2151 vitii
522 2094 949 2154 refrenationem
991 2096 1199 2168 optime
1239 2096 1489 2167 adjuvat,
1531 2103 1588 2151 et
1630 2103 1757 2151 ante

178 2185 358 2241 omnia
390 2185 675 2242 humilitas
700 2202 855 2254 vera,
885 2186 1003 2243 sine
1028 2201 1136 2257 qua
1166 2185 1367 2242 nullius
1393 2185 1513 2241 vitii
1539 2185 1757 2256 penitus

175 2277 379 2346 poterit
426 2292 668 2349 unquam
697 2277 1005 2348 triumphus
1036 2277 1266 2349 acquiri,
1297 2292 1512 2334 summo
1556 2278 1761 2335 etenim

175 2366 351 2423 studio
376 2367 444 2423 ad
470 2369 845 2424 excoctionem
867 2369 1025 2424 istius
1070 2368 1244 2425 morbi
1270 2367 1606 2439 parcimonia
1621 2365 1757 2438 jeju-

174 2459 390 2513 niorum
438 2458 697 2515 sectanda
738 2467 857 2517 est:
889 2474 961 2516 ne
1000 2474 1249 2515 escarum
1294 2457 1625 2514 abundantia
1670 2470 1757 2511 re-

171 2550 314 2607 fecta
335 2566 464 2607 caro
483 2558 751 2609 rectorem
775 2567 931 2608 suum
954 2552 1205 2623 spiritum
1219 2550 1455 2621 dejiciat.
1487 2550 1587 2606 llic
1611 2548 1757 2604 enim

172 2642 400 2697 morbus
427 2656 556 2697 cum
584 2643 830 2714 corporis
869 2641 1158 2700 afﬂictione
1191 2653 1247 2701 et
1279 2642 1604 2700 contritione
1629 2656 1753 2698 cor-

169 2732 256 2787 dis
303 2733 595 2791 solitudine
614 2749 830 2806 quoque
857 2750 922 2792 ac
942 2736 1243 2792 remotione
1264 2735 1485 2807 indiget,
1505 2742 1564 2790 ut
1585 2733 1758 2805 possit

168 2822 237 2878 ad
260 2823 525 2896 integrum
547 2826 798 2881 sanitatis
821 2834 1020 2883 statum
1043 2826 1350 2897 perniciosa
1366 2834 1595 2881 aestuum
1618 2822 1755 2879 febri

168 2917 417 2988 deposita
442 2919 745 2990 pervenire.
779 2919 946 2976 Valde
985 2918 1132 2975 enim
1158 2918 1379 2974 noxium
1406 2925 1509 2985 est,
1540 2915 1597 2971 in
1620 2929 1750 2971 ocu-

173 3007 357 3063 lorum
412 3006 808 3065 fornicatorum
851 3008 1128 3066 obtutibus
1153 3047 1169 3075 ,
1219 3006 1498 3078 speciosas
1551 3004 1756 3060 habere

164 3096 401 3165 formas,
433 3106 491 3155 et
518 3113 627 3155 non
664 3099 837 3155 solum
868 3099 1165 3169 speciosas,
1202 3110 1391 3152 verum
1414 3095 1579 3151 etiam
1612 3108 1751 3164 qua-

1861 1917 1943 1964 tet
1968 1924 2090 1965 eum
2108 1951 2123 1977 ,
2157 1910 2249 1980 qui
2271 1910 2339 1965 ab
2360 1909 2464 1965 hac
2488 1908 2746 1981 pestifera
2766 1910 3076 1966 valetudine
3100 1911 3217 1967 vult
3241 1912 3447 1979 curari,

1860 1999 2127 2070 imprimis
2153 2000 2520 2056 indesinenter
2540 1993 2815 2055 n'octurnis
2837 2008 2892 2055 et
2911 1999 3181 2056 diuturnis
3198 2001 3447 2072 precibus

1858 2106 1888 2146 a
1916 2092 2142 2147 Domino
2165 2107 2223 2147 se
2250 2091 2482 2161 postulet
2500 2092 2745 2163 purgari,
2764 2092 3092 2164 vigiliisque,
3117 2092 3443 2149 lectionibus

1860 2181 2033 2238 sacris
2074 2183 2493 2252 scripturarum,
2517 2182 2994 2251 meditationibus,
3029 2184 3444 2254 compunctione

1858 2274 2089 2339 scilicet,
2143 2272 2470 2330 contritione
2521 2272 2702 2328 cordis
2745 2283 2800 2328 et
2840 2273 3081 2344 corporis
3121 2272 3449 2339 remotione,

1856 2380 2113 2421 manuum
2155 2365 2501 2437 operatione,
2532 2371 2696 2435 atque
2733 2364 3003 2423 indefesso
3025 2365 3234 2438 jejunio
3261 2365 3444 2438 pervi-

1857 2458 2005 2531 gilet.
2058 2457 2176 2514 Huc
2202 2475 2372 2530 usque
2397 2475 2461 2516 eo
2490 2475 2599 2532 quo
2619 2462 2795 2517 sancti
2816 2460 3169 2515 ecclesiarum
3194 2460 3292 2516 Dei
3314 2461 3440 2519 doc-

1861 2534 2010 2607 iores
2058 2558 2182 2605 octo
2238 2549 2563 2621 principalia
2615 2549 2749 2607 vitia
2794 2549 3231 2620 descripserunt,
3286 2556 3448 2621 prout

1856 2640 2121 2712 exiguitas
2145 2654 2336 2695 sensus
2361 2639 2541 2697 nostri
2570 2641 2764 2711 potuit,
2796 2640 3061 2712 largiente
3086 2639 3336 2704 Domino,
3373 2652 3443 2696 ex

1857 2732 2196 2788 diversorum
2231 2740 2444 2803 patrum
2490 2732 2687 2788 edictis
2720 2733 2788 2788 de
2821 2734 3066 2805 origine,
3104 2732 3432 2798 vexatione,

1857 2822 2101 2890 indiciis,
2134 2820 2599 2892 increpationibus
2630 2822 2990 2893 remediisque
3025 2821 3339 2878 eorumdem
3360 2821 3443 2875 vi-

1858 2913 2057 2967 tiorum
2081 2925 2255 2981 pauca
2293 2906 2663 2982 excerpsimus
2683 2902 3021 2977 testimonia,
3057 2927 3202 2968 nunc
3228 2924 3447 2981 quoque

1856 3011 2024 3060 restat
2061 3012 2118 3059 ut
2150 3005 2447 3061 secundum
2486 3005 2832 3059 traditionem
2883 3013 3193 3060 sanctorum
3220 3004 3445 3060 Patrum

1858 3095 2237 3167 Egyptiorum
2262 3094 2726 3165 Orientaliumque
2754 3094 2942 3151 eadem
2966 3095 3093 3153 vitia
3109 3135 3122 3160 ,
3150 3107 3446 3164 eorumque

160 3187 462 3261 lescunque
510 3191 605 3248 ubi
630 3190 920 3248 fornicatio
950 3199 1047 3245 aut
1092 3187 1475 3246 fornicationis
1514 3185 1751 3255 suspicio
1782 3158 1827 3220 Ο
1858 3188 2136 3253 ordinem,
2168 3196 2228 3242 ut
2248 3188 2511 3243 honorum
2546 3188 2789 3243 omnium
2817 3197 3008 3246 auctor
3042 3189 3172 3246 dare
3198 3188 3444 3261 dignabi-

160 3296 287 3337 csse
314 3291 514 3352 potest.
554 3281 756 3355 (Πίον.)
800 3282 972 3338 David
1012 3281 1159 3339 enim
1190 3288 1432 3347 sanctus,
1459 3287 1515 3334 et
1555 3293 1753 3333 secun-

159 3370 295 3425 dum
323 3385 419 3426 eor
440 3371 655 3426 Domini
693 3371 919 3438 electus,
960 3371 1247 3428 Bersabee:
1288 3380 1481 3441 captus
1518 3375 1605 3424 est
1642 3383 1749 3423 nu-

157 3459 374 3527 ditate,
420 3469 751 3531 quapropter
807 3462 1075 3517 adulterio
1138 3460 1323 3531 junxit
1371 3459 1747 3517 homicidium.

157 3548 426 3604 Salomon
450 3549 600 3605 enim
643 3549 787 3620 quod
824 3551 1000 3606 noluit
1038 3551 1295 3606 recedere
1338 3565 1368 3604 a
1409 3549 1749 3614 mulieribus,

154 3637 399 3692 recessit
426 3651 457 3691 a
482 3637 735 3702 Domino,
767 3648 822 3694 et
850 3654 917 3694 ne
961 3639 1157 3709 aliquis
1194 3640 1260 3693 de
1305 3638 1588 3708 sanguinis
1626 3652 1751 3706 pro-

151 3729 476 3801 pinquitate
524 3730 796 3797 conﬁdat,
862 3731 918 3785 in
961 3730 1213 3786 illicitum
1257 3730 1497 3785 Thamar
1546 3730 1751 3785 sororis

152 3823 401 3877 Ammon
427 3820 600 3878 frater
620 3822 829 3878 exarsit
852 3822 1180 3878 incendium.
1202 3821 1400 3894 (ϐακε.)
1422 3818 1587 3875 Valde
1607 3820 1755 3875 enim

151 3914 391 3986 prodest
402 3914 471 3971 ad
482 3915 935 3987 exstinguendum
947 3915 1321 3971 fornicationis
1335 3915 1583 3970 ardorem
1596 3911 1754 3984 longe

154 4002 433 4059 recedere
453 4002 522 4059 ab
556 4002 642 4059 his
671 4010 904 4073 quorum
936 4012 1196 4075 aspectus
1224 4018 1323 4059 nos
1360 4003 1677 4073 pertrahere
1697 4008 1753 4057 et

151 4111 470 4170 provocare
482 4104 664 4168 potest
675 4097 744 4153 ad
757 4097 1167 4154 incitamentum
1178 4096 1417 4152 libidinis
1434 4114 1447 4151 :
1467 4095 1596 4152 illud
1608 4094 1752 4149 enim

149 4189 420 4261 primitus
457 4189 785 4261 expiandum
822 4199 929 4257 est,
956 4190 1100 4247 unde
1144 4188 1264 4246 fons
1289 4189 1416 4245 vita:
1456 4188 1755 4257 mortisque

150 4294 397 4337 manare
440 4280 821 4349 cognoscitur,
856 4281 1074 4337 dicente
1125 4279 1416 4336 Salomone
1456 4295 1473 4333 :
1523 4296 1543 4329 ι
1594 4276 1752 4334 Omni

148 4370 413 4429 custodia
458 4387 616 4428 serva
651 4386 746 4428 cor
784 4379 937 4427 tuum
981 4370 1164 4443 (Prov.
1204 4386 1277 4438 1v,
1319 4370 1443 4441 25);
1496 4390 1516 4423 ι
1561 4367 1756 4426 exinde

148 4462 315 4518 enim
341 4460 643 4532 procedunt
668 4462 1023 4533 cogitationes
1059 4461 1349 4517 luxuriosa:
1366 4502 1380 4529 ,
1412 4460 1625 4516 dicente
1651 4459 1757 4514 Do-

149 4554 354 4611 mino:
395 4573 416 4608 ‹
450 4554 527 4611 De
564 4555 730 4611 corde
769 4556 913 4610 enim
948 4569 1150 4610 exeunt
1179 4554 1533 4625 cogitationes
1570 4551 1756 4617 matre,

149 4645 487 4712 homicidia,
518 4645 804 4712 adulteria,
832 4645 1233 4713 fornicationes,
1265 4653 1370 4701 etc.
1399 4643 1420 4716 (
1450 4643 1643 4698 Matth.
1670 4657 1757 4707 xv,

150 4736 283 4809 19),
314 4756 333 4789 ι
363 4737 458 4793 sed
499 4746 554 4794 et
599 4739 690 4809 qui
734 4739 967 4811 pleniter
1009 4738 1124 4794 vult
1163 4737 1566 4811 suggestionem
1601 4733 1763 4805 hujus

148 4830 453 4887 diabolicae
478 4830 787 4888 calliditatis
811 4830 1190 4903 exstinguere,
1230 4831 1467 4901 primum
1505 4828 1779 4885 recorda-'

150 4923 379 4978 tionem
415 4923 656 4979 omnium
686 4921 1011 4977 feminarum
1046 4922 1113 4978 de
1152 4922 1314 4977 corde
1354 4934 1453 4976 suo
1490 4919 1764 4989 expellere

150 5013 426 5081 festinet,
459 5030 757 5085 earumque
790 5014 1123 5071 consortium
1162 5013 1573 5084 quibuscunque
1620 5028 1756 5068 eon-

151 5106 323 5178 gruis
369 5108 547 5163 modis
590 5114 769 5179 potest
817 5106 1055 5179 eﬂ'ugiat.
1119 5105 1271 5163 Unde
1319 5116 1375 5162 et
1415 5107 1760 5163 beatissimus

149 5198 405 5254 antistes
437 5197 750 5256 Ambrosius
776 5199 918 5256 inter
949 5208 1143 5255 caetera
1171 5200 1278 5265 ait,
1306 5199 1353 5255 sl
1384 5199 1676 5279 intraveris
1704 5199 1759 5253 in

152 5288 455 5345 castellum
490 5305 562 5348 ne
596 5290 995 5362 appropinques
1020 5291 1336 5348 mulieribus
1362 5300 1418 5346 et
1447 5306 1552 5347 non
1573 5292 1760 5347 demo-

150 5378 311 5436 reris
354 5381 409 5435 in
448 5382 788 5438 sermonibus
824 5383 965 5453 apud
998 5381 1143 5438 illam
1165 5424 1183 5449 ,
1223 5382 1495 5453 quomodo
1529 5383 1675 5439 enim
1711 5382 1758 5437 si

147 5471 294 5543 quis
347 5472 609 5545 deglutiat
652 5473 909 5541 hamum,
952 5474 1032 5531 sic
1074 5474 1367 5530 attrahitur
1422 5473 1603 5529 anima
1644 5481 1756 5529 tua.

150 5561 307 5619 Nam
339 5566 623 5636 et'optime
640 5563 787 5637 juvat
812 5567 879 5623 ad
907 5566 1354 5638 exstinguendam
1383 5564 1760 5622 fornicatiOnis

148 5653 449 5712 flammam
472 5659 776 5715 recordatio
805 5664 1077 5731 perpetuze
1102 5656 1469 5714 damnationis
1513 5656 1761 5729 ignisque

152 5748 367 5805 aeterni
406 5756 460 5805 ct
498 5750 891 5819 prtetcritorum
927 5748 1309 5806 rememoratio
1359 5747 1623 5804 scelerum
1664 5760 1756 5803 seu

1854 3288 1944 3336 tur
1962 3320 1978 3347 ,
2004 3281 2245 3337 breviter
2273 3280 2543 3352 carpendo
2568 3294 2983 3351 prosequamur.

1848 3434 1975 3491 Car.
2019 3432 2216 3508 XLIX.
2244 3466 2331 3508 —__
2352 3433 2427 3489 De
2457 3435 2831 3508 gastrimargia
2857 3444 3268 3508 “plerarumque
3293 3435 3445 3508 prin-

2170 3504 2423 3575 cipalium
2462 3505 2708 3559 vitiorum
2740 3504 3129 3577 recapitulalio.

1922 3638 2118 3709 (Cass.)
2141 3637 2529 3708 Gastrimargia
2557 3654 2761 3708 grzece,
2790 3639 2958 3695 latine
3009 3641 3447 3710 concupiscentia

1853 3731 2009 3802 gulae,
2032 3731 2146 3784 sive
2185 3730 2447 3799 ingluvies
2464 3732 2669 3786 ventris
2689 3731 2905 3786 dicitur.
2936 3733 3186 3787 Estenim
3212 3733 3447 3803 primum

1857 3818 2141 3890 corporale
2175 3827 2456 3887 peccatum
2475 3859 2488 3883 ,
2519 3834 2617 3889 per
2647 3820 2790 3890 quod
2814 3822 2972 3892 primi
3004 3823 3253 3878 homines
3291 3820 3447 3891 eiecti

1855 3925 1984 3974 sunt
2012 3917 2078 3973 de
2105 3916 2362 3972 Paradiso
2391 3923 2446 3970 et
2476 3931 2573 3986 per
2611 3914 2753 3984 quod
2786 3914 2925 3967 Esau
2960 3913 3315 3983 primogenita
3348 3929 3447 3969 sua

1852 4008 2094 4065 vendidit
2118 4006 2548 4077 concupiscendo
2584 4003 2896 4060 lenticulam
2915 4045 2930 4069 ,
2961 4004 3065 4059 hoc
3090 4005 3234 4058 enim
3256 4004 3447 4058 vitium

1854 4100 2027 4157 tribus
2048 4100 2222 4156 modis
2243 4098 2458 4153 videtur
2487 4111 2714 4167 regnare
2743 4096 2796 4150 in
2820 4094 3042 4150 homine
3058 4137 3072 4161 ,
3102 4095 3161 4149 id
3182 4103 3293 4151 est:
3320 4095 3449 4150 dum

1853 4197 2021 4253 homo
2040 4209 2145 4249 non
2167 4192 2510 4255 necessitate,
2534 4190 2627 4245 sed
2651 4188 2786 4260 gulae
2804 4187 3240 4258 concupiscentia
3259 4186 3450 4242 antici-

1852 4301 1985 4357 pare
2007 4284 2155 4355 cupit
2184 4290 2440 4338 statutam
2463 4279 2776 4337 refectionis
2809 4280 3031 4346 horam;
3057 4278 3295 4335 secundo
3317 4278 3445 4334 dum

1856 4375 2230 4433 tantummodo
2267 4372 2478 4430 ventris
2516 4372 2751 4444 ingluvie
2809 4380 2867 4427 et
2910 4372 3195 4428 saturitate
3251 4370 3449 4442 quibus

1859 4464 2215 4541 qualibusque
2238 4466 2377 4523 escis
2402 4479 2635 4521 onerare
2670 4464 2945 4519 desiderat
2965 4472 3246 4530 ventrem;
3286 4462 3451 4518 tertio

1861 4559 1989 4616 dum
2012 4558 2427 4630 pretiosioribus
2449 4555 2986 4625 accuratioribusque
3011 4556 3452 4625 oblectaturepuo

1860 4656 1948 4711 lis.
2001 4652 2204 4710 Contra
2234 4654 2377 4708 hanc
2399 4650 2701 4707 triformem
2738 4649 2980 4715 rabiem,
3014 4646 3276 4703 triformis
3297 4647 3451 4703 adhic

1862 4747 2036 4802 benda
2063 4751 2146 4800 est
2170 4743 2400 4807 curatio,
2427 4741 2479 4797 id
2497 4750 2600 4807 est,
2626 4749 2685 4796 ut
2699 4742 2930 4811 primum
2944 4748 3220 4811 exspectet
3240 4748 3451 4810 tempus

1865 4834 2178 4892 refectionis
2204 4833 2527 4905 legitimum.
2565 4831 2799 4902 Tempus
2834 4831 2979 4886 enim
3016 4830 3308 4887 Christiani
3343 4830 3451 4885 ho-

1865 4924 2029 4979 minis
2061 4922 2357 4993 legitimum
2394 4920 2743 4985 refectionis,
2776 4921 2879 4975 nisi
2913 4935 3010 4991 pro
3039 4921 3280 4991 corporis
3302 4919 3447 4975 inﬁr-

1863 5016 2081 5080 mitate,
2112 5020 2237 5068 ante
2259 5013 2449 5067 horam
2474 5012 2576 5067 diei
2606 5012 2821 5067 tertiam
2848 5011 3167 5066 auctoritate
3183 5010 3446 5067 canonica

1864 5121 1971 5162 non
1997 5115 2082 5161 est
2109 5112 2372 5160 statutum
2409 5103 2503 5158 sed
2530 5102 2896 5173 prohibitum,
2930 5102 3165 5159 secundo
3202 5110 3261 5156 ut
3282 5100 3449 5155 etiam

1865 5199 1996 5270 ipsis
2038 5197 2129 5270 [de
2159 5195 2313 5268 ipsis]
2349 5195 2630 5251 vilioribus
2668 5196 2832 5259 cibis,
2873 5210 2977 5251 non
3010 5211 3109 5267 pro
3145 5192 3449 5257 desiderio,

1868 5292 1962 5347 sed
1986 5305 2086 5361 pro
2114 5289 2442 5345 necessitate
2469 5294 2524 5343 et
2553 5286 2951 5343 sustentatione
2974 5284 3217 5357 corporis
3244 5288 3443 5338 sumat.

1857 5384 1977 5455 ipsa
1993 5381 2135 5437 enim
2159 5395 2298 5451 aqua
2324 5379 2537 5450 cibique
2558 5378 2805 5434 vilissimi
2821 5378 2866 5433 si
2880 5392 2978 5449 pro
2999 5373 3265 5431 desiderio
3283 5371 3447 5441 gulae,

1860 5483 1917 5531 et
1944 5488 2052 5529 non
2088 5486 2189 5543 pro
2214 5469 2541 5526 necessitate
2576 5467 2820 5538 corporis
2854 5472 3228 5527 assumantur,
3259 5474 3439 5531 pecca-

1863 5576 1977 5623 tum
1996 5563 2390 5637 gastrimargim
2404 5576 2471 5616 ex
2495 5560 2690 5617 divinis
2715 5561 3102 5630 scripturarum
3126 5550 3450 5610 testimoniis

1862 5672 1983 5714 esse
2026 5655 2393 5729 cognoscitur.
2438 5652 2619 5709 Tertio
2673 5659 2732 5705 ut
2788 5648 3250 5720 mtalibuscunque
3305 5640 3455 5699 escis

1866 5746 2252 5816 rilioribnsque
2296 5751 2583 5801 contentus
2628 5741 2729 5805 sit,
2769 5738 2860 5794 sed
2893 5745 2947 5793 et
2984 5751 3082 5808 per
3110 5734 3409 5791 orationem
3432 5772 3454 5795 ρ
