  <div class='ocr_page' id='page_1' title='image "/cluster/home/n/w/nwhite01/storage/ocr_20150623/112/hvd.32044015685407/693.png"; bbox 0 0 3956 6326; ppageno 0'>
   <div class='ocr_carea' id='block_1_1' title="bbox 490 359 3745 424">
    <p class='ocr_par' dir='ltr' id='par_1_1' title="bbox 490 359 3745 424">
     <span class='ocr_line' id='line_1_1' title="bbox 490 359 3745 424; baseline -0.001 0"><span class='ocrx_word' id='word_1_1' title='bbox 490 367 628 424; x_wconf 70' lang='grc'><strong>1575</strong></span> <span class='ocrx_word' id='word_1_2' title='bbox 1143 363 1204 419; x_wconf 89' lang='grc' dir='ltr'><strong>Β.</strong></span> <span class='ocrx_word' id='word_1_3' title='bbox 1246 363 1499 420; x_wconf 76' lang='lat' dir='ltr'><strong>RABAN!</strong></span> <span class='ocrx_word' id='word_1_4' title='bbox 1536 363 1755 422; x_wconf 76' lang='lat' dir='ltr'><strong>MAURI</strong></span> <span class='ocrx_word' id='word_1_5' title='bbox 1793 359 2112 420; x_wconf 77' lang='lat' dir='ltr'><strong>ABCHIEP.</strong></span> <span class='ocrx_word' id='word_1_6' title='bbox 2153 359 2457 420; x_wconf 74' lang='lat' dir='ltr'><strong>MOGUNT.</strong></span> <span class='ocrx_word' id='word_1_7' title='bbox 2494 359 2780 420; x_wconf 70' lang='lat' dir='ltr'><strong>OPERUM</strong></span> <span class='ocrx_word' id='word_1_8' title='bbox 2816 359 3123 418; x_wconf 72' lang='lat' dir='ltr'><strong>PARS&#39;III&quot;.</strong></span> <span class='ocrx_word' id='word_1_9' title='bbox 3603 363 3745 421; x_wconf 59' lang='lat'><strong>5576</strong></span> 
     </span>
    </p>
   </div>
   <div class='ocr_carea' id='block_1_2' title="bbox 481 475 3747 551">
    <p class='ocr_par' dir='ltr' id='par_1_2' title="bbox 481 475 3747 551">
     <span class='ocr_line' id='line_1_2' title="bbox 481 475 3747 551; baseline 0.001 -15"><span class='ocrx_word' id='word_1_10' title='bbox 481 479 771 551; x_wconf 80' lang='lat' dir='ltr'><strong>jejunium,</strong></span> <span class='ocrx_word' id='word_1_11' title='bbox 808 475 1220 542; x_wconf 75' lang='lat' dir='ltr'><strong>abstinentiam,</strong></span> <span class='ocrx_word' id='word_1_12' title='bbox 1266 475 1743 547; x_wconf 75' lang='lat' dir='ltr'><strong>assiduitatemque</strong></span> <span class='ocrx_word' id='word_1_13' title='bbox 1797 491 2050 548; x_wconf 90' lang='lat' dir='ltr'><strong>quorum-</strong></span> <span class='ocrx_word' id='word_1_14' title='bbox 2075 475 2126 536; x_wconf 84' lang='grc' dir='ltr'><strong>Α</strong></span> <span class='ocrx_word' id='word_1_15' title='bbox 2152 475 2462 530; x_wconf 90' lang='lat' dir='ltr'><strong>recordetur</strong></span> <span class='ocrx_word' id='word_1_16' title='bbox 2505 475 2732 532; x_wconf 90' lang='lat' dir='ltr'><strong>dictum.</strong></span> <span class='ocrx_word' id='word_1_17' title='bbox 2770 495 2788 530; x_wconf 83' lang='grc'>‹</span> <span class='ocrx_word' id='word_1_18' title='bbox 2818 475 3122 540; x_wconf 84' lang='lat' dir='ltr'><strong>Habentes,</strong></span> <span class='ocrx_word' id='word_1_19' title='bbox 3170 475 3379 547; x_wconf 88' lang='lat' dir='ltr'><strong>inquit,</strong></span> <span class='ocrx_word' id='word_1_20' title='bbox 3423 475 3646 536; x_wconf 83' lang='lat' dir='ltr'><strong>victum</strong></span> <span class='ocrx_word' id='word_1_21' title='bbox 3691 492 3747 538; x_wconf 88' lang='lat' dir='ltr'><strong>et</strong></span> 
     </span>
    </p>
   </div>
   <div class='ocr_carea' id='block_1_3' title="bbox 485 564 3748 643">
    <p class='ocr_par' dir='ltr' id='par_1_3' title="bbox 485 564 3748 643">
     <span class='ocr_line' id='line_1_3' title="bbox 485 564 3748 643; baseline -0.001 -17"><span class='ocrx_word' id='word_1_22' title='bbox 485 572 618 627; x_wconf 86' lang='lat' dir='ltr'><strong>libet</strong></span> <span class='ocrx_word' id='word_1_23' title='bbox 650 585 874 640; x_wconf 89' lang='lat' dir='ltr'><strong>operum</strong></span> <span class='ocrx_word' id='word_1_24' title='bbox 905 569 1199 636; x_wconf 86' lang='lat' dir='ltr'><strong>bonorum,</strong></span> <span class='ocrx_word' id='word_1_25' title='bbox 1244 568 1350 624; x_wconf 89' lang='lat' dir='ltr'><strong>hoc</strong></span> <span class='ocrx_word' id='word_1_26' title='bbox 1384 569 1740 625; x_wconf 88' lang='lat' dir='ltr'><strong>miserrimum</strong></span> <span class='ocrx_word' id='word_1_27' title='bbox 1773 576 2056 640; x_wconf 80' lang='lat' dir='ltr'><strong>superatur</strong></span> <span class='ocrx_word' id='word_1_28' title='bbox 2155 564 2438 631; x_wconf 85' lang='lat' dir='ltr'><strong>vestitum,</strong></span> <span class='ocrx_word' id='word_1_29' title='bbox 2479 565 2566 622; x_wconf 91' lang='lat' dir='ltr'><strong>his</strong></span> <span class='ocrx_word' id='word_1_30' title='bbox 2610 566 2848 622; x_wconf 82' lang='lat' dir='ltr'><strong>contenti</strong></span> <span class='ocrx_word' id='word_1_31' title='bbox 2897 566 3065 623; x_wconf 88' lang='lat' dir='ltr'><strong>simus</strong></span> <span class='ocrx_word' id='word_1_32' title='bbox 3097 565 3152 639; x_wconf 88' lang='grc' dir='ltr'><strong>(Ι</strong></span> <span class='ocrx_word' id='word_1_33' title='bbox 3175 565 3312 622; x_wconf 82' lang='lat' dir='ltr'><strong>Tim.</strong></span> <span class='ocrx_word' id='word_1_34' title='bbox 3339 584 3429 638; x_wconf 81' lang='lat' dir='ltr'><strong>vi,</strong></span> <span class='ocrx_word' id='word_1_35' title='bbox 3469 569 3566 643; x_wconf 87' lang='lat'><strong>8);</strong></span> <span class='ocrx_word' id='word_1_36' title='bbox 3613 591 3636 624; x_wconf 73' lang='grc' dir='ltr'><strong><em>ι</em></strong></span> <span class='ocrx_word' id='word_1_37' title='bbox 3692 583 3748 631; x_wconf 78' lang='lat' dir='ltr'><strong>et</strong></span> 
     </span>
    </p>
   </div>
   <div class='ocr_carea' id='block_1_4' title="bbox 485 663 696 720">
    <p class='ocr_par' dir='ltr' id='par_1_4' title="bbox 485 663 696 720">
     <span class='ocr_line' id='line_1_4' title="bbox 485 663 696 720; baseline 0 -3"><span class='ocrx_word' id='word_1_38' title='bbox 485 663 696 720; x_wconf 90' lang='lat' dir='ltr'><strong>vitium.</strong></span> 
     </span>
    </p>
   </div>
   <div class='ocr_carea' id='block_1_5' title="bbox 836 771 1696 842">
    <p class='ocr_par' dir='ltr' id='par_1_5' title="bbox 836 771 1696 842">
     <span class='ocr_line' id='line_1_5' title="bbox 836 771 1696 842; baseline -0.005 -12"><span class='ocrx_word' id='word_1_39' title='bbox 836 773 965 830; x_wconf 68' lang='lat' dir='ltr'><strong>CAP.</strong></span> <span class='ocrx_word' id='word_1_40' title='bbox 1004 772 1068 829; x_wconf 90' lang='lat' dir='ltr'><strong>L.</strong></span> <span class='ocrx_word' id='word_1_41' title='bbox 1105 801 1173 813; x_wconf 88' lang='lat'><strong>—-</strong></span> <span class='ocrx_word' id='word_1_42' title='bbox 1212 771 1286 826; x_wconf 85' lang='lat' dir='ltr'><strong>De</strong></span> <span class='ocrx_word' id='word_1_43' title='bbox 1335 771 1696 842; x_wconf 76' lang='lat' dir='ltr'><strong>fornicatione.</strong></span> 
     </span>
    </p>
   </div>
   <div class='ocr_carea' id='block_1_6' title="bbox 556 881 2050 954">
    <p class='ocr_par' dir='ltr' id='par_1_6' title="bbox 556 881 2050 954">
     <span class='ocr_line' id='line_1_6' title="bbox 556 881 2050 954; baseline 0.002 -18"><span class='ocrx_word' id='word_1_44' title='bbox 556 881 739 954; x_wconf 78' lang='lat' dir='ltr'><strong>(Isid.)</strong></span> <span class='ocrx_word' id='word_1_45' title='bbox 788 882 1094 938; x_wconf 88' lang='lat' dir='ltr'><strong>Fomicatio</strong></span> <span class='ocrx_word' id='word_1_46' title='bbox 1143 890 1224 937; x_wconf 90' lang='lat' dir='ltr'><strong>est</strong></span> <span class='ocrx_word' id='word_1_47' title='bbox 1273 883 1450 937; x_wconf 92' lang='lat' dir='ltr'><strong>omnis</strong></span> <span class='ocrx_word' id='word_1_48' title='bbox 1487 881 1772 937; x_wconf 87' lang='lat' dir='ltr'><strong>immunda.</strong></span> <span class='ocrx_word' id='word_1_49' title='bbox 1809 881 2050 954; x_wconf 73' lang='lat' dir='ltr'><strong>pollutio.</strong></span> 
     </span>
    </p>
   </div>
   <div class='ocr_carea' id='block_1_7' title="bbox 485 972 2058 1048">
    <p class='ocr_par' dir='ltr' id='par_1_7' title="bbox 485 972 2058 1048">
     <span class='ocr_line' id='line_1_7' title="bbox 485 972 2058 1048; baseline -0.002 -18"><span class='ocrx_word' id='word_1_50' title='bbox 485 975 665 1031; x_wconf 82' lang='lat' dir='ltr'><strong>Prima</strong></span> <span class='ocrx_word' id='word_1_51' title='bbox 688 975 1058 1030; x_wconf 78' lang='lat' dir='ltr'><strong>fornicationis</strong></span> <span class='ocrx_word' id='word_1_52' title='bbox 1081 972 1355 1028; x_wconf 90' lang='lat' dir='ltr'><strong>oculorum</strong></span> <span class='ocrx_word' id='word_1_53' title='bbox 1385 973 1490 1028; x_wconf 89' lang='lat' dir='ltr'><strong>tela</strong></span> <span class='ocrx_word' id='word_1_54' title='bbox 1512 980 1671 1039; x_wconf 83' lang='lat' dir='ltr'><strong>sunt,</strong></span> <span class='ocrx_word' id='word_1_55' title='bbox 1689 974 1922 1028; x_wconf 89' lang='lat' dir='ltr'><strong>secunda</strong></span> <span class='ocrx_word' id='word_1_56' title='bbox 1944 988 2058 1048; x_wconf 79' lang='lat' dir='ltr'><strong>ver-</strong></span> 
     </span>
    </p>
   </div>
   <div class='ocr_carea' id='block_1_8' title="bbox 488 1063 2056 1134">
    <p class='ocr_par' dir='ltr' id='par_1_8' title="bbox 488 1063 2056 1134">
     <span class='ocr_line' id='line_1_8' title="bbox 488 1063 2056 1134; baseline 0 -14"><span class='ocrx_word' id='word_1_57' title='bbox 488 1066 701 1124; x_wconf 90' lang='lat' dir='ltr'><strong>borum.</strong></span> <span class='ocrx_word' id='word_1_58' title='bbox 730 1064 869 1120; x_wconf 90' lang='lat' dir='ltr'><strong>Sunt</strong></span> <span class='ocrx_word' id='word_1_59' title='bbox 895 1073 1072 1119; x_wconf 88' lang='lat' dir='ltr'><strong>autem</strong></span> <span class='ocrx_word' id='word_1_60' title='bbox 1098 1063 1412 1134; x_wconf 84' lang='lat' dir='ltr'><strong>principalia</strong></span> <span class='ocrx_word' id='word_1_61' title='bbox 1449 1079 1648 1134; x_wconf 79' lang='lat' dir='ltr'><strong>genera</strong></span> <span class='ocrx_word' id='word_1_62' title='bbox 1683 1064 2056 1120; x_wconf 83' lang='lat' dir='ltr'><strong>fornicationis</strong></span> 
     </span>
    </p>
   </div>
   <div class='ocr_carea' id='block_1_9' title="bbox 485 1156 2057 1230">
    <p class='ocr_par' dir='ltr' id='par_1_9' title="bbox 485 1156 2057 1230">
     <span class='ocr_line' id='line_1_9' title="bbox 485 1156 2057 1230; baseline -0.002 -15"><span class='ocrx_word' id='word_1_63' title='bbox 485 1160 621 1224; x_wconf 93' lang='lat' dir='ltr'><strong>duo,</strong></span> <span class='ocrx_word' id='word_1_64' title='bbox 643 1159 876 1229; x_wconf 90' lang='lat' dir='ltr'><strong>primum</strong></span> <span class='ocrx_word' id='word_1_65' title='bbox 896 1159 952 1213; x_wconf 91' lang='lat' dir='ltr'><strong>in</strong></span> <span class='ocrx_word' id='word_1_66' title='bbox 979 1174 1082 1228; x_wconf 92' lang='lat' dir='ltr'><strong>qua</strong></span> <span class='ocrx_word' id='word_1_67' title='bbox 1115 1156 1299 1230; x_wconf 81' lang='lat' dir='ltr'><strong>[Forte</strong></span> <span class='ocrx_word' id='word_1_68' title='bbox 1325 1157 1423 1228; x_wconf 75' lang='lat' dir='ltr'><strong>reg.</strong></span> <span class='ocrx_word' id='word_1_69' title='bbox 1453 1157 1692 1230; x_wconf 87' lang='lat' dir='ltr'><strong>inquam]</strong></span> <span class='ocrx_word' id='word_1_70' title='bbox 1723 1158 1782 1212; x_wconf 90' lang='lat' dir='ltr'><strong>fit</strong></span> <span class='ocrx_word' id='word_1_71' title='bbox 1801 1173 1898 1227; x_wconf 88' lang='lat' dir='ltr'><strong>per</strong></span> <span class='ocrx_word' id='word_1_72' title='bbox 1916 1173 2057 1214; x_wconf 87' lang='lat' dir='ltr'><strong>com-</strong></span> 
     </span>
    </p>
   </div>
   <div class='ocr_carea' id='block_1_10' title="bbox 487 1250 2055 1317">
    <p class='ocr_par' dir='ltr' id='par_1_10' title="bbox 487 1250 2055 1317">
     <span class='ocr_line' id='line_1_10' title="bbox 487 1250 2055 1317; baseline -0.001 -12"><span class='ocrx_word' id='word_1_73' title='bbox 487 1251 797 1308; x_wconf 87' lang='lat' dir='ltr'><strong>mistionem</strong></span> <span class='ocrx_word' id='word_1_74' title='bbox 845 1251 1027 1307; x_wconf 88' lang='lat' dir='ltr'><strong>carnis</strong></span> <span class='ocrx_word' id='word_1_75' title='bbox 1061 1251 1175 1307; x_wconf 91' lang='lat' dir='ltr'><strong>sive</strong></span> <span class='ocrx_word' id='word_1_76' title='bbox 1205 1267 1327 1307; x_wconf 92' lang='lat' dir='ltr'><strong>cum</strong></span> <span class='ocrx_word' id='word_1_77' title='bbox 1362 1251 1586 1317; x_wconf 89' lang='lat' dir='ltr'><strong>femina,</strong></span> <span class='ocrx_word' id='word_1_78' title='bbox 1626 1251 1710 1307; x_wconf 90' lang='lat' dir='ltr'><strong>vel</strong></span> <span class='ocrx_word' id='word_1_79' title='bbox 1749 1252 1910 1306; x_wconf 85' lang='lat' dir='ltr'><strong>etiam</strong></span> <span class='ocrx_word' id='word_1_80' title='bbox 1951 1250 2055 1306; x_wconf 85' lang='lat' dir='ltr'><strong>alia</strong></span> 
     </span>
    </p>
   </div>
   <div class='ocr_carea' id='block_1_11' title="bbox 484 1342 2059 1412">
    <p class='ocr_par' dir='ltr' id='par_1_11' title="bbox 484 1342 2059 1412">
     <span class='ocr_line' id='line_1_11' title="bbox 484 1342 2059 1412; baseline 0.001 -16"><span class='ocrx_word' id='word_1_81' title='bbox 484 1357 805 1412; x_wconf 88' lang='lat' dir='ltr'><strong>quacunque</strong></span> <span class='ocrx_word' id='word_1_82' title='bbox 836 1342 1174 1398; x_wconf 73' lang='lat' dir='ltr'><strong>immundi‘tia</strong></span> <span class='ocrx_word' id='word_1_83' title='bbox 1208 1345 1275 1398; x_wconf 90' lang='lat' dir='ltr'><strong>ad</strong></span> <span class='ocrx_word' id='word_1_84' title='bbox 1299 1342 1618 1412; x_wconf 83' lang='lat' dir='ltr'><strong>explendum</strong></span> <span class='ocrx_word' id='word_1_85' title='bbox 1638 1343 1875 1398; x_wconf 85' lang='lat' dir='ltr'><strong>libidinis</strong></span> <span class='ocrx_word' id='word_1_86' title='bbox 1906 1343 2059 1398; x_wconf 88' lang='lat' dir='ltr'><strong>ardo-</strong></span> 
     </span>
    </p>
   </div>
   <div class='ocr_carea' id='block_1_12' title="bbox 483 1430 2058 1490">
    <p class='ocr_par' dir='ltr' id='par_1_12' title="bbox 483 1430 2058 1490">
     <span class='ocr_line' id='line_1_12' title="bbox 483 1430 2058 1490; baseline 0.004 -7"><span class='ocrx_word' id='word_1_87' title='bbox 483 1444 620 1484; x_wconf 85' lang='lat' dir='ltr'><strong>rem.</strong></span> <span class='ocrx_word' id='word_1_88' title='bbox 657 1430 781 1486; x_wconf 84' lang='lat' dir='ltr'><strong>Haec</strong></span> <span class='ocrx_word' id='word_1_89' title='bbox 835 1439 1014 1487; x_wconf 90' lang='lat' dir='ltr'><strong>autem</strong></span> <span class='ocrx_word' id='word_1_90' title='bbox 1073 1432 1306 1490; x_wconf 82' lang='lat' dir='ltr'><strong>carnalis</strong></span> <span class='ocrx_word' id='word_1_91' title='bbox 1350 1433 1549 1490; x_wconf 81' lang='lat' dir='ltr'><strong>dicitur</strong></span> <span class='ocrx_word' id='word_1_92' title='bbox 1604 1431 2058 1490; x_wconf 85' lang='lat' dir='ltr'><strong>fornicatio..Se-</strong></span> 
     </span>
    </p>
   </div>
   <div class='ocr_carea' id='block_1_13' title="bbox 485 1523 2057 1598">
    <p class='ocr_par' dir='ltr' id='par_1_13' title="bbox 485 1523 2057 1598">
     <span class='ocr_line' id='line_1_13' title="bbox 485 1523 2057 1598; baseline 0.005 -23"><span class='ocrx_word' id='word_1_93' title='bbox 485 1523 660 1576; x_wconf 89' lang='lat' dir='ltr'><strong>cunda</strong></span> <span class='ocrx_word' id='word_1_94' title='bbox 704 1534 890 1578; x_wconf 88' lang='lat' dir='ltr'><strong>autem</strong></span> <span class='ocrx_word' id='word_1_95' title='bbox 929 1525 1191 1595; x_wconf 88' lang='lat' dir='ltr'><strong>spiritalis</strong></span> <span class='ocrx_word' id='word_1_96' title='bbox 1231 1525 1430 1582; x_wconf 92' lang='lat' dir='ltr'><strong>dicitur</strong></span> <span class='ocrx_word' id='word_1_97' title='bbox 1462 1525 1752 1583; x_wconf 86' lang='lat' dir='ltr'><strong>fornicatio</strong></span> <span class='ocrx_word' id='word_1_98' title='bbox 1789 1543 1908 1598; x_wconf 71' lang='lat' dir='ltr'><strong>qua:</strong></span> <span class='ocrx_word' id='word_1_99' title='bbox 1942 1525 2057 1584; x_wconf 91' lang='lat' dir='ltr'><strong>sola</strong></span> 
     </span>
    </p>
   </div>
   <div class='ocr_carea' id='block_1_14' title="bbox 485 1611 2056 1688">
    <p class='ocr_par' dir='ltr' id='par_1_14' title="bbox 485 1611 2056 1688">
     <span class='ocr_line' id='line_1_14' title="bbox 485 1611 2056 1688; baseline 0.005 -24"><span class='ocrx_word' id='word_1_100' title='bbox 485 1611 932 1680; x_wconf 66' lang='lat' dir='ltr'><strong>concupiscentia,</strong></span> <span class='ocrx_word' id='word_1_101' title='bbox 963 1621 1029 1668; x_wconf 88' lang='lat' dir='ltr'><strong>et.</strong></span> <span class='ocrx_word' id='word_1_102' title='bbox 1065 1613 1336 1671; x_wconf 89' lang='lat' dir='ltr'><strong>desiderio</strong></span> <span class='ocrx_word' id='word_1_103' title='bbox 1386 1624 1729 1686; x_wconf 88' lang='lat' dir='ltr'><strong>perpetratur</strong></span> <span class='ocrx_word' id='word_1_104' title='bbox 1769 1635 1807 1672; x_wconf 88' lang='lat'><strong>:.</strong></span> <span class='ocrx_word' id='word_1_105' title='bbox 1835 1616 1900 1672; x_wconf 90' lang='lat' dir='ltr'><strong>de</strong></span> <span class='ocrx_word' id='word_1_106' title='bbox 1951 1632 2056 1688; x_wconf 91' lang='lat' dir='ltr'><strong>qua</strong></span> 
     </span>
    </p>
   </div>
   <div class='ocr_carea' id='block_1_15' title="bbox 483 1701 2056 1772">
    <p class='ocr_par' dir='ltr' id='par_1_15' title="bbox 483 1701 2056 1772">
     <span class='ocr_line' id='line_1_15' title="bbox 483 1701 2056 1772; baseline 0.005 -17"><span class='ocrx_word' id='word_1_107' title='bbox 483 1701 755 1757; x_wconf 91' lang='lat' dir='ltr'><strong>Dominus.</strong></span> <span class='ocrx_word' id='word_1_108' title='bbox 782 1703 957 1761; x_wconf 81' lang='lat' dir='ltr'><strong>dicit:</strong></span> <span class='ocrx_word' id='word_1_109' title='bbox 1001 1724 1019 1758; x_wconf 76' lang='grc' dir='ltr'>ι</span> <span class='ocrx_word' id='word_1_110' title='bbox 1063 1705 1165 1772; x_wconf 86' lang='lat' dir='ltr'><strong>Qui</strong></span> <span class='ocrx_word' id='word_1_111' title='bbox 1197 1705 1395 1762; x_wconf 89' lang='lat' dir='ltr'><strong>viderit</strong></span> <span class='ocrx_word' id='word_1_112' title='bbox 1438 1708 1720 1764; x_wconf 86' lang='lat' dir='ltr'><strong>mulierem</strong></span> <span class='ocrx_word' id='word_1_113' title='bbox 1760 1709 1828 1764; x_wconf 91' lang='lat' dir='ltr'><strong>ad</strong></span> <span class='ocrx_word' id='word_1_114' title='bbox 1864 1723 2056 1765; x_wconf 87' lang='lat' dir='ltr'><strong>concu-</strong></span> 
     </span>
    </p>
   </div>
   <div class='ocr_carea' id='block_1_16' title="bbox 481 1791 2130 1874">
    <p class='ocr_par' dir='ltr' id='par_1_16' title="bbox 481 1791 2130 1874">
     <span class='ocr_line' id='line_1_16' title="bbox 481 1791 2130 1874; baseline 0.008 -30"><span class='ocrx_word' id='word_1_115' title='bbox 481 1791 795 1859; x_wconf 89' lang='lat' dir='ltr'><strong>piscendum</strong></span> <span class='ocrx_word' id='word_1_116' title='bbox 817 1808 937 1849; x_wconf 85' lang='lat' dir='ltr'><strong>eam</strong></span> <span class='ocrx_word' id='word_1_117' title='bbox 954 1835 968 1859; x_wconf 90' lang='lat'><strong>,</strong></span> <span class='ocrx_word' id='word_1_118' title='bbox 987 1794 1102 1863; x_wconf 89' lang='lat' dir='ltr'><strong>jam</strong></span> <span class='ocrx_word' id='word_1_119' title='bbox 1133 1796 1432 1852; x_wconf 83' lang='lat' dir='ltr'><strong>moechatus</strong></span> <span class='ocrx_word' id='word_1_120' title='bbox 1453 1806 1536 1853; x_wconf 90' lang='lat' dir='ltr'><strong>est</strong></span> <span class='ocrx_word' id='word_1_121' title='bbox 1556 1813 1674 1854; x_wconf 91' lang='lat' dir='ltr'><strong>eam</strong></span> <span class='ocrx_word' id='word_1_122' title='bbox 1700 1799 1754 1854; x_wconf 94' lang='lat' dir='ltr'><strong>in</strong></span> <span class='ocrx_word' id='word_1_123' title='bbox 1776 1801 1938 1856; x_wconf 87' lang='lat' dir='ltr'><strong>corde</strong></span> <span class='ocrx_word' id='word_1_124' title='bbox 1959 1816 2054 1857; x_wconf 93' lang='lat' dir='ltr'><strong>suo</strong></span> <span class='ocrx_word' id='word_1_125' title='bbox 2081 1813 2130 1874; x_wconf 84' lang='grc' dir='ltr'><strong>Β</strong></span> 
     </span>
    </p>
   </div>
   <div class='ocr_carea' id='block_1_17' title="bbox 483 1880 2056 1964">
    <p class='ocr_par' dir='ltr' id='par_1_17' title="bbox 483 1880 2056 1964">
     <span class='ocr_line' id='line_1_17' title="bbox 483 1880 2056 1964; baseline 0.009 -30"><span class='ocrx_word' id='word_1_126' title='bbox 483 1880 698 1951; x_wconf 75' lang='lat' dir='ltr'><strong>(Matth.</strong></span> <span class='ocrx_word' id='word_1_127' title='bbox 727 1899 790 1951; x_wconf 77' lang='lat' dir='ltr'><strong>v.,</strong></span> <span class='ocrx_word' id='word_1_128' title='bbox 821 1885 934 1956; x_wconf 71' lang='lat'><strong>28‘).</strong></span> <span class='ocrx_word' id='word_1_129' title='bbox 972 1906 991 1938; x_wconf 74' lang='grc' dir='ltr'><strong><em>ι</em></strong></span> <span class='ocrx_word' id='word_1_130' title='bbox 1017 1885 1142 1942; x_wconf 70' lang='lat' dir='ltr'><strong>Haec</strong></span> <span class='ocrx_word' id='word_1_131' title='bbox 1161 1894 1340 1943; x_wconf 90' lang='lat' dir='ltr'><strong>autem</strong></span> <span class='ocrx_word' id='word_1_132' title='bbox 1377 1896 1462 1944; x_wconf 90' lang='lat' dir='ltr'><strong>est</strong></span> <span class='ocrx_word' id='word_1_133' title='bbox 1499 1891 1658 1961; x_wconf 88' lang='lat' dir='ltr'><strong>hujus</strong></span> <span class='ocrx_word' id='word_1_134' title='bbox 1680 1891 2056 1964; x_wconf 72' lang='lat' dir='ltr'><strong>impurissime</strong></span> 
     </span>
    </p>
   </div>
   <div class='ocr_carea' id='block_1_18' title="bbox 479 1973 2065 2044">
    <p class='ocr_par' dir='ltr' id='par_1_18' title="bbox 479 1973 2065 2044">
     <span class='ocr_line' id='line_1_18' title="bbox 479 1973 2065 2044; baseline 0.006 -20"><span class='ocrx_word' id='word_1_135' title='bbox 479 1973 746 2041; x_wconf 84' lang='lat' dir='ltr'><strong>passionis</strong></span> <span class='ocrx_word' id='word_1_136' title='bbox 771 1973 1009 2044; x_wconf 88' lang='lat' dir='ltr'><strong>perfecta</strong></span> <span class='ocrx_word' id='word_1_137' title='bbox 1031 1977 1239 2033; x_wconf 86' lang='lat' dir='ltr'><strong>curatio</strong></span> <span class='ocrx_word' id='word_1_138' title='bbox 1259 2018 1274 2044; x_wconf 90' lang='lat'><strong>,</strong></span> <span class='ocrx_word' id='word_1_139' title='bbox 1301 1985 1361 2033; x_wconf 91' lang='lat' dir='ltr'><strong>ut</strong></span> <span class='ocrx_word' id='word_1_140' title='bbox 1381 1980 1663 2035; x_wconf 84' lang='lat' dir='ltr'><strong>subtrahat</strong></span> <span class='ocrx_word' id='word_1_141' title='bbox 1684 1997 1740 2038; x_wconf 92' lang='lat' dir='ltr'><strong>se</strong></span> <span class='ocrx_word' id='word_1_142' title='bbox 1760 1982 1933 2038; x_wconf 90' lang='lat' dir='ltr'><strong>modis</strong></span> <span class='ocrx_word' id='word_1_143' title='bbox 1947 1997 2065 2038; x_wconf 74' lang='lat' dir='ltr'><strong>om—.</strong></span> 
     </span>
    </p>
   </div>
   <div class='ocr_carea' id='block_1_19' title="bbox 481 2063 2056 2130">
    <p class='ocr_par' dir='ltr' id='par_1_19' title="bbox 481 2063 2056 2130">
     <span class='ocr_line' id='line_1_19' title="bbox 481 2063 2056 2130; baseline 0.01 -15"><span class='ocrx_word' id='word_1_144' title='bbox 481 2063 638 2118; x_wconf 91' lang='lat' dir='ltr'><strong>nibus</strong></span> <span class='ocrx_word' id='word_1_145' title='bbox 684 2065 752 2119; x_wconf 84' lang='lat' dir='ltr'><strong>ab</strong></span> <span class='ocrx_word' id='word_1_146' title='bbox 793 2081 980 2122; x_wconf 85' lang='lat' dir='ltr'><strong>eorum</strong></span> <span class='ocrx_word' id='word_1_147' title='bbox 1009 2069 1282 2125; x_wconf 90' lang='lat' dir='ltr'><strong>consortio</strong></span> <span class='ocrx_word' id='word_1_148' title='bbox 1317 2077 1373 2124; x_wconf 91' lang='lat' dir='ltr'><strong>et</strong></span> <span class='ocrx_word' id='word_1_149' title='bbox 1402 2071 1522 2126; x_wconf 91' lang='lat' dir='ltr'><strong>visu</strong></span> <span class='ocrx_word' id='word_1_150' title='bbox 1567 2071 1658 2126; x_wconf 94' lang='lat' dir='ltr'><strong>ubi</strong></span> <span class='ocrx_word' id='word_1_151' title='bbox 1728 2073 1842 2128; x_wconf 68' lang='lat' dir='ltr'><strong>haec</strong></span> <span class='ocrx_word' id='word_1_152' title='bbox 1880 2072 2056 2130; x_wconf 86' lang='lat' dir='ltr'><strong>latitat</strong></span> 
     </span>
    </p>
   </div>
   <div class='ocr_carea' id='block_1_20' title="bbox 481 2151 2054 2228">
    <p class='ocr_par' dir='ltr' id='par_1_20' title="bbox 481 2151 2054 2228">
     <span class='ocr_line' id='line_1_20' title="bbox 481 2151 2054 2228; baseline 0.011 -24"><span class='ocrx_word' id='word_1_153' title='bbox 481 2151 782 2208; x_wconf 87' lang='lat' dir='ltr'><strong>miserrima</strong></span> <span class='ocrx_word' id='word_1_154' title='bbox 807 2157 1020 2226; x_wconf 88' lang='lat' dir='ltr'><strong>passio,</strong></span> <span class='ocrx_word' id='word_1_155' title='bbox 1051 2166 1251 2214; x_wconf 89' lang='lat' dir='ltr'><strong>etcum</strong></span> <span class='ocrx_word' id='word_1_156' title='bbox 1283 2161 1527 2217; x_wconf 90' lang='lat' dir='ltr'><strong>oratione</strong></span> <span class='ocrx_word' id='word_1_157' title='bbox 1545 2162 1793 2228; x_wconf 82' lang='lat' dir='ltr'><strong>assidua,</strong></span> <span class='ocrx_word' id='word_1_158' title='bbox 1825 2163 2054 2222; x_wconf 88' lang='lat' dir='ltr'><strong>lectione</strong></span> 
     </span>
    </p>
   </div>
   <div class='ocr_carea' id='block_1_21' title="bbox 480 2241 2054 2330">
    <p class='ocr_par' dir='ltr' id='par_1_21' title="bbox 480 2241 2054 2330">
     <span class='ocr_line' id='line_1_21' title="bbox 480 2241 2054 2330; baseline 0.014 -37"><span class='ocrx_word' id='word_1_159' title='bbox 480 2241 837 2312; x_wconf 84' lang='lat' dir='ltr'><strong>creberrima,</strong></span> <span class='ocrx_word' id='word_1_160' title='bbox 860 2247 1162 2320; x_wconf 83' lang='lat' dir='ltr'><strong>vigiliisque</strong></span> <span class='ocrx_word' id='word_1_161' title='bbox 1184 2253 1451 2309; x_wconf 89' lang='lat' dir='ltr'><strong>continuis</strong></span> <span class='ocrx_word' id='word_1_162' title='bbox 1467 2255 1895 2312; x_wconf 86' lang='lat' dir='ltr'><strong>recordationem</strong></span> <span class='ocrx_word' id='word_1_163' title='bbox 1915 2258 2054 2330; x_wconf 83' lang='lat' dir='ltr'><strong>ignis</strong></span> 
     </span>
    </p>
   </div>
   <div class='ocr_carea' id='block_1_22' title="bbox 479 2329 2052 2416">
    <p class='ocr_par' dir='ltr' id='par_1_22' title="bbox 479 2329 2052 2416">
     <span class='ocr_line' id='line_1_22' title="bbox 479 2329 2052 2416; baseline 0.015 -36"><span class='ocrx_word' id='word_1_164' title='bbox 479 2329 758 2386; x_wconf 68' lang='lat' dir='ltr'><strong>aiterni&#39;ac</strong></span> <span class='ocrx_word' id='word_1_165' title='bbox 799 2334 1045 2391; x_wconf 88' lang='lat' dir='ltr'><strong>timorem</strong></span> <span class='ocrx_word' id='word_1_166' title='bbox 1084 2341 1386 2408; x_wconf 62' lang='lat' dir='ltr'><strong>praesentiae</strong></span> <span class='ocrx_word' id='word_1_167' title='bbox 1414 2342 1542 2410; x_wconf 88' lang='lat' dir='ltr'><strong>Dei,</strong></span> <span class='ocrx_word' id='word_1_168' title='bbox 1583 2345 1832 2416; x_wconf 88' lang='lat' dir='ltr'><strong>diemque</strong></span> <span class='ocrx_word' id='word_1_169' title='bbox 1862 2329 2052 2405; x_wconf 87' lang='lat' dir='ltr'><strong>mortis</strong></span> 
     </span>
    </p>
   </div>
   <div class='ocr_carea' id='block_1_23' title="bbox 481 2415 2046 2506">
    <p class='ocr_par' dir='ltr' id='par_1_23' title="bbox 481 2415 2046 2506">
     <span class='ocr_line' id='line_1_23' title="bbox 481 2415 2046 2506; baseline 0.018 -40"><span class='ocrx_word' id='word_1_170' title='bbox 481 2415 686 2484; x_wconf 84' lang='lat' dir='ltr'><strong>absque</strong></span> <span class='ocrx_word' id='word_1_171' title='bbox 725 2419 1273 2484; x_wconf 87' lang='lat' dir='ltr'><strong>ulla-intermissione</strong></span> <span class='ocrx_word' id='word_1_172' title='bbox 1304 2431 1687 2500; x_wconf 88' lang='lat' dir='ltr'><strong>pertimescat,</strong></span> <span class='ocrx_word' id='word_1_173' title='bbox 1729 2415 1781 2490; x_wconf 82' lang='lat' dir='ltr'><strong>et</strong></span> <span class='ocrx_word' id='word_1_174' title='bbox 1815 2435 2046 2506; x_wconf 71' lang='lat' dir='ltr'><strong>jejunia,</strong></span> 
     </span>
    </p>
   </div>
   <div class='ocr_carea' id='block_1_24' title="bbox 479 2505 2047 2599">
    <p class='ocr_par' dir='ltr' id='par_1_24' title="bbox 479 2505 2047 2599">
     <span class='ocr_line' id='line_1_24' title="bbox 479 2505 2047 2599; baseline 0.018 -44"><span class='ocrx_word' id='word_1_175' title='bbox 479 2505 821 2599; x_wconf 59' lang='lat' dir='ltr'><strong>Satiriemque</strong></span> <span class='ocrx_word' id='word_1_176' title='bbox 849 2509 1064 2583; x_wconf 81' lang='lat' dir='ltr'><strong>diligat,</strong></span> <span class='ocrx_word' id='word_1_177' title='bbox 1101 2525 1155 2571; x_wconf 90' lang='lat' dir='ltr'><strong>et</strong></span> <span class='ocrx_word' id='word_1_178' title='bbox 1182 2521 1518 2577; x_wconf 85' lang='lat' dir='ltr'><strong>saturitatem</strong></span> <span class='ocrx_word' id='word_1_179' title='bbox 1553 2525 1758 2580; x_wconf 88' lang='lat' dir='ltr'><strong>ventris</strong></span> <span class='ocrx_word' id='word_1_180' title='bbox 1799 2505 2047 2599; x_wconf 78' lang='lat' dir='ltr'><strong>refugiat.</strong></span> 
     </span>
    </p>
   </div>
   <div class='ocr_carea' id='block_1_25' title="bbox 478 2589 2052 2686">
    <p class='ocr_par' dir='ltr' id='par_1_25' title="bbox 478 2589 2052 2686">
     <span class='ocr_line' id='line_1_25' title="bbox 478 2589 2052 2686; baseline 0.019 -42"><span class='ocrx_word' id='word_1_181' title='bbox 478 2589 717 2650; x_wconf 80' lang='lat' dir='ltr'><strong>Pulchre</strong></span> <span class='ocrx_word' id='word_1_182' title='bbox 749 2608 969 2658; x_wconf 90' lang='lat' dir='ltr'><strong>sanctus</strong></span> <span class='ocrx_word' id='word_1_183' title='bbox 1013 2603 1326 2664; x_wconf 84' lang='lat' dir='ltr'><strong>Ambrosius</strong></span> <span class='ocrx_word' id='word_1_184' title='bbox 1369 2611 1684 2682; x_wconf 88' lang='lat' dir='ltr'><strong>episcopus,</strong></span> <span class='ocrx_word' id='word_1_185' title='bbox 1707 2623 1767 2670; x_wconf 89' lang='lat' dir='ltr'><strong>ut</strong></span> <span class='ocrx_word' id='word_1_186' title='bbox 1788 2589 2052 2686; x_wconf 70' lang='lat' dir='ltr'><strong>peritissi-</strong></span> 
     </span>
    </p>
   </div>
   <div class='ocr_carea' id='block_1_26' title="bbox 479 2684 2048 2765">
    <p class='ocr_par' dir='ltr' id='par_1_26' title="bbox 479 2684 2048 2765">
     <span class='ocr_line' id='line_1_26' title="bbox 479 2684 2048 2765; baseline 0.02 -32"><span class='ocrx_word' id='word_1_187' title='bbox 479 2696 601 2735; x_wconf 88' lang='lat' dir='ltr'><strong>mus</strong></span> <span class='ocrx_word' id='word_1_188' title='bbox 629 2684 869 2743; x_wconf 90' lang='lat' dir='ltr'><strong>medicus</strong></span> <span class='ocrx_word' id='word_1_189' title='bbox 895 2693 1104 2748; x_wconf 81' lang='lat' dir='ltr'><strong>cuidam</strong></span> <span class='ocrx_word' id='word_1_190' title='bbox 1129 2696 1233 2750; x_wconf 84' lang='lat' dir='ltr'><strong>tale</strong></span> <span class='ocrx_word' id='word_1_191' title='bbox 1261 2697 1408 2754; x_wconf 82' lang='lat' dir='ltr'><strong>dedit</strong></span> <span class='ocrx_word' id='word_1_192' title='bbox 1429 2703 1712 2760; x_wconf 93' lang='lat' dir='ltr'><strong>consilium</strong></span> <span class='ocrx_word' id='word_1_193' title='bbox 1747 2724 1760 2759; x_wconf 95' lang='lat'>:</span> <span class='ocrx_word' id='word_1_194' title='bbox 1788 2684 1970 2764; x_wconf 72' lang='lat' dir='ltr'><strong>statue</strong></span> <span class='ocrx_word' id='word_1_195' title='bbox 1995 2710 2048 2765; x_wconf 95' lang='lat' dir='ltr'><strong>in</strong></span> 
     </span>
    </p>
   </div>
   <div class='ocr_carea' id='block_1_27' title="bbox 476 2774 2066 2870">
    <p class='ocr_par' dir='ltr' id='par_1_27' title="bbox 476 2774 2066 2870">
     <span class='ocr_line' id='line_1_27' title="bbox 476 2774 2066 2870; baseline 0.021 -45"><span class='ocrx_word' id='word_1_196' title='bbox 476 2774 714 2841; x_wconf 85' lang='lat' dir='ltr'><strong>pondere</strong></span> <span class='ocrx_word' id='word_1_197' title='bbox 743 2795 934 2851; x_wconf 89' lang='lat' dir='ltr'><strong>panem</strong></span> <span class='ocrx_word' id='word_1_198' title='bbox 962 2789 1131 2850; x_wconf 91' lang='lat' dir='ltr'><strong>tuum,</strong></span> <span class='ocrx_word' id='word_1_199' title='bbox 1152 2798 1204 2841; x_wconf 88' lang='lat' dir='ltr'><strong>et</strong></span> <span class='ocrx_word' id='word_1_200' title='bbox 1231 2785 1354 2844; x_wconf 87' lang='lat' dir='ltr'><strong>bibe</strong></span> <span class='ocrx_word' id='word_1_201' title='bbox 1379 2805 1628 2848; x_wconf 88' lang='lat' dir='ltr'><strong>mensura</strong></span> <span class='ocrx_word' id='word_1_202' title='bbox 1656 2809 1850 2866; x_wconf 86' lang='lat' dir='ltr'><strong>aquam</strong></span> <span class='ocrx_word' id='word_1_203' title='bbox 1877 2807 2066 2870; x_wconf 82' lang='lat' dir='ltr'><strong>tuam,</strong></span> 
     </span>
    </p>
   </div>
   <div class='ocr_carea' id='block_1_28' title="bbox 475 2871 1527 2952">
    <p class='ocr_par' dir='ltr' id='par_1_28' title="bbox 475 2871 1527 2952">
     <span class='ocr_line' id='line_1_28' title="bbox 475 2871 1527 2952; baseline 0.016 -30"><span class='ocrx_word' id='word_1_204' title='bbox 475 2876 532 2923; x_wconf 88' lang='lat' dir='ltr'><strong>et</strong></span> <span class='ocrx_word' id='word_1_205' title='bbox 555 2871 775 2940; x_wconf 81' lang='lat' dir='ltr'><strong>spiritus</strong></span> <span class='ocrx_word' id='word_1_206' title='bbox 803 2874 1175 2934; x_wconf 74' lang='lat' dir='ltr'><strong>forniéatiOnis</strong></span> <span class='ocrx_word' id='word_1_207' title='bbox 1196 2878 1363 2952; x_wconf 84' lang='lat' dir='ltr'><strong>fugiet</strong></span> <span class='ocrx_word' id='word_1_208' title='bbox 1391 2896 1422 2938; x_wconf 87' lang='lat' dir='ltr'><strong>a</strong></span> <span class='ocrx_word' id='word_1_209' title='bbox 1457 2891 1527 2939; x_wconf 91' lang='lat' dir='ltr'><strong>te.</strong></span> 
     </span>
    </p>
   </div>
   <div class='ocr_carea' id='block_1_29' title="bbox 837 2987 1684 3068">
    <p class='ocr_par' dir='ltr' id='par_1_29' title="bbox 837 2987 1684 3068">
     <span class='ocr_line' id='line_1_29' title="bbox 837 2987 1684 3068; baseline 0.013 -26"><span class='ocrx_word' id='word_1_210' title='bbox 837 2987 964 3043; x_wconf 72' lang='lat' dir='ltr'><strong>Car.</strong></span> <span class='ocrx_word' id='word_1_211' title='bbox 1004 2988 1088 3045; x_wconf 84' lang='lat' dir='ltr'><strong>Li.</strong></span> <span class='ocrx_word' id='word_1_212' title='bbox 1129 3022 1200 3032; x_wconf 89' lang='lat'><em>—</em></span> <span class='ocrx_word' id='word_1_213' title='bbox 1235 2993 1312 3048; x_wconf 79' lang='lat' dir='ltr'><strong>De</strong></span> <span class='ocrx_word' id='word_1_214' title='bbox 1340 2995 1684 3068; x_wconf 82' lang='lat' dir='ltr'><strong>philargyria.</strong></span> 
     </span>
    </p>
   </div>
   <div class='ocr_carea' id='block_1_30' title="bbox 2155 656 3748 731">
    <p class='ocr_par' dir='ltr' id='par_1_30' title="bbox 2155 656 3748 731">
     <span class='ocr_line' id='line_1_30' title="bbox 2155 656 3748 731; baseline 0.004 -20"><span class='ocrx_word' id='word_1_215' title='bbox 2155 656 2285 712; x_wconf 90' lang='lat' dir='ltr'><strong>illud</strong></span> <span class='ocrx_word' id='word_1_216' title='bbox 2312 657 2452 728; x_wconf 81' lang='lat' dir='ltr'><strong>quod</strong></span> <span class='ocrx_word' id='word_1_217' title='bbox 2487 657 2542 712; x_wconf 92' lang='lat' dir='ltr'><strong>in</strong></span> <span class='ocrx_word' id='word_1_218' title='bbox 2572 657 2864 726; x_wconf 83' lang='lat' dir='ltr'><strong>Evangelio</strong></span> <span class='ocrx_word' id='word_1_219' title='bbox 2899 658 3051 713; x_wconf 89' lang='lat' dir='ltr'><strong>diviti</strong></span> <span class='ocrx_word' id='word_1_220' title='bbox 3081 658 3279 714; x_wconf 89' lang='lat' dir='ltr'><strong>dictum</strong></span> <span class='ocrx_word' id='word_1_221' title='bbox 3307 667 3394 715; x_wconf 86' lang='lat' dir='ltr'><strong>est</strong></span> <span class='ocrx_word' id='word_1_222' title='bbox 3427 678 3442 715; x_wconf 92' lang='lat'><strong>:</strong></span> <span class='ocrx_word' id='word_1_223' title='bbox 3480 679 3501 713; x_wconf 74' lang='grc' dir='ltr'>ι</span> <span class='ocrx_word' id='word_1_224' title='bbox 3539 660 3748 731; x_wconf 82' lang='lat' dir='ltr'><strong>Stulte,</strong></span> 
     </span>
    </p>
   </div>
   <div class='ocr_carea' id='block_1_31' title="bbox 2153 746 3747 824">
    <p class='ocr_par' dir='ltr' id='par_1_31' title="bbox 2153 746 3747 824">
     <span class='ocr_line' id='line_1_31' title="bbox 2153 746 3747 824; baseline 0.006 -22"><span class='ocrx_word' id='word_1_225' title='bbox 2153 746 2258 802; x_wconf 92' lang='lat' dir='ltr'><strong>bac</strong></span> <span class='ocrx_word' id='word_1_226' title='bbox 2283 756 2438 804; x_wconf 90' lang='lat' dir='ltr'><strong>nocte</strong></span> <span class='ocrx_word' id='word_1_227' title='bbox 2478 749 2712 803; x_wconf 90' lang='lat' dir='ltr'><strong>animam</strong></span> <span class='ocrx_word' id='word_1_228' title='bbox 2753 757 2900 804; x_wconf 89' lang='lat' dir='ltr'><strong>tuam</strong></span> <span class='ocrx_word' id='word_1_229' title='bbox 2935 759 3188 821; x_wconf 81' lang='lat' dir='ltr'><strong>expetent</strong></span> <span class='ocrx_word' id='word_1_230' title='bbox 3221 768 3251 807; x_wconf 87' lang='lat' dir='ltr'><strong>a</strong></span> <span class='ocrx_word' id='word_1_231' title='bbox 3289 759 3364 820; x_wconf 93' lang='lat' dir='ltr'><strong>te,</strong></span> <span class='ocrx_word' id='word_1_232' title='bbox 3395 768 3523 824; x_wconf 72' lang='lat' dir='ltr'><strong>quae</strong></span> <span class='ocrx_word' id='word_1_233' title='bbox 3563 763 3747 811; x_wconf 79' lang='lat' dir='ltr'><strong>autem</strong></span> 
     </span>
    </p>
   </div>
   <div class='ocr_carea' id='block_1_32' title="bbox 2152 838 3750 915">
    <p class='ocr_par' dir='ltr' id='par_1_32' title="bbox 2152 838 3750 915">
     <span class='ocr_line' id='line_1_32' title="bbox 2152 838 3750 915; baseline 0.007 -23"><span class='ocrx_word' id='word_1_234' title='bbox 2152 839 2386 909; x_wconf 85' lang='lat' dir='ltr'><strong>parasti,</strong></span> <span class='ocrx_word' id='word_1_235' title='bbox 2426 838 2579 908; x_wconf 87' lang='lat' dir='ltr'><strong>cujus</strong></span> <span class='ocrx_word' id='word_1_236' title='bbox 2607 841 2802 895; x_wconf 87' lang='lat' dir='ltr'><strong>erunt?</strong></span> <span class='ocrx_word' id='word_1_237' title='bbox 2843 840 2994 912; x_wconf 84' lang='lat' dir='ltr'><strong>(Luc.</strong></span> <span class='ocrx_word' id='word_1_238' title='bbox 3022 859 3133 909; x_wconf 79' lang='lat' dir='ltr'><strong>xu,</strong></span> <span class='ocrx_word' id='word_1_239' title='bbox 3174 843 3289 915; x_wconf 76' lang='lat'><strong>20.)</strong></span> <span class='ocrx_word' id='word_1_240' title='bbox 3330 864 3350 898; x_wconf 72' lang='grc' dir='ltr'><strong>ι</strong></span> <span class='ocrx_word' id='word_1_241' title='bbox 3388 845 3492 901; x_wconf 89' lang='lat' dir='ltr'><strong>sed</strong></span> <span class='ocrx_word' id='word_1_242' title='bbox 3524 854 3585 902; x_wconf 89' lang='lat' dir='ltr'><strong>et</strong></span> <span class='ocrx_word' id='word_1_243' title='bbox 3615 849 3750 903; x_wconf 83' lang='lat' dir='ltr'><strong>assi-</strong></span> 
     </span>
    </p>
   </div>
   <div class='ocr_carea' id='block_1_33' title="bbox 2155 928 3749 1005">
    <p class='ocr_par' dir='ltr' id='par_1_33' title="bbox 2155 928 3749 1005">
     <span class='ocr_line' id='line_1_33' title="bbox 2155 928 3749 1005; baseline 0.008 -22"><span class='ocrx_word' id='word_1_244' title='bbox 2155 928 2292 984; x_wconf 92' lang='lat' dir='ltr'><strong>duus</strong></span> <span class='ocrx_word' id='word_1_245' title='bbox 2319 929 2413 985; x_wconf 91' lang='lat' dir='ltr'><strong>Dei</strong></span> <span class='ocrx_word' id='word_1_246' title='bbox 2443 931 2605 985; x_wconf 89' lang='lat' dir='ltr'><strong>timor</strong></span> <span class='ocrx_word' id='word_1_247' title='bbox 2630 938 2686 987; x_wconf 90' lang='lat' dir='ltr'><strong>et</strong></span> <span class='ocrx_word' id='word_1_248' title='bbox 2711 932 3016 990; x_wconf 90' lang='lat' dir='ltr'><strong>recordatio</strong></span> <span class='ocrx_word' id='word_1_249' title='bbox 3041 936 3444 1005; x_wconf 70' lang='lat' dir='ltr'><strong>praeteritorum</strong></span> <span class='ocrx_word' id='word_1_250' title='bbox 3473 938 3749 995; x_wconf 82' lang='lat' dir='ltr'><strong>scelerum</strong></span> 
     </span>
    </p>
   </div>
   <div class='ocr_carea' id='block_1_34' title="bbox 2144 1019 3749 1092">
    <p class='ocr_par' dir='ltr' id='par_1_34' title="bbox 2144 1019 3749 1092">
     <span class='ocr_line' id='line_1_34' title="bbox 2144 1019 3749 1092; baseline 0.007 -18"><span class='ocrx_word' id='word_1_251' title='bbox 2144 1027 2210 1074; x_wconf 86' lang='lat' dir='ltr'><strong>et</strong></span> <span class='ocrx_word' id='word_1_252' title='bbox 2239 1019 2475 1077; x_wconf 87' lang='lat' dir='ltr'><strong>fraterna</strong></span> <span class='ocrx_word' id='word_1_253' title='bbox 2502 1021 2742 1077; x_wconf 89' lang='lat' dir='ltr'><strong>cbaritas</strong></span> <span class='ocrx_word' id='word_1_254' title='bbox 2766 1031 2821 1077; x_wconf 89' lang='lat' dir='ltr'><strong>et</strong></span> <span class='ocrx_word' id='word_1_255' title='bbox 2855 1038 3018 1092; x_wconf 87' lang='lat' dir='ltr'><strong>opera</strong></span> <span class='ocrx_word' id='word_1_256' title='bbox 3049 1025 3474 1092; x_wconf 61' lang='lat' dir='ltr'><strong>misericordia,</strong></span> <span class='ocrx_word' id='word_1_257' title='bbox 3503 1029 3749 1085; x_wconf 78' lang='lat' dir='ltr'><strong>eleemo-</strong></span> 
     </span>
    </p>
   </div>
   <div class='ocr_carea' id='block_1_35' title="bbox 2155 1113 3748 1186">
    <p class='ocr_par' dir='ltr' id='par_1_35' title="bbox 2155 1113 3748 1186">
     <span class='ocr_line' id='line_1_35' title="bbox 2155 1113 3748 1186; baseline 0.006 -21"><span class='ocrx_word' id='word_1_258' title='bbox 2155 1127 2518 1184; x_wconf 87' lang='lat' dir='ltr'><strong>synarumque</strong></span> <span class='ocrx_word' id='word_1_259' title='bbox 2541 1113 2626 1182; x_wconf 88' lang='lat' dir='ltr'><strong>pia</strong></span> <span class='ocrx_word' id='word_1_260' title='bbox 2648 1113 2862 1184; x_wconf 80' lang='lat' dir='ltr'><strong>largitio</strong></span> <span class='ocrx_word' id='word_1_261' title='bbox 2881 1155 2897 1179; x_wconf 95' lang='lat'><strong>,</strong></span> <span class='ocrx_word' id='word_1_262' title='bbox 2925 1129 3151 1186; x_wconf 87' lang='lat' dir='ltr'><strong>spesque</strong></span> <span class='ocrx_word' id='word_1_263' title='bbox 3181 1115 3380 1173; x_wconf 77' lang='lat' dir='ltr'><strong>futura:</strong></span> <span class='ocrx_word' id='word_1_264' title='bbox 3401 1119 3748 1185; x_wconf 84' lang='lat' dir='ltr'><strong>beatudinis,</strong></span> 
     </span>
    </p>
   </div>
   <div class='ocr_carea' id='block_1_36' title="bbox 2153 1202 3749 1284">
    <p class='ocr_par' dir='ltr' id='par_1_36' title="bbox 2153 1202 3749 1284">
     <span class='ocr_line' id='line_1_36' title="bbox 2153 1202 3749 1284; baseline 0.005 -26"><span class='ocrx_word' id='word_1_265' title='bbox 2153 1211 2209 1258; x_wconf 89' lang='lat' dir='ltr'><strong>et</strong></span> <span class='ocrx_word' id='word_1_266' title='bbox 2237 1202 2413 1258; x_wconf 89' lang='lat' dir='ltr'><strong>oratio</strong></span> <span class='ocrx_word' id='word_1_267' title='bbox 2441 1203 2778 1279; x_wconf 35' lang='lat' dir='ltr'><strong>cum-cordis</strong></span> <span class='ocrx_word' id='word_1_268' title='bbox 2806 1205 3122 1275; x_wconf 81' lang='lat' dir='ltr'><strong>cognatione</strong></span> <span class='ocrx_word' id='word_1_269' title='bbox 3147 1205 3338 1278; x_wconf 84' lang='lat' dir='ltr'><strong>[Forte</strong></span> <span class='ocrx_word' id='word_1_270' title='bbox 3365 1211 3749 1284; x_wconf 80' lang='lat' dir='ltr'><strong>contritione],</strong></span> 
     </span>
    </p>
   </div>
   <div class='ocr_carea' id='block_1_37' title="bbox 2155 1290 3764 1364">
    <p class='ocr_par' dir='ltr' id='par_1_37' title="bbox 2155 1290 3764 1364">
     <span class='ocr_line' id='line_1_37' title="bbox 2155 1290 3764 1364; baseline 0.007 -21"><span class='ocrx_word' id='word_1_271' title='bbox 2155 1290 2369 1344; x_wconf 88' lang='lat' dir='ltr'><strong>assidua</strong></span> <span class='ocrx_word' id='word_1_272' title='bbox 2387 1330 2401 1356; x_wconf 93' lang='lat'><strong>,</strong></span> <span class='ocrx_word' id='word_1_273' title='bbox 2433 1290 2577 1348; x_wconf 88' lang='lat' dir='ltr'><strong>hanc</strong></span> <span class='ocrx_word' id='word_1_274' title='bbox 2597 1292 2963 1364; x_wconf 86' lang='lat' dir='ltr'><strong>serpentinam</strong></span> <span class='ocrx_word' id='word_1_275' title='bbox 2989 1302 3045 1350; x_wconf 88' lang='lat' dir='ltr'><strong>et</strong></span> <span class='ocrx_word' id='word_1_276' title='bbox 3069 1295 3392 1353; x_wconf 85' lang='lat' dir='ltr'><strong>virulentatn</strong></span> <span class='ocrx_word' id='word_1_277' title='bbox 3414 1298 3764 1357; x_wconf 80' lang='lat' dir='ltr'><strong>mortiﬁcant.</strong></span> 
     </span>
    </p>
   </div>
   <div class='ocr_carea' id='block_1_38' title="bbox 2153 1393 2508 1450">
    <p class='ocr_par' dir='ltr' id='par_1_38' title="bbox 2153 1393 2508 1450">
     <span class='ocr_line' id='line_1_38' title="bbox 2153 1393 2508 1450; baseline 0.003 -15"><span class='ocrx_word' id='word_1_278' title='bbox 2153 1393 2480 1450; x_wconf 79' lang='lat' dir='ltr'><strong>passionem.</strong></span> <span class='ocrx_word' id='word_1_279' title='bbox 2505 1434 2508 1436; x_wconf 93' lang='lat'><em>_</em></span> 
     </span>
    </p>
   </div>
   <div class='ocr_carea' id='block_1_39' title="bbox 2622 1515 3282 1579">
    <p class='ocr_par' dir='ltr' id='par_1_39' title="bbox 2622 1515 3282 1579">
     <span class='ocr_line' id='line_1_39' title="bbox 2622 1515 3282 1579; baseline 0.009 -5"><span class='ocrx_word' id='word_1_280' title='bbox 2622 1515 2752 1574; x_wconf 64' lang='lat' dir='ltr'><strong>Cir.</strong></span> <span class='ocrx_word' id='word_1_281' title='bbox 2790 1517 2904 1574; x_wconf 72' lang='lat' dir='ltr'><strong>L‘ll‘.‘</strong></span> <span class='ocrx_word' id='word_1_282' title='bbox 2935 1550 3008 1562; x_wconf 95' lang='lat'><strong>—</strong></span> <span class='ocrx_word' id='word_1_283' title='bbox 3041 1520 3120 1579; x_wconf 83' lang='lat' dir='ltr'><strong>De</strong></span> <span class='ocrx_word' id='word_1_284' title='bbox 3155 1523 3282 1579; x_wconf 50' lang='lat' dir='ltr'><strong>ira-</strong></span> 
     </span>
    </p>
   </div>
   <div class='ocr_carea' id='block_1_40' title="bbox 2225 1640 3745 1731">
    <p class='ocr_par' dir='ltr' id='par_1_40' title="bbox 2225 1640 3745 1731">
     <span class='ocr_line' id='line_1_40' title="bbox 2225 1640 3745 1731; baseline 0.011 -30"><span class='ocrx_word' id='word_1_285' title='bbox 2225 1644 2560 1718; x_wconf 46' lang='lat' dir='ltr'><strong>(Caralim</strong></span> <span class='ocrx_word' id='word_1_286' title='bbox 2593 1640 2700 1706; x_wconf 83' lang='lat' dir='ltr'><strong>duo</strong></span> <span class='ocrx_word' id='word_1_287' title='bbox 2729 1661 2856 1707; x_wconf 88' lang='lat' dir='ltr'><strong>sunt</strong></span> <span class='ocrx_word' id='word_1_288' title='bbox 2887 1668 3082 1725; x_wconf 88' lang='lat' dir='ltr'><strong>genera</strong></span> <span class='ocrx_word' id='word_1_289' title='bbox 3102 1695 3119 1722; x_wconf 92' lang='lat'><strong>,</strong></span> <span class='ocrx_word' id='word_1_290' title='bbox 3156 1671 3328 1712; x_wconf 90' lang='lat' dir='ltr'><strong>unum</strong></span> <span class='ocrx_word' id='word_1_291' title='bbox 3364 1657 3745 1731; x_wconf 78' lang='lat' dir='ltr'><strong>salutifero,</strong></span> 
     </span>
    </p>
   </div>
   <div class='ocr_carea' id='block_1_41' title="bbox 2156 1732 3746 1818">
    <p class='ocr_par' dir='ltr' id='par_1_41' title="bbox 2156 1732 3746 1818">
     <span class='ocr_line' id='line_1_41' title="bbox 2156 1732 3746 1818; baseline 0.014 -31"><span class='ocrx_word' id='word_1_292' title='bbox 2156 1732 2385 1789; x_wconf 88' lang='lat' dir='ltr'><strong>alterum</strong></span> <span class='ocrx_word' id='word_1_293' title='bbox 2407 1738 2763 1794; x_wconf 88' lang='lat' dir='ltr'><strong>mortiferum.</strong></span> <span class='ocrx_word' id='word_1_294' title='bbox 2793 1741 2876 1798; x_wconf 90' lang='lat' dir='ltr'><strong>lra</strong></span> <span class='ocrx_word' id='word_1_295' title='bbox 2909 1743 3163 1801; x_wconf 88' lang='lat' dir='ltr'><strong>salutaris</strong></span> <span class='ocrx_word' id='word_1_296' title='bbox 3189 1754 3302 1811; x_wconf 86' lang='lat' dir='ltr'><strong>est,</strong></span> <span class='ocrx_word' id='word_1_297' title='bbox 3338 1751 3568 1818; x_wconf 82' lang='lat' dir='ltr'><strong>quando</strong></span> <span class='ocrx_word' id='word_1_298' title='bbox 3589 1752 3746 1809; x_wconf 81' lang='lat' dir='ltr'><strong>homo</strong></span> 
     </span>
    </p>
   </div>
   <div class='ocr_carea' id='block_1_42' title="bbox 2155 1828 3742 1908">
    <p class='ocr_par' dir='ltr' id='par_1_42' title="bbox 2155 1828 3742 1908">
     <span class='ocr_line' id='line_1_42' title="bbox 2155 1828 3742 1908; baseline 0.011 -29"><span class='ocrx_word' id='word_1_299' title='bbox 2155 1834 2341 1880; x_wconf 90' lang='lat' dir='ltr'><strong>contra</strong></span> <span class='ocrx_word' id='word_1_300' title='bbox 2383 1828 2600 1898; x_wconf 90' lang='lat' dir='ltr'><strong>propria</strong></span> <span class='ocrx_word' id='word_1_301' title='bbox 2636 1829 2889 1886; x_wconf 89' lang='lat' dir='ltr'><strong>irascitur</strong></span> <span class='ocrx_word' id='word_1_302' title='bbox 2915 1844 3137 1904; x_wconf 88' lang='lat' dir='ltr'><strong>peccata</strong></span> <span class='ocrx_word' id='word_1_303' title='bbox 3176 1844 3233 1892; x_wconf 92' lang='lat' dir='ltr'><strong>et</strong></span> <span class='ocrx_word' id='word_1_304' title='bbox 3265 1847 3466 1892; x_wconf 84' lang='lat' dir='ltr'><strong>contra</strong></span> <span class='ocrx_word' id='word_1_305' title='bbox 3513 1841 3742 1908; x_wconf 84' lang='lat' dir='ltr'><strong>seipsum</strong></span> 
     </span>
    </p>
   </div>
   <div class='ocr_carea' id='block_1_43' title="bbox 2151 1915 3760 1994">
    <p class='ocr_par' dir='ltr' id='par_1_43' title="bbox 2151 1915 3760 1994">
     <span class='ocr_line' id='line_1_43' title="bbox 2151 1915 3760 1994; baseline 0.012 -25"><span class='ocrx_word' id='word_1_306' title='bbox 2151 1915 2492 1988; x_wconf 81' lang='lat' dir='ltr'><strong>indignatur,</strong></span> <span class='ocrx_word' id='word_1_307' title='bbox 2537 1921 2662 1976; x_wconf 90' lang='lat' dir='ltr'><strong>dum</strong></span> <span class='ocrx_word' id='word_1_308' title='bbox 2700 1921 2840 1978; x_wconf 90' lang='lat' dir='ltr'><strong>male</strong></span> <span class='ocrx_word' id='word_1_309' title='bbox 2879 1925 3021 1994; x_wconf 86' lang='lat' dir='ltr'><strong>agit,</strong></span> <span class='ocrx_word' id='word_1_310' title='bbox 3061 1935 3117 1981; x_wconf 85' lang='lat' dir='ltr'><strong>et</strong></span> <span class='ocrx_word' id='word_1_311' title='bbox 3152 1937 3345 1982; x_wconf 86' lang='lat' dir='ltr'><strong>contra</strong></span> <span class='ocrx_word' id='word_1_312' title='bbox 3399 1928 3760 1987; x_wconf 62' lang='lat' dir='ltr'><strong>lascivientis.</strong></span> 
     </span>
    </p>
   </div>
   <div class='ocr_carea' id='block_1_44' title="bbox 2150 2010 3750 2094">
    <p class='ocr_par' dir='ltr' id='par_1_44' title="bbox 2150 2010 3750 2094">
     <span class='ocr_line' id='line_1_44' title="bbox 2150 2010 3750 2094; baseline 0.01 -31"><span class='ocrx_word' id='word_1_313' title='bbox 2150 2010 2329 2065; x_wconf 90' lang='lat' dir='ltr'><strong>cordis</strong></span> <span class='ocrx_word' id='word_1_314' title='bbox 2355 2011 2438 2065; x_wconf 91' lang='lat' dir='ltr'><strong>sui</strong></span> <span class='ocrx_word' id='word_1_315' title='bbox 2466 2020 2643 2069; x_wconf 90' lang='lat' dir='ltr'><strong>motus</strong></span> <span class='ocrx_word' id='word_1_316' title='bbox 2684 2014 3024 2085; x_wconf 85' lang='lat' dir='ltr'><strong>indignanter</strong></span> <span class='ocrx_word' id='word_1_317' title='bbox 3061 2018 3338 2086; x_wconf 88' lang='lat' dir='ltr'><strong>infremit,</strong></span> <span class='ocrx_word' id='word_1_318' title='bbox 3384 2030 3445 2077; x_wconf 90' lang='lat' dir='ltr'><strong>et</strong></span> <span class='ocrx_word' id='word_1_319' title='bbox 3512 2037 3579 2076; x_wconf 82' lang='lat' dir='ltr'><strong>ea</strong></span> <span class='ocrx_word' id='word_1_320' title='bbox 3635 2039 3750 2094; x_wconf 68' lang='lat' dir='ltr'><strong>qua:</strong></span> 
     </span>
    </p>
   </div>
   <div class='ocr_carea' id='block_1_45' title="bbox 2150 2107 3744 2185">
    <p class='ocr_par' dir='ltr' id='par_1_45' title="bbox 2150 2107 3744 2185">
     <span class='ocr_line' id='line_1_45' title="bbox 2150 2107 3744 2185; baseline 0.012 -33"><span class='ocrx_word' id='word_1_321' title='bbox 2150 2113 2310 2172; x_wconf 80' lang='lat' dir='ltr'><strong>agere</strong></span> <span class='ocrx_word' id='word_1_322' title='bbox 2350 2110 2506 2174; x_wconf 84' lang='lat' dir='ltr'><strong>turpe</strong></span> <span class='ocrx_word' id='word_1_323' title='bbox 2541 2112 2626 2160; x_wconf 89' lang='lat' dir='ltr'><strong>est</strong></span> <span class='ocrx_word' id='word_1_324' title='bbox 2663 2120 2846 2161; x_wconf 90' lang='lat' dir='ltr'><strong>coram</strong></span> <span class='ocrx_word' id='word_1_325' title='bbox 2869 2107 3192 2177; x_wconf 88' lang='lat' dir='ltr'><strong>hominibus,</strong></span> <span class='ocrx_word' id='word_1_326' title='bbox 3237 2111 3326 2167; x_wconf 88' lang='lat' dir='ltr'><strong>vel</strong></span> <span class='ocrx_word' id='word_1_327' title='bbox 3361 2113 3656 2185; x_wconf 82' lang='lat' dir='ltr'><strong>proloqui,</strong></span> <span class='ocrx_word' id='word_1_328' title='bbox 3693 2118 3744 2171; x_wconf 87' lang='lat' dir='ltr'><strong>in</strong></span> 
     </span>
    </p>
   </div>
   <div class='ocr_carea' id='block_1_46' title="bbox 2149 2189 3738 2277">
    <p class='ocr_par' dir='ltr' id='par_1_46' title="bbox 2149 2189 3738 2277">
     <span class='ocr_line' id='line_1_46' title="bbox 2149 2189 3738 2277; baseline 0.011 -33"><span class='ocrx_word' id='word_1_329' title='bbox 2149 2189 2384 2248; x_wconf 90' lang='lat' dir='ltr'><strong>latebras</strong></span> <span class='ocrx_word' id='word_1_330' title='bbox 2409 2195 2718 2252; x_wconf 90' lang='lat' dir='ltr'><strong>ascendisse</strong></span> <span class='ocrx_word' id='word_1_331' title='bbox 2747 2199 2846 2252; x_wconf 88' lang='lat' dir='ltr'><strong>sui.</strong></span> <span class='ocrx_word' id='word_1_332' title='bbox 2865 2200 3100 2268; x_wconf 85' lang='lat' dir='ltr'><strong>pectoris</strong></span> <span class='ocrx_word' id='word_1_333' title='bbox 3138 2201 3502 2273; x_wconf 78' lang='lat' dir='ltr'><strong>indignatur,</strong></span> <span class='ocrx_word' id='word_1_334' title='bbox 3534 2208 3738 2277; x_wconf 76' lang='lat' dir='ltr'><strong>angelo-</strong></span> 
     </span>
    </p>
   </div>
   <div class='ocr_carea' id='block_1_47' title="bbox 2150 2285 3742 2362">
    <p class='ocr_par' dir='ltr' id='par_1_47' title="bbox 2150 2285 3742 2362">
     <span class='ocr_line' id='line_1_47' title="bbox 2150 2285 3742 2362; baseline 0.011 -26"><span class='ocrx_word' id='word_1_335' title='bbox 2150 2297 2272 2337; x_wconf 92' lang='lat' dir='ltr'><strong>rum</strong></span> <span class='ocrx_word' id='word_1_336' title='bbox 2317 2285 2526 2340; x_wconf 89' lang='lat' dir='ltr'><strong>scilicet</strong></span> <span class='ocrx_word' id='word_1_337' title='bbox 2577 2301 2642 2342; x_wconf 91' lang='lat' dir='ltr'><strong>ac</strong></span> <span class='ocrx_word' id='word_1_338' title='bbox 2687 2289 2778 2343; x_wconf 90' lang='lat' dir='ltr'><strong>Dei</strong></span> <span class='ocrx_word' id='word_1_339' title='bbox 2819 2289 2992 2359; x_wconf 88' lang='lat' dir='ltr'><strong>ipsius</strong></span> <span class='ocrx_word' id='word_1_340' title='bbox 3033 2295 3421 2362; x_wconf 65' lang='lat' dir='ltr'><strong>prmsentiam,</strong></span> <span class='ocrx_word' id='word_1_341' title='bbox 3484 2299 3576 2351; x_wconf 81' lang='lat' dir='ltr'><strong>cui</strong></span> <span class='ocrx_word' id='word_1_342' title='bbox 3613 2299 3742 2354; x_wconf 71' lang='lat' dir='ltr'><strong>nulla</strong></span> 
     </span>
    </p>
   </div>
   <div class='ocr_carea' id='block_1_48' title="bbox 2151 2373 3741 2449">
    <p class='ocr_par' dir='ltr' id='par_1_48' title="bbox 2151 2373 3741 2449">
     <span class='ocr_line' id='line_1_48' title="bbox 2151 2373 3741 2449; baseline 0.011 -22"><span class='ocrx_word' id='word_1_343' title='bbox 2151 2373 2318 2430; x_wconf 86' lang='lat' dir='ltr'><strong>latent</strong></span> <span class='ocrx_word' id='word_1_344' title='bbox 2338 2385 2566 2444; x_wconf 89' lang='lat' dir='ltr'><strong>secreta,</strong></span> <span class='ocrx_word' id='word_1_345' title='bbox 2591 2379 3010 2449; x_wconf 74' lang='lat' dir='ltr'><strong>pertimescens-</strong></span> <span class='ocrx_word' id='word_1_346' title='bbox 3028 2383 3233 2438; x_wconf 89' lang='lat' dir='ltr'><strong>Taliter</strong></span> <span class='ocrx_word' id='word_1_347' title='bbox 3260 2400 3365 2440; x_wconf 91' lang='lat' dir='ltr'><strong>nos</strong></span> <span class='ocrx_word' id='word_1_348' title='bbox 3397 2386 3572 2442; x_wconf 79' lang='lat' dir='ltr'><strong>irasci</strong></span> <span class='ocrx_word' id='word_1_349' title='bbox 3593 2389 3741 2443; x_wconf 76' lang='lat' dir='ltr'><strong>etiam</strong></span> 
     </span>
    </p>
   </div>
   <div class='ocr_carea' id='block_1_49' title="bbox 2151 2465 3746 2539">
    <p class='ocr_par' dir='ltr' id='par_1_49' title="bbox 2151 2465 3746 2539">
     <span class='ocr_line' id='line_1_49' title="bbox 2151 2465 3746 2539; baseline 0.009 -19"><span class='ocrx_word' id='word_1_350' title='bbox 2151 2465 2236 2520; x_wconf 89' lang='lat' dir='ltr'><strong>ille</strong></span> <span class='ocrx_word' id='word_1_351' title='bbox 2264 2467 2525 2538; x_wconf 81' lang='lat' dir='ltr'><strong>propheta</strong></span> <span class='ocrx_word' id='word_1_352' title='bbox 2556 2469 2718 2524; x_wconf 84' lang='lat' dir='ltr'><strong>docet</strong></span> <span class='ocrx_word' id='word_1_353' title='bbox 2737 2471 2830 2539; x_wconf 92' lang='lat' dir='ltr'><strong>qui</strong></span> <span class='ocrx_word' id='word_1_354' title='bbox 2870 2471 3000 2526; x_wconf 85' lang='lat' dir='ltr'><strong>dicit</strong></span> <span class='ocrx_word' id='word_1_355' title='bbox 3031 2491 3044 2527; x_wconf 93' lang='lat'>:</span> <span class='ocrx_word' id='word_1_356' title='bbox 3078 2491 3097 2524; x_wconf 71' lang='grc' dir='ltr'><strong>ε</strong></span> <span class='ocrx_word' id='word_1_357' title='bbox 3133 2473 3442 2531; x_wconf 87' lang='lat' dir='ltr'><strong>Irascimini</strong></span> <span class='ocrx_word' id='word_1_358' title='bbox 3475 2487 3548 2532; x_wconf 84' lang='lat' dir='ltr'><strong>.et</strong></span> <span class='ocrx_word' id='word_1_359' title='bbox 3585 2479 3746 2535; x_wconf 80' lang='lat' dir='ltr'><strong>nolite</strong></span> 
     </span>
    </p>
   </div>
   <div class='ocr_carea' id='block_1_50' title="bbox 2149 2558 3746 2632">
    <p class='ocr_par' dir='ltr' id='par_1_50' title="bbox 2149 2558 3746 2632">
     <span class='ocr_line' id='line_1_50' title="bbox 2149 2558 3746 2632; baseline 0.009 -21"><span class='ocrx_word' id='word_1_360' title='bbox 2149 2572 2374 2626; x_wconf 88' lang='lat' dir='ltr'><strong>peccare</strong></span> <span class='ocrx_word' id='word_1_361' title='bbox 2414 2558 2586 2630; x_wconf 79' lang='lat' dir='ltr'><strong>(Psal.</strong></span> <span class='ocrx_word' id='word_1_362' title='bbox 2637 2576 2720 2626; x_wconf 82' lang='lat' dir='ltr'><strong>tv,</strong></span> <span class='ocrx_word' id='word_1_363' title='bbox 2781 2561 2948 2632; x_wconf 57' lang='lat'><strong>5),.1.</strong></span> <span class='ocrx_word' id='word_1_364' title='bbox 2968 2562 3021 2618; x_wconf 89' lang='lat' dir='ltr'><strong>id</strong></span> <span class='ocrx_word' id='word_1_365' title='bbox 3051 2572 3161 2628; x_wconf 84' lang='lat' dir='ltr'><strong>est,</strong></span> <span class='ocrx_word' id='word_1_366' title='bbox 3193 2565 3506 2623; x_wconf 76' lang='lat' dir='ltr'><strong>irascimini</strong></span> <span class='ocrx_word' id='word_1_367' title='bbox 3557 2572 3746 2626; x_wconf 74' lang='lat' dir='ltr'><strong>vestris</strong></span> 
     </span>
    </p>
   </div>
   <div class='ocr_carea' id='block_1_51' title="bbox 2148 2649 3740 2731">
    <p class='ocr_par' dir='ltr' id='par_1_51' title="bbox 2148 2649 3740 2731">
     <span class='ocr_line' id='line_1_51' title="bbox 2148 2649 3740 2731; baseline 0.009 -28"><span class='ocrx_word' id='word_1_368' title='bbox 2148 2649 2295 2705; x_wconf 90' lang='lat' dir='ltr'><strong>vitiis</strong></span> <span class='ocrx_word' id='word_1_369' title='bbox 2329 2665 2394 2706; x_wconf 89' lang='lat' dir='ltr'><strong>ac</strong></span> <span class='ocrx_word' id='word_1_370' title='bbox 2424 2652 2857 2724; x_wconf 84' lang='lat' dir='ltr'><strong>suggestionibus</strong></span> <span class='ocrx_word' id='word_1_371' title='bbox 2901 2655 3116 2725; x_wconf 88' lang='lat' dir='ltr'><strong>pravis,</strong></span> <span class='ocrx_word' id='word_1_372' title='bbox 3158 2666 3215 2713; x_wconf 90' lang='lat' dir='ltr'><strong>et</strong></span> <span class='ocrx_word' id='word_1_373' title='bbox 3253 2658 3426 2715; x_wconf 89' lang='lat' dir='ltr'><strong>nolite</strong></span> <span class='ocrx_word' id='word_1_374' title='bbox 3473 2675 3740 2731; x_wconf 69' lang='lat' dir='ltr'><strong>pecare,</strong></span> 
     </span>
    </p>
   </div>
   <div class='ocr_carea' id='block_1_52' title="bbox 2149 2740 3745 2826">
    <p class='ocr_par' dir='ltr' id='par_1_52' title="bbox 2149 2740 3745 2826">
     <span class='ocr_line' id='line_1_52' title="bbox 2149 2740 3745 2826; baseline 0.008 -31"><span class='ocrx_word' id='word_1_375' title='bbox 2149 2740 2202 2796; x_wconf 87' lang='lat' dir='ltr'><strong>id</strong></span> <span class='ocrx_word' id='word_1_376' title='bbox 2229 2750 2311 2798; x_wconf 89' lang='lat' dir='ltr'><strong>est</strong></span> <span class='ocrx_word' id='word_1_377' title='bbox 2328 2783 2343 2808; x_wconf 94' lang='lat'><strong>,</strong></span> <span class='ocrx_word' id='word_1_378' title='bbox 2391 2757 2586 2813; x_wconf 86' lang='lat' dir='ltr'><strong>pravas</strong></span> <span class='ocrx_word' id='word_1_379' title='bbox 2613 2751 2668 2800; x_wconf 86' lang='lat' dir='ltr'><strong>et</strong></span> <span class='ocrx_word' id='word_1_380' title='bbox 2703 2745 2876 2802; x_wconf 88' lang='lat' dir='ltr'><strong>malas</strong></span> <span class='ocrx_word' id='word_1_381' title='bbox 2900 2747 3253 2818; x_wconf 78' lang='lat' dir='ltr'><strong>cogitationes</strong></span> <span class='ocrx_word' id='word_1_382' title='bbox 3281 2759 3510 2808; x_wconf 81' lang='lat' dir='ltr'><strong>vestras</strong></span> <span class='ocrx_word' id='word_1_383' title='bbox 3536 2768 3604 2809; x_wconf 84' lang='lat' dir='ltr'><strong>ac</strong></span> <span class='ocrx_word' id='word_1_384' title='bbox 3625 2770 3745 2826; x_wconf 84' lang='lat' dir='ltr'><strong>sg-</strong></span> 
     </span>
    </p>
   </div>
   <div class='ocr_carea' id='block_1_53' title="bbox 2146 2833 3764 2915">
    <p class='ocr_par' dir='ltr' id='par_1_53' title="bbox 2146 2833 3764 2915">
     <span class='ocr_line' id='line_1_53' title="bbox 2146 2833 3764 2915; baseline 0.007 -29"><span class='ocrx_word' id='word_1_385' title='bbox 2146 2833 2413 2902; x_wconf 87' lang='lat' dir='ltr'><strong>gestiones</strong></span> <span class='ocrx_word' id='word_1_386' title='bbox 2466 2835 2535 2890; x_wconf 88' lang='lat' dir='ltr'><strong>ad</strong></span> <span class='ocrx_word' id='word_1_387' title='bbox 2585 2836 2834 2893; x_wconf 69' lang='lat' dir='ltr'><strong>effectum</strong></span> <span class='ocrx_word' id='word_1_388' title='bbox 2882 2848 2938 2894; x_wconf 92' lang='lat' dir='ltr'><strong>et</strong></span> <span class='ocrx_word' id='word_1_389' title='bbox 2989 2855 3122 2910; x_wconf 91' lang='lat' dir='ltr'><strong>opus</strong></span> <span class='ocrx_word' id='word_1_390' title='bbox 3166 2841 3372 2897; x_wconf 88' lang='lat' dir='ltr'><strong>malum</strong></span> <span class='ocrx_word' id='word_1_391' title='bbox 3421 2846 3764 2915; x_wconf 74' lang='lat' dir='ltr'><strong>perducere,</strong></span> 
     </span>
    </p>
   </div>
   <div class='ocr_carea' id='block_1_54' title="bbox 2147 2920 3738 2996">
    <p class='ocr_par' dir='ltr' id='par_1_54' title="bbox 2147 2920 3738 2996">
     <span class='ocr_line' id='line_1_54' title="bbox 2147 2920 3738 2996; baseline 0.01 -20"><span class='ocrx_word' id='word_1_392' title='bbox 2147 2920 2235 2976; x_wconf 92' lang='lat' dir='ltr'><strong>ille</strong></span> <span class='ocrx_word' id='word_1_393' title='bbox 2255 2922 2454 2978; x_wconf 89' lang='lat' dir='ltr'><strong>etenim</strong></span> <span class='ocrx_word' id='word_1_394' title='bbox 2480 2939 2602 2980; x_wconf 90' lang='lat' dir='ltr'><strong>cum</strong></span> <span class='ocrx_word' id='word_1_395' title='bbox 2629 2940 2825 2996; x_wconf 90' lang='lat' dir='ltr'><strong>aquam</strong></span> <span class='ocrx_word' id='word_1_396' title='bbox 2855 2927 2919 2983; x_wconf 89' lang='lat' dir='ltr'><strong>de</strong></span> <span class='ocrx_word' id='word_1_397' title='bbox 2949 2927 3185 2985; x_wconf 89' lang='lat' dir='ltr'><strong>cisterna</strong></span> <span class='ocrx_word' id='word_1_398' title='bbox 3210 2930 3604 2990; x_wconf 85' lang='lat' dir='ltr'><strong>Bethlemitica</strong></span> <span class='ocrx_word' id='word_1_399' title='bbox 3623 2952 3738 2991; x_wconf 81' lang='lat' dir='ltr'><strong>eon-</strong></span> 
     </span>
    </p>
   </div>
   <div class='ocr_carea' id='block_1_55' title="bbox 2147 3014 3744 3097">
    <p class='ocr_par' dir='ltr' id='par_1_55' title="bbox 2147 3014 3744 3097">
     <span class='ocr_line' id='line_1_55' title="bbox 2147 3014 3744 3097; baseline 0.008 -27"><span class='ocrx_word' id='word_1_400' title='bbox 2147 3014 2413 3084; x_wconf 89' lang='lat' dir='ltr'><strong>cupisset,</strong></span> <span class='ocrx_word' id='word_1_401' title='bbox 2459 3032 2524 3073; x_wconf 86' lang='lat' dir='ltr'><strong>ea</strong></span> <span class='ocrx_word' id='word_1_402' title='bbox 2578 3017 2708 3073; x_wconf 67' lang='lat' dir='ltr'><strong>sibi.</strong></span> <span class='ocrx_word' id='word_1_403' title='bbox 2735 3018 2925 3086; x_wconf 77' lang='lat' dir='ltr'><strong>allata,</strong></span> <span class='ocrx_word' id='word_1_404' title='bbox 2973 3021 3146 3078; x_wconf 86' lang='lat' dir='ltr'><strong>iratus</strong></span> <span class='ocrx_word' id='word_1_405' title='bbox 3193 3031 3392 3078; x_wconf 77' lang='lat' dir='ltr'><strong>contra</strong></span> <span class='ocrx_word' id='word_1_406' title='bbox 3425 3027 3744 3097; x_wconf 80' lang='lat' dir='ltr'><strong>cupiditatis</strong></span> 
     </span>
    </p>
   </div>
   <div class='ocr_carea' id='block_1_56' title="bbox 543 3094 3740 3184">
    <p class='ocr_par' dir='ltr' id='par_1_56' title="bbox 543 3094 3740 3184">
     <span class='ocr_line' id='line_1_56' title="bbox 543 3094 3740 3184; baseline 0.012 -36"><span class='ocrx_word' id='word_1_407' title='bbox 543 3094 724 3170; x_wconf 82' lang='lat' dir='ltr'><strong>(Isid.)</strong></span> <span class='ocrx_word' id='word_1_408' title='bbox 743 3098 1074 3173; x_wconf 81' lang='lat' dir='ltr'><strong>Philargyria</strong></span> <span class='ocrx_word' id='word_1_409' title='bbox 1095 3145 1109 3169; x_wconf 93' lang='lat'><strong>,</strong></span> <span class='ocrx_word' id='word_1_410' title='bbox 1132 3120 1250 3174; x_wconf 66' lang='lat' dir='ltr'><strong>quae</strong></span> <span class='ocrx_word' id='word_1_411' title='bbox 1263 3106 1644 3178; x_wconf 81' lang='lat' dir='ltr'><strong>interpretatur</strong></span> <span class='ocrx_word' id='word_1_412' title='bbox 1661 3113 1907 3182; x_wconf 87' lang='lat' dir='ltr'><strong>avaritia,</strong></span> <span class='ocrx_word' id='word_1_413' title='bbox 1933 3116 2055 3173; x_wconf 86' lang='lat' dir='ltr'><strong>sive</strong></span> <span class='ocrx_word' id='word_1_414' title='bbox 2074 3161 2115 3184; x_wconf 66' lang='grc' dir='ltr'>η</span> <span class='ocrx_word' id='word_1_415' title='bbox 2149 3123 2259 3164; x_wconf 62' lang='lat' dir='ltr'><strong>suae</strong></span> <span class='ocrx_word' id='word_1_416' title='bbox 2287 3109 2582 3178; x_wconf 67' lang='grc' dir='ltr'><strong>ἀθείάθΐὶίιο</strong></span> <span class='ocrx_word' id='word_1_417' title='bbox 2621 3113 2801 3168; x_wconf 58' lang='lat' dir='ltr'><strong>ﬁlatim</strong></span> <span class='ocrx_word' id='word_1_418' title='bbox 2843 3113 2984 3170; x_wconf 72' lang='grc' dir='ltr'><strong>Γυάίῑ</strong></span> <span class='ocrx_word' id='word_1_419' title='bbox 3026 3131 3147 3172; x_wconf 72' lang='lat' dir='ltr'><strong>eam</strong></span> <span class='ocrx_word' id='word_1_420' title='bbox 3186 3117 3241 3172; x_wconf 75' lang='lat' dir='ltr'><strong>in</strong></span> <span class='ocrx_word' id='word_1_421' title='bbox 3279 3126 3432 3173; x_wconf 67' lang='lat' dir='ltr'><strong>lem</strong></span> <span class='ocrx_word' id='word_1_422' title='bbox 3453 3159 3472 3184; x_wconf 70' lang='grc' dir='ltr'><strong><em>ν</em></strong></span> <span class='ocrx_word' id='word_1_423' title='bbox 3503 3094 3740 3176; x_wconf 46' lang='lat' dir='ltr'><strong>hiems:</strong></span> 
     </span>
    </p>
   </div>
   <div class='ocr_carea' id='block_1_57' title="bbox 476 3192 2048 3272">
    <p class='ocr_par' dir='ltr' id='par_1_57' title="bbox 476 3192 2048 3272">
     <span class='ocr_line' id='line_1_57' title="bbox 476 3192 2048 3272; baseline 0.017 -33"><span class='ocrx_word' id='word_1_424' title='bbox 476 3200 629 3242; x_wconf 82' lang='lat' dir='ltr'><strong>arnor</strong></span> <span class='ocrx_word' id='word_1_425' title='bbox 652 3192 912 3258; x_wconf 66' lang='lat' dir='ltr'><strong>pecuniae,</strong></span> <span class='ocrx_word' id='word_1_426' title='bbox 945 3194 1184 3250; x_wconf 91' lang='lat' dir='ltr'><strong>omnium</strong></span> <span class='ocrx_word' id='word_1_427' title='bbox 1219 3197 1505 3254; x_wconf 85' lang='lat' dir='ltr'><strong>criminum</strong></span> <span class='ocrx_word' id='word_1_428' title='bbox 1527 3205 1755 3258; x_wconf 88' lang='lat' dir='ltr'><strong>materia</strong></span> <span class='ocrx_word' id='word_1_429' title='bbox 1785 3215 1889 3272; x_wconf 88' lang='lat' dir='ltr'><strong>est,</strong></span> <span class='ocrx_word' id='word_1_430' title='bbox 1907 3208 2048 3265; x_wconf 86' lang='lat' dir='ltr'><strong>unde</strong></span> 
     </span>
    </p>
   </div>
   <div class='ocr_carea' id='block_1_58' title="bbox 473 3279 2052 3359">
    <p class='ocr_par' dir='ltr' id='par_1_58' title="bbox 473 3279 2052 3359">
     <span class='ocr_line' id='line_1_58' title="bbox 473 3279 2052 3359; baseline 0.017 -27"><span class='ocrx_word' id='word_1_431' title='bbox 473 3287 528 3332; x_wconf 88' lang='lat' dir='ltr'><strong>et</strong></span> <span class='ocrx_word' id='word_1_432' title='bbox 577 3279 862 3350; x_wconf 80' lang='lat' dir='ltr'><strong>Apostolus</strong></span> <span class='ocrx_word' id='word_1_433' title='bbox 907 3286 1030 3341; x_wconf 89' lang='lat' dir='ltr'><strong>ait:</strong></span> <span class='ocrx_word' id='word_1_434' title='bbox 1079 3304 1098 3338; x_wconf 85' lang='grc'><strong><em>‹</em></strong></span> <span class='ocrx_word' id='word_1_435' title='bbox 1145 3288 1317 3344; x_wconf 79' lang='lat' dir='ltr'><strong>Radix</strong></span> <span class='ocrx_word' id='word_1_436' title='bbox 1365 3293 1606 3348; x_wconf 89' lang='lat' dir='ltr'><strong>omnium</strong></span> <span class='ocrx_word' id='word_1_437' title='bbox 1653 3297 1920 3354; x_wconf 88' lang='lat' dir='ltr'><strong>malorum</strong></span> <span class='ocrx_word' id='word_1_438' title='bbox 1963 3313 2052 3359; x_wconf 86' lang='lat' dir='ltr'><strong>est</strong></span> 
     </span>
    </p>
   </div>
   <div class='ocr_carea' id='block_1_59' title="bbox 470 3369 2043 3459">
    <p class='ocr_par' dir='ltr' id='par_1_59' title="bbox 470 3369 2043 3459">
     <span class='ocr_line' id='line_1_59' title="bbox 470 3369 2043 3459; baseline 0.017 -37"><span class='ocrx_word' id='word_1_439' title='bbox 470 3369 738 3459; x_wconf 86' lang='lat' dir='ltr'><strong>cupiditas</strong></span> <span class='ocrx_word' id='word_1_440' title='bbox 771 3372 825 3444; x_wconf 94' lang='lat' dir='ltr'><strong>(I</strong></span> <span class='ocrx_word' id='word_1_441' title='bbox 849 3373 980 3428; x_wconf 87' lang='lat' dir='ltr'><strong>Tim.</strong></span> <span class='ocrx_word' id='word_1_442' title='bbox 1010 3392 1092 3440; x_wconf 85' lang='lat' dir='ltr'><strong>vt,</strong></span> <span class='ocrx_word' id='word_1_443' title='bbox 1118 3376 1206 3446; x_wconf 83' lang='lat' dir='ltr'><strong>l0)</strong></span> <span class='ocrx_word' id='word_1_444' title='bbox 1226 3418 1240 3441; x_wconf 94' lang='lat'><strong>,</strong></span> <span class='ocrx_word' id='word_1_445' title='bbox 1277 3397 1294 3430; x_wconf 74' lang='grc' dir='ltr'><strong><em>ι</em></strong></span> <span class='ocrx_word' id='word_1_446' title='bbox 1335 3381 1480 3435; x_wconf 91' lang='lat' dir='ltr'><strong>omni</strong></span> <span class='ocrx_word' id='word_1_447' title='bbox 1511 3393 1731 3451; x_wconf 90' lang='lat' dir='ltr'><strong>peccato</strong></span> <span class='ocrx_word' id='word_1_448' title='bbox 1760 3388 1913 3457; x_wconf 86' lang='lat' dir='ltr'><strong>pejor</strong></span> <span class='ocrx_word' id='word_1_449' title='bbox 1939 3400 2043 3459; x_wconf 91' lang='lat' dir='ltr'><strong>est,</strong></span> 
     </span>
    </p>
   </div>
   <div class='ocr_carea' id='block_1_60' title="bbox 473 3458 2072 3543">
    <p class='ocr_par' dir='ltr' id='par_1_60' title="bbox 473 3458 2072 3543">
     <span class='ocr_line' id='line_1_60' title="bbox 473 3458 2072 3543; baseline 0.018 -34"><span class='ocrx_word' id='word_1_450' title='bbox 473 3458 700 3514; x_wconf 71' lang='lat' dir='ltr'><strong>avaritia</strong></span> <span class='ocrx_word' id='word_1_451' title='bbox 728 3469 782 3516; x_wconf 89' lang='lat' dir='ltr'><strong>et</strong></span> <span class='ocrx_word' id='word_1_452' title='bbox 819 3477 968 3515; x_wconf 86' lang='lat' dir='ltr'><strong>amor</strong></span> <span class='ocrx_word' id='word_1_453' title='bbox 995 3467 1362 3532; x_wconf 87' lang='lat' dir='ltr'><strong>pecuniarum.</strong></span> <span class='ocrx_word' id='word_1_454' title='bbox 1397 3469 1548 3526; x_wconf 91' lang='lat' dir='ltr'><strong>Unde</strong></span> <span class='ocrx_word' id='word_1_455' title='bbox 1579 3489 1678 3543; x_wconf 89' lang='lat' dir='ltr'><strong>per</strong></span> <span class='ocrx_word' id='word_1_456' title='bbox 1703 3458 2072 3536; x_wconf 76' lang='lat' dir='ltr'><strong>Salomonenr-</strong></span> 
     </span>
    </p>
   </div>
   <div class='ocr_carea' id='block_1_61' title="bbox 470 3546 2044 3639">
    <p class='ocr_par' dir='ltr' id='par_1_61' title="bbox 470 3546 2044 3639">
     <span class='ocr_line' id='line_1_61' title="bbox 470 3546 2044 3639; baseline 0.018 -39"><span class='ocrx_word' id='word_1_457' title='bbox 470 3546 670 3602; x_wconf 89' lang='lat' dir='ltr'><strong>dicitur</strong></span> <span class='ocrx_word' id='word_1_458' title='bbox 706 3566 720 3604; x_wconf 87' lang='lat'><strong>:</strong></span> <span class='ocrx_word' id='word_1_459' title='bbox 758 3567 777 3601; x_wconf 82' lang='grc'><strong>‹</strong></span> <span class='ocrx_word' id='word_1_460' title='bbox 807 3551 944 3606; x_wconf 85' lang='lat' dir='ltr'><strong>Nihil</strong></span> <span class='ocrx_word' id='word_1_461' title='bbox 969 3563 1054 3608; x_wconf 88' lang='lat' dir='ltr'><strong>est</strong></span> <span class='ocrx_word' id='word_1_462' title='bbox 1077 3556 1355 3614; x_wconf 88' lang='lat' dir='ltr'><strong>scelestius</strong></span> <span class='ocrx_word' id='word_1_463' title='bbox 1375 3575 1534 3630; x_wconf 89' lang='lat' dir='ltr'><strong>quam</strong></span> <span class='ocrx_word' id='word_1_464' title='bbox 1559 3579 1740 3622; x_wconf 90' lang='lat' dir='ltr'><strong>amare</strong></span> <span class='ocrx_word' id='word_1_465' title='bbox 1763 3571 2044 3639; x_wconf 87' lang='lat' dir='ltr'><strong>pecuniam</strong></span> 
     </span>
    </p>
   </div>
   <div class='ocr_carea' id='block_1_62' title="bbox 469 3635 2040 3729">
    <p class='ocr_par' dir='ltr' id='par_1_62' title="bbox 469 3635 2040 3729">
     <span class='ocr_line' id='line_1_62' title="bbox 469 3635 2040 3729; baseline 0.02 -42"><span class='ocrx_word' id='word_1_466' title='bbox 469 3635 659 3708; x_wconf 83' lang='lat' dir='ltr'><strong>(Eccli.</strong></span> <span class='ocrx_word' id='word_1_467' title='bbox 687 3655 738 3705; x_wconf 71' lang='grc' dir='ltr'><strong>ι,</strong></span> <span class='ocrx_word' id='word_1_468' title='bbox 769 3640 847 3713; x_wconf 85' lang='grc'><strong>9),</strong></span> <span class='ocrx_word' id='word_1_469' title='bbox 861 3664 896 3695; x_wconf 75' lang='grc' dir='ltr'><strong>,ι</strong></span> <span class='ocrx_word' id='word_1_470' title='bbox 915 3643 1028 3699; x_wconf 72' lang='lat' dir='ltr'><strong>hmo</strong></span> <span class='ocrx_word' id='word_1_471' title='bbox 1043 3645 1184 3701; x_wconf 91' lang='lat' dir='ltr'><strong>enim</strong></span> <span class='ocrx_word' id='word_1_472' title='bbox 1209 3648 1442 3704; x_wconf 88' lang='lat' dir='ltr'><strong>animam</strong></span> <span class='ocrx_word' id='word_1_473' title='bbox 1456 3667 1608 3708; x_wconf 89' lang='lat' dir='ltr'><strong>suam</strong></span> <span class='ocrx_word' id='word_1_474' title='bbox 1624 3635 1868 3714; x_wconf 79' lang='lat' dir='ltr'><strong>venalem</strong></span> <span class='ocrx_word' id='word_1_475' title='bbox 1895 3662 2040 3729; x_wconf 88' lang='lat' dir='ltr'><strong>facit,</strong></span> 
     </span>
    </p>
   </div>
   <div class='ocr_carea' id='block_1_63' title="bbox 467 3729 2042 3809">
    <p class='ocr_par' dir='ltr' id='par_1_63' title="bbox 467 3729 2042 3809">
     <span class='ocr_line' id='line_1_63' title="bbox 467 3729 2042 3809; baseline 0.019 -30"><span class='ocrx_word' id='word_1_476' title='bbox 467 3729 719 3796; x_wconf 89' lang='lat' dir='ltr'><strong>quoniam</strong></span> <span class='ocrx_word' id='word_1_477' title='bbox 759 3731 813 3786; x_wconf 92' lang='lat' dir='ltr'><strong>in</strong></span> <span class='ocrx_word' id='word_1_478' title='bbox 857 3733 964 3788; x_wconf 88' lang='lat' dir='ltr'><strong>vita</strong></span> <span class='ocrx_word' id='word_1_479' title='bbox 1008 3751 1104 3791; x_wconf 91' lang='lat' dir='ltr'><strong>sua</strong></span> <span class='ocrx_word' id='word_1_480' title='bbox 1132 3738 1360 3808; x_wconf 87' lang='lat' dir='ltr'><strong>projecit</strong></span> <span class='ocrx_word' id='word_1_481' title='bbox 1400 3741 1589 3799; x_wconf 89' lang='lat' dir='ltr'><strong>intima</strong></span> <span class='ocrx_word' id='word_1_482' title='bbox 1625 3761 1742 3803; x_wconf 88' lang='lat' dir='ltr'><strong>sua.</strong></span> <span class='ocrx_word' id='word_1_483' title='bbox 1777 3749 1874 3806; x_wconf 89' lang='lat' dir='ltr'><strong>Est</strong></span> <span class='ocrx_word' id='word_1_484' title='bbox 1896 3753 2042 3809; x_wconf 89' lang='lat' dir='ltr'><strong>enim</strong></span> 
     </span>
    </p>
   </div>
   <div class='ocr_carea' id='block_1_64' title="bbox 465 3817 2046 3906">
    <p class='ocr_par' dir='ltr' id='par_1_64' title="bbox 465 3817 2046 3906">
     <span class='ocr_line' id='line_1_64' title="bbox 465 3817 2046 3906; baseline 0.018 -36"><span class='ocrx_word' id='word_1_485' title='bbox 465 3817 790 3891; x_wconf 84' lang='lat' dir='ltr'><strong>philargyria</strong></span> <span class='ocrx_word' id='word_1_486' title='bbox 827 3824 992 3892; x_wconf 83' lang='lat' dir='ltr'><strong>pestis</strong></span> <span class='ocrx_word' id='word_1_487' title='bbox 1021 3825 1407 3899; x_wconf 88' lang='lat' dir='ltr'><strong>insaturabilis,</strong></span> <span class='ocrx_word' id='word_1_488' title='bbox 1437 3839 1497 3886; x_wconf 89' lang='lat' dir='ltr'><strong>ut</strong></span> <span class='ocrx_word' id='word_1_489' title='bbox 1523 3833 1598 3888; x_wconf 89' lang='lat' dir='ltr'><strong>ait</strong></span> <span class='ocrx_word' id='word_1_490' title='bbox 1620 3837 1860 3906; x_wconf 87' lang='lat' dir='ltr'><strong>quidam.</strong></span> <span class='ocrx_word' id='word_1_491' title='bbox 1897 3839 2046 3897; x_wconf 89' lang='lat' dir='ltr'><strong>Sem-</strong></span> 
     </span>
    </p>
   </div>
   <div class='ocr_carea' id='block_1_65' title="bbox 466 3909 2045 4002">
    <p class='ocr_par' dir='ltr' id='par_1_65' title="bbox 466 3909 2045 4002">
     <span class='ocr_line' id='line_1_65' title="bbox 466 3909 2045 4002; baseline 0.017 -41"><span class='ocrx_word' id='word_1_492' title='bbox 466 3923 588 3975; x_wconf 89' lang='lat' dir='ltr'><strong>per,</strong></span> <span class='ocrx_word' id='word_1_493' title='bbox 621 3909 821 3982; x_wconf 91' lang='lat' dir='ltr'><strong>inquit,</strong></span> <span class='ocrx_word' id='word_1_494' title='bbox 848 3929 1044 3972; x_wconf 88' lang='lat' dir='ltr'><strong>avarus</strong></span> <span class='ocrx_word' id='word_1_495' title='bbox 1063 3925 1216 3989; x_wconf 90' lang='lat' dir='ltr'><strong>eget,</strong></span> <span class='ocrx_word' id='word_1_496' title='bbox 1248 3922 1374 3990; x_wconf 90' lang='lat' dir='ltr'><strong>quia</strong></span> <span class='ocrx_word' id='word_1_497' title='bbox 1392 3963 1407 3989; x_wconf 91' lang='lat'><strong>,</strong></span> <span class='ocrx_word' id='word_1_498' title='bbox 1440 3935 1642 3993; x_wconf 89' lang='lat' dir='ltr'><strong>quanto</strong></span> <span class='ocrx_word' id='word_1_499' title='bbox 1668 3931 1838 4000; x_wconf 82' lang='lat' dir='ltr'><strong>magis</strong></span> <span class='ocrx_word' id='word_1_500' title='bbox 1864 3933 2045 4002; x_wconf 88' lang='lat' dir='ltr'><strong>acqui-</strong></span> 
     </span>
    </p>
   </div>
   <div class='ocr_carea' id='block_1_66' title="bbox 469 3999 2043 4080">
    <p class='ocr_par' dir='ltr' id='par_1_66' title="bbox 469 3999 2043 4080">
     <span class='ocr_line' id='line_1_66' title="bbox 469 3999 2043 4080; baseline 0.018 -28"><span class='ocrx_word' id='word_1_501' title='bbox 469 3999 543 4053; x_wconf 89' lang='lat' dir='ltr'><strong>rit</strong></span> <span class='ocrx_word' id='word_1_502' title='bbox 589 4007 738 4058; x_wconf 89' lang='lat' dir='ltr'><strong>tanto</strong></span> <span class='ocrx_word' id='word_1_503' title='bbox 783 4005 1012 4074; x_wconf 84' lang='lat' dir='ltr'><strong>amplius</strong></span> <span class='ocrx_word' id='word_1_504' title='bbox 1037 4011 1250 4078; x_wconf 78' lang='lat' dir='ltr'><strong>quan-it.</strong></span> <span class='ocrx_word' id='word_1_505' title='bbox 1289 4013 1405 4068; x_wconf 84' lang='lat' dir='ltr'><strong>Non</strong></span> <span class='ocrx_word' id='word_1_506' title='bbox 1445 4016 1617 4072; x_wconf 92' lang='lat' dir='ltr'><strong>solum</strong></span> <span class='ocrx_word' id='word_1_507' title='bbox 1657 3999 1926 4078; x_wconf 88' lang='lat' dir='ltr'><strong>desiderio</strong></span> <span class='ocrx_word' id='word_1_508' title='bbox 1946 3999 2043 4080; x_wconf 78' lang='lat' dir='ltr'><strong>au-</strong></span> 
     </span>
    </p>
   </div>
   <div class='ocr_carea' id='block_1_67' title="bbox 468 4092 2038 4185">
    <p class='ocr_par' dir='ltr' id='par_1_67' title="bbox 468 4092 2038 4185">
     <span class='ocr_line' id='line_1_67' title="bbox 468 4092 2038 4185; baseline 0.018 -42"><span class='ocrx_word' id='word_1_509' title='bbox 468 4092 624 4162; x_wconf 77' lang='lat' dir='ltr'><strong>gcntli</strong></span> <span class='ocrx_word' id='word_1_510' title='bbox 641 4096 1008 4164; x_wconf 82' lang='lat' dir='ltr'><strong>excruciatur,</strong></span> <span class='ocrx_word' id='word_1_511' title='bbox 1033 4102 1124 4155; x_wconf 89' lang='lat' dir='ltr'><strong>sed</strong></span> <span class='ocrx_word' id='word_1_512' title='bbox 1139 4103 1300 4158; x_wconf 90' lang='lat' dir='ltr'><strong>etiam</strong></span> <span class='ocrx_word' id='word_1_513' title='bbox 1321 4106 1601 4165; x_wconf 88' lang='lat' dir='ltr'><strong>amittendi</strong></span> <span class='ocrx_word' id='word_1_514' title='bbox 1619 4121 1762 4167; x_wconf 88' lang='lat' dir='ltr'><strong>metu</strong></span> <span class='ocrx_word' id='word_1_515' title='bbox 1783 4113 2038 4185; x_wconf 80' lang='lat' dir='ltr'><strong>afﬁcitur,</strong></span> 
     </span>
    </p>
   </div>
   <div class='ocr_carea' id='block_1_68' title="bbox 467 4179 2034 4274">
    <p class='ocr_par' dir='ltr' id='par_1_68' title="bbox 467 4179 2034 4274">
     <span class='ocr_line' id='line_1_68' title="bbox 467 4179 2034 4274; baseline 0.02 -42"><span class='ocrx_word' id='word_1_516' title='bbox 467 4179 530 4234; x_wconf 87' lang='lat' dir='ltr'><strong>tit</strong></span> <span class='ocrx_word' id='word_1_517' title='bbox 573 4183 716 4236; x_wconf 90' lang='lat' dir='ltr'><strong>enim</strong></span> <span class='ocrx_word' id='word_1_518' title='bbox 773 4185 889 4241; x_wconf 73' lang='lat' dir='ltr'><strong>hazc</strong></span> <span class='ocrx_word' id='word_1_519' title='bbox 945 4189 1266 4250; x_wconf 86' lang='lat' dir='ltr'><strong>insatiabilis</strong></span> <span class='ocrx_word' id='word_1_520' title='bbox 1311 4196 1518 4265; x_wconf 89' lang='lat' dir='ltr'><strong>bestia,</strong></span> <span class='ocrx_word' id='word_1_521' title='bbox 1574 4200 1630 4255; x_wconf 92' lang='lat' dir='ltr'><strong>in</strong></span> <span class='ocrx_word' id='word_1_522' title='bbox 1682 4179 2034 4274; x_wconf 67' lang='lat' dir='ltr'><strong>acquirendo,</strong></span> 
     </span>
    </p>
   </div>
   <div class='ocr_carea' id='block_1_69' title="bbox 463 4267 2040 4365">
    <p class='ocr_par' dir='ltr' id='par_1_69' title="bbox 463 4267 2040 4365">
     <span class='ocr_line' id='line_1_69' title="bbox 463 4267 2040 4365; baseline 0.02 -44"><span class='ocrx_word' id='word_1_523' title='bbox 463 4267 740 4365; x_wconf 84' lang='lat' dir='ltr'><strong>habendo,</strong></span> <span class='ocrx_word' id='word_1_524' title='bbox 785 4279 1041 4343; x_wconf 90' lang='lat' dir='ltr'><strong>tenendo,</strong></span> <span class='ocrx_word' id='word_1_525' title='bbox 1067 4288 1121 4334; x_wconf 91' lang='lat' dir='ltr'><strong>et</strong></span> <span class='ocrx_word' id='word_1_526' title='bbox 1145 4282 1282 4337; x_wconf 90' lang='lat' dir='ltr'><strong>sicut</strong></span> <span class='ocrx_word' id='word_1_527' title='bbox 1311 4284 1638 4357; x_wconf 88' lang='lat' dir='ltr'><strong>hydropicus</strong></span> <span class='ocrx_word' id='word_1_528' title='bbox 1674 4267 1876 4361; x_wconf 74' lang='lat' dir='ltr'><strong>quanto</strong></span> <span class='ocrx_word' id='word_1_529' title='bbox 1920 4267 2040 4365; x_wconf 82' lang='lat' dir='ltr'><strong>plus</strong></span> 
     </span>
    </p>
   </div>
   <div class='ocr_carea' id='block_1_70' title="bbox 461 4362 2036 4450">
    <p class='ocr_par' dir='ltr' id='par_1_70' title="bbox 461 4362 2036 4450">
     <span class='ocr_line' id='line_1_70' title="bbox 461 4362 2036 4450; baseline 0.017 -34"><span class='ocrx_word' id='word_1_530' title='bbox 461 4362 630 4431; x_wconf 87' lang='lat' dir='ltr'><strong>bibit,</strong></span> <span class='ocrx_word' id='word_1_531' title='bbox 671 4371 821 4422; x_wconf 85' lang='lat' dir='ltr'><strong>tanto</strong></span> <span class='ocrx_word' id='word_1_532' title='bbox 850 4367 968 4438; x_wconf 89' lang='lat' dir='ltr'><strong>plus</strong></span> <span class='ocrx_word' id='word_1_533' title='bbox 1001 4371 1140 4438; x_wconf 89' lang='lat' dir='ltr'><strong>sitit,</strong></span> <span class='ocrx_word' id='word_1_534' title='bbox 1171 4374 1250 4430; x_wconf 91' lang='lat' dir='ltr'><strong>sic</strong></span> <span class='ocrx_word' id='word_1_535' title='bbox 1277 4385 1334 4431; x_wconf 89' lang='lat' dir='ltr'><strong>et.</strong></span> <span class='ocrx_word' id='word_1_536' title='bbox 1372 4378 1488 4434; x_wconf 73' lang='lat' dir='ltr'><strong>haec</strong></span> <span class='ocrx_word' id='word_1_537' title='bbox 1525 4382 1706 4450; x_wconf 79' lang='lat' dir='ltr'><strong>passio</strong></span> <span class='ocrx_word' id='word_1_538' title='bbox 1745 4393 1803 4440; x_wconf 90' lang='lat' dir='ltr'><strong>ut</strong></span> <span class='ocrx_word' id='word_1_539' title='bbox 1833 4362 2036 4442; x_wconf 77' lang='lat' dir='ltr'><strong>dictum</strong></span> 
     </span>
    </p>
   </div>
   <div class='ocr_carea' id='block_1_71' title="bbox 466 4461 1817 4542">
    <p class='ocr_par' dir='ltr' id='par_1_71' title="bbox 466 4461 1817 4542">
     <span class='ocr_line' id='line_1_71' title="bbox 466 4461 1817 4542; baseline 0.018 -34"><span class='ocrx_word' id='word_1_540' title='bbox 466 4463 580 4522; x_wconf 90' lang='lat' dir='ltr'><strong>est,</strong></span> <span class='ocrx_word' id='word_1_541' title='bbox 612 4467 812 4527; x_wconf 90' lang='lat' dir='ltr'><strong>quanto</strong></span> <span class='ocrx_word' id='word_1_542' title='bbox 838 4461 960 4530; x_wconf 89' lang='lat' dir='ltr'><strong>plus</strong></span> <span class='ocrx_word' id='word_1_543' title='bbox 987 4464 1172 4530; x_wconf 83' lang='lat' dir='ltr'><strong>habet,</strong></span> <span class='ocrx_word' id='word_1_544' title='bbox 1207 4476 1353 4525; x_wconf 85' lang='lat' dir='ltr'><strong>tanto</strong></span> <span class='ocrx_word' id='word_1_545' title='bbox 1375 4471 1504 4542; x_wconf 85' lang='lat' dir='ltr'><strong>plus.</strong></span> <span class='ocrx_word' id='word_1_546' title='bbox 1527 4475 1817 4532; x_wconf 85' lang='lat' dir='ltr'><strong>desiderat.</strong></span> 
     </span>
    </p>
   </div>
   <div class='ocr_carea' id='block_1_72' title="bbox 463 4543 2031 4641">
    <p class='ocr_par' dir='ltr' id='par_1_72' title="bbox 463 4543 2031 4641">
     <span class='ocr_line' id='line_1_72' title="bbox 463 4543 2031 4641; baseline 0.019 -43"><span class='ocrx_word' id='word_1_547' title='bbox 463 4543 718 4611; x_wconf 84' lang='lat' dir='ltr'><strong>Quamvis</strong></span> <span class='ocrx_word' id='word_1_548' title='bbox 749 4553 896 4606; x_wconf 90' lang='lat' dir='ltr'><strong>omni</strong></span> <span class='ocrx_word' id='word_1_549' title='bbox 926 4552 1160 4612; x_wconf 88' lang='lat' dir='ltr'><strong>humano</strong></span> <span class='ocrx_word' id='word_1_550' title='bbox 1193 4560 1377 4628; x_wconf 82' lang='lat' dir='ltr'><strong>generi</strong></span> <span class='ocrx_word' id='word_1_551' title='bbox 1410 4560 1482 4616; x_wconf 83' lang='lat' dir='ltr'><strong>sit</strong></span> <span class='ocrx_word' id='word_1_552' title='bbox 1511 4552 1724 4620; x_wconf 84' lang='lat' dir='ltr'><strong>inimica</strong></span> <span class='ocrx_word' id='word_1_553' title='bbox 1757 4543 1870 4624; x_wconf 78' lang='lat' dir='ltr'><strong>haec</strong></span> <span class='ocrx_word' id='word_1_554' title='bbox 1905 4587 2031 4641; x_wconf 89' lang='lat' dir='ltr'><strong>pas-</strong></span> 
     </span>
    </p>
   </div>
   <div class='ocr_carea' id='block_1_73' title="bbox 462 4637 2035 4728">
    <p class='ocr_par' dir='ltr' id='par_1_73' title="bbox 462 4637 2035 4728">
     <span class='ocr_line' id='line_1_73' title="bbox 462 4637 2035 4728; baseline 0.017 -36"><span class='ocrx_word' id='word_1_555' title='bbox 462 4637 576 4704; x_wconf 86' lang='lat' dir='ltr'><strong>sio,</strong></span> <span class='ocrx_word' id='word_1_556' title='bbox 610 4643 843 4698; x_wconf 80' lang='lat' dir='ltr'><strong>maxime</strong></span> <span class='ocrx_word' id='word_1_557' title='bbox 874 4654 1054 4701; x_wconf 89' lang='lat' dir='ltr'><strong>autem</strong></span> <span class='ocrx_word' id='word_1_558' title='bbox 1089 4652 1404 4719; x_wconf 86' lang='lat' dir='ltr'><strong>monachis,</strong></span> <span class='ocrx_word' id='word_1_559' title='bbox 1444 4657 1799 4728; x_wconf 87' lang='lat' dir='ltr'><strong>onmibusque</strong></span> <span class='ocrx_word' id='word_1_560' title='bbox 1823 4662 2035 4722; x_wconf 88' lang='lat' dir='ltr'><strong>clericis</strong></span> 
     </span>
    </p>
   </div>
   <div class='ocr_carea' id='block_1_74' title="bbox 2073 3161 2118 3224">
    <p class='ocr_par' dir='ltr' id='par_1_74' title="bbox 2073 3161 2118 3224">
     <span class='ocr_line' id='line_1_74' title="bbox 2073 3161 2118 3224; baseline 0 0"><span class='ocrx_word' id='word_1_561' title='bbox 2073 3161 2118 3224; x_wconf 91' lang='lat' dir='ltr'>C</span> 
     </span>
    </p>
   </div>
   <div class='ocr_carea' id='block_1_75' title="bbox 2155 3201 3740 3277">
    <p class='ocr_par' dir='ltr' id='par_1_75' title="bbox 2155 3201 3740 3277">
     <span class='ocr_line' id='line_1_75' title="bbox 2155 3201 3740 3277; baseline 0.008 -25"><span class='ocrx_word' id='word_1_562' title='bbox 2155 3219 2173 3252; x_wconf 75' lang='grc' dir='ltr'>ι</span> <span class='ocrx_word' id='word_1_563' title='bbox 2211 3201 2483 3273; x_wconf 88' lang='lat' dir='ltr'><strong>Propitius</strong></span> <span class='ocrx_word' id='word_1_564' title='bbox 2503 3205 2574 3260; x_wconf 90' lang='lat' dir='ltr'><strong>sit</strong></span> <span class='ocrx_word' id='word_1_565' title='bbox 2608 3204 2738 3260; x_wconf 91' lang='lat' dir='ltr'><strong>mihi</strong></span> <span class='ocrx_word' id='word_1_566' title='bbox 2765 3203 3054 3274; x_wconf 90' lang='lat' dir='ltr'><strong>Dominus,</strong></span> <span class='ocrx_word' id='word_1_567' title='bbox 3081 3224 3185 3264; x_wconf 89' lang='lat' dir='ltr'><strong>non</strong></span> <span class='ocrx_word' id='word_1_568' title='bbox 3211 3208 3414 3264; x_wconf 88' lang='lat' dir='ltr'><strong>faciam</strong></span> <span class='ocrx_word' id='word_1_569' title='bbox 3441 3213 3557 3266; x_wconf 85' lang='lat' dir='ltr'><strong>hoc</strong></span> <span class='ocrx_word' id='word_1_570' title='bbox 3575 3253 3592 3277; x_wconf 87' lang='lat'><strong>,</strong></span> <span class='ocrx_word' id='word_1_571' title='bbox 3621 3228 3740 3266; x_wconf 86' lang='lat' dir='ltr'><strong>nu</strong></span> 
     </span>
    </p>
   </div>
   <div class='ocr_carea' id='block_1_76' title="bbox 2146 3294 3741 3370">
    <p class='ocr_par' dir='ltr' id='par_1_76' title="bbox 2146 3294 3741 3370">
     <span class='ocr_line' id='line_1_76' title="bbox 2146 3294 3741 3370; baseline 0.007 -23"><span class='ocrx_word' id='word_1_572' title='bbox 2146 3294 2461 3364; x_wconf 88' lang='lat' dir='ltr'><strong>sanguinem</strong></span> <span class='ocrx_word' id='word_1_573' title='bbox 2501 3295 2726 3351; x_wconf 90' lang='lat' dir='ltr'><strong>istorum</strong></span> <span class='ocrx_word' id='word_1_574' title='bbox 2773 3297 3048 3352; x_wconf 90' lang='lat' dir='ltr'><strong>hominum</strong></span> <span class='ocrx_word' id='word_1_575' title='bbox 3078 3300 3168 3368; x_wconf 91' lang='lat' dir='ltr'><strong>qui</strong></span> <span class='ocrx_word' id='word_1_576' title='bbox 3204 3300 3445 3370; x_wconf 87' lang='lat' dir='ltr'><strong>profecti</strong></span> <span class='ocrx_word' id='word_1_577' title='bbox 3512 3311 3642 3357; x_wconf 88' lang='lat' dir='ltr'><strong>sunt</strong></span> <span class='ocrx_word' id='word_1_578' title='bbox 3689 3313 3741 3358; x_wconf 85' lang='lat' dir='ltr'><strong>et</strong></span> 
     </span>
    </p>
   </div>
   <div class='ocr_carea' id='block_1_77' title="bbox 2146 3384 3740 3465">
    <p class='ocr_par' dir='ltr' id='par_1_77' title="bbox 2146 3384 3740 3465">
     <span class='ocr_line' id='line_1_77' title="bbox 2146 3384 3740 3465; baseline 0.008 -28"><span class='ocrx_word' id='word_1_579' title='bbox 2146 3384 2767 3457; x_wconf 78' lang='lat' dir='ltr'><strong>animarumpericulum</strong></span> <span class='ocrx_word' id='word_1_580' title='bbox 2807 3387 2986 3444; x_wconf 86' lang='lat' dir='ltr'><strong>bibam</strong></span> <span class='ocrx_word' id='word_1_581' title='bbox 3023 3388 3074 3462; x_wconf 91' lang='lat' dir='ltr'><strong>(I</strong></span> <span class='ocrx_word' id='word_1_582' title='bbox 3105 3390 3235 3463; x_wconf 77' lang='lat' dir='ltr'><strong>Reg.</strong></span> <span class='ocrx_word' id='word_1_583' title='bbox 3261 3407 3428 3460; x_wconf 79' lang='lat' dir='ltr'><strong>xxiv,</strong></span> <span class='ocrx_word' id='word_1_584' title='bbox 3462 3393 3560 3465; x_wconf 58' lang='grc' dir='ltr'><strong>ηιξ</strong></span> <span class='ocrx_word' id='word_1_585' title='bbox 3588 3395 3740 3449; x_wconf 72' lang='lat' dir='ltr'><strong>iAlia</strong></span> 
     </span>
    </p>
   </div>
   <div class='ocr_carea' id='block_1_78' title="bbox 2144 3478 3734 3555">
    <p class='ocr_par' dir='ltr' id='par_1_78' title="bbox 2144 3478 3734 3555">
     <span class='ocr_line' id='line_1_78' title="bbox 2144 3478 3734 3555; baseline 0.004 -24"><span class='ocrx_word' id='word_1_586' title='bbox 2144 3484 2236 3532; x_wconf 82' lang='grc' dir='ltr'>εει-</span> <span class='ocrx_word' id='word_1_587' title='bbox 2268 3488 2446 3534; x_wconf 89' lang='lat' dir='ltr'><strong>autem</strong></span> <span class='ocrx_word' id='word_1_588' title='bbox 2486 3479 2568 3533; x_wconf 89' lang='lat' dir='ltr'><strong>ira</strong></span> <span class='ocrx_word' id='word_1_589' title='bbox 2611 3478 2887 3535; x_wconf 82' lang='lat' dir='ltr'><strong>mortifera</strong></span> <span class='ocrx_word' id='word_1_590' title='bbox 2911 3521 2926 3546; x_wconf 92' lang='lat'><strong>,</strong></span> <span class='ocrx_word' id='word_1_591' title='bbox 2964 3497 3084 3550; x_wconf 87' lang='lat' dir='ltr'><strong>quae</strong></span> <span class='ocrx_word' id='word_1_592' title='bbox 3112 3482 3280 3539; x_wconf 84' lang='lat' dir='ltr'><strong>multa</strong></span> <span class='ocrx_word' id='word_1_593' title='bbox 3312 3495 3558 3555; x_wconf 83' lang='lat' dir='ltr'><strong>generat</strong></span> <span class='ocrx_word' id='word_1_594' title='bbox 3582 3486 3734 3548; x_wconf 78' lang='lat' dir='ltr'><strong>mala.</strong></span> 
     </span>
    </p>
   </div>
   <div class='ocr_carea' id='block_1_79' title="bbox 2144 3567 3738 3637">
    <p class='ocr_par' dir='ltr' id='par_1_79' title="bbox 2144 3567 3738 3637">
     <span class='ocr_line' id='line_1_79' title="bbox 2144 3567 3738 3637; baseline 0.007 -16"><span class='ocrx_word' id='word_1_595' title='bbox 2144 3567 2261 3622; x_wconf 82' lang='lat' dir='ltr'><strong>haec</strong></span> <span class='ocrx_word' id='word_1_596' title='bbox 2297 3569 2443 3623; x_wconf 87' lang='lat' dir='ltr'><strong>enim</strong></span> <span class='ocrx_word' id='word_1_597' title='bbox 2495 3569 2542 3624; x_wconf 90' lang='lat' dir='ltr'><strong>si</strong></span> <span class='ocrx_word' id='word_1_598' title='bbox 2567 3570 2742 3626; x_wconf 49' lang='lat' dir='ltr'><strong>.cordi</strong></span> <span class='ocrx_word' id='word_1_599' title='bbox 2790 3571 3028 3637; x_wconf 68' lang='lat' dir='ltr'><strong>insidet,</strong></span> <span class='ocrx_word' id='word_1_600' title='bbox 3061 3572 3277 3629; x_wconf 89' lang='lat' dir='ltr'><strong>oculum</strong></span> <span class='ocrx_word' id='word_1_601' title='bbox 3316 3577 3533 3632; x_wconf 65' lang='lat' dir='ltr'><strong>meritis</strong></span> <span class='ocrx_word' id='word_1_602' title='bbox 3571 3578 3738 3632; x_wconf 68' lang='lat' dir='ltr'><strong>noxiis</strong></span> 
     </span>
    </p>
   </div>
   <div class='ocr_carea' id='block_1_80' title="bbox 2145 3656 3738 3732">
    <p class='ocr_par' dir='ltr' id='par_1_80' title="bbox 2145 3656 3738 3732">
     <span class='ocr_line' id='line_1_80' title="bbox 2145 3656 3738 3732; baseline 0.009 -24"><span class='ocrx_word' id='word_1_603' title='bbox 2145 3656 2381 3712; x_wconf 87' lang='lat' dir='ltr'><strong>tenebris</strong></span> <span class='ocrx_word' id='word_1_604' title='bbox 2427 3658 2695 3725; x_wconf 59' lang='lat' dir='ltr'><strong>obcahcat,</strong></span> <span class='ocrx_word' id='word_1_605' title='bbox 2740 3674 2841 3716; x_wconf 90' lang='lat' dir='ltr'><strong>nec</strong></span> <span class='ocrx_word' id='word_1_606' title='bbox 2872 3661 3132 3732; x_wconf 78' lang='lat' dir='ltr'><strong>judicium</strong></span> <span class='ocrx_word' id='word_1_607' title='bbox 3172 3672 3348 3718; x_wconf 31' lang='lat' dir='ltr'><strong>rectae.</strong></span> <span class='ocrx_word' id='word_1_608' title='bbox 3386 3665 3738 3722; x_wconf 75' lang='lat' dir='ltr'><strong>discretionis</strong></span> 
     </span>
    </p>
   </div>
   <div class='ocr_carea' id='block_1_81' title="bbox 2143 3745 3734 3824">
    <p class='ocr_par' dir='ltr' id='par_1_81' title="bbox 2143 3745 3734 3824">
     <span class='ocr_line' id='line_1_81' title="bbox 2143 3745 3734 3824; baseline 0.006 -26"><span class='ocrx_word' id='word_1_609' title='bbox 2143 3745 2459 3815; x_wconf 87' lang='lat' dir='ltr'><strong>acquirere,</strong></span> <span class='ocrx_word' id='word_1_610' title='bbox 2495 3764 2598 3804; x_wconf 88' lang='lat' dir='ltr'><strong>nec</strong></span> <span class='ocrx_word' id='word_1_611' title='bbox 2638 3749 2878 3806; x_wconf 71' lang='lat' dir='ltr'><strong>honesta:</strong></span> <span class='ocrx_word' id='word_1_612' title='bbox 2911 3751 3405 3824; x_wconf 87' lang='lat' dir='ltr'><strong>comtemplationis</strong></span> <span class='ocrx_word' id='word_1_613' title='bbox 3446 3755 3734 3819; x_wconf 81' lang='lat' dir='ltr'><strong>intuitum,</strong></span> 
     </span>
    </p>
   </div>
   <div class='ocr_carea' id='block_1_82' title="bbox 2141 3837 3734 3914">
    <p class='ocr_par' dir='ltr' id='par_1_82' title="bbox 2141 3837 3734 3914">
     <span class='ocr_line' id='line_1_82' title="bbox 2141 3837 3734 3914; baseline 0.006 -24"><span class='ocrx_word' id='word_1_614' title='bbox 2141 3849 2240 3892; x_wconf 90' lang='lat' dir='ltr'><strong>nec</strong></span> <span class='ocrx_word' id='word_1_615' title='bbox 2291 3837 2657 3895; x_wconf 89' lang='lat' dir='ltr'><strong>maturitatem</strong></span> <span class='ocrx_word' id='word_1_616' title='bbox 2706 3841 2918 3898; x_wconf 91' lang='lat' dir='ltr'><strong>consilii</strong></span> <span class='ocrx_word' id='word_1_617' title='bbox 2959 3843 3236 3913; x_wconf 89' lang='lat' dir='ltr'><strong>possidere</strong></span> <span class='ocrx_word' id='word_1_618' title='bbox 3279 3845 3594 3914; x_wconf 82' lang='lat' dir='ltr'><strong>permittit,</strong></span> <span class='ocrx_word' id='word_1_619' title='bbox 3635 3861 3734 3900; x_wconf 81' lang='lat' dir='ltr'><strong>nec</strong></span> 
     </span>
    </p>
   </div>
   <div class='ocr_carea' id='block_1_83' title="bbox 2140 3930 3738 4003">
    <p class='ocr_par' dir='ltr' id='par_1_83' title="bbox 2140 3930 3738 4003">
     <span class='ocr_line' id='line_1_83' title="bbox 2140 3930 3738 4003; baseline 0.004 -20"><span class='ocrx_word' id='word_1_620' title='bbox 2140 3930 2262 3984; x_wconf 72' lang='lat' dir='ltr'><strong>vita:</strong></span> <span class='ocrx_word' id='word_1_621' title='bbox 2285 3931 2598 4002; x_wconf 89' lang='lat' dir='ltr'><strong>participes,</strong></span> <span class='ocrx_word' id='word_1_622' title='bbox 2622 3947 2722 3988; x_wconf 90' lang='lat' dir='ltr'><strong>nec</strong></span> <span class='ocrx_word' id='word_1_623' title='bbox 2735 3931 2959 4003; x_wconf 68' lang='lat' dir='ltr'><strong>justitiae</strong></span> <span class='ocrx_word' id='word_1_624' title='bbox 2984 3943 3221 4000; x_wconf 88' lang='lat' dir='ltr'><strong>tenaces,</strong></span> <span class='ocrx_word' id='word_1_625' title='bbox 3247 3950 3352 3991; x_wconf 89' lang='lat' dir='ltr'><strong>nec</strong></span> <span class='ocrx_word' id='word_1_626' title='bbox 3379 3938 3500 3992; x_wconf 83' lang='lat' dir='ltr'><strong>veri</strong></span> <span class='ocrx_word' id='word_1_627' title='bbox 3523 3937 3738 3991; x_wconf 82' lang='lat' dir='ltr'><strong>luminis</strong></span> 
     </span>
    </p>
   </div>
   <div class='ocr_carea' id='block_1_84' title="bbox 2139 4021 3736 4090">
    <p class='ocr_par' dir='ltr' id='par_1_84' title="bbox 2139 4021 3736 4090">
     <span class='ocr_line' id='line_1_84' title="bbox 2139 4021 3736 4090; baseline 0.006 -19"><span class='ocrx_word' id='word_1_628' title='bbox 2139 4033 2366 4088; x_wconf 90' lang='lat' dir='ltr'><strong>capaces</strong></span> <span class='ocrx_word' id='word_1_629' title='bbox 2407 4029 2660 4090; x_wconf 90' lang='lat' dir='ltr'><strong>poterunt</strong></span> <span class='ocrx_word' id='word_1_630' title='bbox 2705 4021 2938 4078; x_wconf 76' lang='lat' dir='ltr'><strong>existere</strong></span> <span class='ocrx_word' id='word_1_631' title='bbox 2984 4025 3172 4079; x_wconf 91' lang='lat' dir='ltr'><strong>morbo</strong></span> <span class='ocrx_word' id='word_1_632' title='bbox 3220 4024 3350 4080; x_wconf 88' lang='lat' dir='ltr'><strong>huic</strong></span> <span class='ocrx_word' id='word_1_633' title='bbox 3395 4025 3635 4090; x_wconf 83' lang='lat' dir='ltr'><strong>irretiti,</strong></span> <span class='ocrx_word' id='word_1_634' title='bbox 3681 4026 3736 4081; x_wconf 85' lang='lat' dir='ltr'><strong>tit</strong></span> 
     </span>
    </p>
   </div>
   <div class='ocr_carea' id='block_1_85' title="bbox 2139 4110 3728 4185">
    <p class='ocr_par' dir='ltr' id='par_1_85' title="bbox 2139 4110 3728 4185">
     <span class='ocr_line' id='line_1_85' title="bbox 2139 4110 3728 4185; baseline 0.005 -22"><span class='ocrx_word' id='word_1_635' title='bbox 2139 4116 2320 4164; x_wconf 90' lang='lat' dir='ltr'><strong>autem</strong></span> <span class='ocrx_word' id='word_1_636' title='bbox 2349 4110 2464 4164; x_wconf 66' lang='lat' dir='ltr'><strong>haec</strong></span> <span class='ocrx_word' id='word_1_637' title='bbox 2494 4111 2578 4166; x_wconf 90' lang='lat' dir='ltr'><strong>ira</strong></span> <span class='ocrx_word' id='word_1_638' title='bbox 2615 4111 2903 4182; x_wconf 88' lang='lat' dir='ltr'><strong>aliquando</strong></span> <span class='ocrx_word' id='word_1_639' title='bbox 2941 4114 3157 4185; x_wconf 87' lang='lat' dir='ltr'><strong>propria</strong></span> <span class='ocrx_word' id='word_1_640' title='bbox 3203 4115 3612 4180; x_wconf 84' lang='lat' dir='ltr'><strong>amaritudine;</strong></span> <span class='ocrx_word' id='word_1_641' title='bbox 3637 4116 3728 4171; x_wconf 77' lang='lat' dir='ltr'><strong>ali-</strong></span> 
     </span>
    </p>
   </div>
   <div class='ocr_carea' id='block_1_86' title="bbox 2137 4199 3734 4274">
    <p class='ocr_par' dir='ltr' id='par_1_86' title="bbox 2137 4199 3734 4274">
     <span class='ocr_line' id='line_1_86' title="bbox 2137 4199 3734 4274; baseline 0.006 -21"><span class='ocrx_word' id='word_1_642' title='bbox 2137 4199 2351 4270; x_wconf 90' lang='lat' dir='ltr'><strong>quando</strong></span> <span class='ocrx_word' id='word_1_643' title='bbox 2371 4201 2593 4259; x_wconf 84' lang='lat' dir='ltr'><strong>alterius</strong></span> <span class='ocrx_word' id='word_1_644' title='bbox 2615 4205 2997 4274; x_wconf 88' lang='lat' dir='ltr'><strong>provocatione</strong></span> <span class='ocrx_word' id='word_1_645' title='bbox 3018 4205 3282 4262; x_wconf 90' lang='lat' dir='ltr'><strong>diabolico</strong></span> <span class='ocrx_word' id='word_1_646' title='bbox 3301 4206 3592 4272; x_wconf 84' lang='lat' dir='ltr'><strong>instinctu,</strong></span> <span class='ocrx_word' id='word_1_647' title='bbox 3625 4207 3734 4263; x_wconf 54' lang='lat' dir='ltr'><strong>hsce</strong></span> 
     </span>
    </p>
   </div>
   <div class='ocr_carea' id='block_1_87' title="bbox 2137 4295 3731 4371">
    <p class='ocr_par' dir='ltr' id='par_1_87' title="bbox 2137 4295 3731 4371">
     <span class='ocr_line' id='line_1_87' title="bbox 2137 4295 3731 4371; baseline 0.004 -24"><span class='ocrx_word' id='word_1_648' title='bbox 2137 4302 2314 4348; x_wconf 90' lang='lat' dir='ltr'><strong>autem</strong></span> <span class='ocrx_word' id='word_1_649' title='bbox 2343 4295 2423 4349; x_wconf 86' lang='lat' dir='ltr'><strong>ira</strong></span> <span class='ocrx_word' id='word_1_650' title='bbox 2452 4305 2685 4352; x_wconf 89' lang='lat' dir='ltr'><strong>mentem</strong></span> <span class='ocrx_word' id='word_1_651' title='bbox 2719 4298 2905 4352; x_wconf 87' lang='lat' dir='ltr'><strong>turbat</strong></span> <span class='ocrx_word' id='word_1_652' title='bbox 2921 4338 2942 4365; x_wconf 75' lang='lat'><strong>,.</strong></span> <span class='ocrx_word' id='word_1_653' title='bbox 2955 4306 3165 4353; x_wconf 84' lang='lat' dir='ltr'><strong>rectum</strong></span> <span class='ocrx_word' id='word_1_654' title='bbox 3191 4299 3492 4354; x_wconf 83' lang='lat' dir='ltr'><strong>consilium</strong></span> <span class='ocrx_word' id='word_1_655' title='bbox 3523 4302 3731 4371; x_wconf 84' lang='lat' dir='ltr'><strong>perdit,</strong></span> 
     </span>
    </p>
   </div>
   <div class='ocr_carea' id='block_1_88' title="bbox 2137 4386 3730 4460">
    <p class='ocr_par' dir='ltr' id='par_1_88' title="bbox 2137 4386 3730 4460">
     <span class='ocr_line' id='line_1_88' title="bbox 2137 4386 3730 4460; baseline 0.003 -21"><span class='ocrx_word' id='word_1_656' title='bbox 2137 4399 2258 4454; x_wconf 83' lang='lat' dir='ltr'><strong>quae</strong></span> <span class='ocrx_word' id='word_1_657' title='bbox 2295 4386 2338 4441; x_wconf 93' lang='lat' dir='ltr'><strong>si</strong></span> <span class='ocrx_word' id='word_1_658' title='bbox 2372 4387 2580 4443; x_wconf 88' lang='lat' dir='ltr'><strong>ratione</strong></span> <span class='ocrx_word' id='word_1_659' title='bbox 2601 4402 2721 4443; x_wconf 86' lang='lat' dir='ltr'><strong>non.</strong></span> <span class='ocrx_word' id='word_1_660' title='bbox 2737 4388 2974 4460; x_wconf 85' lang='lat' dir='ltr'><strong>regitur,</strong></span> <span class='ocrx_word' id='word_1_661' title='bbox 2998 4388 3065 4442; x_wconf 89' lang='lat' dir='ltr'><strong>.in</strong></span> <span class='ocrx_word' id='word_1_662' title='bbox 3092 4388 3334 4444; x_wconf 87' lang='lat' dir='ltr'><strong>furorem</strong></span> <span class='ocrx_word' id='word_1_663' title='bbox 3358 4392 3633 4457; x_wconf 83' lang='lat' dir='ltr'><strong>vertitur,</strong></span> <span class='ocrx_word' id='word_1_664' title='bbox 3661 4392 3730 4444; x_wconf 83' lang='lat' dir='ltr'><strong>ita</strong></span> 
     </span>
    </p>
   </div>
   <div class='ocr_carea' id='block_1_89' title="bbox 1851 4477 3732 4574">
    <p class='ocr_par' dir='ltr' id='par_1_89' title="bbox 1851 4477 3732 4574">
     <span class='ocr_line' id='line_1_89' title="bbox 1851 4477 3732 4574; baseline 0.001 -40"><span class='ocrx_word' id='word_1_665' title='bbox 1851 4477 2214 4574; x_wconf 73' lang='lat' dir='ltr'><strong>(Cass.).Dut</strong></span> <span class='ocrx_word' id='word_1_666' title='bbox 2258 4477 2436 4532; x_wconf 54' lang='lat' dir='ltr'><strong>homo»</strong></span> <span class='ocrx_word' id='word_1_667' title='bbox 2471 4478 2553 4532; x_wconf 89' lang='lat' dir='ltr'><strong>sui</strong></span> <span class='ocrx_word' id='word_1_668' title='bbox 2607 4478 2768 4532; x_wconf 89' lang='lat' dir='ltr'><strong>animi</strong></span> <span class='ocrx_word' id='word_1_669' title='bbox 2821 4478 3083 4548; x_wconf 82' lang='lat' dir='ltr'><strong>impotens</strong></span> <span class='ocrx_word' id='word_1_670' title='bbox 3126 4478 3226 4545; x_wconf 89' lang='lat' dir='ltr'><strong>sit,</strong></span> <span class='ocrx_word' id='word_1_671' title='bbox 3283 4477 3591 4574; x_wconf 75' lang='lat' dir='ltr'><strong>faciesque</strong></span> <span class='ocrx_word' id='word_1_672' title='bbox 3629 4497 3732 4535; x_wconf 79' lang='lat' dir='ltr'><strong>non</strong></span> 
     </span>
    </p>
   </div>
   <div class='ocr_carea' id='block_1_90' title="bbox 2153 4565 3732 4641">
    <p class='ocr_par' dir='ltr' id='par_1_90' title="bbox 2153 4565 3732 4641">
     <span class='ocr_line' id='line_1_90' title="bbox 2153 4565 3732 4641; baseline 0.004 -21"><span class='ocrx_word' id='word_1_673' title='bbox 2153 4568 2454 4622; x_wconf 89' lang='lat' dir='ltr'><strong>conveniat.</strong></span> <span class='ocrx_word' id='word_1_674' title='bbox 2489 4565 2652 4636; x_wconf 87' lang='lat' dir='ltr'><strong>Cujus</strong></span> <span class='ocrx_word' id='word_1_675' title='bbox 2683 4567 2854 4622; x_wconf 88' lang='lat' dir='ltr'><strong>morbi</strong></span> <span class='ocrx_word' id='word_1_676' title='bbox 2882 4568 2997 4623; x_wconf 63' lang='lat' dir='ltr'><strong>haec</strong></span> <span class='ocrx_word' id='word_1_677' title='bbox 3023 4569 3130 4623; x_wconf 90' lang='lat' dir='ltr'><strong>erit</strong></span> <span class='ocrx_word' id='word_1_678' title='bbox 3153 4569 3428 4624; x_wconf 88' lang='lat' dir='ltr'><strong>medicina</strong></span> <span class='ocrx_word' id='word_1_679' title='bbox 3459 4571 3732 4641; x_wconf 76' lang='lat' dir='ltr'><strong>perfecta,</strong></span> 
     </span>
    </p>
   </div>
   <div class='ocr_carea' id='block_1_91' title="bbox 2139 4659 3730 4734">
    <p class='ocr_par' dir='ltr' id='par_1_91' title="bbox 2139 4659 3730 4734">
     <span class='ocr_line' id='line_1_91' title="bbox 2139 4659 3730 4734; baseline 0.003 -22"><span class='ocrx_word' id='word_1_680' title='bbox 2139 4667 2198 4712; x_wconf 92' lang='lat' dir='ltr'><strong>ut</strong></span> <span class='ocrx_word' id='word_1_681' title='bbox 2231 4659 2480 4734; x_wconf 79' lang='lat' dir='ltr'><strong>primitus</strong></span> <span class='ocrx_word' id='word_1_682' title='bbox 2506 4659 2821 4724; x_wconf 88' lang='lat' dir='ltr'><strong>credamus;</strong></span> <span class='ocrx_word' id='word_1_683' title='bbox 2859 4659 3003 4714; x_wconf 89' lang='lat' dir='ltr'><strong>nullo</strong></span> <span class='ocrx_word' id='word_1_684' title='bbox 3031 4659 3190 4716; x_wconf 92' lang='lat' dir='ltr'><strong>modo</strong></span> <span class='ocrx_word' id='word_1_685' title='bbox 3210 4661 3326 4715; x_wconf 87' lang='lat' dir='ltr'><strong>sive</strong></span> <span class='ocrx_word' id='word_1_686' title='bbox 3354 4660 3604 4728; x_wconf 87' lang='lat' dir='ltr'><strong>injustis,</strong></span> <span class='ocrx_word' id='word_1_687' title='bbox 3625 4664 3730 4716; x_wconf 81' lang='lat' dir='ltr'><strong>sive</strong></span> 
     </span>
    </p>
   </div>
   <div class='ocr_carea' id='block_1_92' title="bbox 461 4725 3726 4826">
    <p class='ocr_par' dir='ltr' id='par_1_92' title="bbox 461 4725 3726 4826">
     <span class='ocr_line' id='line_1_92' title="bbox 461 4725 3726 4826; baseline 0.013 -47"><span class='ocrx_word' id='word_1_688' title='bbox 461 4725 656 4784; x_wconf 87' lang='lat' dir='ltr'><strong>divinis</strong></span> <span class='ocrx_word' id='word_1_689' title='bbox 683 4737 1011 4791; x_wconf 85' lang='lat' dir='ltr'><strong>consecratis</strong></span> <span class='ocrx_word' id='word_1_690' title='bbox 1032 4737 1220 4795; x_wconf 78' lang='lat' dir='ltr'><strong>ciliciis</strong></span> <span class='ocrx_word' id='word_1_691' title='bbox 1249 4725 1835 4820; x_wconf 66' lang='lat' dir='ltr'><strong>perniciosissitnaest,</strong></span> <span class='ocrx_word' id='word_1_692' title='bbox 1859 4755 2037 4826; x_wconf 54' lang='lat' dir='ltr'><strong>impuv-</strong></span> <span class='ocrx_word' id='word_1_693' title='bbox 2129 4725 2291 4819; x_wconf 52' lang='lat' dir='ltr'><strong>iustis</strong></span> <span class='ocrx_word' id='word_1_694' title='bbox 2317 4725 2382 4803; x_wconf 59' lang='grc' dir='ltr'><strong>ἐκ</strong></span> <span class='ocrx_word' id='word_1_695' title='bbox 2411 4750 2588 4806; x_wconf 73' lang='lat' dir='ltr'><strong>causis</strong></span> <span class='ocrx_word' id='word_1_696' title='bbox 2609 4749 2770 4806; x_wconf 73' lang='lat' dir='ltr'><strong>licere</strong></span> <span class='ocrx_word' id='word_1_697' title='bbox 2792 4751 2944 4806; x_wconf 75' lang='lat' dir='ltr'><strong>nobis</strong></span> <span class='ocrx_word' id='word_1_698' title='bbox 2972 4751 3156 4816; x_wconf 60' lang='lat' dir='ltr'><strong>irasci.</strong></span> <span class='ocrx_word' id='word_1_699' title='bbox 3188 4751 3406 4808; x_wconf 66' lang='grc' dir='ltr'><strong>ἀίωηιθ</strong></span> <span class='ocrx_word' id='word_1_700' title='bbox 3431 4754 3726 4824; x_wconf 65' lang='grc' dir='ltr'><strong>ΑΡοειοὶθε</strong></span> 
     </span>
    </p>
   </div>
   <div class='ocr_carea' id='block_1_93' title="bbox 461 4822 2034 4902">
    <p class='ocr_par' dir='ltr' id='par_1_93' title="bbox 461 4822 2034 4902">
     <span class='ocr_line' id='line_1_93' title="bbox 461 4822 2034 4902; baseline 0.02 -33"><span class='ocrx_word' id='word_1_701' title='bbox 461 4825 590 4886; x_wconf 87' lang='lat' dir='ltr'><strong>gnat</strong></span> <span class='ocrx_word' id='word_1_702' title='bbox 631 4822 772 4877; x_wconf 84' lang='lat' dir='ltr'><strong>enim</strong></span> <span class='ocrx_word' id='word_1_703' title='bbox 817 4840 912 4880; x_wconf 89' lang='lat' dir='ltr'><strong>eos</strong></span> <span class='ocrx_word' id='word_1_704' title='bbox 961 4828 1266 4897; x_wconf 86' lang='lat' dir='ltr'><strong>triplicitcr.</strong></span> <span class='ocrx_word' id='word_1_705' title='bbox 1329 4832 1511 4891; x_wconf 86' lang='lat' dir='ltr'><strong>Primo</strong></span> <span class='ocrx_word' id='word_1_706' title='bbox 1566 4837 1698 4894; x_wconf 87' lang='lat' dir='ltr'><strong>facit</strong></span> <span class='ocrx_word' id='word_1_707' title='bbox 1746 4857 1840 4898; x_wconf 88' lang='lat' dir='ltr'><strong>eos</strong></span> <span class='ocrx_word' id='word_1_708' title='bbox 1899 4822 2034 4902; x_wconf 77' lang='lat' dir='ltr'><strong>velle</strong></span> 
     </span>
    </p>
   </div>
   <div class='ocr_carea' id='block_1_94' title="bbox 461 4908 2031 5005">
    <p class='ocr_par' dir='ltr' id='par_1_94' title="bbox 461 4908 2031 5005">
     <span class='ocr_line' id='line_1_94' title="bbox 461 4908 2031 5005; baseline 0.022 -47"><span class='ocrx_word' id='word_1_709' title='bbox 461 4908 739 4975; x_wconf 87' lang='lat' dir='ltr'><strong>acquirere</strong></span> <span class='ocrx_word' id='word_1_710' title='bbox 795 4927 859 4968; x_wconf 91' lang='lat' dir='ltr'><strong>ea</strong></span> <span class='ocrx_word' id='word_1_711' title='bbox 919 4931 1040 4984; x_wconf 85' lang='lat' dir='ltr'><strong>quae</strong></span> <span class='ocrx_word' id='word_1_712' title='bbox 1078 4935 1147 4975; x_wconf 89' lang='lat' dir='ltr'><strong>ne</strong></span> <span class='ocrx_word' id='word_1_713' title='bbox 1193 4930 1349 4978; x_wconf 89' lang='lat' dir='ltr'><strong>antea</strong></span> <span class='ocrx_word' id='word_1_714' title='bbox 1389 4925 1605 4995; x_wconf 87' lang='lat' dir='ltr'><strong>quidem</strong></span> <span class='ocrx_word' id='word_1_715' title='bbox 1647 4933 2031 5005; x_wconf 88' lang='lat' dir='ltr'><strong>possederant,</strong></span> 
     </span>
    </p>
   </div>
   <div class='ocr_carea' id='block_1_95' title="bbox 458 4998 2037 5085">
    <p class='ocr_par' dir='ltr' id='par_1_95' title="bbox 458 4998 2037 5085">
     <span class='ocr_line' id='line_1_95' title="bbox 458 4998 2037 5085; baseline 0.022 -34"><span class='ocrx_word' id='word_1_716' title='bbox 458 4998 600 5054; x_wconf 89' lang='lat' dir='ltr'><strong>sicut</strong></span> <span class='ocrx_word' id='word_1_717' title='bbox 640 5001 788 5058; x_wconf 86' lang='lat' dir='ltr'><strong>Giezi</strong></span> <span class='ocrx_word' id='word_1_718' title='bbox 837 5006 1128 5079; x_wconf 89' lang='lat' dir='ltr'><strong>discipulus</strong></span> <span class='ocrx_word' id='word_1_719' title='bbox 1174 5016 1343 5070; x_wconf 90' lang='lat' dir='ltr'><strong>sancti</strong></span> <span class='ocrx_word' id='word_1_720' title='bbox 1383 5017 1580 5074; x_wconf 75' lang='lat' dir='ltr'><strong>Elismi.</strong></span> <span class='ocrx_word' id='word_1_721' title='bbox 1613 4998 1766 5080; x_wconf 82' lang='lat' dir='ltr'><strong>Unde</strong></span> <span class='ocrx_word' id='word_1_722' title='bbox 1813 5042 1932 5082; x_wconf 90' lang='lat' dir='ltr'><strong>cum</strong></span> <span class='ocrx_word' id='word_1_723' title='bbox 1970 4998 2037 5085; x_wconf 82' lang='lat' dir='ltr'><strong>eo</strong></span> 
     </span>
    </p>
   </div>
   <div class='ocr_carea' id='block_1_96' title="bbox 457 5093 2032 5186">
    <p class='ocr_par' dir='ltr' id='par_1_96' title="bbox 457 5093 2032 5186">
     <span class='ocr_line' id='line_1_96' title="bbox 457 5093 2032 5186; baseline 0.022 -43"><span class='ocrx_word' id='word_1_724' title='bbox 457 5099 658 5146; x_wconf 67' lang='lat' dir='ltr'><strong>aeterna</strong></span> <span class='ocrx_word' id='word_1_725' title='bbox 699 5093 845 5164; x_wconf 88' lang='lat' dir='ltr'><strong>lepra</strong></span> <span class='ocrx_word' id='word_1_726' title='bbox 886 5102 1057 5156; x_wconf 89' lang='lat' dir='ltr'><strong>sancti</strong></span> <span class='ocrx_word' id='word_1_727' title='bbox 1087 5103 1264 5161; x_wconf 63' lang='lat' dir='ltr'><strong>Elisari</strong></span> <span class='ocrx_word' id='word_1_728' title='bbox 1293 5109 1670 5172; x_wconf 88' lang='lat' dir='ltr'><strong>maledictione</strong></span> <span class='ocrx_word' id='word_1_729' title='bbox 1699 5117 2032 5186; x_wconf 89' lang='lat' dir='ltr'><strong>perfundun—</strong></span> 
     </span>
    </p>
   </div>
   <div class='ocr_carea' id='block_1_97' title="bbox 458 5182 2032 5273">
    <p class='ocr_par' dir='ltr' id='par_1_97' title="bbox 458 5182 2032 5273">
     <span class='ocr_line' id='line_1_97' title="bbox 458 5182 2032 5273; baseline 0.022 -38"><span class='ocrx_word' id='word_1_730' title='bbox 458 5189 565 5237; x_wconf 89' lang='lat' dir='ltr'><strong>tur.</strong></span> <span class='ocrx_word' id='word_1_731' title='bbox 599 5182 846 5244; x_wconf 92' lang='lat' dir='ltr'><strong>Secundo</strong></span> <span class='ocrx_word' id='word_1_732' title='bbox 872 5187 1002 5246; x_wconf 79' lang='lat' dir='ltr'><strong>facit</strong></span> <span class='ocrx_word' id='word_1_733' title='bbox 1023 5207 1116 5249; x_wconf 90' lang='lat' dir='ltr'><strong>eos</strong></span> <span class='ocrx_word' id='word_1_734' title='bbox 1140 5211 1416 5256; x_wconf 89' lang='lat' dir='ltr'><strong>resumere</strong></span> <span class='ocrx_word' id='word_1_735' title='bbox 1445 5182 1732 5273; x_wconf 72' lang='lat' dir='ltr'><strong>pecunias,</strong></span> <span class='ocrx_word' id='word_1_736' title='bbox 1760 5216 1820 5264; x_wconf 91' lang='lat' dir='ltr'><strong>ut</strong></span> <span class='ocrx_word' id='word_1_737' title='bbox 1841 5209 2032 5268; x_wconf 83' lang='lat' dir='ltr'><strong>Judam</strong></span> 
     </span>
    </p>
   </div>
   <div class='ocr_carea' id='block_1_98' title="bbox 457 5276 2032 5359">
    <p class='ocr_par' dir='ltr' id='par_1_98' title="bbox 457 5276 2032 5359">
     <span class='ocr_line' id='line_1_98' title="bbox 457 5276 2032 5359; baseline 0.019 -30"><span class='ocrx_word' id='word_1_738' title='bbox 457 5276 784 5343; x_wconf 87' lang='lat' dir='ltr'><strong>proditorem</strong></span> <span class='ocrx_word' id='word_1_739' title='bbox 836 5283 1078 5351; x_wconf 90' lang='lat' dir='ltr'><strong>Domini,</strong></span> <span class='ocrx_word' id='word_1_740' title='bbox 1128 5302 1263 5356; x_wconf 88' lang='lat' dir='ltr'><strong>quas</strong></span> <span class='ocrx_word' id='word_1_741' title='bbox 1305 5300 1496 5359; x_wconf 89' lang='lat' dir='ltr'><strong>antea,</strong></span> <span class='ocrx_word' id='word_1_742' title='bbox 1539 5294 1812 5353; x_wconf 86' lang='lat' dir='ltr'><strong>Christum</strong></span> <span class='ocrx_word' id='word_1_743' title='bbox 1862 5303 2032 5359; x_wconf 89' lang='lat' dir='ltr'><strong>secuti</strong></span> 
     </span>
    </p>
   </div>
   <div class='ocr_carea' id='block_1_99' title="bbox 456 5362 2025 5461">
    <p class='ocr_par' dir='ltr' id='par_1_99' title="bbox 456 5362 2025 5461">
     <span class='ocr_line' id='line_1_99' title="bbox 456 5362 2025 5461; baseline 0.018 -42"><span class='ocrx_word' id='word_1_744' title='bbox 456 5364 781 5435; x_wconf 86' lang='lat' dir='ltr'><strong>abjecerant.</strong></span> <span class='ocrx_word' id='word_1_745' title='bbox 827 5369 1010 5429; x_wconf 89' lang='lat' dir='ltr'><strong>Tertio</strong></span> <span class='ocrx_word' id='word_1_746' title='bbox 1043 5374 1172 5431; x_wconf 86' lang='lat' dir='ltr'><strong>facit</strong></span> <span class='ocrx_word' id='word_1_747' title='bbox 1210 5393 1303 5435; x_wconf 89' lang='lat' dir='ltr'><strong>eos</strong></span> <span class='ocrx_word' id='word_1_748' title='bbox 1329 5362 1561 5453; x_wconf 78' lang='lat' dir='ltr'><strong>aliquam</strong></span> <span class='ocrx_word' id='word_1_749' title='bbox 1597 5403 1872 5444; x_wconf 87' lang='lat' dir='ltr'><strong>reservare</strong></span> <span class='ocrx_word' id='word_1_750' title='bbox 1901 5407 2025 5461; x_wconf 87' lang='lat' dir='ltr'><strong>par-</strong></span> 
     </span>
    </p>
   </div>
   <div class='ocr_carea' id='block_1_100' title="bbox 459 5464 2029 5549">
    <p class='ocr_par' dir='ltr' id='par_1_100' title="bbox 459 5464 2029 5549">
     <span class='ocr_line' id='line_1_100' title="bbox 459 5464 2029 5549; baseline 0.018 -37"><span class='ocrx_word' id='word_1_751' title='bbox 459 5467 584 5527; x_wconf 86' lang='lat' dir='ltr'><strong>tem,</strong></span> <span class='ocrx_word' id='word_1_752' title='bbox 620 5478 743 5518; x_wconf 90' lang='lat' dir='ltr'><strong>cum</strong></span> <span class='ocrx_word' id='word_1_753' title='bbox 781 5464 847 5521; x_wconf 91' lang='lat' dir='ltr'><strong>de</strong></span> <span class='ocrx_word' id='word_1_754' title='bbox 880 5467 1082 5523; x_wconf 87' lang='lat' dir='ltr'><strong>divitiis</strong></span> <span class='ocrx_word' id='word_1_755' title='bbox 1116 5472 1295 5527; x_wconf 62' lang='lat' dir='ltr'><strong>saeculi</strong></span> <span class='ocrx_word' id='word_1_756' title='bbox 1331 5477 1398 5530; x_wconf 89' lang='lat' dir='ltr'><strong>ad</strong></span> <span class='ocrx_word' id='word_1_757' title='bbox 1429 5487 1800 5549; x_wconf 85' lang='lat' dir='ltr'><strong>paupertatem</strong></span> <span class='ocrx_word' id='word_1_758' title='bbox 1824 5482 2029 5540; x_wconf 85' lang='lat' dir='ltr'><strong>Christi</strong></span> 
     </span>
    </p>
   </div>
   <div class='ocr_carea' id='block_1_101' title="bbox 459 5556 2024 5642">
    <p class='ocr_par' dir='ltr' id='par_1_101' title="bbox 459 5556 2024 5642">
     <span class='ocr_line' id='line_1_101' title="bbox 459 5556 2024 5642; baseline 0.017 -38"><span class='ocrx_word' id='word_1_759' title='bbox 459 5559 764 5621; x_wconf 88' lang='lat' dir='ltr'><strong>transeunt,</strong></span> <span class='ocrx_word' id='word_1_760' title='bbox 793 5563 851 5610; x_wconf 90' lang='lat' dir='ltr'><strong>ut</strong></span> <span class='ocrx_word' id='word_1_761' title='bbox 874 5556 1137 5613; x_wconf 83' lang='lat' dir='ltr'><strong>Ananiam</strong></span> <span class='ocrx_word' id='word_1_762' title='bbox 1166 5569 1221 5616; x_wconf 90' lang='lat' dir='ltr'><strong>et</strong></span> <span class='ocrx_word' id='word_1_763' title='bbox 1249 5561 1565 5634; x_wconf 88' lang='lat' dir='ltr'><strong>Sapphiram</strong></span> <span class='ocrx_word' id='word_1_764' title='bbox 1586 5609 1600 5634; x_wconf 90' lang='lat'><strong>,</strong></span> <span class='ocrx_word' id='word_1_765' title='bbox 1637 5586 1736 5640; x_wconf 87' lang='lat' dir='ltr'><strong>pro</strong></span> <span class='ocrx_word' id='word_1_766' title='bbox 1770 5587 1880 5642; x_wconf 92' lang='lat' dir='ltr'><strong>quo</strong></span> <span class='ocrx_word' id='word_1_767' title='bbox 1917 5590 2024 5629; x_wconf 86' lang='lat' dir='ltr'><strong>una</strong></span> 
     </span>
    </p>
   </div>
   <div class='ocr_carea' id='block_1_102' title="bbox 455 5645 2026 5720">
    <p class='ocr_par' dir='ltr' id='par_1_102' title="bbox 455 5645 2026 5720">
     <span class='ocr_line' id='line_1_102' title="bbox 455 5645 2026 5720; baseline 0.016 -25"><span class='ocrx_word' id='word_1_768' title='bbox 455 5656 577 5696; x_wconf 86' lang='lat' dir='ltr'><strong>cum</strong></span> <span class='ocrx_word' id='word_1_769' title='bbox 606 5645 686 5700; x_wconf 89' lang='lat' dir='ltr'><strong>eis</strong></span> <span class='ocrx_word' id='word_1_770' title='bbox 725 5647 1019 5716; x_wconf 90' lang='lat' dir='ltr'><strong>apostolico</strong></span> <span class='ocrx_word' id='word_1_771' title='bbox 1053 5664 1150 5707; x_wconf 91' lang='lat' dir='ltr'><strong>ore</strong></span> <span class='ocrx_word' id='word_1_772' title='bbox 1195 5663 1370 5711; x_wconf 89' lang='lat' dir='ltr'><strong>morte</strong></span> <span class='ocrx_word' id='word_1_773' title='bbox 1410 5658 1757 5716; x_wconf 88' lang='lat' dir='ltr'><strong>mulctantur.</strong></span> <span class='ocrx_word' id='word_1_774' title='bbox 1789 5661 1916 5719; x_wconf 63' lang='lat' dir='ltr'><strong>llaec</strong></span> <span class='ocrx_word' id='word_1_775' title='bbox 1942 5672 2026 5720; x_wconf 90' lang='lat' dir='ltr'><strong>est</strong></span> 
     </span>
    </p>
   </div>
   <div class='ocr_carea' id='block_1_103' title="bbox 457 5732 2021 5825">
    <p class='ocr_par' dir='ltr' id='par_1_103' title="bbox 457 5732 2021 5825">
     <span class='ocr_line' id='line_1_103' title="bbox 457 5732 2021 5825; baseline 0.02 -41"><span class='ocrx_word' id='word_1_776' title='bbox 457 5732 617 5803; x_wconf 76' lang='lat' dir='ltr'><strong>igitur</strong></span> <span class='ocrx_word' id='word_1_777' title='bbox 643 5735 801 5806; x_wconf 88' lang='lat' dir='ltr'><strong>hujus</strong></span> <span class='ocrx_word' id='word_1_778' title='bbox 829 5739 943 5795; x_wconf 86' lang='lat' dir='ltr'><strong>vitii</strong></span> <span class='ocrx_word' id='word_1_779' title='bbox 965 5741 1205 5810; x_wconf 87' lang='lat' dir='ltr'><strong>perfecta</strong></span> <span class='ocrx_word' id='word_1_780' title='bbox 1224 5748 1434 5806; x_wconf 88' lang='lat' dir='ltr'><strong>curatio</strong></span> <span class='ocrx_word' id='word_1_781' title='bbox 1455 5751 1498 5808; x_wconf 90' lang='lat' dir='ltr'><strong>si</strong></span> <span class='ocrx_word' id='word_1_782' title='bbox 1526 5750 1654 5808; x_wconf 90' lang='lat' dir='ltr'><strong>illud</strong></span> <span class='ocrx_word' id='word_1_783' title='bbox 1673 5756 2021 5825; x_wconf 76' lang='lat' dir='ltr'><strong>apostolicum</strong></span> 
     </span>
    </p>
   </div>
   <div class='ocr_carea' id='block_1_104' title="bbox 2141 4839 3726 4934">
    <p class='ocr_par' dir='ltr' id='par_1_104' title="bbox 2141 4839 3726 4934">
     <span class='ocr_line' id='line_1_104' title="bbox 2141 4839 3726 4934; baseline 0.004 -42"><span class='ocrx_word' id='word_1_784' title='bbox 2141 4860 2160 4892; x_wconf 76' lang='grc' dir='ltr'><strong><em>ι</em></strong></span> <span class='ocrx_word' id='word_1_785' title='bbox 2196 4839 2384 4898; x_wconf 89' lang='lat' dir='ltr'><strong>Omnis</strong></span> <span class='ocrx_word' id='word_1_786' title='bbox 2410 4843 2490 4897; x_wconf 89' lang='lat' dir='ltr'><strong>ira</strong></span> <span class='ocrx_word' id='word_1_787' title='bbox 2515 4850 2570 4897; x_wconf 90' lang='lat' dir='ltr'><strong>et</strong></span> <span class='ocrx_word' id='word_1_788' title='bbox 2596 4841 2890 4914; x_wconf 90' lang='lat' dir='ltr'><strong>indignatio</strong></span> <span class='ocrx_word' id='word_1_789' title='bbox 2919 4843 3140 4899; x_wconf 86' lang='lat' dir='ltr'><strong>tollatur</strong></span> <span class='ocrx_word' id='word_1_790' title='bbox 3157 4858 3188 4897; x_wconf 86' lang='lat' dir='ltr'><strong>a</strong></span> <span class='ocrx_word' id='word_1_791' title='bbox 3211 4843 3365 4898; x_wconf 88' lang='lat' dir='ltr'><strong>vobis</strong></span> <span class='ocrx_word' id='word_1_792' title='bbox 3396 4844 3631 4915; x_wconf 72' lang='lat' dir='ltr'><strong>(Ephes.</strong></span> <span class='ocrx_word' id='word_1_793' title='bbox 3659 4862 3726 4934; x_wconf 59' lang='lat' dir='ltr'><strong>tv,</strong></span> 
     </span>
    </p>
   </div>
   <div class='ocr_carea' id='block_1_105' title="bbox 2134 4934 3727 5007">
    <p class='ocr_par' dir='ltr' id='par_1_105' title="bbox 2134 4934 3727 5007">
     <span class='ocr_line' id='line_1_105' title="bbox 2134 4934 3727 5007; baseline 0 -17"><span class='ocrx_word' id='word_1_794' title='bbox 2134 4934 2245 5007; x_wconf 80' lang='lat'><strong>5|).</strong></span> <span class='ocrx_word' id='word_1_795' title='bbox 2270 4955 2290 4988; x_wconf 73' lang='grc' dir='ltr'>ι</span> <span class='ocrx_word' id='word_1_796' title='bbox 2308 4935 2517 4990; x_wconf 87' lang='lat' dir='ltr'><strong>Nullam</strong></span> <span class='ocrx_word' id='word_1_797' title='bbox 2547 4935 2765 5005; x_wconf 89' lang='lat' dir='ltr'><strong>reliquit</strong></span> <span class='ocrx_word' id='word_1_798' title='bbox 2792 4936 2949 5006; x_wconf 91' lang='lat' dir='ltr'><strong>hujus</strong></span> <span class='ocrx_word' id='word_1_799' title='bbox 2975 4935 3188 5007; x_wconf 83' lang='lat' dir='ltr'><strong>generis</strong></span> <span class='ocrx_word' id='word_1_800' title='bbox 3215 4935 3374 4990; x_wconf 88' lang='lat' dir='ltr'><strong>iram.</strong></span> <span class='ocrx_word' id='word_1_801' title='bbox 3412 4935 3528 4992; x_wconf 78' lang='lat' dir='ltr'><strong>Sed</strong></span> <span class='ocrx_word' id='word_1_802' title='bbox 3559 4947 3618 4992; x_wconf 88' lang='lat' dir='ltr'><strong>et</strong></span> <span class='ocrx_word' id='word_1_803' title='bbox 3638 4954 3727 5007; x_wconf 78' lang='lat' dir='ltr'><strong>per</strong></span> 
     </span>
    </p>
   </div>
   <div class='ocr_carea' id='block_1_106' title="bbox 2135 5025 3726 5096">
    <p class='ocr_par' dir='ltr' id='par_1_106' title="bbox 2135 5025 3726 5096">
     <span class='ocr_line' id='line_1_106' title="bbox 2135 5025 3726 5096; baseline 0.001 -15"><span class='ocrx_word' id='word_1_804' title='bbox 2135 5027 2450 5087; x_wconf 76' lang='lat' dir='ltr'><strong>patientiam</strong></span> <span class='ocrx_word' id='word_1_805' title='bbox 2479 5034 2534 5081; x_wconf 91' lang='lat' dir='ltr'><strong>et</strong></span> <span class='ocrx_word' id='word_1_806' title='bbox 2555 5025 3018 5081; x_wconf 88' lang='lat' dir='ltr'><strong>mansuetudinem</strong></span> <span class='ocrx_word' id='word_1_807' title='bbox 3048 5041 3112 5081; x_wconf 92' lang='lat' dir='ltr'><strong>ac</strong></span> <span class='ocrx_word' id='word_1_808' title='bbox 3137 5025 3652 5096; x_wconf 80' lang='lat' dir='ltr'><strong>longanimitatem,</strong></span> <span class='ocrx_word' id='word_1_809' title='bbox 3679 5039 3726 5081; x_wconf 85' lang='lat' dir='ltr'><strong>et</strong></span> 
     </span>
    </p>
   </div>
   <div class='ocr_carea' id='block_1_107' title="bbox 2133 5119 3724 5188">
    <p class='ocr_par' dir='ltr' id='par_1_107' title="bbox 2133 5119 3724 5188">
     <span class='ocr_line' id='line_1_107' title="bbox 2133 5119 3724 5188; baseline 0.003 -17"><span class='ocrx_word' id='word_1_810' title='bbox 2133 5131 2230 5188; x_wconf 87' lang='lat' dir='ltr'><strong>per</strong></span> <span class='ocrx_word' id='word_1_811' title='bbox 2258 5134 2439 5174; x_wconf 85' lang='lat' dir='ltr'><strong>veram</strong></span> <span class='ocrx_word' id='word_1_812' title='bbox 2479 5119 2656 5174; x_wconf 84' lang='lat' dir='ltr'><strong>cordis</strong></span> <span class='ocrx_word' id='word_1_813' title='bbox 2688 5119 3152 5188; x_wconf 88' lang='lat' dir='ltr'><strong>compunctiunem</strong></span> <span class='ocrx_word' id='word_1_814' title='bbox 3173 5159 3189 5184; x_wconf 93' lang='lat'><strong>,</strong></span> <span class='ocrx_word' id='word_1_815' title='bbox 3228 5127 3285 5174; x_wconf 86' lang='lat' dir='ltr'><strong>et</strong></span> <span class='ocrx_word' id='word_1_816' title='bbox 3315 5135 3419 5188; x_wconf 89' lang='lat' dir='ltr'><strong>per</strong></span> <span class='ocrx_word' id='word_1_817' title='bbox 3459 5121 3724 5175; x_wconf 68' lang='lat' dir='ltr'><strong>ratiorm</strong></span> 
     </span>
    </p>
   </div>
   <div class='ocr_carea' id='block_1_108' title="bbox 2133 5209 3728 5280">
    <p class='ocr_par' dir='ltr' id='par_1_108' title="bbox 2133 5209 3728 5280">
     <span class='ocr_line' id='line_1_108' title="bbox 2133 5209 3728 5280; baseline 0.002 -16"><span class='ocrx_word' id='word_1_818' title='bbox 2133 5209 2547 5266; x_wconf 84' lang='lat' dir='ltr'><strong>intellectualem</strong></span> <span class='ocrx_word' id='word_1_819' title='bbox 2571 5226 2733 5280; x_wconf 89' lang='lat' dir='ltr'><strong>quam</strong></span> <span class='ocrx_word' id='word_1_820' title='bbox 2763 5212 2905 5266; x_wconf 90' lang='lat' dir='ltr'><strong>Deus</strong></span> <span class='ocrx_word' id='word_1_821' title='bbox 2929 5210 3118 5266; x_wconf 88' lang='lat' dir='ltr'><strong>inserit</strong></span> <span class='ocrx_word' id='word_1_822' title='bbox 3136 5211 3414 5267; x_wconf 88' lang='lat' dir='ltr'><strong>mentibus</strong></span> <span class='ocrx_word' id='word_1_823' title='bbox 3444 5215 3728 5278; x_wconf 66' lang='lat' dir='ltr'><strong>nummis,</strong></span> 
     </span>
    </p>
   </div>
   <div class='ocr_carea' id='block_1_109' title="bbox 2134 5302 3724 5376">
    <p class='ocr_par' dir='ltr' id='par_1_109' title="bbox 2134 5302 3724 5376">
     <span class='ocr_line' id='line_1_109' title="bbox 2134 5302 3724 5376; baseline 0.003 -20"><span class='ocrx_word' id='word_1_824' title='bbox 2134 5309 2190 5356; x_wconf 89' lang='lat' dir='ltr'><strong>et</strong></span> <span class='ocrx_word' id='word_1_825' title='bbox 2210 5318 2308 5372; x_wconf 88' lang='lat' dir='ltr'><strong>per</strong></span> <span class='ocrx_word' id='word_1_826' title='bbox 2337 5303 2585 5358; x_wconf 89' lang='lat' dir='ltr'><strong>timorem</strong></span> <span class='ocrx_word' id='word_1_827' title='bbox 2616 5302 2746 5358; x_wconf 91' lang='lat' dir='ltr'><strong>illud</strong></span> <span class='ocrx_word' id='word_1_828' title='bbox 2779 5302 2966 5376; x_wconf 85' lang='lat' dir='ltr'><strong>[illius]</strong></span> <span class='ocrx_word' id='word_1_829' title='bbox 2995 5302 3301 5374; x_wconf 83' lang='lat' dir='ltr'><strong>Evangelici</strong></span> <span class='ocrx_word' id='word_1_830' title='bbox 3332 5303 3469 5360; x_wconf 87' lang='lat' dir='ltr'><strong>dicti</strong></span> <span class='ocrx_word' id='word_1_831' title='bbox 3496 5325 3512 5357; x_wconf 86' lang='lat'><strong>:</strong></span> <span class='ocrx_word' id='word_1_832' title='bbox 3547 5325 3569 5356; x_wconf 71' lang='grc' dir='ltr'>ι</span> <span class='ocrx_word' id='word_1_833' title='bbox 3606 5306 3724 5361; x_wconf 78' lang='grc' dir='ltr'><strong>υιιιο</strong></span> 
     </span>
    </p>
   </div>
   <div class='ocr_carea' id='block_1_110' title="bbox 2131 5393 3722 5468">
    <p class='ocr_par' dir='ltr' id='par_1_110' title="bbox 2131 5393 3722 5468">
     <span class='ocr_line' id='line_1_110' title="bbox 2131 5393 3722 5468; baseline -0.001 -17"><span class='ocrx_word' id='word_1_834' title='bbox 2131 5397 2218 5451; x_wconf 86' lang='lat' dir='ltr'><strong>nis</strong></span> <span class='ocrx_word' id='word_1_835' title='bbox 2241 5396 2334 5466; x_wconf 90' lang='lat' dir='ltr'><strong>qui</strong></span> <span class='ocrx_word' id='word_1_836' title='bbox 2363 5397 2616 5452; x_wconf 89' lang='lat' dir='ltr'><strong>irascitur</strong></span> <span class='ocrx_word' id='word_1_837' title='bbox 2639 5395 2795 5452; x_wconf 92' lang='lat' dir='ltr'><strong>fratri</strong></span> <span class='ocrx_word' id='word_1_838' title='bbox 2826 5412 2923 5452; x_wconf 90' lang='lat' dir='ltr'><strong>suo</strong></span> <span class='ocrx_word' id='word_1_839' title='bbox 2941 5437 2955 5462; x_wconf 91' lang='lat'><strong>,</strong></span> <span class='ocrx_word' id='word_1_840' title='bbox 2989 5410 3114 5452; x_wconf 89' lang='lat' dir='ltr'><strong>reus</strong></span> <span class='ocrx_word' id='word_1_841' title='bbox 3136 5396 3243 5451; x_wconf 90' lang='lat' dir='ltr'><strong>erit</strong></span> <span class='ocrx_word' id='word_1_842' title='bbox 3262 5393 3480 5462; x_wconf 87' lang='lat' dir='ltr'><strong>judicio</strong></span> <span class='ocrx_word' id='word_1_843' title='bbox 3503 5397 3722 5468; x_wconf 65' lang='lat' dir='ltr'><strong>(latri.</strong></span> 
     </span>
    </p>
   </div>
   <div class='ocr_carea' id='block_1_111' title="bbox 2129 5487 3706 5559">
    <p class='ocr_par' dir='ltr' id='par_1_111' title="bbox 2129 5487 3706 5559">
     <span class='ocr_line' id='line_1_111' title="bbox 2129 5487 3706 5559; baseline 0.001 -17"><span class='ocrx_word' id='word_1_844' title='bbox 2129 5488 2334 5559; x_wconf 75' lang='lat' dir='ltr'><strong>v,22),</strong></span> <span class='ocrx_word' id='word_1_845' title='bbox 2369 5507 2389 5542; x_wconf 73' lang='grc' dir='ltr'><strong>ι</strong></span> <span class='ocrx_word' id='word_1_846' title='bbox 2427 5495 2488 5544; x_wconf 84' lang='grc' dir='ltr'>ει</span> <span class='ocrx_word' id='word_1_847' title='bbox 2512 5503 2610 5559; x_wconf 88' lang='lat' dir='ltr'><strong>per</strong></span> <span class='ocrx_word' id='word_1_848' title='bbox 2647 5489 3068 5544; x_wconf 87' lang='lat' dir='ltr'><strong>recordationem</strong></span> <span class='ocrx_word' id='word_1_849' title='bbox 3105 5487 3370 5543; x_wconf 87' lang='lat' dir='ltr'><strong>orationis</strong></span> <span class='ocrx_word' id='word_1_850' title='bbox 3403 5487 3706 5543; x_wconf 72' lang='lat' dir='ltr'><strong>Dominica</strong></span> 
     </span>
    </p>
   </div>
   <div class='ocr_carea' id='block_1_112' title="bbox 2129 5577 3726 5644">
    <p class='ocr_par' dir='ltr' id='par_1_112' title="bbox 2129 5577 3726 5644">
     <span class='ocr_line' id='line_1_112' title="bbox 2129 5577 3726 5644; baseline 0 -12"><span class='ocrx_word' id='word_1_851' title='bbox 2129 5577 2219 5633; x_wconf 90' lang='lat' dir='ltr'><strong>ubi</strong></span> <span class='ocrx_word' id='word_1_852' title='bbox 2251 5577 2362 5633; x_wconf 91' lang='lat' dir='ltr'><strong>Deo</strong></span> <span class='ocrx_word' id='word_1_853' title='bbox 2397 5577 2594 5634; x_wconf 89' lang='lat' dir='ltr'><strong>dicitur</strong></span> <span class='ocrx_word' id='word_1_854' title='bbox 2629 5596 2642 5632; x_wconf 86' lang='lat'><strong>:</strong></span> <span class='ocrx_word' id='word_1_855' title='bbox 2675 5597 2692 5630; x_wconf 75' lang='grc' dir='ltr'>ι</span> <span class='ocrx_word' id='word_1_856' title='bbox 2722 5578 2940 5633; x_wconf 89' lang='lat' dir='ltr'><strong>Dimitte</strong></span> <span class='ocrx_word' id='word_1_857' title='bbox 2963 5578 3119 5634; x_wconf 89' lang='lat' dir='ltr'><strong>nobis</strong></span> <span class='ocrx_word' id='word_1_858' title='bbox 3139 5577 3321 5632; x_wconf 85' lang='lat' dir='ltr'><strong>debita</strong></span> <span class='ocrx_word' id='word_1_859' title='bbox 3342 5587 3562 5644; x_wconf 78' lang='lat' dir='ltr'><strong>nostra,</strong></span> <span class='ocrx_word' id='word_1_860' title='bbox 3585 5578 3726 5632; x_wconf 80' lang='lat' dir='ltr'><strong>sicut</strong></span> 
     </span>
    </p>
   </div>
   <div class='ocr_carea' id='block_1_113' title="bbox 2129 5666 3714 5742">
    <p class='ocr_par' dir='ltr' id='par_1_113' title="bbox 2129 5666 3714 5742">
     <span class='ocr_line' id='line_1_113' title="bbox 2129 5666 3714 5742; baseline -0.003 -18"><span class='ocrx_word' id='word_1_861' title='bbox 2129 5679 2185 5724; x_wconf 91' lang='lat' dir='ltr'><strong>ct</strong></span> <span class='ocrx_word' id='word_1_862' title='bbox 2211 5684 2307 5725; x_wconf 92' lang='lat' dir='ltr'><strong>nos</strong></span> <span class='ocrx_word' id='word_1_863' title='bbox 2321 5668 2638 5726; x_wconf 75' lang='lat' dir='ltr'><strong>dimittimus</strong></span> <span class='ocrx_word' id='word_1_864' title='bbox 2651 5669 2982 5727; x_wconf 82' lang='lat' dir='ltr'><strong>debitoribus</strong></span> <span class='ocrx_word' id='word_1_865' title='bbox 2997 5669 3198 5726; x_wconf 90' lang='lat' dir='ltr'><strong>nostris</strong></span> <span class='ocrx_word' id='word_1_866' title='bbox 3211 5666 3437 5741; x_wconf 72' lang='lat' dir='ltr'><strong>(Matth.</strong></span> <span class='ocrx_word' id='word_1_867' title='bbox 3467 5684 3544 5738; x_wconf 82' lang='lat' dir='ltr'><strong>vl,</strong></span> <span class='ocrx_word' id='word_1_868' title='bbox 3567 5667 3675 5742; x_wconf 71' lang='lat' dir='ltr'><strong>ﬂ),</strong></span> <span class='ocrx_word' id='word_1_869' title='bbox 3697 5686 3714 5719; x_wconf 77' lang='grc' dir='ltr'><strong><em>ι</em></strong></span> 
     </span>
    </p>
   </div>
   <div class='ocr_carea' id='block_1_114' title="bbox 2131 5760 2606 5832">
    <p class='ocr_par' dir='ltr' id='par_1_114' title="bbox 2131 5760 2606 5832">
     <span class='ocr_line' id='line_1_114' title="bbox 2131 5760 2606 5832; baseline -0.004 -16"><span class='ocrx_word' id='word_1_870' title='bbox 2131 5761 2331 5832; x_wconf 78' lang='lat' dir='ltr'><strong>optime</strong></span> <span class='ocrx_word' id='word_1_871' title='bbox 2357 5760 2606 5818; x_wconf 87' lang='lat' dir='ltr'><strong>vincitur.</strong></span> 
     </span>
    </p>
   </div>
  </div>
