3956 6326
1537 192 1594 220 '3‘

225 308 356 366 4373

597 413 734 473 CAP.
773 413 903 472 LIII.
944 441 1012 455 —
1045 411 1126 470 De
1160 413 1393 468 tristitia.

293 527 504 604 (Basil.)
542 527 661 584 Duo
703 536 831 584 sunt
871 526 1022 582 enim
1068 538 1264 597 genera
1308 522 1575 588 tristitiae,
1625 534 1792 575 unum

233 620 514 676 secundum
557 617 750 683 Deum,
791 615 1016 670 alterum
1059 614 1352 670 secundum
1393 611 1677 675 saeculum;
1704 608 1793 662 illa

231 725 338 782 qua:
365 708 657 767 secundum
684 708 853 762 Deum
879 705 1096 761 tristitia
1117 714 1227 770 est,
1255 702 1529 759 salutifera
1553 710 1636 757 est
1665 719 1677 755 :
1706 700 1793 755 illa

224 816 338 872 qua:
365 799 656 856 secundum
673 797 926 852 sarculum
948 793 1245 850 mortifera.
1274 793 1580 850 Secundum
1626 791 1796 846 Deum

230 898 305 944 est
349 888 598 952 tristitia,
640 901 762 941 cum
797 899 896 954 pro
921 883 1160 938 mandati
1205 881 1534 954 negligentia
1577 879 1663 935 vel
1696 893 1795 949 pro

221 977 660 1049 praevaricatione
693 977 1006 1039 tristamur,
1035 973 1330 1029 secundum
1366 971 1508 1042 quod
1538 971 1796 1040 scriptum

228 1081 346 1129 est:
382 1091 400 1123 ι
433 1069 673 1126 Tristitia
713 1067 884 1122 ternuit
921 1081 1006 1122 me
1035 1081 1135 1136 pro
1163 1063 1537 1135 peccatoribus
1565 1061 1800 1117 derelin-

229 1162 505 1233 quentibus
521 1160 700 1231 legem
724 1168 894 1214 tuam.
911 1176 936 1209 -ι
957 1156 1152 1229 (Cass.)
1177 1157 1263 1212 Fit
1283 1172 1412 1213 vero
1441 1156 1556 1210 haec
1579 1155 1798 1209 tristitia

230 1251 394 1306 modis
437 1249 647 1304 tribus:
684 1248 888 1318 primo,
929 1261 1028 1316 pro
1073 1244 1408 1316 paenitudine
1447 1243 1795 1308 delictorum;

228 1341 485 1406 secundo,
543 1355 644 1410 pro
693 1339 960 1395 desiderio
1014 1337 1394 1409 perfectionis;
1448 1335 1639 1402 tertio,
1685 1349 1799 1405 pro

229 1430 670 1501 contemplatione
702 1427 897 1483 futurze
915 1427 1282 1492 beatitudinis,
1310 1425 1377 1482 de
1407 1441 1512 1495 qua
1532 1434 1588 1481 et
1613 1431 1802 1481 beatus

229 1521 418 1576 Paulus
462 1519 764 1592 apostolus:
801 1537 820 1570 ι
869 1518 999 1586 Quae
1025 1519 1321 1575 secundum
1358 1518 1528 1572 Deum
1565 1524 1682 1583 est,
1719 1517 1802 1570 in-

229 1613 369 1682 quit,
397 1611 614 1666 tristitia
642 1610 1014 1682 pmniteutiam
1044 1610 1113 1664 ad
1141 1609 1369 1665 salutem
1391 1607 1640 1664 stabilem
1669 1622 1798 1677 ope-

229 1710 402 1767 ratur,
439 1699 621 1756 saeculi
660 1707 840 1755 autem
871 1698 1090 1755 tristitia
1119 1706 1223 1764 est,
1256 1715 1376 1770 quae
1416 1706 1644 1753 mortem
1673 1711 1800 1766 ope-

229 1799 376 1846 ratur
423 1789 509 1862 (11
567 1789 688 1845 Cor.
737 1805 846 1856 vn,
895 1788 1007 1861 10).
1059 1809 1078 1843 ι
1109 1789 1244 1844 Cum
1298 1789 1494 1860 aliquis
1534 1789 1600 1844 de
1636 1789 1799 1844 rebus

229 1879 502 1946 humanis,
541 1894 662 1949 quae
689 1877 756 1933 ad
796 1879 1048 1934 saeculum
1078 1878 1371 1948 pertinent,
1409 1877 1796 1944 contristatur,

225 1967 338 2024 haec
372 1967 693 2024 miserabilis
713 1967 893 2038 passio
925 1967 979 2022 in
1005 1966 1146 2022 bono
1182 1981 1346 2037 opere
1368 1966 1504 2022 nihil
1527 1965 1802 2036 perlicere

227 2061 393 2130 valet,
422 2063 536 2118 haec
555 2064 792 2118 animum
817 2060 1026 2128 turbat,
1055 2070 1111 2118 et
1129 2077 1270 2132 szepe
1290 2061 1801 2134 perniciosissimam

229 2153 652 2224 desperationem
694 2153 889 2209 animae
926 2152 1097 2222 injicit
1141 2153 1509 2224 delinquenti,
1553 2161 1607 2207 et
1632 2154 1802 2209 bono-

230 2264 346 2304 rum
371 2247 672 2304 futurorum
701 2263 849 2319 spem
875 2246 1157 2310 abstrahit,
1188 2246 1248 2300 ﬁt
1277 2257 1458 2302 autem
1485 2247 1600 2302 haec
1622 2246 1799 2302 saeculi

228 2338 446 2393 tristitia
498 2337 672 2394 modis
721 2353 838 2403 sex,
889 2336 1176 2408 aliquando
1221 2352 1286 2393 ex
1335 2338 1671 2408 pmcedeute
1720 2338 1801 2392 ira

229 2428 534 2495 descendit,
566 2428 856 2500 aliquando
876 2443 974 2499 pro
1003 2428 1290 2484 amissione
1312 2427 1445 2483 lucri
1465 2468 1479 2493 ,
1514 2427 1802 2498 aliquando

225 2534 324 2590 pro
359 2519 681 2576 detrimento
719 2519 868 2575 illato
897 2519 1146 2585 advenit,
1174 2519 1459 2590 aliquando
1478 2519 1576 2589 pro
1599 2519 1803 2588 irroga-

229 2611 298 2666 tis
352 2619 642 2684 generatur
693 2608 933 2680 injuriis,
988 2609 1277 2679 aliquando
1325 2609 1393 2665 de
1443 2609 1802 2665 irrationabili

228 2703 422 2758 mentis
458 2700 772 2757 confusione
815 2701 1086 2771 procedit,
1131 2700 1420 2772 aliquando
1453 2700 1666 2755 mortali
1709 2701 1806 2757 de-

228 2791 533 2862 speratione
563 2805 672 2861 _pro
695 2790 958 2847 scelerum
984 2789 1353 2861 magnitudine
1373 2791 1632 2846 nascitur.
1663 2790 1805 2857 Quae

227 2882 407 2937 omnia
437 2882 788 2938 'tristitiarum
826 2896 1027 2954 genera
1052 2881 1339 2937 vincuntur
1376 2897 1476 2952 per
1507 2882 1805 2952 spiritalem

228 2972 468 3027 laetitiam
513 2980 569 3028 et
615 2973 1058 3038 meditationem,
1101 2979 1158 3026 et
1196 2986 1296 3041 per
1346 2973 1612 3027 bonorum
1655 2987 1804 3042 spem

229 3061 563 3128 futurorum,
604 3070 658 3118 et
685 3063 985 3134 priscarum
1030 3061 1452 3118 consolationem
1493 3061 1804 3134 Scriptura-

227 3169 380 3220 rum,
429 3170 524 3210 seu
563 3161 618 3210 et
644 3122 741 3226 per
779 3151 1078 3226 fraternum
1119 3151 1174 3208 in
1203 3153 1430 3224 spiritali
1469 3122 1805 3221 jucunditate
1833 3122 1877 3186 Ο

229 3245 552 3317 colloquium
571 3285 585 3312 ,
616 3251 1033 3316 sanctorumque
1054 3257 1282 3317 operum
1309 3243 1654 3302 exercitium.

643 3380 776 3436 Car.
807 3377 941 3435 LIV.
976 3409 1048 3421 —
1072 3378 1152 3437 De
1185 3379 1387 3435 acedia.

303 3493 499 3567 (Cass.)
521 3493 716 3550 Acedia
734 3493 951 3560 Graece,
968 3493 1160 3550 Latine
1183 3495 1398 3550 taedium
1419 3493 1531 3549 sive
1563 3493 1810 3550 anxietas

229 3587 444 3648 cordis,
471 3584 560 3639 vel
579 3585 743 3639 etiam
771 3585 1018 3640 otiositas
1040 3585 1236 3640 dicitur
1261 3603 1275 3639 :
1300 3584 1475 3640 aliinis
1499 3586 1616 3641 haec
1643 3587 1812 3641 tristi-

231 3678 355 3743 tiae,
390 3685 627 3732 excaecat
650 3677 795 3732 enim
834 3687 1071 3733 mentem
1107 3678 1320 3744 acedia,
1366 3677 1436 3732 ab
1477 3679 1624 3734 omni
1666 3693 1814 3733 com-

232 3767 586 3838 templatione
639 3767 896 3822 virtutum
947 3775 1002 3822 et
1036 3767 1104 3822 ab
1136 3767 1390 3824 universo
1425 3767 1622 3822 intuitu
1655 3768 1816 3838 spiri-

231 3863 424 3920 talium
485 3878 742 3919 sensuum
803 3861 934 3918 facit
986 3863 1225 3917 animam
1286 3863 1611 3926 dormitare,
1679 3863 1819 3918 sicut

230 3957 429 4012 beatus
471 3954 688 4028 [David]
724 3955 1003 4026 eleganter
1057 3956 1325 4026 expressit
1365 3973 1380 4012 :
1415 3975 1433 4007 ι
1478 3955 1817 4022 Dormitavit,

233 4045 486 4118 inquiens
504 4085 518 4112 ,
540 4046 718 4101 anima
740 4061 859 4100 mea
881 4060 992 4116 pra:
1020 4045 1178 4101 taedio
1205 4045 1377 4118 (Psal.
1401 4062 1566 4103 cxvm
1589 4087 1604 4114 ,
1641 4047 1734 4119 28)
1755 4089 1770 4114 ,
1796 4066 1814 4100 ι

234 4135 293 4190 id
323 4144 436 4202 est,
477 4149 587 4206 prae
626 4135 831 4192 acedia.
859 4136 1084 4206 Proprie
1112 4137 1247 4192 satis
1285 4152 1393 4192 non
1422 4153 1618 4209 corpus
1653 4139 1820 4206 dixit,

233 4226 335 4281 sed
355 4225 593 4280 animam
613 4226 933 4282 dormitasse
950 4266 965 4293 ,
987 4225 1048 4282 fit
1069 4227 1212 4282 enim
1232 4227 1518 4298 aliquando
1543 4228 1596 4284 in
1621 4240 1818 4298 mente,

233 4313 528 4385 aliquando
561 4329 820 4386 corpore,
863 4315 1152 4385 aliquando
1185 4324 1367 4373 mente
1409 4318 1569 4373 simul
1603 4327 1658 4374 et
1700 4335 1824 4375 cor-

231 4419 372 4475 pore
391 4445 406 4471 ,
438 4405 685 4460 omnibus
713 4405 856 4460 enim
872 4405 1044 4460 modis
1057 4406 1166 4460 Deo
1193 4405 1573 4464 famulantibus
1601 4409 1825 4464 multum

1176 300 1279 358 ‘DE
1313 296 1638 358 ΥΠ·ηὸἘῖ
1675 295 2109 355 νωτυτιιςυδ.
2147 326 2214 336 -
2250 294 2379 351 LIB.
2421 294 2506 350 Ill.

3321 299 3457 357 i378
3493 301 3498 307 ’

1807 413 1860 474 Α
1885 407 2327 464 conversantibus
2349 403 2596 461 infestior
2620 405 2792 462 hostis
2820 421 2886 464 ac
2911 406 3183 478 frequens.
3216 406 3321 466 Sed
3333 413 3461 481 quia

1891 493 1946 549 in
1972 496 2143 564 prima
2181 495 2490 550 earumdem
2523 494 2897 566 principalium
2925 497 3180 552 vitiorum
3217 500 3458 571 descrip-

1890 583 2034 638 tione
2082 582 2149 638 de
2191 583 2387 638 acedia
2423 583 2500 637 nil
2536 583 2839 654 tetigimus,
2875 593 3043 640 restat
3071 601 3284 658 quoque
3312 597 3370 643 ut
3393 591 3462 646 de

1890 673 2096 744 origine
2137 687 2203 728 ae
2234 674 2518 729 vexatione
2553 674 2873 746 iudiciisque
2913 684 2968 732 et
3005 677 3462 749 increpationibus

1891 764 2251 834 remediisque
2284 764 2460 831 illius,
2499 766 2638 821 sicut
2677 774 2733 820 et
2754 767 2820 822 de
2846 769 3058 823 caeteris
3079 770 3466 840 principalibus

1893 854 2741 928 vitiisexcerpsimus,adjuvaute
2773 859 3020 926 Domino,
3051 874 3118 915 ex
3151 871 3464 920 sanctorum

1894 940 2115 1031 Patrum
2148 945 2420 1016 opusculis
2448 945 2685 1002 breviter
2730 962 2965 1020 congrua
2994 949 3269 1019 capiamus
3309 953 3465 1009 testi-

1895 1049 2095 1090 tuoma.

2051 1165 2190 1223 'CAP.
2230 1166 2340 1224 LV.
2379 1199 2450 1209 —
2481 1167 2560 1223 De
2583 1179 2772 1224 natura
2795 1179 2842 1225 et
2870 1171 3068 1242 origine
3095 1173 3290 1228 acedia:

1967 1271 2152 1330 Oritur
2189 1285 2368 1333 autem
2409 1280 2606 1334 acediae
2646 1280 2867 1350 Spiritus
2897 1297 2964 1336 ex
2999 1283 3397 1339 intermissione
3417 1294 3472 1340 et

1897 1367 2220 1439 negligentia
2249 1370 2375 1425 boui
2401 1372 2609 1440 aperis,
2639 1388 2738 1428 nec
2765 1389 2871 1428 non
2897 1383 2952 1429 et
2978 1390 3043 1430 ex
3081 1374 3327 1431 lectionis
3358 1392 3474 1432 ora-

1900 1457 2168 1528 tionisque
2192 1459 2442 1514 tarditate
2467 1475 2563 1515 seu
2584 1469 2638 1516 et
2663 1479 2730 1517 ex
2759 1463 2916 1534 hujus
2938 1465 3116 1519 szeculi
3139 1465 3354 1520 tristitia
3373 1506 3387 1531 ,
3409 1481 3474 1521 ac

1899 1563 1967 1604 ex
1997 1551 2378 1619 aspernatione
2400 1559 2561 1622 atque
2583 1562 2894 1624 contemptu
2922 1555 3223 1611 divinorum
3255 1563 3309 1611 et
3329 1556 3476 1626 prin-

1899 1639 2151 1711 cipalium
2179 1648 2591 1712 praeceptorum.

2004 1775 2130 1831 Car.
2173 1776 2306 1832 LVI.
2341 1807 2412 1818 —
2443 1777 2876 1844 Qualiteracedia
2899 1788 3048 1834 vexat
3079 1779 3369 1835 acediosos.

1972 1886 2169 1961 (Cass.)
2197 1888 2366 1956 Quem
2404 1890 2521 1945 haec
2557 1888 2880 1945 miserabilis
2917 1891 3157 1960 possidet
3192 1892 3371 1960 passio
3407 1891 3477 1946 ad

1901 1995 2062 2038 omne
2091 1997 2228 2052 opus
2283 1983 2486 2037 bonum
2529 1981 2660 2038 facit
2706 1982 3216 2054 des’idem,_p'igrum
3251 1991 3305 2038 et
3333 1983 3480 2037 iner-

1905 2080 2052 2140 tem,
2093 2089 2199 2128 non
2231 2088 2354 2128 eum
2391 2073 2446 2127 in
2494 2073 2712 2144 proprio
2744 2073 2981 2129 residere
3021 2073 3143 2128 loco
3184 2073 3478 2144 permittit,

1901 2165 2272 2221 lassitudinem
2311 2165 2552 2233 corporis
2572 2163 2783 2232 cibique
2805 2163 3036 2218 esuriem
3071 2164 3258 2232 quinta
3303 2173 3482 2219 sexta-

1900 2273 2006 2328 que
2051 2257 2184 2312 hora
2226 2264 2431 2311 tantam
2478 2254 2734 2319 suscitat,
2783 2263 2842 2310 ut
2871 2255 3013 2309 velut
3058 2254 3215 2326 longo
3255 2255 3481 2320 itinere,

1903 2346 2332 2417 gravissimoque
2358 2344 2541 2399 labore
2565 2343 2839 2400 confectus
2866 2344 3082 2400 sibimet
3099 2345 3278 2400 lassus
3299 2347 3484 2402 videa-

1902 2445 2008 2504 tur,
2034 2446 2088 2493 et
2112 2448 2238 2494 tunc
2267 2439 2391 2503 huc,
2417 2437 2542 2492 illuc
2566 2437 2902 2508 perambulat
2931 2436 3121 2491 anxius
3138 2477 3154 2502 ,
3178 2437 3480 2508 smpiusque

1902 2529 2205 2600 ingreditur
2244 2539 2299 2584 et
2343 2527 2616 2599 egreditur
2665 2527 2856 2584 cellam
2897 2543 2962 2582 ac
3011 2527 3178 2582 solem
3229 2527 3375 2583 velut
3406 2528 3475 2584 ad

1902 2635 2154 2675 occasum
2181 2619 2390 2674 tardius
2403 2628 2778 2690 properantem
2807 2617 3051 2673 crebrius
3075 2618 3333 2686 intuetur,
3364 2635 3484 2674 om-

1903 2713 2065 2784 niqae
2099 2721 2220 2769 actu
2249 2713 2478 2783 spiritali
2511 2712 2756 2767 redditur
2786 2711 2993 2767 otiosus
3025 2727 3089 2767 ac
3132 2728 3335 2767 vacuus
3355 2753 3369 2777 ,
3400 2713 3484 2766 ni-

1904 2805 2086 2875 hilque
2137 2803 2281 2858 aliud
2341 2819 2672 2872 procurans,
2727 2818 2887 2874 quam
2940 2803 3030 2858 ubi
3077 2819 3243 2874 quov.
3309 2803 3488 2859 colore

1905 2893 2245 2949 occasionem
2301 2892 2612 2947 refectionis
2659 2890 2862 2946 futurae
2915 2891 3089 2946 valeat
3146 2907 3482 2962 praeparare,
3533 2951 3540 2958 ρ

1907 3001 2058 3040 mens
2081 2985 2225 3040 enim
2251 2984 2411 3039 otiosi
2437 2983 2571 3038 nihil
2601 2983 2747 3037 aliud
2773 2983 3012 3054 cogitare
3035 2985 3212 3050 novit,
3237 3000 3398 3054 quam
3423 2985 3489 3039 de

1907 3077 2048 3131 escis
2079 3090 2143 3131 ac
2172 3083 2398 3130 ventre:
2429 3094 2446 3127 ι
2483 3074 2543 3130 In
2571 3075 2854 3131 desideriis
2890 3076 3032 3131 enim
3074 3083 3190 3142 est,
3239 3083 3298 3129 ut
3333 3091 3487 3132 sacra

1909 3175 2140 3224 testatur
2163 3167 2474 3239 Scriptura,
2503 3168 2681 3225 omnis
2705 3168 2910 3224 otiosus
2936 3167 3116 3241 (Prov.
3142 3169 3280 3241 xxi).
3321 3188 3340 3222 ι

1907 3302 2034 3360 CAP.
2070 3301 2224 3358 LVII.
2253 3334 2324 3344 ——
2349 3301 2552 3368 Quibus
2590 3302 2800 3356 indiciis
2827 3304 3158 3373 cognoscitur
3192 3304 3488 3362 acediosus.

1971 3413 2172 3487 (Casa)
2200 3414 2396 3469 Beatus
2421 3411 2619 3468 Paulus
2633 3412 2907 3482 apostolus
2927 3419 2987 3466 ut
3013 3427 3173 3467 verus
3199 3420 3254 3466 et
3279 3414 3491 3482 peritis-

1908 3508 2078 3564 simus
2099 3507 2340 3564 medicus
2365 3507 2561 3561 acedia:
2600 3505 2824 3559 vulnera
2870 3505 2924 3558 iu
2966 3503 3199 3575 Epistola
3227 3506 3296 3560 ad
3323 3505 3492 3561 Thes-

1909 3599 2272 3653 salonicenses
2297 3596 2529 3666 pleniter
2557 3595 2734 3664 aperit
2765 3594 2951 3649 dicens
2978 3612 2990 3648 :
3027 3612 3045 3645 ι
3083 3595 3354 3666 Rogamus
3375 3611 3490 3662 vos,

1912 3687 2140 3752 fratres,
2180 3696 2241 3741 ut
2299 3686 2582 3741 abundetis
2623 3685 2826 3756 magis,
2872 3693 2928 3739 et
2970 3699 3190 3754 operam
3225 3686 3392 3751 detis,
3437 3694 3497 3742 ut

1913 3779 2082 3849 quieti
2104 3778 2255 3842 sitis,
2284 3785 2338 3832 et
2361 3784 2420 3830 ut
2440 3785 2618 3830 vestra
2645 3775 2858 3844 negotia
2881 3775 3054 3844 agatis
3095 3783 3150 3828 et
3194 3773 3493 3844 Operemini

1915 3869 2165 3924 manibus
2190 3866 2420 3932 vestris,
2457 3874 2514 3921 et
2539 3873 2599 3920 ut
2631 3865 2857 3920 honeste
2895 3863 3185 3920 ambuletis
3211 3873 3266 3919 et
3297 3865 3496 3922 nullius

1917 3957 2119 4026 aliquid
2151 3955 2470 4011 desideretis
2509 3954 2561 4026 (I
2591 3954 2748 4008 Thess
2783 3969 2873 4020 iv,
2907 3954 2928 4007 1
2956 3994 2970 4020 ,
2998 3954 3108 4026 10).
3151 3974 3168 4005 ι
3211 3953 3307 4010 His
3349 3956 3494 4010 enim

1920 4046 2135 4103 indiciis
2160 4046 2501 4117 cognoscitur
2521 4045 2802 4100 acediosos
2824 4085 2839 4111 ,
2869 4059 3044 4114 primo
3065 4045 3191 4114 quia
3222 4046 3494 4115 inquietus

1920 4147 2035 4204 est,
2063 4139 2300 4194 secundo
2328 4137 2454 4207 quia
2489 4136 2663 4191 aliena
2693 4145 2847 4192 curat
2875 4137 3088 4208 negotia
3107 4178 3123 4202 ,
3162 4139 3305 4206 quod
3330 4138 3503 4192 curio-

1923 4229 2100 4285 sitatis
2137 4236 2221 4283 est
2259 4227 2490 4292 malum,
2531 4227 2690 4282 tertio
2736 4227 2861 4296 quia
2909 4226 3230 4298 dedignatur
3267 4227 3502 4298 propriis

1924 4322 2137 4393 operari
2182 4321 2464 4386 manibus,
2502 4330 2696 4391 quarto
2735 4321 2878 4390 quod
2914 4320 3195 4376 inhoneste
3232 4321 3501 4387 ambulat,

1928 4420 2116 4490 quinto
2152 4417 2294 4489 quod
2333 4417 2506 4472 aliena
2543 4416 2832 4472 desiderat.
2877 4416 2943 4470 Et
2979 4415 3031 4470 in
3061 4416 3168 4471 alio
3207 4415 3326 4472 loco
3362 4415 3503 4470 idem

234 4472 440 4550 nocere
466 4495 758 4565 probatur,
784 4493 912 4549 dum
929 4496 996 4551 ab
1015 4495 1160 4550 omni
1184 4504 1310 4551 actu
1333 4496 1561 4566 spiritali
1584 4498 1809 4554 reddun-

1928 4472 2202 4581 apostolus
2253 4516 2406 4564 notat
2456 4508 2788 4563 acediosos:
2831 4525 2851 4559 r
2891 4507 3239 4573 Audivimus,
3293 4508 3498 4578 inquit,

234 4594 333 4640 tur
365 4585 523 4642 otiosi
543 4625 558 4651 ,
583 4600 648 4640 ac
675 4585 851 4640 vacui.
881 4584 1000 4641 Hoc
1018 4594 1198 4640 autem
1220 4587 1408 4642 vitium
1431 4589 1606 4642 sancti
1634 4587 1820 4644 Eccle-

233 4677 450 4734 siarum
484 4676 577 4731 Dei
602 4674 854 4733 doctores
882 4676 1025 4730 inter
1051 4685 1174 4732 octo
1208 4677 1337 4732 vitia
1365 4677 1685 4748 principalia
1714 4693 1822 4733 non

233 4766 728 4832 annuntiaverunt,
772 4767 869 4822 sed
895 4769 994 4822 sub
1025 4767 1256 4822 tristitia:
1285 4767 1439 4823 titulo
1474 4783 1597 4822 eum
1631 4783 1825 4839 posue-

234 4867 408 4924 runt,
451 4867 507 4914 et
543 4859 595 4913 in
647 4859 890 4930 catalogo
930 4860 1306 4930 pradictorum
1347 4861 1633 4926 vitiorum,
1684 4862 1827 4917 unde

234 4950 491 5005 acediam
519 4950 934 5018 subtraxerunt,
961 4959 1019 5006 ut
1043 4951 1230 5006 eadem
1283 4950 1412 5006 vitia
1443 4961 1569 5007 octo
1599 4952 1814 5019 fierent,

231 5042 505 5098 invidiam
558 5050 887 5114 posuerunt,
935 5041 1032 5098 sed
1078 5058 1110 5098 e
1157 5052 1346 5099 contra
1400 5045 1576 5100 sancti
1631 5044 1822 5101 Patres

233 5132 490 5205 Egyptii
528 5144 582 5190 et
619 5133 887 5190 Palaestini
916 5135 1366 5207 orientaliumque
1393 5137 1703 5209 regionum,
1729 5137 1823 5207 qui

233 5228 616 5283 institutiones
661 5236 718 5283 et
757 5228 1122 5285 correctioues
1161 5231 1552 5286 monachorum
1591 5231 1825 5286 maxime

233 5319 672 5390 descripserunt,
702 5321 757 5376 in
785 5323 1131 5379 annotatione
1151 5324 1525 5394 principalium
1571 5325 1824 5380 vitiorum

235 5413 508 5470 invidiam
553 5421 704 5470 recte
753 5414 852 5470 sub
902 5415 1168 5486 superbia:
1211 5415 1366 5470 titulo
1410 5415 1824 5482 ordinaverunt,

233 5506 494 5562 acediam
516 5521 646 5562 vero
681 5522 844 5560 unum
864 5521 929 5560 ex
959 5515 1080 5562 octo
1105 5506 1492 5577 principalibus
1515 5506 1661 5562 vitiis
1708 5522 1830 5565 esse

234 5595 682 5664 affirmaverunt,
723 5599 791 5653 ob
837 5597 941 5653 hoc
980 5597 1231 5652 videlicet
1272 5599 1415 5666 quod
1455 5597 1733 5652 monachis
1765 5613 1830 5653 ac

236 5687 512 5746 solitariis
544 5689 718 5762 magis
758 5698 977 5760 experta
1009 5697 1092 5744 est
1118 5689 1232 5744 lucc
1263 5688 1462 5760 passio,
1491 5690 1618 5745 etin
1647 5704 1830 5748 eremo

1925 4603 2067 4658 inter
2097 4617 2194 4657 vos
2225 4601 2488 4672 quosdam
2519 4599 2796 4655 ambulare
2825 4599 3083 4670 inquiete,
3114 4619 3134 4651 ‹
3155 4608 3209 4656 et
3235 4599 3508 4670 subjungit

1928 4695 2112 4750 statim
2183 4693 2478 4749 secundum
2559 4691 2905 4762 languorem,
2968 4691 3060 4760 qui
3117 4691 3506 4760 inquietudinis

1929 4783 2088 4854 hujus
2113 4792 2197 4840 est
2240 4783 2396 4838 radix
2427 4781 2514 4854 (11
2553 4781 2732 4836 Thess.
2762 4797 2820 4837 Ill
2844 4822 2859 4847 ,
2887 4781 3010 4848 ll):
3049 4801 3069 4835 ι
3110 4781 3272 4846 nihil,
3301 4782 3506 4852 inquit,

1932 4885 2243 4948 operantes,
2274 4894 2292 4927 ι
2317 4874 2762 4943 tertiumquoque
2789 4873 3056 4938 morbum,
3085 4873 3176 4942 qui
3199 4888 3263 4928 ex
3290 4873 3394 4927 isto
3415 4888 3508 4928 ve-

1928 4967 2008 5023 lut
2027 4968 2240 5038 quidam
2269 4964 2808 5030 ramusculusoritur,
2828 4982 2848 5016 ‹
2876 4965 2969 5020 sed
2983 4965 3192 5020 curiose
3217 4974 3456 5036 agentes.
3481 4983 3500 5018 ι

1927 5057 2067 5114 Ecce
2098 5059 2151 5114 in
2185 5058 2289 5114 hac
2324 5056 2591 5113 sententia
2637 5055 2917 5111 acediosos
2954 5055 3226 5126 inquietos
3267 5071 3416 5122 esse,
3454 5064 3510 5111 et

1929 5147 2160 5212 otiosos,
2214 5161 2278 5202 ac
2332 5145 2575 5200 curiosos
2633 5143 2949 5208 conﬁrmat,
3000 5159 3158 5214 quem
3203 5145 3346 5198 enim
3394 5143 3508 5197 lucc

1930 5237 2251 5296 miserabilis
2270 5235 2706 5308 nequissimaque
2728 5235 2935 5290 cruciat
2953 5236 3154 5306 passio,
3168 5235 3233 5289 ad
3247 5233 3509 5289 orationis

1932 5332 2166 5388 studium
2187 5328 2320 5385 facit
2333 5329 2565 5401 pigrum,
2587 5335 2641 5384 et
2669 5326 2905 5383 desidem
2929 5335 2984 5382 et
3005 5326 3178 5382 somni
3211 5325 3316 5379 telo
3335 5323 3506 5389 elidit,

1933 5422 2002 5477 ad
2054 5421 2302 5476 lectionis
2353 5433 2484 5474 vero
2532 5417 2846 5473 exercitium
2896 5415 3208 5487 fatigatum,
3257 5412 3508 5478 inertem,

1936 5513 2317 5569 dormitantem
2365 5509 2542 5566 reddit
2583 5516 2638 5565 et
2675 5508 2917 5579 pigrum,
2954 5514 3008 5561 et
3051 5503 3206 5574 quasi
3238 5510 3351 5556 toto
3385 5517 3508 5557 oor-

1935 5618 2066 5674 pore
2106 5601 2382 5657 vermibus
2420 5601 2657 5671 graviter
2696 5607 3024 5660 scatentem,
3062 5593 3127 5647 ad
3169 5592 3512 5647 exercitatio-

1941 5711 2061 5754 nem
2097 5709 2312 5768 quoque
2349 5692 2632 5765 cujuslibet
2667 5691 2790 5748 boni
2820 5699 2998 5760 operis
3046 5685 3258 5742 tardum
3299 5684 3426 5740 facit
3459 5695 3511 5738 et
