3956 6326
228 282 367 345 ῖίὸὃι

520 268 550 295 ⁸
1200 280 1291 335 DE
1326 278 1526 336 VITIIS
1562 280 1650 335 ET
1692 280 2125 338 VIRTUTIBUS.
2163 312 2233 321 —
2269 280 2396 336 LIB.
2437 282 2525 337 lli.

3336 291 3476 347 1582

239 397 402 459 enim,
435 407 535 448 nec
561 388 848 448 salitudine
872 389 1142 459 defervet,
1184 392 1327 463 quod
1355 406 1457 447 nec
1496 391 1615 448 loco
1627 393 1808 465 ﬁnovit
1834 398 1885 459 Α
1910 393 2180 464 deiieit,et
2198 393 2326 449 inde
2345 394 2586 458 omnium
2608 402 2946 464 peccatorum
2972 404 3055 453 est
3074 399 3331 467 maxima,
3352 416 3479 470 quia

237 483 429 541 exaudi
461 481 665 554 [Fortc,
699 480 963 554 excludi],
991 498 1091 538 nec
1118 490 1276 539 aetate
1302 497 1667 549 marcescere,
1712 483 1806 541 sed

238 572 301 627 de
322 570 664 627 successibus
692 570 945 624 virtutum
967 570 1255 637 animatur,
1279 578 1333 625 et
1357 585 1465 624 non
1492 570 1664 626 solum
1684 586 1809 639 par-

164 680 175 691 ·
236 675 349 726 vos,
375 673 563 714 verum
592 659 754 713 etiam
791 672 1014 729 magnos
1043 646 1097 713 εἰ
1132 658 1404 731 angelicos
1429 659 1574 714 viros
1600 659 1666 715 de
1691 658 1804 714 cul-

230 750 379 805 mine
400 748 659 803 virtutum
692 746 890 817 dejicit.
911 746 1208 820 (Joannes.)
1236 748 1410 803 Grave
1432 755 1514 803 est
1532 749 1808 819 iactantia)

236 848 289 898 et
313 856 464 895 vanae
488 839 669 912 gloriae
691 839 878 894 vitium
902 848 956 893 et
989 838 1351 909 periculosum
1380 838 1561 905 nimis,
1589 838 1807 907 etquod

235 930 301 986 de
339 931 454 1003 ipso
494 932 656 985 etiam
696 928 1043 1001 perfectionis
1090 928 1315 1000 fastigio.
1347 929 1529 997 deiicit
1574 929 1803 984 animas.

237 1019 411 1092 (Iesus
428 1021 473 1091 7)
504 1020 600 1076 Est
624 1028 800 1075 autem
833 1019 1039 1090 species
1068 1019 1194 1074 mali
1224 1016 1384 1089 hujus
1425 1018 1618 1088 duplex
1663 1034 1809 1088 quae.

235 1113 355 1169 dam
378 1154 393 1180 ,
434 1112 709 1169 nonnullis
746 1113 889 1168 enim
924 1111 1120 1167 accidit
1160 1111 1213 1165 in
1256 1110 1386 1182 ipsis
1414 1113 1595 1167 statim
1641 1111 1807 1167 initiis

218 1217 456 1272 operum
483 1204 740 1258 bonorum
768 1217 891 1257 cum
914 1217 1105 1272 parum
1134 1201 1337 1271 aliquid
1357 1202 1441 1256 vel
1471 1201 1807 1257 abstinentiae

230 1293 614 1364 impenderim,
640 1293 725 1350 vel
746 1294 987 1364 pecunia:
1008 1293 1059 1348 in
1082 1308 1345 1364 pauperes
1364 1293 1803 1365 pratrogaverint,

210 1393 287 1438 ~et
323 1397 444 1436 cum
475 1382 542 1438 de
581 1397 646 1437 eo
674 1383 745 1436 ita
780 1383 982 1438 sentire
1024 1384 1289 1449 debeant,
1337 1384 1429 1453 qui
1470 1384 1623 1455 quasi
1663 1383 1807 1453 quod

230 1473 610 1544 impenderim,
650 1473 978 1545 adiecerint,
1022 1473 1095 1528 ita
1128 1482 1293 1546 agunt
1335 1483 1388 1531 et
1432 1475 1505 1529 ita
1544 1475 1802 1541 sentiunt,

206 1565 386 1637 'quasi
411 1564 794 1620 eminentiores
824 1564 931 1621 sint
964 1563 1104 1630 illis,
1146 1565 1341 1634 quibus
1388 1564 1589 1636 aliquid
1624 1564 1803 1635 largiti

228 1662 375 1711 sunt.
405 1655 525 1710 Alia
554 1670 682 1710 vero
700 1667 788 1711 est
806 1653 1085 1725 iactantia:
1111 1666 1167 1710 et
1193 1670 1342 1710 vanae
1368 1654 1550 1726 gloriae
1572 1654 1800 1724 species,

1912 492 2020 538 tam
2064 499 2162 554 per
2188 484 2414 539 virtutes
2440 499 2599 553 quam
2628 497 2726 554 per
2751 485 2880 540 vitia
2916 486 3202 545 humanam
3242 501 3477 550 mentem

1906 575 2249 640 exterminat,
2280 575 2455 631 omnis
2490 589 2721 646 peccans
2762 577 3026 645 superbus
3068 588 3184 647 est,
3226 596 3292 637 eo
3324 585 3469 653 quod

1906 661 2154 720 faciendo
2180 665 2347 720 vetita
2386 665 2715 734 contemptui
2755 665 2951 721 habeat
2975 668 3154 725 divina
3186 681 3472 741 praecepta.

1909 750 2074 808 Recte
2110 767 2237 824 ergo
2275 772 2294 803 ι
2336 753 2546 808 initium
2568 752 2747 809 omnis
2766 755 2975 823 peccati
2996 759 3251 825 superbia
3285 758 3475 829 (Eccli.

1906 856 1962 907 κ,
1997 840 2106 913 15),
2131 861 2148 892 ι
2181 842 2309 912 quia
2338 841 2441 895 nisi
2472 844 2816 910 praecesserit
2839 844 3213 900 mandatorum
3240 849 3335 902 Dei
3363 849 3479 904 inoo

1905 930 2194 995 bedientia,
2226 930 2668 1001 transgressionis
2698 946 2803 987 non
2826 934 3067 1002 sequitur
3096 934 3276 1004 culpa.
3312 935 3476 1004 Cujus

1906 1020 2011 1075 duo
2038 1028 2164 1075 sunt
2186 1034 2402 1089 genera,
2435 1035 2601 1074 unum
2632 1021 2776 1090 quod
2814 1019 3084 1092 spiritales
3124 1040 3471 1095 summosque

1905 1113 2105 1183 pulsat,
2121 1112 2264 1169 aliud
2288 1113 2430 1184 quod
2451 1112 2614 1168 etiam
2636 1112 2952 1183 incipientes
2973 1115 3322 1186 carnalesque
3337 1131 3480 1171 com-

1904 1203 2187 1273 plectitur;
2217 1212 2272 1259 et
2295 1203 2423 1259 licet
2462 1212 2750 1273 utrumque
2771 1205 3041 1274 superbiae
3077 1220 3248 1276 genus
3284 1213 3395 1261 tam
3421 1207 3477 1262 in

1906 1293 2076 1349 Deum
2105 1309 2266 1364 quam
2296 1292 2351 1349 in
2378 1294 2624 1348 homines
2666 1295 2827 1348 noxia
2870 1292 3019 1349 inﬂet
3060 1295 3258 1362 elatio,
3299 1304 3478 1353 tamen

1906 1383 2038 1439 illud
2076 1384 2308 1454 primum
2352 1383 2659 1452 specialiter
2698 1382 2929 1438 refertur
2953 1384 3019 1438 ad
3056 1384 3255 1451 Deum,
3285 1401 3478 1443 secun-

1906 1475 2032 1531 dum
2060 1476 2127 1531 ad
2151 1476 2396 1531 homines
2416 1474 2633 1546 pr0prie
2651 1474 2913 1543 pertinet,
2954 1475 3203 1544 superbia
3226 1476 3393 1542 enim,
3418 1486 3479 1533 ut

1907 1564 2107 1619 dictum
2133 1573 2236 1631 est,
2265 1578 2452 1619 omnes
2479 1564 2682 1633 pariter
2708 1563 2935 1618 virtutes
2976 1573 3229 1629 evacuat,
3255 1576 3477 1622 cuncta-

1905 1652 2229 1724 quejustitia
2249 1662 2303 1708 et
2321 1653 2605 1711 sanctitate
2627 1652 2899 1709 hominem
2922 1654 3214 1723 exspoliat;
3238 1652 3476 1729 (Prosp.)

206 1757 352 1799 ~cum
378 1745 500 1816 quis
526 1745 595 1800 ad
622 1760 891 1815 summam
910 1745 1165 1800 virtutem
1196 1745 1551 1817 perveniens,
1586 1760 1695 1799 non
1722 1753 1804 1799 to-
1834 1741 1879 1802 B
1909 1754 1962 1803 et
1990 1745 2118 1816 quid
2151 1744 2411 1815 amplius,
2443 1758 2549 1798 non
2594 1743 2765 1798 solum
2793 1753 3069 1814 peccatum
3100 1752 3183 1800 est
3208 1745 3352 1814 ipsa,
3383 1747 3479 1801 sed

226 1842 342 1891 tum
371 1837 482 1892 Deo
524 1837 620 1893 sed
663 1838 776 1893 suis
818 1837 1092 1893 laboribus
1133 1851 1196 1891 ac
1242 1835 1434 1892 studiis
1474 1838 1710 1907 deputat,
1752 1844 1808 1891 et

223 1925 355 1981 dum
388 1926 457 1982 ab
481 1925 788 1983 hominibus
816 1926 1040 1996 gloriam
1065 1926 1276 1997 quaerit,
1304 1925 1481 1996 perdit
1523 1940 1642 1982 eam
1685 1941 1805 1996 quae

218 2029 255 2068 a
278 2014 393 2071 Deo
409 2023 747 2086 est,propter
765 2015 906 2086 quod
931 2016 1079 2071 omni
1100 2030 1298 2085 genere
1315 2015 1586 2085 fugiamus
1598 2014 1805 2083 iactan-

218 2103 318 2158 tiae
337 2104 548 2171 vitium,
577 2119 647 2161 ne
680 2104 818 2160 forte
848 2105 1187 2160 incurramus
1214 2120 1337 2159 eum
1382 2104 1590 2175 lapsum
1640 2119 1801 2174 quem

221 2190 473 2248 diabolus
502 2193 751 2249 incurrit.
784 2192 1022 2266 (Prosp.)
1047 2193 1113 2248 Hi
1140 2194 1306 2261 enim,
1345 2209 1481 2265 quos
1506 2194 1622 2250 haec
1642 2204 1804 2251 vexat

208 2281 426 2352 passio,
455 2281 666 2339 laudem
698 2284 985 2339 humanam
1015 2284 1080 2339 de
1108 2283 1266 2339 bonis
1301 2299 1420 2354 quae
1463 2294 1627 2359 agunt
1659 2286 1799 2340 reci-

216 2386 356 2443 pere
377 2373 701 2443 desiderant,
725 2383 779 2429 et
804 2375 871 2430 de
901 2374 1155 2447 operibus
1198 2389 1427 2444 quorum
1471 2376 1572 2431 sibi
1598 2375 1800 2431 conscii

212 2479 334 2520 non
362 2473 488 2521 sunt
516 2466 744 2536 turpiter
761 2465 991 2534 iactant,
1022 2474 1076 2521 et
1104 2479 1162 2521 se
1189 2465 1258 2521 ab
1276 2465 1588 2521 hominibus
1610 2465 1803 2537 praedi-

210 2554 339 2611 cari
358 2569 457 2625 per
485 2555 637 2613 nefas
661 2554 930 2622 affectant,
957 2565 1282 2627 sanctosque
1312 2557 1456 2613 viros
1478 2557 1559 2613 sui
1587 2571 1803 2628 compa-

214 2649 435 2705 ratione
474 2649 798 2721 depravant,
844 2657 900 2706 et
939 2649 1060 2706 ideo
1086 2648 1228 2705 bona
1269 2648 1472 2705 faciunt
1513 2649 1802 2720 aliquando

210 2754 348 2796 cum
374 2754 569 2813 magno
589 2740 792 2808 labore,
820 2748 881 2796 ut
902 2741 970 2797 ab
997 2740 1326 2806 hominibus,
1343 2739 1538 2811 quibus
1560 2739 1800 2811 placere,

213 2847 334 2889 non
357 2832 490 2901 Deo,
515 2832 827 2889 desiderant
846 2832 1057 2888 laudem
1084 2830 1367 2903 recipiant.
1398 2830 1551 2887 Unde
1578 2830 1801 2887 etV’eri-

208 2934 313 2982 tas
348 2924 461 2981 ait:
509 2943 530 2977 ι
566 2925 744 2981 -Αωειι
772 2925 892 2981 dico
917 2924 1102 2991 vobis,
1143 2930 1469 2994 receperunt
1495 2920 1802 2976 mercedem

209 3033 380 3076 suam
408 3016 619 3091 (Matth.
653 3033 730 3085 vt,
758 3018 814 3085 2,
838 3016 914 3089 5).
954 3037 974 3070 ι
1000 3015 1134 3073 Cum
1156 3016 1299 3073 enim
1324 3029 1425 3086 pro
1446 3022 1595 3071 recto
1614 3027 1798 3085 opere,

209 3118 280 3166 ut
306 3119 526 3167 sanctus
548 3123 687 3182 papa
720 3110 797 3165 ait
823 3107 1136 3180 Gregorius,
1167 3106 1285 3163 laus
1314 3106 1623 3162 transitoria
1651 3120 1799 3175 qute-

210 3200 381 3266 ritnr,
408 3207 609 3256 interna
631 3199 985 3256 retributione
1006 3212 1094 3254 res
1113 3197 1272 3270 digna
1291 3196 1383 3251 vili
1404 3194 1579 3266 pretio
1600 3209 1801 3250 venun-

209 3291 403 3348 datur.
432 3287 597 3360 Cujus
624 3291 837 3347 miserae
868 3287 1139 3359 passionis
1183 3288 1301 3343 haec
1343 3293 1425 3341 est
1469 3284 1708 3357 perfecta
1746 3292 1801 3339 et

202 3379 456 3438 salubris
495 3380 785 3449 medicina,
822 3379 1127 3437 recordatio
1154 3378 1349 3434 divinae
1372 3376 1630 3433 bonitatis
1658 3375 1796 3431 assi-

204 3471 361 3537 dua,
404 3484 502 3541 per
527 3485 689 3541 quam
713 3470 898 3526 omnia
939 3469 1082 3524 bona
1109 3468 1347 3523 humano
1379 3466 1563 3539 generi
1605 3464 1799 3521 collata

206 3563 465 3626 fuerunt,
478 3570 603 3618 sunt
617 3570 882 3633 eruntque
900 3578 914 3627 ;
936 3576 1143 3616 necnon
1159 3568 1213 3615 et
1225 3560 1396 3616 oratio
1407 3559 1659 3615 continua
1670 3573 1796 3614 cum

208 3651 482 3722 iacrymis
500 3651 782 3722 cordisque
801 3650 1231 3722 compunctione,
1253 3659 1308 3707 et
1329 3649 1632 3704 divinarum
1653 3648 1799 3703 Scri-

206 3752 507 3818 pturarum
543 3743 902 3799 intentissima
944 3740 1134 3807 lectio,
1178 3755 1271 3796 seu
1310 3749 1367 3796 et
1403 3740 1797 3811 praeteritorum

214 3833 537 3893 recordatio
564 3839 946 3905 peccatorum,
974 3846 1270 3902 eorumque
1296 3830 1675 3886 rcmemoratio
1702 3830 1800 3885 bo-

208 3938 420 3983 norum
463 3925 558 3996 qui
592 3938 744 3979 vana:
785 3922 967 3996 gloria:
1006 3922 1194 3978 morbo
1225 3921 1415 3991 dejecti
1451 3928 1594 3987 sunt,
1625 3919 1719 3976 sed
1748 3927 1802 3975 et

211 4014 529 4074 recordatio
563 4013 775 4069 Domini
808 4012 1124 4069 sententiae:
1177 4029 1197 4064 ι
1245 4011 1552 4079 Quomodo,
1602 4009 1799 4080 inquit,

210 4106 450 4181 potestis
472 4121 567 4164 vos
595 4107 816 4162 credere
841 4105 929 4176 qui
956 4105 1182 4177 gloriam
1220 4106 1287 4161 ab
1325 4104 1552 4160 invicem
1585 4104 1799 4174 accepi-

213 4200 360 4266 stis,
400 4207 455 4255 et
492 4199 717 4271 gloriam
748 4213 868 4270 quae
913 4214 945 4252 a
992 4197 1104 4253 solo
1142 4199 1251 4253 Deo
1298 4205 1382 4253 est
1422 4212 1529 4252 non
1562 4195 1801 4267 quaeritis

213 4290 412 4364 (Jaan.
438 4304 510 4356 v,
540 4288 671 4359 44);
710 4307 727 4340 ι
765 4296 820 4343 et
864 4286 1089 4359 apostoli
1119 4286 1310 4343 Pauli:
1350 4305 1369 4338 ο
1406 4285 1464 4342 Si
1492 4286 1801 4342 hominibus

212 4383 526 4455 placerem,
565 4380 766 4437 Christi
808 4395 994 4436 servus
1036 4394 1142 4441 non
1166 4394 1340 4434 essem
1373 4376 1516 4451 (Cal.
1545 4378 1737 4450 1,10);
1776 4396 1793 4429 ›
1826 4414 1878 4475 D

212 4482 279 4531 et
305 4491 319 4527 :
354 4491 373 4524 ι
400 4469 574 4528 Nolite
600 4470 715 4527 fieri
744 4471 920 4525 inanis
947 4470 1130 4541 gloriae
1159 4469 1338 4538 cupidi
1367 4466 1506 4542 (Gal.
1529 4485 1585 4535 v,
1606 4466 1698 4538 “26)
1725 4484 1738 4534 ;
1772 4472 1790 4521 ὁ

214 4574 281 4621 et
310 4562 481 4619 sancti
510 4562 675 4618 David
694 4562 999 4632 propheta}:
1029 4579 1047 4611 ‹
1070 4559 1331 4628 Quoniam
1354 4558 1494 4615 Deus
1523 4559 1802 4629 dissipavit

213 4673 353 4717 ossa
377 4672 564 4713 eorum
592 4657 683 4729 qui
715 4655 1022 4712 hominibus
1048 4653 1259 4724 placent
1289 4651 1458 4724 (Psal.
1489 4668 1560 4708 LII
1579 4693 1593 4717 ,
1637 4650 1726 4723 6),
1774 4670 1793 4702 ι

214 4760 281 4806 ει
308 4763 469 4818 super
496 4747 677 4804 omnia
703 4746 746 4801 si
775 4744 1133 4799 intentissima
1163 4743 1355 4797 divinae
1390 4740 1646 4796 bonitatis
1683 4739 1801 4794 laus

215 4841 283 4895 in
320 4838 505 4903 corde,
536 4850 628 4893 ore
656 4846 817 4906 atque
856 4847 1020 4904 opere
1055 4847 1175 4887 cum
1205 4832 1397 4885 timore
1438 4830 1647 4892 mortis,
1677 4828 1801 4883 vitae

212 4926 509 5002 praesentis
555 4939 769 4996 semper
814 4932 939 4977 ante
985 4921 1168 4976 oculos
1219 4935 1340 4974 cum
1387 4917 1640 4990 lacrymis
1675 4933 1800 4972 ver-

214 5025 398 5075 setur.
1166 5030 1171 5033 λ

614 5083 744 5141 Car.
780 5082 915 5139 LXI.
942 5113 1011 5123 —
1036 5080 1113 5136 De
1140 5079 1401 5150 superbia.

298 5197 565 5270 Superbia
598 5205 683 5253 est
711 5206 883 5251 mater
901 5203 956 5249 et
978 5192 1129 5263 origo
1154 5207 1217 5247 ac
1248 5192 1433 5263 regina
1459 5191 1697 5245 omnium
1719 5190 1800 5244 vi-

216 5289 428 5346 tiorum
453 5303 551 5360 per
572 5302 735 5360 quam
765 5286 939 5357 angeli
966 5285 1276 5340 ceciderunt
1305 5285 1370 5340 de
1393 5280 1562 5350 coelo;
1588 5292 1641 5339 et
1661 5283 1800 5339 sicut

215 5385 316 5436 est
353 5379 503 5450 origo
543 5378 785 5434 omnium
825 5376 1132 5436 criminum,
1181 5375 1255 5429 ita
1300 5375 1454 5429 ruina
1484 5383 1799 5429 cunctarum

214 5471 510 5536 virtutum,
525 5470 639 5542 ipsa
663 5477 746 5525 est
767 5468 909 5523 enim
936 5467 989 5523 in
1010 5472 1233 5536 peccato
1253 5464 1448 5535 prima,
1465 5465 1577 5533 ipsa
1600 5463 1652 5517 in
1673 5479 1801 5518 con-

216 5562 375 5617 ﬂictu
398 5570 690 5634 postrema,
720 5562 834 5618 haec
856 5560 999 5616 enim
1019 5559 1186 5615 autin
1210 5559 1430 5614 exordio
1453 5566 1685 5613 mentem
1708 5573 1805 5629 per

217 5664 513 5725 peccatum
556 5653 886 5725 prosternit,
930 5660 1021 5708 aut
1074 5651 1367 5708 novissime
1405 5650 1471 5706 de
1516 5648 1804 5705 virtutibus

1906 1834 2066 1889 etiam
2108 1833 2310 1889 nullum
2339 1841 2621 1903 peccatum
2659 1832 2777 1887 fieri
2798 1841 2983 1902 potest
3016 1843 3109 1888 aut
3151 1836 3353 1905 potuit,
3393 1835 3480 1890 vel

1905 1926 2103 1999 poterit
2135 1925 2253 1980 sine
2284 1923 2420 1995 ipsa.
2471 1921 2667 1995 (Casa)
2718 1923 2819 1991 Qui
2857 1926 3078 1981 morbus
3106 1924 3230 1981 licet
3258 1927 3480 1985 ultimus

1905 2018 1976 2072 sit
2004 2017 2059 2072 in
2086 2016 2337 2073 conﬂictu
2367 2017 2622 2071 vitiorum
2652 2025 2813 2086 atque
2842 2016 2898 2070 in
2920 2016 3111 2072 ordine
3133 2024 3362 2087 ponatur
3388 2033 3481 2088 po-

1905 2115 2159 2175 stremus,
2181 2107 2386 2180 origine
2408 2115 2589 2161 tamen
2612 2115 2667 2162 et
2688 2115 2925 2177 tempore
2946 2107 3153 2177 primus
3172 2117 3270 2171 est,
3296 2109 3481 2169 uvis-

1904 2200 2039 2255 sima
2067 2207 2122 2253 et
2151 2196 2519 2268 superioribus
2543 2197 2750 2255 cunctis
2778 2197 3062 2253 immanior
3088 2198 3278 2262 bestia,
3301 2198 3480 2268 perfe-

1901 2299 2019 2346 ctos
2044 2289 2277 2345 maxime
2303 2296 2513 2344 tentans
2544 2297 2598 2344 et
2618 2288 3007 2358 propemodum
3035 2287 3151 2357 iam
3188 2289 3390 2358 positos
3422 2289 3479 2343 in

1904 2379 2365 2435 consummatione
2393 2378 2651 2433 virtutum
2689 2394 2872 2433 morsu
2913 2377 3114 2433 diriore
3158 2378 3473 2448 depascens.

1904 2468 2114 2541 (Basil.)
2145 2468 2497 2540 Cognoscitur
2522 2468 2737 2537 quidem
2762 2469 2851 2523 hic
2870 2468 3233 2538 nequissimus
3258 2470 3479 2527 morbus

1901 2579 1968 2620 ex
1991 2579 2055 2620 eo
2085 2565 2231 2634 quod
2259 2577 2472 2633 semper
2496 2577 2560 2617 ea
2594 2577 2713 2632 qua:
2738 2561 3092 2616 eminentiora
3132 2568 3259 2616 sunt
3286 2561 3481 2632 quaerit

1901 2666 1957 2711 et
1997 2663 2216 2726 exoptat
2259 2663 2588 2725 cunctosque
2633 2653 2878 2723 despicit,
2924 2660 2983 2706 ut
3029 2653 3238 2709 cunctis
3282 2661 3479 2708 semet-

1901 2748 2078 2820 ipsum
2115 2745 2448 2816 superiorem
2491 2741 2701 2800 efliciat.
2744 2741 2937 2813 (Cass.)
2966 2740 3197 2797 Curatur
3218 2749 3397 2796 autem
3430 2736 3487 2795 si

1903 2840 2087 2895 credat
2113 2835 2393 2892 sententia:
2416 2834 2532 2906 ejus
2557 2834 2649 2904 qui
2675 2833 2808 2889 dixit
2834 2850 2845 2886 :
2886 2852 2904 2885 ‹
2939 2831 3081 2889 Deus
3121 2832 3369 2901 superbis
3394 2845 3478 2885 re-

1902 2931 2045 2986 sistit
2074 2929 2214 3000 (Jac.
2244 2944 2319 2994 tv,
2348 2927 2402 2998 6)
2436 2946 2483 2990 ›,
2518 2934 2574 2981 et
2612 2926 2658 2981 si
2700 2939 2757 2981 se
2787 2925 3142 2981 abstrabatct
3165 2925 3383 2980 recedat
3409 2923 3479 2978 ab

1901 3020 2150 3077 omnibus
2186 3017 2559 3074 occasionibus
2587 3015 2856 3083 elationis,
2887 3023 2942 3071 et
2969 3015 3014 3071 si
3037 3030 3169 3071 vero
3201 3022 3255 3070 et
3284 3014 3474 3070 humili

1904 3113 2065 3169 corde
2105 3110 2355 3169 omnibus
2383 3124 2443 3166 se
2472 3108 2719 3165 viliorem
2758 3116 2816 3164 et
2859 3106 3170 3162 inferiorem
3213 3115 3397 3163 mente
3422 3112 3477 3161 et

1901 3219 2033 3259 voce
2055 3203 2239 3259 credat
2264 3216 2327 3257 ac
2358 3200 2695 3271 pronuntiet,
2717 3206 2772 3255 et
2793 3198 2839 3255 si
2860 3198 3111 3253 universa
3135 3212 3254 3268 quae
3278 3196 3489 3261 fuerint,

1912 3294 1963 3349 ei
2007 3294 2269 3365 irrogata,
2302 3291 2512 3356 tristia,
2538 3290 2625 3345 vel
2654 3290 2937 3355 damnosa,
2974 3288 3363 3360 patientissime
3392 3295 3476 3342 to-

1848 3394 1861 3413 ‘
1900 3385 2057 3450 leret,
2084 3392 2139 3440 et
2160 3387 2207 3440 si
2233 3398 2446 3454 semper
2466 3381 2681 3437 Domini
2706 3388 2760 3437 et
2787 3389 3098 3437 sanctorum
3133 3380 3249 3450 ejus
3276 3379 3483 3437 recolat

1899 3476 2198 3549 passiones,
2215 3481 2268 3531 et
2288 3474 2332 3530 si
2355 3489 2414 3529 se
2429 3473 2628 3545 cogitet
2652 3473 2761 3528 cito
2790 3473 2856 3528 de
2874 3472 2978 3527 hoc
2993 3471 3191 3527 szeculo
3216 3472 3478 3543 migrates

1900 3580 2040 3631 rum,
2079 3571 2135 3619 et
2156 3564 2239 3619 sic
2274 3561 2803 3625 certissimepcredat
2845 3561 3046 3630 absque
3076 3560 3172 3615 Dei
3209 3558 3481 3628 adiutorio

1899 3654 1976 3709 nil
2018 3653 2146 3708 boni
2180 3666 2339 3721 posse
2362 3652 2630 3721 cogitare,
2664 3650 2811 3721 loqui
2837 3650 2921 3706 vel
2950 3649 3153 3716 facere,
3190 3660 3245 3705 et
3274 3652 3320 3705 si
3344 3666 3472 3706 ora-

1900 3745 2053 3811 tioni,
2084 3743 2301 3799 lectioni
2334 3742 2545 3798 assidue
2584 3755 2707 3796 cum
2734 3741 3145 3812 compunctione
3185 3741 3366 3797 cordis
3396 3742 3477 3796 in-

1900 3834 2077 3889 sistat.

1900 3982 2030 4042 Car.
2072 3983 2228 4039 LXII.
2260 4015 2327 4024 —
2351 3980 2428 4037 De
2463 3998 2554 4036 sex
2581 3981 2825 4035 vitiorum
2855 3980 3133 4035 concordia
3170 3987 3218 4034 et
3249 3980 3474 4034 duorum

2240 4053 2304 4108 ab
2339 4054 2405 4107 iis
2433 4050 2794 4106 dissidentium
2821 4052 3143 4121 cognatione.

1971 4187 2205 4263 (Serap.)
2234 4186 2359 4244 Hrcc
2390 4187 2555 4258 igitur
2588 4191 2712 4241 octo
2736 4184 2866 4239 vitia
2901 4182 3031 4240 licet
3057 4184 3298 4239 diversos
3324 4190 3476 4238 ortus

1901 4300 1967 4340 ac
1986 4281 2275 4338 dissimiles
2300 4278 2615 4336 efﬁcientias
2650 4277 2906 4341 habeant,
2939 4292 3033 4331 sex
3061 4283 3240 4333 tamen
3271 4275 3475 4345 priora,

1904 4376 1956 4431 id
1984 4384 2088 4442 est,
2113 4372 2510 4446 gastrimargia,
2534 4368 2835 4434 fornicatio,
2866 4367 3216 4439 pbilargyria,
3248 4366 3352 4432 ira,
3376 4366 3475 4419 tri-

1912 4469 2079 4534 stitia,
2103 4466 2289 4522 acedia
2307 4506 2322 4531 ,
2350 4464 2579 4535 quadam
2613 4461 2754 4515 inter
2778 4474 2836 4514 se
2864 4457 3214 4529 cognatione,
3240 4464 3295 4510 et
3322 4463 3380 4509 ut
3402 4455 3479 4508 ita

1906 4555 2132 4611 dixerim
2165 4553 2624 4616 concatenatione,
2652 4563 2895 4603 connexa
2924 4557 3070 4611 sunt,
3099 4545 3172 4599 ita
3201 4553 3258 4599 ut
3283 4543 3478 4614 prioris

1906 4644 2253 4701 exuberantia
2296 4640 2570 4712 sequentis
2610 4638 2873 4692 efficiatur
2900 4634 3201 4691 exordium.
3243 4632 3376 4687 Nam
3412 4632 3478 4687 de

1875 4732 2233 4789 -abundantia
2262 4728 2671 4803 :gastrimargiae
2723 4725 3155 4789 fornicationem,
3196 4723 3261 4777 de
3312 4721 3478 4776 forni-

1908 4825 2123 4882 catione
2154 4821 2537 4894 philargyriam
2561 4859 2576 4885 ,
2608 4818 2674 4873 de
2716 4815 3042 4887 pbilargyria
3079 4815 3239 4877 iram,
3285 4814 3350 4868 de
3395 4813 3477 4867 ira

1906 4916 2204 4977 tristitiam,
2233 4914 2298 4969 de
2318 4910 2535 4965 tristitia
2565 4907 2826 4972 acediam,
2850 4920 3068 4962 necesse
3087 4914 3168 4960 est
3190 4903 3474 4974 pullulare,

1906 5007 2134 5076 ideoque
2166 5003 2325 5060 simili
2348 5016 2534 5057 contra
2556 4999 2670 5054 haec
2699 4998 2857 5052 modo
2876 5005 3036 5066 atque
3057 4995 3245 5051 eadem
3266 4994 3477 5049 ratione

1904 5098 2247 5170 pugnandum
2271 5104 2377 5161 est,
2402 5102 2455 5149 et
2476 5108 2506 5146 a
2528 5090 2954 5162 praecedentibus
2980 5104 3192 5159 semper
3220 5089 3477 5143 adversus

1904 5196 2194 5259 sequentes
2220 5193 2431 5255 oportet
2450 5198 2548 5239 nos
2578 5182 2716 5237 inire
2738 5179 3066 5245 certamina;
3092 5178 3302 5253 facilius
3330 5177 3472 5231 enim

1902 5277 2186 5349 cuiuslibet
2210 5275 2420 5331 arboris
2441 5274 2599 5329 noxia
2625 5271 2717 5326 lati
2728 5271 2855 5327 tudo
2880 5286 2945 5326 ac
2970 5270 3270 5340 proceritas
3290 5278 3479 5321 enare-

1903 5374 2022 5435 scit,
2053 5371 2097 5426 si
2125 5378 2250 5427 ante
2276 5366 2487 5423 radices
2516 5364 2652 5433 eius,
2677 5365 2870 5435 quibus
2888 5363 3137 5418 innititur
3153 5358 3239 5415 vel
3268 5358 3477 5413 nudata:

1902 5463 2125 5529 fuerint,
2147 5459 2232 5516 vel
2260 5458 2504 5523 succisae,
2521 5464 2576 5512 et
2595 5454 2911 5511 infestantes
2942 5455 3196 5509 humores
3218 5464 3475 5521 aquarum

1906 5554 2161 5610 continuo
2186 5551 2548 5615 siccabuntur,
2578 5564 2699 5603 cum
2736 5554 3022 5619 generator
3052 5558 3239 5598 earum
3269 5540 3391 5596 fons
3414 5556 3477 5596 ac

1905 5643 2231 5716 profluentes
2260 5656 2410 5697 vente
2436 5637 2916 5707 solertiindustria
2948 5634 3151 5709 fuerint
3182 5633 3475 5697 obturatte,
