3956 6326
419 293 560 352 1585
1064 287 1125 342 Β.
1164 282 1415 341 MBANI
1453 280 1672 342 MAURI
1706 279 2004 338 ARClilEP

2115 276 2371 338 OGUNT.
2405 270 2691 336 OPERUM
2727 276 2908 333 PARS
2941 273 3025 332 ιιι.
3543 276 3694 334 ιδει

418 399 772 475 quamobrem
799 407 859 452 ut
907 396 1095 452 acedia
1121 397 1387 461 vincatur,
1419 405 1545 450 ante
1573 395 1877 464 superanda
1901 395 1998 449 tri-
2023 405 2072 466 Α
2099 394 2342 449 nuditate
2370 391 2602 447 fundari.
2632 389 2798 460 Cujus
2823 391 2980 446 nobis
3016 388 3286 460 passionis
3314 391 3504 447 inesse
3525 393 3702 446 vesti-

419 491 568 548 stitia
599 495 711 553 est;
734 494 795 542 ut
820 485 1036 542 tristitia
1059 484 1409 555 propellatur,
1438 485 1519 538 ira
1539 484 1691 554 prius
1715 491 2000 538 estextru—
2098 486 2210 556 gia,
2225 486 2329 540 isto
2357 498 2571 554 quoque
2592 483 2960 553 deprehensus
2976 480 3183 554 [ἔνου-ιε,
3206 483 3699 557 deprehendimus]

3919 0 3924 296 Ι

420 581 624 645 denda;
655 587 713 633 ut
740 577 1113 648 exstinguatur
1139 577 1244 642 ira,
1266 574 1591 645 pliilargyria
1611 573 1867 630 calcanda
1897 583 1998 640 est;

420 679 481 727 ut
503 669 763 724 evellatur
788 665 1140 736 philargyria,
1165 664 1452 718 fornicatio
1476 663 1866 732 compescenda
1884 673 1997 728 est;

421 767 482 814 ut
511 755 798 812 fornicatio
823 755 1134 819 subruatur,
1162 751 1552 824 gastrimargiae
1580 760 1664 807 est
1691 753 1882 807 vitium
1909 768 2001 808 ca-

422 849 748 919 stigandum.
791 845 1024 900 Residua
1062 859 1189 898 vero
1237 843 1376 908 duo,
1419 843 1473 898 id
1513 850 1596 898 est
1631 843 1924 898 cenodoxia
1950 851 2006 898 et

422 941 696 1010 superbia,
725 938 828 994 sibi
856 937 1071 1007 quidem
1111 935 1364 991 similiter
1389 935 1498 1002 illa,
1526 951 1630 1006 qua
1663 935 1730 991 de
1757 935 2002 1005 superiu-

424 1031 575 1084 ribus
602 1027 748 1083 vitiis
776 1027 1010 1082 diximus
1037 1026 1246 1080 ratione
1269 1025 1603 1096 junguntur,
1638 1026 1712 1080 ita
1741 1034 1799 1080 ut
1828 1026 2006 1080 incre-

423 1128 666 1176 mentum
692 1117 890 1190 prioris
912 1126 1064 1172 ortus
1110 1117 1371 1172 efﬁciatur
1411 1117 1654 1173 alterius.
1683 1117 2005 1172 Cenodoxite

425 1212 570 1266 enim
607 1209 961 1266 exuberantia
1005 1209 1271 1278 superbia:
1311 1207 1553 1264 fomitem
1596 1210 1768 1278 parit,
1807 1209 1902 1264 sed
1937 1209 2006 1263 ab

425 1301 533 1356 illis
561 1316 654 1356 sex
676 1299 946 1370 prioribus
973 1298 1122 1352 vitiis
1169 1298 1386 1368 penitus
1412 1299 1691 1364 dissident,
1717 1313 1816 1354 nec
1841 1298 2006 1354 simili

424 1407 547 1448 cum
577 1391 656 1446 eis
695 1391 953 1444 societate
1000 1387 1366 1452 fmderantur,
1405 1389 1655 1458 siquiden
1697 1405 1802 1444 non
1831 1389 2004 1445 solum

425 1481 626 1538 nullam
664 1494 731 1533 ex
776 1478 884 1533 illis
921 1479 1264 1532 occasionem
1305 1493 1416 1532 suae
1452 1478 1817 1549 generationis
1857 1479 2006 1534 acci-

421 1573 598 1645 piunt,
611 1570 706 1628 sed
718 1571 883 1626 etiam
895 1569 1166 1625 contrarie
1181 1569 1338 1626 modo
1352 1578 1513 1642 atque
1526 1571 1715 1626 ordine
1742 1587 1801 1626 su
1809 1570 2006 1625 scitan-

425 1672 532 1720 tur.
547 1663 682 1718 Nam
703 1663 808 1717 illis
829 1661 1030 1718 evulsis
1050 1661 1165 1716 haec
1184 1661 1429 1716 eventius
1445 1660 1656 1733 [Forlc,
1683 1661 2001 1726 ferventius,

2101 573 2322 629 indicio.
2351 572 2488 628 Cum
2513 573 2658 628 forte
2687 571 2755 626 ad
2784 571 3137 628 refectionem
3163 572 3372 628 detenti
3399 573 3472 628 ab
3512 572 3704 643 aliquo

2100 663 2349 731 fratrum,
2366 661 2604 720 contenti
2632 676 2740 718 non
2767 677 2954 716 sumus
2979 674 3045 717 eo
3070 675 3260 732 sapore
3275 660 3430 718 cibos
3447 678 3702 729 sumere,

2101 770 2210 827 quo
2239 759 2306 822 ab
2331 755 2618 812 exhibente
2647 752 2849 809 conditi
2876 761 3004 808 sunt
3022 792 3038 816 ,
3080 752 3175 808 sed
3213 751 3480 824 quiddam
3509 768 3705 825 super-

2103 846 2253 902 fundi
2282 845 2361 901 eis
2387 843 2471 900 vel
2503 840 2665 914 adjici
2711 843 3020 912 importuna
3058 849 3222 913 atque
3264 841 3544 898 effrenata
3577 859 3705 900 nos-

2103 940 2279 995 cimus
2303 935 2555 992 libertate
2581 953 2594 990 :
2626 934 2768 1005 quod
2811 931 2929 988 ﬁeri
2958 934 3176 1004 penitus
3200 949 3308 988 non
3337 942 3570 1005 oportet
3610 935 3708 990 tri-

2103 1027 2204 1083 bus
2233 1027 2298 1082 de
2327 1026 2527 1091 causis,
2565 1025 2742 1094 primo
2775 1024 2903 1094 quia
2955 1037 3108 1079 mens
3137 1023 3444 1081 Christiani
3483 1040 3708 1096 semper

2104 1117 2264 1173 debet
2294 1117 2347 1171 in
2377 1115 2526 1171 omni
2557 1115 2857 1170 tolerantia:
2881 1129 2946 1170 ac
2987 1115 3268 1184 parcitatis
3299 1116 3710 1171 exercitatione

2103 1207 2330 1274 versari,
2345 1216 2400 1263 et
2421 1207 2716 1262 secundum
2737 1205 3056 1276 Apostolum
3076 1206 3291 1263 discere
3313 1208 3372 1262 in
3396 1209 3606 1278 quibus
3631 1218 3714 1264 est

2105 1299 2378 1354 sufﬁciens
2399 1313 2539 1354 esse.
2558 1296 2874 1353 Nullatenus
2896 1297 3042 1353 enim
3067 1299 3270 1369 poterit
3283 1299 3374 1354 vel
3389 1299 3618 1355 occulta
3629 1301 3712 1354 vel

2105 1392 2307 1463 majora
2335 1390 2574 1461 corporis
2605 1389 2871 1444 desideria
2909 1389 3209 1457 refrenare,
3237 1392 3495 1462 quisquis
3539 1392 3708 1463 degu-

2103 1490 2336 1538 stattone
2365 1481 2587 1535 modicae
2618 1479 2959 1536 iusuavitatis
2979 1478 3236 1548 offensus,
3259 1499 3332 1538 ne
3361 1483 3435 1538 ad
3463 1498 3710 1538 momen-

2105 1578 2220 1627 tum
2247 1571 2465 1641 quidem
2496 1570 2716 1626 delicias
2743 1571 2980 1642 gutturis
3011 1572 3094 1626 sui
3129 1571 3366 1627 valuerit
3409 1573 3706 1644 castigare;

2105 1663 2340 1718 secundo
2363 1661 2505 1732 quod
2533 1677 2918 1732 nonnunquam
2949 1663 3130 1719 evenit
3168 1674 3230 1718 ut
3279 1663 3350 1718 ad
3383 1664 3585 1718 horam
3613 1665 3706 1718 de-

423 1755 500 1812 re!
529 1753 854 1827 evidentius]
874 1752 1223 1818 fructiﬁcant,
1247 1761 1303 1808 et
1331 1753 1543 1808 illorum
1567 1761 1742 1808 morte
1765 1753 2006 1808 vivacius
2033 1739 2080 1802 B
2109 1751 2177 1808 sit
2207 1750 2296 1805 illa
2325 1749 2532 1820 species
2584 1765 2703 1819 qua:
2731 1749 3031 1820 postulatur
3059 1767 3092 1806 a
3128 1752 3310 1818 nobis,
3340 1761 3406 1806 et
3440 1768 3706 1807 verecun-

423 1847 690 1918 pullulant
714 1855 876 1916 atque
895 1851 1264 1900 succrescunt.
1284 1843 1438 1900 Unde
1465 1845 1630 1900 etiam
1654 1844 1866 1899 diverso
1892 1855 2007 1898 mo-

423 1940 492 1994 do
521 1941 588 1994 ab
619 1939 705 1994 his
739 1939 950 1994 duobus
975 1937 1120 1992 vitiis
1143 1937 1554 2008 impugnamur,
1579 1937 1633 1991 in
1663 1935 2008 2006 unumquod-

424 2045 530 2101 que
586 2030 798 2085 illorum
851 2043 947 2085 sex
998 2029 1254 2084 vitiorum
1299 2039 1428 2084 tunc
1455 2029 1776 2095 incidimus,
1813 2044 1936 2084 cum
1975 2043 2008 2084 a

423 2119 853 2192 praecedentibus
873 2133 1061 2174 eorum
1085 2119 1346 2175 fuerimus
1366 2119 1507 2185 elisi,
1533 2119 1586 2174 in
1609 2120 1725 2174 haec
1753 2133 1882 2174 vero
1900 2117 2008 2174 duo

425 2212 662 2267 victores
697 2220 752 2265 ct
777 2210 861 2264 vel
891 2210 1128 2264 maxime
1157 2219 1277 2281 post
1307 2211 1610 2280 triumphos
1639 2209 2010 2281 periclitamur

429 2305 732 2358 incurrere.
772 2301 964 2356 Omnia
995 2303 1159 2371 igitur
1191 2301 1322 2356 vitia
1353 2302 1805 2371 quemadmodum
1834 2300 2009 2356 incre-

428 2400 614 2447 mento
643 2391 1064 2462 praecedentium
1100 2400 1451 2462 generantur,
1484 2391 1560 2446 ita
1604 2391 1818 2446 illorum
1848 2391 2010 2446 dimi-

426 2483 650 2537 nutione
676 2489 998 2552 purgantur,
1024 2490 1079 2536 ct
1099 2481 1202 2535 bac
1223 2481 1455 2547 ratione,
1482 2489 1542 2536 ut
1565 2481 1814 2552 superbia
1840 2481 2012 2551 possit

426 2571 678 2642 explodi,
729 2570 1028 2627 cenodoxia
1073 2578 1158 2626 est
1183 2565 1544 2640 prtefocanda,
1592 2578 1649 2626 et
1682 2571 1756 2626 ita
1796 2583 2012 2640 semper

425 2666 700 2738 prioribus
725 2664 1027 2734 superatis,
1074 2665 1355 2734 sequentia
1399 2665 1802 2735 conquiescent,
1830 2673 1884 2721 et
1910 2681 2008 2720 ex-

427 2757 721 2814 stinctione
739 2755 1163 2826 praecedentium
1194 2754 1419 2810 residuae
1437 2755 1716 2824 passiones
1736 2763 1900 2825 atque
1927 2754 2007 2810 la-

427 2849 560 2904 bore
590 2855 964 2912 marecscent,
995 2855 1049 2901 et
1076 2845 1203 2900 licet
1227 2845 1340 2901 lucc
1367 2861 1486 2916 quae
1507 2847 1859 2916 praediximus
1887 2857 2011 2904 octo

427 2936 560 2992 vitia
579 2937 668 2991 illa
690 2953 850 3006 quam
869 2937 1414 2992 commemoravimus
1427 2938 1636 2993 ratione
1655 2939 1758 2993 sibi
1780 2939 2012 2995 invicem

428 3042 673 3081 connexa
707 3033 868 3096 atque
911 3027 1170 3097 permista
1215 3027 1354 3091 sint,
1399 3026 1685 3096 specialius
1735 3037 1913 3084 tamen
1954 3029 2009 3084 in

2107 1841 2248 1896 diam
2265 1838 2578 1894 necessitati
2593 1838 2678 1894 vel
2695 1837 2988 1910 frugalitati
3011 1838 3362 1911 suscipientis
3387 1838 3706 1906 incutimus,

2106 1929 2442 2003 publicantes
2465 1929 2674 1986 scilicet
2701 1937 3072 2001 paupertatem
3100 1930 3236 2000 ejus,
3269 1948 3445 2002 quam
3475 1933 3580 1988 soli
3603 1932 3708 1988 Deo

2107 2021 2379 2092 cognitam
2404 2035 2523 2076 esse
2545 2019 2832 2076 maluerat.
2880 2020 3067 2076 Tertio
3091 2019 3236 2091 quod
3267 2019 3559 2076 interdum
3581 2021 3711 2076 solet

2108 2125 2269 2182 sapor
2296 2111 2405 2179 ille,
2430 2127 2592 2182 quem
2626 2127 2726 2168 nos
2761 2111 3110 2183 adipiscimur
3145 2112 3268 2168 aliis
3291 2113 3620 2183 displicere,
3659 2122 3712 2168 et

2108 2203 2416 2260 invenimur
2440 2202 2693 2272 injuriam
2722 2201 2924 2268 multis,
2953 2202 3081 2257 dum
3107 2212 3315 2258 nostra:
3341 2201 3495 2274 gulae
3543 2218 3610 2258 ac
3631 2203 3714 2258 de-

2109 2295 2308 2351 siderio
2343 2293 2657 2350 satisfacere
2691 2291 2952 2364 cupimus,
2998 2291 3261 2365 irrogare,
3297 2305 3540 2366 propter
3578 2297 3712 2365 quod

2108 2385 2432 2442 omnimodis
2457 2386 2571 2440 haec
2591 2384 2646 2439 in
2673 2383 2828 2439 nobis
2851 2392 2934 2440 est
2953 2379 3265 2455 castiganda
3285 2383 3548 2442 libertas.
3586 2385 3714 2440 For-

2111 2478 2397 2535 nicationis
2426 2491 2624 2548 genera
2653 2484 2778 2532 sunt
2805 2477 2929 2531 tria.
2979 2475 3222 2535 Primum
3249 2477 3404 2547 quod
3430 2493 3539 2549 per
3569 2493 3713 2534 com-

2110 2572 2428 2628 mixtionem
2475 2583 2639 2625 sexus
2683 2567 2966 2639 utriusque
3017 2567 3347 2638 perﬁcitur,
3414 2569 3714 2624 secundum

2110 2665 2312 2734 absque
2340 2661 2572 2719 femineo
2601 2667 2765 2728 tactu,
2800 2675 2897 2731 pro
2939 2675 3046 2730 quo
3085 2661 3420 2731 patriarchae
3463 2659 3618 2715 Juda:
3655 2661 3714 2714 li-

2110 2754 2214 2809 lius
2255 2769 2286 2808 a
2328 2753 2557 2808 Domino
2593 2765 2883 2821 percussus
2911 2749 3124 2822 legitur,
3145 2751 3292 2820 quod
3333 2750 3391 2803 in
3421 2748 3717 2819 Scriptnris

2111 2843 2315 2899 sanctis
2342 2841 2682 2897 immunditia
2711 2851 3074 2912 nuncupatur,
3113 2856 3280 2910 super
3321 2856 3436 2910 quo
3485 2840 3712 2909 Apesto—

2114 2933 2232 2989 lus:
2275 2952 2293 2986 ι
2319 2934 2450 2990 Dico
2472 2943 2653 2988 autem
2677 2933 2916 3001 innuptis
2949 2940 3003 2986 et
3031 2932 3228 2997 viduis,
3261 2932 3477 2986 bonum
3505 2943 3586 2985 est
3615 2931 3712 2984 illis

2114 3026 2264 3081 sisic
2286 3028 2689 3098 permanserint
2717 3025 2858 3080 sicut
2883 3033 2938 3079 et
2961 3039 3092 3095 ego,
3118 3025 3263 3094 quod
3307 3025 3354 3080 si
3391 3041 3506 3079 non
3543 3027 3710 3079 conti-

429 3123 661 3184 quatuor
689 3115 1094 3185 conjugationes
1115 3123 1170 3168 et
1199 3114 1418 3184 copulas
1446 3115 1780 3172 dividuntur.
1804 3117 2012 3174 Gastri-
2038 3123 2083 3188 ο
2113 3127 2262 3185 neut,
2302 3117 2530 3186 nubant,
2575 3117 2768 3172 melius
2798 3123 2881 3172 est
2916 3117 3058 3171 enim
3090 3117 3298 3172 nubere
3334 3132 3509 3186 quam
3543 3117 3628 3170 uri
3665 3115 3710 3184 (1

431 3204 653 3275 margia:
679 3218 910 3273 namque
953 3202 1236 3258 fornicatio
1277 3204 1539 3272 peculiari
1577 3206 2014 3264 consideratione

432 3294 752 3361 foederatur,
779 3293 1124 3364 philargyria:
1169 3292 1273 3357 ira,
1299 3293 1534 3348 tristitiae
1587 3295 1796 3363 acedia,
1851 3312 2014 3353 ceno-

433 3385 609 3440 doxite
631 3383 883 3453 superbia
912 3381 1254 3436 familiariter
1282 3382 1619 3454 conjugatur.

434 3537 565 3596 Car.
593 3535 774 3592 LXlll.
804 3565 876 3577 —-
907 3535 986 3592 De
1017 3536 1217 3619 origine
1240 3545 1288 3619 et
1315 3536 1566 3609 qualitate
1606 3539 2014 3613 uniuscujusque

1160 3619 1291 3662 vim.

509 3743 744 3817 (εει-ηρ.)
784 3744 852 3800 Et
880 3753 940 3800 ut
973 3744 1284 3817 singillatim
1317 3761 1462 3802 nunc
1497 3747 1565 3804 de
1591 3746 2015 3821 uniuscujusque

433 3835 552 3890 vitii
573 3833 861 3905 generibus
881 3834 1232 3904 disputemus,
1255 3835 1648 3908 gastrimargite
1667 3851 1865 3908 genera
1889 3845 2016 3892 sunt

439 3929 575 3983 tria:
602 3927 839 3998 primum
875 3926 1018 3997 quod
1054 3926 1122 3982 ad
1164 3925 1512 3983 refectionem
1540 3937 1794 4000 perurget
1835 3929 2014 3986 homi-

436 4033 559 4074 nem
577 4059 593 4084 ,
639 4026 764 4074 ante
791 4019 980 4074 horam
1006 4026 1266 4074 statutam
1293 4033 1358 4075 ac
1391 4018 1686 4090 legitimam
1719 4019 1978 4078 festinare
1997 4061 2013 4088 ,

437 4107 736 4164 secundum
779 4107 922 4178 quod
965 4107 1271 4177 expletione
1299 4109 1507 4164 ventris
1551 4118 1608 4165 et
1651 4111 2017 4180 quarumlibet

437 4212 689 4252 escarum
720 4197 1016 4251 voracitate
1045 4196 1278 4263 laetatur,
1326 4198 1573 4263 tertium,
1606 4201 1748 4269 quod
1793 4215 2014 4254 accura-

440 4289 608 4344 tiores
637 4303 703 4343 ac
743 4287 1152 4343 delicatissimus
1195 4289 1468 4344 desiderat
1511 4291 1681 4347 cibos.
1732 4291 1861 4358 Qure
1912 4292 2016 4348 tria

439 4394 547 4434 non
579 4378 682 4433 levi
708 4378 990 4448 dispendio
1011 4378 1376 4435 Christianum
1408 4381 1629 4450 feriunt,
1670 4385 1772 4440 nisi
1805 4387 1872 4441 ab
1901 4401 2015 4440 om-

2115 3205 2239 3262 Cor.
2266 3223 2362 3274 vu,
2395 3207 2472 3276 9).
2504 3226 2523 3258 ι
2572 3206 2813 3262 Tertium
2845 3207 2989 3278 quod
3023 3207 3207 3262 animo
3246 3223 3315 3264 ac
3354 3218 3548 3263 mente
3587 3223 3711 3262 eon-

2115 3297 2334 3369 cipitur,
2363 3296 2428 3352 de
2451 3311 2558 3367 quo
2587 3297 2849 3352 Dominus
2879 3297 2932 3350 iu
2961 3295 3252 3367 Evaugelio
3284 3298 3366 3350 ait
3398 3316 3412 3350 :
3456 3318 3474 3348 ι
3503 3298 3604 3364 Qui
3635 3299 3708 3350 vi-

2115 3387 2256 3442 derit
2295 3384 2574 3442 mulierem
2618 3389 2684 3443 ad
2717 3388 3205 3457 concupiscendum
3234 3405 3381 3455 eam,
3417 3388 3540 3456 jam
3579 3403 3707 3443 mtr-

2114 3477 2306 3532 cbatus
2332 3486 2417 3532 est
2455 3493 2574 3532 eam
2604 3477 2656 3532 in
2683 3478 2845 3532 corde
2875 3493 2972 3532 suo
3004 3477 3221 3550 (Matth.
3263 3494 3318 3544 v,
3348 3479 3469 3548 28).
3516 3499 3536 3532 ι
3588 3480 3707 3547 Qu:

2116 3568 2218 3623 tria
2241 3581 2436 3639 genera
2456 3569 2648 3624 beatus
2665 3567 2952 3638 Apostolus
2983 3569 3099 3640 pari
3129 3568 3288 3625 modo
3310 3573 3706 3643 exstinguenda

2114 3659 2512 3730 pronuntians:
2551 3677 2570 3710 ι
2599 3657 2943 3726 Mortiﬁcate,
2983 3660 3175 3730 inquit,
3218 3662 3476 3718 membra
3515 3675 3703 3728 vestra,

2115 3766 2241 3820 qua:
2254 3757 2380 3805 sunt
2403 3764 2565 3821 super
2586 3758 2806 3818 terram,
2833 3749 3258 3821 fornicationem,
3281 3754 3706 3821 immunditiam,

2115 3840 2393 3896 libidinem
2418 3881 2433 3907 ,
2467 3850 2574 3897 etc.
2607 3839 2804 3914 (Calas.
2832 3858 2926 3909 ιιι,
2951 3843 3027 3914 5).
3061 3863 3080 3897 ›
3134 3844 3200 3899 Et
3233 3846 3436 3900 iterum
3481 3848 3550 3903 de
3587 3851 3711 3903 duo-

2113 3937 2216 3993 bus
2264 3937 2330 3992 ad
2371 3937 2673 4007 Ephesios:
2711 3956 2729 3989 ι
2759 3937 3070 3995 Fornicatio
3111 3949 3166 3996 et
3217 3942 3571 3999 immunditia
3615 3961 3708 4000 nec

2114 4026 2462 4082 nominentur
2505 4027 2559 4082 in
2611 4027 2761 4084 vobis
2809 4028 3026 4100 (Epltes.
3059 4046 3112 4096 v,
3144 4031 3222 4102 ὅ).
3253 4051 3272 4083 ι
3335 4033 3406 4087 Ει
3458 4035 3656 4089 iterum
3691 4055 3704 4089 :

2120 4133 2138 4167 ι
2170 4115 2300 4171 lllud
2329 4125 2510 4172 autem
2539 4104 2732 4176 scitote
2759 4120 2900 4190 quod
2925 4122 3102 4178 omnis
3128 4121 3450 4191 fornicator,
3488 4141 3584 4182 aut
3616 4129 3708 4182 ini-

2113 4207 2362 4275 mundus,
2388 4217 2481 4263 aut
2503 4225 2715 4278 avarus,
2741 4213 2882 4282 quod
2911 4222 2994 4269 est
3019 4213 3282 4271 idolorum
3315 4222 3580 4284 servitus,
3607 4239 3708 4277 non

2113 4297 2275 4352 habet
2314 4298 2681 4355 baereditatem
2722 4301 2776 4356 in
2819 4317 2982 4374 regno
3018 4303 3218 4361 Christi
3257 4316 3313 4362 et
3347 4310 3441 4364 Dei
3491 4312 3706 4382 (Eptm.

2113 4405 2166 4454 v,
2202 4389 2280 4462 5).
2312 4409 2331 4444 ι
2384 4389 2514 4458 Qua:
2542 4394 2644 4448 tria
2682 4404 2742 4449 ut
2781 4410 2812 4448 a
2850 4397 3004 4452 nobis
3037 4399 3154 4466 pari
3186 4400 3581 4459 observatione
3617 4422 3706 4460 ca-

440 4468 746 4563 nibus__istis
767 4469 884 4538 pari
913 4470 1089 4563 studio
1110 4479 1278 4563 atque
1299 4471 1641 4528 observantia
1665 4476 2012 4546 semetipsum
2038 4473 2091 4533 D
2115 4490 2344 4536 veantur
2372 4483 2566 4539 similis
2593 4500 2694 4540 nos
2716 4500 2904 4540 eorum
2932 4502 2963 4540 a
2992 4503 3156 4559 regno
3180 4488 3384 4546 Christi
3407 4503 3580 4563 atque
3605 4513 3706 4554 una

441 4557 696 4627 expedire
721 4557 1077 4613 contenderit.
1110 4559 1245 4613 Nam
1275 4564 1727 4630 quemadmodum
1749 4564 2016 4620 absolutio

438 4649 628 4720 jejuuii
656 4659 783 4706 ante
823 4645 1012 4706 horam
1057 4653 1372 4707 canonicam
1419 4653 1818 4726 lcgitimamque
1847 4657 2018 4711 nulla-

447 4749 603 4794 tenus
632 4741 1005 4810 praesumenda
1050 4751 1166 4808 est,
1214 4743 1290 4798 ita
1329 4753 1382 4798 et
1411 4747 1613 4801 ventris
1660 4747 1922 4818 ingluvies
1963 4757 2019 4804 et

445 4844 693 4884 escarum
721 4841 1032 4902 sumptuosa
1055 4842 1218 4902 atque
1241 4835 1508 4904 exquisita
1530 4839 1850 4906 praeparatio
1875 4839 2020 4896 simi-

445 4919 572 4974 liter
598 4922 943 4990 amputanda,
970 4939 1035 4979 ex
1063 4925 1148 4980 bis
1182 4927 1327 4981 enim
1362 4927 1533 4983 tribus
1573 4930 1750 4986 causis
1791 4931 2017 4989 diversa:

448 5027 513 5067 ac
545 5012 792 5081 pessima:
835 5015 1169 5072 valetudines
1215 5017 1408 5072 anima:
1455 5028 1848 5088 procreantur:
1892 5040 2016 5079 nam

445 5099 514 5155 de
543 5102 735 5170 prima,
766 5105 1197 5175 congregationis
1222 5106 1405 5161 odium
1439 5108 1696 5179 gignitur,
1734 5123 1896 5182 atque
1919 5129 2016 5168 ex-

448 5191 574 5247 inde
607 5192 801 5248 borror
821 5203 876 5249 et
905 5195 1244 5250 intolerantia
1269 5196 1512 5266 ejusdem
1534 5203 1832 5257 concrescit
1870 5203 2020 5259 habi-

447 5281 630 5349 taculi,
662 5299 824 5354 quam
848 5286 964 5341 sine
991 5287 1152 5342 dubio
1176 5303 1301 5343 mox
1329 5289 1608 5357 discessio,
1640 5307 1703 5348 ac
1730 5293 1852 5366 fuga
1877 5297 2020 5352 velo-

447 5373 666 5428 cissima
707 5375 1085 5444 subsequctur.
1115 5379 1190 5432 De
1233 5382 1469 5436 secunda
1497 5383 1650 5454 igniti
1685 5385 1912 5443 luxuriae
1955 5403 2018 5444 ac

447 5459 685 5518 libidinis
715 5463 885 5520 aculei
915 5466 1261 5524 suscitantur.
1305 5469 1488 5527 Tertia
1529 5473 1692 5528 etiam
1733 5475 2022 5532 inextrica-

449 5550 586 5606 biles
610 5554 955 5627 pbilargyriae
986 5556 1210 5627 laqueos
1251 5562 1420 5616 nectit
1446 5564 1748 5621 cervicibus
1776 5567 2018 5636 captivo-

450 5655 596 5711 rum,
636 5661 734 5702 nec
765 5645 1053 5718 aliquando
1087 5637 1356 5708 hominem
1387 5654 1516 5710 sinit
1555 5655 1791 5726 perfecta
1819 5659 2018 5717 Christi

2118 4571 2628 4629 deterrctexelusio.
2677 4575 3025 4648 Philargyrize
3050 4595 3244 4650 genera
3282 4593 3412 4637 sunt
3449 4587 3581 4652 tria,
3611 4589 3711 4658 pri.

2118 4677 2264 4716 mum
2313 4664 2454 4733 quod
2501 4665 2942 4724 abrenuntiantes
2991 4671 3189 4727 divitiis
3239 4689 3303 4729 ac
3353 4674 3710 4737 facultatibus

2117 4754 2231 4808 suis
2276 4755 2494 4824 spoliari
2530 4773 2635 4812 non
2678 4760 2830 4824 sinit,
2869 4764 3162 4818 secundum
3207 4768 3350 4836 quod
3395 4784 3464 4823 ea
3523 4789 3648 4843 qua
3678 4793 3706 4830 ει

2119 4845 2274 4900 nobis
2305 4846 2546 4915 dispersa
2575 4858 2733 4916 sunt,
2757 4850 2840 4905 vel
2871 4851 3232 4922 indigentibus
3265 4857 3587 4930 distributa,
3630 4883 3708 4921 re-

2120 4953 2334 4994 sumere
2381 4955 2480 4996 nos
2531 4941 2734 5013 majore
2775 4946 3067 5016 cupiditate
3105 4954 3435 5020 persuadet,
3487 4959 3708 5013 tertium

2119 5029 2262 5100 quod
2299 5045 2361 5085 ea
2403 5047 2524 5102 quae
2558 5049 2657 5090 nec
2693 5046 2852 5091 antea
2878 5038 3094 5107 quidem
3118 5042 3464 5110 possedimus
3490 5047 3706 5102 deside-

2121 5121 2232 5175 rari
2279 5121 2592 5192 adquiarive
2648 5125 2967 5200 [acquirive]
3024 5131 3315 5201 compellit.
3373 5133 3476 5189 [re
3510 5152 3707 5206 genera

2121 5217 2248 5264 sunt
2277 5212 2401 5278 tria,
2433 5228 2598 5268 unum
2633 5216 2778 5286 quod
2813 5219 3120 5274 exardescit
3165 5221 3523 5288 intrinsecus.
3571 5229 3707 5297 quod

2124 5301 2309 5359 Greece
2344 5305 2504 5376 θυμὸς
2556 5306 2752 5362 dicitur
2774 5349 2790 5373 ,
2816 5308 2961 5365 aliud
2984 5311 3126 5380 quod
3152 5309 3208 5368 in
3231 5313 3462 5370 verbum
3487 5325 3550 5371 et
3577 5333 3710 5389 opus

2123 5391 2481 5465 eflectumque
2530 5399 2832 5470 prorumpit
2877 5401 3020 5470 quod
3069 5404 3192 5479 ὀργή
3231 5417 3602 5476 nuncupatur,
3645 5412 3708 5463 de

2121 5483 2315 5551 quibus
2337 5492 2391 5538 et
2418 5485 2738 5556 Apostolus:
2773 5507 2790 5539 ι
2819 5488 2970 5545 Nunc
2989 5501 3167 5548 autem
3197 5493 3474 5564 deponite,
3507 5499 3707 5570 inquit.

2121 5582 2174 5628 et
2201 5590 2295 5630 vos
2322 5590 2537 5631 omnem
2573 5577 2732 5647 iram,
2759 5579 3179 5652 indignationem
3219 5583 3422 5655 (Color.
3459 5604 3547 5652 ιιι,
3575 5589 3654 5660 8).
3681 5609 3702 5641 ι

2123 5664 2362 5722 Tertium
2392 5669 2532 5737 quod
2555 5685 2661 5726 non
2693 5679 2752 5727 ut
2777 5671 2862 5727 illa
2891 5670 3150 5730 effervens
3181 5677 3247 5731 ad
3285 5678 3480 5736 horam
3505 5683 3708 5753 digeri-
