3956 6326
229 370 362 428 i385
1187 369 1276 426 DE
1317 366 1521 426 VITIIS
1560 367 1650 424 ET
1690 364 2130 425 VIRTUTIBUS.
2172 396 2242 408 —
2279 363 2407 422 LIB.
2450 364 2538 420 III.
3355 366 3492 424 I586

225 495 329 550 tur,
361 482 456 540 sed
482 497 582 553 per
603 481 719 538 dies
751 489 808 538 et
835 491 1076 555 tempora
1110 493 1420 541 reservatur
1437 527 1453 551 ,
1483 500 1603 556 quae
1629 501 1806 540 ILIINIC
1835 487 1884 549 Α
1909 491 2292 554 prosternunt:
2323 484 2395 538 ita
2418 492 2472 539 et
2501 481 2647 538 vitiis
2675 494 2890 554 semper
2913 484 3310 541 robustioribus
3338 499 3498 555 supe-

227 579 436 636 dicitur.
486 576 617 646 Qua:
665 578 849 634 omnia
891 579 1084 651 aequali
1127 589 1253 636 sunt
1298 597 1330 636 a
1379 579 1535 636 nobis
1581 580 1807 635 horrore

227 668 545 728 damnanda.
601 670 859 729 Tristitia:
895 688 1099 744 genera
1137 682 1264 730 sunt
1292 674 1397 729 duo
1423 693 1438 730 :
1463 689 1627 728 unum
1667 671 1810 742 quod

225 762 306 818 vel
327 761 606 818 iracundia
634 763 914 820 desinente
936 764 1020 820 vel
1040 764 1106 820 de
1128 764 1276 821 illato
1298 766 1495 821 damno
1517 782 1580 820 ac
1601 763 1812 820 deside-

225 856 306 912 rio
330 856 626 928 praepedito
676 866 997 930 cassatoque
1031 869 1352 931 generatur;
1396 861 1540 916 aliud
1569 859 1712 931 quod
1743 859 1810 916 de

227 947 580 1004 irrationabili
640 949 839 1005 mentis
901 950 1172 1006 anxietate
1205 991 1221 1018 ,
1281 967 1377 1007 seu
1435 952 1810 1022 desperatione

227 1041 520 1097 descendit.
567 1040 786 1096 Acedia:
833 1055 1032 1113 genera
1077 1051 1202 1098 sunt
1251 1043 1356 1098 duo
1401 1059 1414 1095 :
1454 1059 1620 1097 unum
1667 1041 1812 1113 quod

227 1139 290 1194 ad
346 1153 593 1196 somnum
644 1138 948 1209 prmcipitat
1007 1149 1322 1209 aestuantes,
1356 1141 1498 1196 aliud
1529 1141 1670 1211 quod
1701 1141 1812 1198 cel-

229 1231 329 1285 lam
383 1232 635 1287 deserere
669 1246 734 1286 ac
771 1230 957 1302 fugere
991 1233 1325 1287 cohortatur.
1375 1230 1705 1288 Coenodoxia
1749 1231 1814 1286 li-

231 1333 309 1381 cet
359 1325 704 1382 multiformis
769 1341 833 1382 ac
891 1325 1170 1397 multiplex
1235 1327 1354 1392 sit,
1420 1334 1474 1382 et
1539 1326 1594 1380 in
1636 1323 1814 1381 diver-

229 1432 312 1472 sas
333 1417 541 1488 species
567 1417 858 1482 dividatur,
891 1433 1087 1490 genera
1129 1427 1309 1473 tamen
1341 1417 1458 1487 ejus
1503 1425 1629 1473 sunt
1666 1417 1809 1473 duo:

227 1511 456 1581 primum
484 1525 590 1582 quo
625 1526 723 1581 pro
755 1510 1063 1567 carnalibus
1100 1513 1260 1568 rebus
1295 1527 1360 1567 ac
1386 1511 1685 1567 manifestis
1722 1527 1816 1567 ex-

233 1602 484 1658 tollimur.
539 1601 848 1659 Secundum
889 1618 997 1674 quo
1033 1620 1132 1676 pro
1157 1603 1529 1674 spiritualibus
1555 1611 1610 1660 et
1631 1602 1814 1660 occul-

230 1699 296 1753 tis
324 1697 588 1754 desiderio
615 1713 768 1753 vana:
793 1697 968 1753 laudis
1001 1695 1272 1752 inﬂamur.

231 1809 352 1867 Car.
371 1811 554 1867 LXIV.
568 1843 637 1853 —
651 1811 729 1867 De
742 1812 888 1867 varia
901 1811 1285 1884 oppugnatione
1298 1811 1533 1866 omnium
1547 1809 1811 1866 vitiorum.

298 1923 496 1997 (Casa.)
525 1923 652 1982 Haec
684 1933 811 1982 octo
832 1925 964 1980 vitia
998 1941 1121 1983 cum
1151 1941 1313 1982 omne
1334 1923 1617 1980 hominum
1645 1939 1814 1996 genus

231 2019 460 2090 pulsent,
492 2026 803 2076 nontamen
825 2035 935 2074 uno
969 2019 1127 2075 modo
1160 2017 1428 2088 impetuut
1465 2027 1733 2074 cunctos:
1762 2015 1817 2070 in

234 2111 335 2168 alio
388 2127 622 2182 namque
671 2111 895 2182 spiritus
944 2111 1322 2168 fornicationis
1375 2111 1556 2167 locum
1611 2110 1821 2166 obtinet

230 2202 598 2274 principalem,
630 2205 683 2259 in
711 2203 818 2259 alio
857 2203 1229 2276 superequitat
1267 2203 1436 2268 furor,
1476 2203 1532 2258 in
1567 2201 1673 2257 alio
1709 2216 1822 2258 cce-

232 2297 462 2353 nodoxia
487 2297 728 2354 vindicat
749 2298 1116 2370 tyrannidem,
1147 2298 1202 2353 in
1227 2297 1334 2353 alio
1362 2311 1545 2352 arcem
1568 2295 1822 2368 superbia

234 2401 398 2461 tenet,
430 2403 486 2450 et
510 2410 632 2451 cum
654 2403 868 2452 constet
897 2410 1087 2451 omnes
1117 2395 1186 2450 ab
1210 2392 1462 2451 omnibus
1491 2381 1818 2462 impugnari,

233 2485 443 2542 diverso
464 2493 645 2542 tamen
673 2486 835 2542 modo
857 2494 912 2541 et
939 2485 1131 2542 ordine
1156 2484 1351 2557 singuli
1381 2483 1710 2540 laboramus.

234 2617 358 2675 CAP.
384 2615 544 2674 LXV.
567 2649 639 2660 —
663 2617 740 2673 De
764 2617 1078 2674 instituendo
1110 2619 1357 2674 adversus
1389 2618 1513 2673 vitia
1539 2616 1822 2673 certamine

535 2692 817 2746 secundum
849 2691 1078 2761 ipsorum
1106 2690 1515 2761 infestationem.

305 2803 536 2878 (Serap.)
576 2804 940 2873 Quamobrem
965 2805 1039 2860 ita
1067 2805 1226 2861 nobis
1259 2804 1517 2871 adversus
1549 2804 1666 2859 haec
1688 2803 1824 2859 arri-

237 2898 428 2968 pienda
465 2907 591 2952 sunt
622 2897 828 2967 prtelia,
857 2906 912 2952 ut
947 2898 1316 2969 unusquisque
1345 2893 1537 2953 vitium
1570 2913 1678 2968 quo
1704 2913 1822 2951 ma-

237 2989 379 3044 xime
418 2987 705 3044 infestatur
741 2987 1061 3060 explorans,
1113 2989 1376 3044 adversus
1420 2987 1551 3043 illud
1597 2987 1826 3059 arripiat

236 3080 527 3152 principale
558 3089 832 3136 certamen
853 3121 868 3147 ,
905 3094 1119 3136 omnem
1158 3096 1345 3135 curam
1380 3079 1578 3136 mentis
1617 3095 1683 3135 ac
1719 3078 1827 3135 sol-

239 3172 568 3230 licitudinem
613 3189 745 3246 erga
795 3173 938 3229 illius
984 3173 1440 3245 impugnationem
1486 3171 1825 3228 observatio-

241 3286 472 3342 nemque
508 3270 766 3342 deﬁgens,
804 3269 1063 3325 adversus
1099 3268 1230 3324 illud
1260 3267 1576 3340 quotidiana
1598 3263 1829 3336 jejunio-

242 3380 360 3422 rum
391 3364 628 3435 dirigens
665 3362 891 3436 spicula,
931 3372 1118 3419 contra
1152 3362 1280 3418 illud
1308 3361 1520 3418 cunctis
1542 3358 1830 3416 momentis

241 3459 420 3516 cordis
440 3459 671 3530 suspiria
685 3459 989 3528 crebraque
1008 3458 1305 3530 gemituum
1325 3455 1428 3512 tela
1441 3464 1827 3526 contorquens,

241 3555 504 3611 adversus
550 3552 681 3607 illud
729 3551 1036 3622 vigiliarum
1083 3551 1296 3606 labores
1343 3567 1407 3606 ac
1453 3549 1832 3606 meditationes

241 3648 326 3702 sui
371 3645 550 3702 cordis
597 3644 938 3713 impendens,
989 3643 1356 3698 indesinentes
1393 3657 1607 3712 quoque
1632 3642 1835 3696 oratio-

242 3752 375 3793 num
405 3735 559 3791 ﬂetus
585 3735 652 3790 ad
685 3735 854 3790 Deum
896 3732 1127 3788 fundens
1164 3742 1219 3788 et
1263 3733 1682 3804 impugnationis
1724 3747 1835 3786 sua:

241 3829 682 3897 exstinctionem,
707 3829 775 3884 ab
804 3827 895 3882 illo
924 3827 1230 3898 specialiter
1250 3842 1314 3882 ac
1336 3825 1538 3896 jugiter
1575 3837 1833 3895 poscens:

246 3921 578 3992 impossibile
606 3935 840 3992 namque
873 3927 958 3974 est
984 3918 1050 3974 de
1077 3918 1318 3988 qualibet
1357 3917 1608 3988 passione
1644 3915 1835 3971 trium-

247 4017 415 4088 phum
449 4014 759 4086 quempiam
797 4009 1116 4082 promereri,
1155 4010 1468 4081 priusquam
1511 4007 1841 4064 intellexerit

249 4109 517 4166 industria
563 4107 648 4164 vel
692 4107 880 4162 labore
928 4105 1151 4176 proprio
1193 4103 1474 4160 victoriam
1526 4102 1842 4160 certaminis

249 4211 423 4260 semet
467 4201 717 4258 obtinere
762 4213 870 4254 non
915 4212 1108 4268 posse;
1153 4205 1511 4263 cumtamen,
1556 4204 1616 4251 ut
1668 4194 1841 4251 valeat

249 4292 558 4358 emundari,
599 4305 821 4347 necesse
855 4288 926 4345 sit
963 4305 1090 4346 eum
1120 4289 1207 4345 die
1239 4297 1510 4357 noctuque
1535 4300 1594 4343 se
1615 4287 1668 4342 in
1691 4287 1840 4342 omni

249 4401 380 4441 cura
428 4394 483 4440 et
523 4381 884 4440 sollicitudine
920 4396 1276 4453 permanere,
1326 4394 1558 4450 cumque
1595 4395 1654 4434 se
1683 4379 1748 4434 ab
1777 4395 1840 4435 ea

250 4477 485 4534 senserit
511 4475 816 4532 absolutum
835 4515 851 4542 ,
881 4489 1068 4530 rursus
1096 4473 1330 4528 latebras
1358 4473 1440 4528 sui
1469 4473 1650 4528 cordis
1679 4472 1840 4528 simili

1910 576 2045 631 ratis
2104 583 2265 646 atque
2313 574 2704 631 inﬁrmioribus
2755 575 3186 644 succedentibus,
3219 577 3500 648 parabitur

1911 667 2067 723 nobis
2105 667 2309 738 absque
2335 666 2443 722 ullo
2470 667 2782 724 discrimine
2819 668 3062 739 perfecta
3087 669 3337 726 victoria.
3388 668 3503 724 Nec

1911 769 2092 816 tamen
2159 760 2458 830 putandum
2511 761 2656 831 quod
2715 761 3085 832 principaliter
3134 763 3258 834 quis
3309 769 3503 819 contra

1911 869 2078 909 unum
2130 853 2395 910 dimicans
2435 853 2648 920 vitium,
2681 863 2736 908 et
2766 853 2914 909 velut
2954 854 3224 910 incautius
3271 853 3505 910 aliorum

1911 946 2018 1001 tela
2035 947 2394 1017 prospiciens,
2411 946 2691 1018 inopinato
2712 946 2818 1002 ictu
2834 946 3044 1003 facilius
3057 947 3235 1003 valeat
3247 946 3502 1012 sauciari,

1913 1040 2057 1110 quod
2091 1055 2432 1110 nequaquam
2469 1040 2595 1106 ﬁet;
2635 1039 2966 1110 impossibile
2994 1053 3226 1110 namque
3261 1047 3344 1094 est
3377 1053 3505 1093 eum

1913 1131 2005 1202 qui
2030 1146 2130 1201 pro
2159 1129 2338 1187 cordis
2367 1131 2450 1186 sui
2475 1120 2856 1188 emundatio‘ne
2881 1130 3143 1188 sollicitus
3167 1146 3290 1203 erga
3323 1131 3502 1201 impu-

1915 1223 2228 1294 gnationem
2274 1223 2390 1278 vitii
2428 1221 2719 1292 cujuslibet
2761 1224 3115 1280 intentionem
3156 1237 3268 1279 suae
3307 1222 3506 1280 mentis

1916 1317 2226 1380 armaverit,
2259 1317 2518 1372 adversus
2549 1326 2743 1372 caetera
2774 1331 2990 1387 quoque
3023 1316 3154 1370 vitia
3200 1315 3508 1388 generalem

1916 1406 2204 1476 quemdam
2220 1407 2522 1473 horrorem,
2537 1408 2902 1464 etcustodiam
2917 1406 3147 1463 similem
3163 1422 3268 1462 non
3285 1407 3506 1462 habere.

1917 1496 2036 1568 Quo
2085 1499 2230 1554 enim
2265 1500 2426 1556 modo
2463 1499 2546 1555 vel
2593 1499 2661 1556 de
2699 1499 2791 1554 illa
2837 1514 2946 1570 qua
2991 1498 3196 1555 absolvi
3239 1499 3516 1554 desiderat

1916 1591 2169 1662 passione
2203 1594 2498 1650 merebitur
2523 1594 2770 1650 obtinere
2798 1594 3104 1662 victoriam,
3135 1593 3229 1664 qui
3266 1609 3325 1649 se
3368 1593 3512 1649 indi-

1919 1698 2084 1752 gnum
2112 1686 2448 1758 purgationis
2476 1687 2698 1758 praemio
2725 1686 2954 1742 aliorum
2993 1684 3122 1741 facit
3147 1685 3396 1756 contagio
3430 1683 3515 1739 vi-

1923 1777 2120 1833 tiorum
2133 1779 2156 1833 ?
2171 1778 2278 1834 Sed
2299 1795 2422 1835 cum
2441 1780 2756 1851 principalis
2774 1779 2944 1836 nostri
2963 1779 3147 1836 cordis
3162 1778 3389 1835 intentio
3404 1777 3516 1834 vel-

1843 1847 1892 1910 Β
1921 1877 1979 1924 ut
2013 1871 2302 1940 specialem
2343 1871 2446 1927 sibi
2488 1887 2726 1943 pugnam
2751 1871 3014 1927 adversus
3045 1887 3208 1926 unam
3237 1869 3518 1940 exceperit
3578 1949 3584 1954 _

1918 1963 2249 2031 passionem,
2276 1979 2378 2034 pro
2411 1963 2525 2033 ipsa
2555 1964 2734 2019 orabit
2771 1963 3028 2020 attentius
3067 1961 3328 2034 peculiari
3369 1961 3517 2018 solli-

1922 2055 2164 2110 citudine
2184 2071 2249 2111 ac
2275 2054 2453 2111 studio
2483 2055 2808 2127 supplicans,
2844 2063 2905 2110 ut
2928 2070 3050 2110 eam
3079 2054 3392 2127 diligentius
3422 2055 3518 2109 ob-

1922 2162 2163 2215 servare,
2189 2156 2246 2204 et
2265 2163 2364 2220 per
2385 2148 2502 2204 haec
2524 2147 2755 2205 celerem
2776 2156 3051 2205 mereatur
3081 2148 3327 2204 obtinere
3351 2148 3521 2204 victo-

1922 2241 2062 2296 riam
2092 2260 2105 2296 :
2134 2242 2278 2297 hunc
2303 2256 2537 2312 namque
2571 2257 2672 2298 nos
2715 2243 2963 2299 ordinem
3005 2242 3314 2314 praeliorum
3362 2257 3520 2299 excr-

1923 2349 2050 2390 cere
2081 2334 2307 2400 debere,
2343 2349 2446 2390 nec
2476 2342 2658 2390 tamen
2690 2334 2758 2391 de
2787 2343 2975 2390 nostra
3010 2335 3214 2391 virtute
3249 2334 3522 2391 conlidere

1923 2424 2090 2480 etiam
2115 2423 2392 2496 legislator
2418 2425 2502 2480 his
2536 2425 2694 2481 docet
2733 2426 2917 2482 verbis
2948 2442 2963 2480 :
2992 2424 3109 2482 Non
3154 2427 3368 2482 timebis
3402 2442 3514 2492 eos,

1929 2519 2053 2590 quia
2079 2518 2342 2575 Dominus
2363 2518 2504 2574 Deus
2541 2526 2664 2573 tuus
2689 2518 2745 2574 iu
2767 2519 2946 2580 medio
2979 2520 3055 2573 tui
3083 2529 3184 2576 est.
3234 2520 3377 2576 Deus
3407 2536 3521 2576 ma-

1925 2625 2063 2681 gnus
2091 2617 2147 2665 et
2171 2610 2444 2674 terribilis,
2470 2611 2586 2682 ipse
2606 2619 2892 2668 consumet
2915 2613 3163 2668 nationes
3193 2613 3291 2668 has
3313 2613 3367 2667 in
3391 2629 3522 2669 cou-

1927 2711 2116 2772 spectu
2150 2712 2244 2760 tuo
2274 2704 2554 2775 paulatim,
2593 2714 2758 2776 atque
2785 2719 2884 2776 per
2905 2713 3106 2775 partes.
3163 2703 3282 2760 Non
3314 2707 3526 2776 poteris

1928 2794 2110 2850 delere
2135 2811 2230 2851 eas
2261 2796 2493 2866 pariter;
2524 2811 2592 2850 ne
2616 2795 2758 2852 forte
2787 2795 3215 2866 multiplicemur
3243 2807 3433 2852 contra
3466 2807 3524 2854 te

1927 2889 2115 2945 bestiae
2151 2897 2330 2954 terrae,
2375 2889 2628 2959 dabitque
2669 2902 2762 2945 eos
2797 2888 3056 2943 Dominus
3104 2890 3246 2945 Deus
3296 2898 3422 2945 tuus
3467 2890 3522 2946 in

1929 2989 2225 3052 cosiSpectu
2253 2990 2373 3047 tuo,
2407 2988 2463 3036 et
2491 2979 2786 3037 interﬁciet
2810 2979 2962 3048 illos,
2987 2979 3159 3037 donec
3185 2982 3399 3052 penitus
3425 2981 3522 3036 de-

1930 3072 2050 3129 lean
2060 3081 2164 3129 tur.

1934 3184 2062 3242 CAP.
2128 3184 2418 3263 LXVI._—_—-
2447 3187 2526 3263 De
2581 3188 2786 3244 duobus
2847 3190 3092 3263 vitiorum
3147 3191 3420 3263 generibus
3479 3201 3528 3247 et

2261 3260 2532 3330 efﬁcientia
2569 3275 2748 3315 eorum
2787 3260 3197 3333 quadripartito.

2005 3371 2204 3446 (Casa)
2244 3371 2446 3428 Horum
2488 3375 2650 3446 igitur
2685 3375 2941 3430 vitiorum
2980 3391 3180 3446 genera
3218 3386 3346 3432 sunt
3380 3377 3525 3446 duo;

1934 3475 2028 3522 aut
2063 3467 2208 3522 enim
2246 3467 2511 3521 naturalia
2551 3475 2704 3530 sunt,
2744 3475 2805 3521 ut
2843 3469 3256 3541 gastrimargia;
3296 3478 3390 3524 aut
3425 3485 3524 3525 ex-

1936 3566 2020 3613 tra
2038 3567 2308 3627 naturam,
2322 3567 2382 3614 ut
2395 3558 2720 3630 philargyria
2737 3575 2752 3625 ;
2769 3558 3055 3616 efﬁcientia
3070 3577 3200 3617 vero
3215 3562 3356 3631 quad
3365 3563 3530 3632 ripar-

1937 3649 2035 3704 tita
2059 3659 2144 3706 est
2168 3669 2182 3705 :
2207 3650 2456 3721 quaedam
2478 3651 2621 3705 enim
2649 3651 2768 3706 sine
2799 3651 3012 3707 actione
3038 3652 3240 3707 carnali
3271 3668 3529 3710 consum-

1937 3743 2076 3797 mari
2100 3758 2207 3799 non
2234 3751 2480 3814 possunt,
2517 3751 2576 3798 ut
2603 3751 2686 3797 est
2715 3743 3096 3816 gastrimargia
3125 3754 3180 3800 et
3205 3745 3529 3815 fornicatio;

1938 3831 2186 3902 quazdam
2214 3847 2343 3887 vero
2367 3833 2531 3886 etiam
2559 3833 2676 3889 sine
2707 3833 2812 3887 ulla
2853 3835 3097 3904 corporis
3136 3836 3346 3891 actione
3385 3854 3531 3892 com-

1937 3925 2192 3996 plentur,
2243 3932 2304 3977 ut
2341 3931 2424 3979 est
2471 3924 2720 3994 superbia
2761 3933 2816 3981 et
2864 3927 3202 3982 cmnodoxia.
3265 3927 3531 3984 Nonnulla

1939 4017 2320 4074 commotionis
2348 4033 2459 4073 sua:
2495 4033 2656 4073 causa
2686 4018 3024 4076 extrinsecus
3060 4020 3300 4091 capiunt,
3343 4030 3402 4075 ut
3452 4031 3536 4077 est

1941 4111 2272 4184 philargyria
2295 4120 2350 4167 et
2383 4112 2497 4180 ira;
2529 4111 2632 4167 alia
2661 4127 2790 4168 vero
2819 4113 3089 4170 intestinis
3121 4114 3356 4171 motibus
3379 4115 3530 4172 exci-

1943 4208 2148 4269 tantur,
2177 4209 2236 4257 ut
2259 4210 2345 4259 est
2370 4201 2556 4259 acedia
2586 4210 2750 4275 atque
2774 4203 3014 4261 tristitia.

1941 4313 2070 4372 CAP.
2134 4314 2451 4390 LXYlL—
2484 4315 2866 4390 Recapitulatio
2921 4318 2986 4372 de
3017 4317 3427 4390 igastrimargite
3488 4330 3535 4374 et

2119 4386 2483 4458 fornicationis
2505 4388 2750 4461 passione
2773 4398 2822 4444 et
2855 4386 3126 4444 curatione
3147 4386 3352 4444 earum.

2013 4501 2408 4574 Gastrimargia
2443 4510 2500 4556 et
2535 4501 2824 4559 fornicatio
2857 4517 2980 4558 cum
3018 4502 3341 4559 naturaliter
3380 4505 3539 4562 nobis

248 4569 552 4626 intentione
577 4568 976 4668 perlus_"e_'”_e‘
1003 4566 1239 4636 excipiat
1269 4564 1368 4668 sib}
1398 4579 1562 4634 quam
1589 4565 1733 4620 inter
1757 4582 1841 4620 η’
1870 4595 1920 4654 D
1949 4595 2132 4662 insint,
2162 4610 2284 4650 nam
2315 4564 2700 4668 nonnunquam
2731 4597 2894 4654 etiam
2933 4598 3051 4654 sine
3085 4597 3198 4654 ullo
3241 4600 3406 4654 animi
3450 4601 3534 4655 in-

249 4663 430 4735 liquas
449 4662 784 4734 perspexerit
808 4660 1085 4723 diriorem,
1109 4668 1273 4729 atque
1297 4659 1554 4715 adversus
1577 4674 1696 4713 eam
1722 4674 1844 4728 spe-

253 4759 447 4815 cialius
475 4757 658 4813 omnia
681 4757 902 4827 spiritus
936 4770 1087 4809 arma
1115 4761 1481 4819 commoveat;
1513 4762 1567 4808 et
1595 4753 1671 4808 ita
1701 4768 1844 4808 sem-

251 4867 356 4922 per
382 4849 734 4904 validioribus
755 4847 1026 4919 superatis
1051 4845 1282 4901 celerem
1318 4846 1384 4900 de
1420 4846 1651 4901 residuis
1681 4846 1846 4902 habe-

250 4943 336 4998 bit
366 4941 684 5010 facilemque
707 4939 1008 5003 victoriam,
1039 4937 1163 5007 quia
1193 4945 1246 4992 et
1275 4952 1428 4992 mens
1449 4938 1845 5009 triumphorum

252 5054 516 5111 processu
546 5038 800 5094 reddetur
829 5035 1022 5092 fortior
1056 5042 1112 5089 et
1148 5034 1413 5088 infirmior
1449 5050 1625 5106 pugna
1662 5050 1848 5090 succe-

255 5133 394 5188 dens
422 5132 810 5204 promptiorem
834 5131 885 5186 ei
924 5124 1243 5200 proventum
1283 5128 1446 5184 faciet
1498 5129 1843 5200 praeliorum;

256 5235 318 5281 ct
349 5219 469 5280 fieri
495 5222 633 5280 solet
659 5223 726 5277 ab
754 5221 840 5276 his
875 5220 967 5291 qui
1005 5233 1190 5275 coram
1237 5218 1452 5292 regibus
1481 5221 1661 5275 mundi
1689 5219 1849 5290 hujus

257 5315 568 5388 omnigenis
613 5313 867 5385 congredi
903 5312 1092 5367 bestiis
1135 5312 1480 5381 praemiorum
1521 5313 1850 5384 contempla-

257 5411 412 5465 tione
452 5413 806 5471 consuerunt,
839 5404 982 5474 quod
1015 5403 1307 5472 spectaculi
1339 5420 1507 5474 genus
1539 5405 1696 5476 vulgo
1718 5421 1850 5475 pan-

258 5515 494 5572 carpum
526 5505 886 5570 nuncupatur,
924 5497 1001 5561 hi,
1037 5495 1278 5566 inquam,
1319 5495 1463 5551 feras
1504 5513 1852 5568 quascunque

260 5595 525 5651 fortiores
552 5593 747 5648 robore
771 5590 857 5648 vel
883 5589 1116 5646 feritatis
1149 5589 1301 5645 rabie
1337 5599 1736 5660 conspexerunt
1771 5590 1853 5645 di-

261 5685 468 5755 riores,
496 5687 754 5743 adversus
792 5699 887 5740 eas
922 5682 1115 5755 prima:
1151 5681 1550 5754 congressionis
1579 5690 1850 5738 certamen

263 5782 561 5852 arripiunt,
593 5781 790 5851 quibus
821 5777 1105 5836 exstinctis
1135 5777 1373 5848 reliquas
1394 5792 1512 5848 qua:
1544 5777 1721 5834 minus
1751 5786 1858 5833 ter-

263 5874 459 5931 ribiles
514 5873 797 5942 minusque
847 5871 1194 5925 vehementes
1241 5878 1366 5926 sunt
1413 5869 1561 5924 exitu
1616 5869 1857 5926 faciliore

677 5965 946 6026 PATROL.
995 5962 1188 6026 CXII.

1947 4686 2244 4742 citamento
2270 4687 2438 4742 solius
2460 4688 2802 4759 instigatione
2824 4705 2887 4744 ac
2911 4691 3122 4759 pruritu
3145 4691 3324 4748 carnis
3346 4694 3534 4749 oriun-

1950 4784 2069 4843 tur,
2097 4778 2324 4832 materia
2355 4786 2534 4833 tamen
2567 4787 2627 4832 ut
2668 4789 3110 4834 consummentur
3143 4793 3302 4854 egent
3337 4785 3540 4841 extrin-

1951 4884 2131 4935 secus,
2151 4878 2206 4924 et
2227 4870 2300 4924 ita
2322 4869 2374 4924 in
2399 4868 2643 4924 effectum
2671 4869 2940 4941 corporali
2964 4872 3178 4927 actione
3194 4876 3533 4945 perveniunt.

1952 4957 2079 5013 Haec
2113 4958 2218 5013 duo
2257 4958 2558 5028 specialiter
2587 4960 2713 5014 vitia
2741 4976 2862 5030 quae
2889 4962 3191 5019 ministerio
3234 4966 3415 5020 carnis
3441 4983 3536 5020 ex-

1953 5051 2168 5122 plentur
2212 5059 2362 5106 extra
2401 5051 2544 5106 illam
2591 5053 2886 5122 spiritalem
2928 5057 3123 5112 anima:
3157 5073 3340 5113 curam
3378 5069 3536 5131 egent

1954 5144 2282 5214 peculiarius
2308 5145 2468 5200 etiam
2495 5145 2831 5202 continentia
2851 5148 3138 5218 corporali,
3162 5150 3536 5221 quaejejuuiis,

1954 5237 2152 5309 vigiliis
2203 5246 2258 5294 et
2321 5238 2501 5308 operis
2555 5239 2880 5294 contritione
2934 5241 3243 5310 perficitur,
3291 5242 3376 5297 his
3420 5260 3539 5312 quae

1958 5329 2194 5402 [hisque]
2224 5327 2387 5384 fuerit
2418 5331 2646 5386 remotio
2683 5330 2870 5386 localis
2906 5331 3193 5402 adjuncta,
3231 5333 3355 5402 quia
3397 5334 3536 5388 sicut

1958 5422 2237 5476 amborum
2285 5420 2438 5486 vitio,
2490 5421 2541 5476 id
2591 5429 2694 5487 est,
2737 5424 2931 5477 animae
2979 5432 3034 5478 et
3086 5424 3330 5493 corporis
3377 5439 3542 5494 gene-

1955 5521 2165 5580 rantur,
2201 5513 2274 5568 ita
2313 5512 2554 5584 superari
2593 5513 2698 5568 nisi
2739 5515 3018 5586 utriusque
3033 5501 3246 5570 'labore
3288 5530 3397 5570 non
3444 5533 3541 5588 po-

1956 5615 2158 5663 terunt.

1957 5709 2086 5766 CAP.
2135 5707 2363 5766 LXVIII.
2409 5741 2480 5751 -
2520 5708 2651 5776 Qua:
2699 5709 2936 5764 carnalia
2994 5707 3071 5763 vel
3115 5723 3234 5780 qua:
3281 5709 3543 5780 spiritalia

2455 5782 2704 5836 dicantur
2740 5798 2848 5835 esse
2897 5780 3041 5834 vitia.

2034 5870 2229 5945 (Cass.)
2269 5872 2525 5941 Quamvis
2559 5873 2750 5927 beatus
2795 5871 2994 5927 Paulus
3040 5871 3315 5942 apostolus
3361 5869 3544 5927 omnia

3068 5963 3144 6026 Ιώ
