3938 6334
432 306 567 364 1587

1062 303 1123 358 Β.
1165 297 1418 357 RABANI
1458 293 1678 352 MAURI
1710 287 2030 358 ARCHIEP.
2072 285 2380 362 MDGUNT.
2420 284 2707 354 QPERUH
2747 285 2926 342 PARS
2963 283 3051 342 lli.

3565 285 3715 354 15.38

429 419 560 472 vitia
596 414 917 492 generaliter
949 411 1375 488 pronuntiaverit
1409 422 1530 470 esse
1559 405 1818 478 carnalia,
1848 402 2014 476 siqui-
2039 403 2092 464 Α
2115 402 2318 474 aliquid
2366 401 2616 472 relaxans
2645 415 2675 464 a
2705 411 2884 472 empto
2911 400 3148 472 fervore,
3163 400 3458 492 inpertias
3483 400 3540 464 ei
3569 402 3717 457 uuod

428 510 550 564 dem
581 507 887 564 inimicitias
913 513 969 562 et
996 507 1134 569 iras,
1167 512 1328 582 atque
1356 502 1590 556 haereses
1609 541 1623 565 ,
1654 497 1797 560 inter
1819 503 2016 582 cietera

428 596 612 653 carnis
651 609 813 672 opera
855 581 1260 654 numeraverit,
1318 602 1420 644 nos
1457 595 1638 640 tamen
1681 583 1746 637 ad
1800 581 2017 638 illorum

430 671 742 745 curationes
776 693 938 754 atque
969 691 1192 738 naturas
1222 671 1533 750 diligentius
1561 673 1889 746 colligendas
1921 671 2017 726 du-

429 784 556 860 plici
591 798 654 852 ea
691 763 950 856 divisione
971 775 1367 846 distinguimus.
1409 771 1542 828 Nam
1571 787 1639 826 ex
1664 767 1748 826 his
1771 766 2017 838 quaedam

431 877 661 942 dicimus
699 889 819 934 esse
864 869 1124 935 carnalia,
1163 867 1403 942 quaedam
1451 881 1580 920 vero
1619 861 1914 936 spiritalia,
1963 866 2019 915 et

431 969 522 1025 illa
591 967 809 1038 quidem
875 963 1116 1026 carnalia
1159 977 1279 1032 quae
1328 957 1636 1034 specialiter
1680 956 1747 1011 ad
1814 961 2017 1026 motum

431 1072 759 1128 sensumque
787 1055 1058 1126 pertinent
1083 1051 1284 1116 carnis,
1317 1050 1512 1120 quibus
1550 1046 1637 1120 illa
1673 1046 1746 1101 ita
1784 1043 2018 1101 delecta-

431 1160 521 1208 tur
566 1165 630 1206 ac
666 1147 908 1220 pascitur
936 1187 949 1210 ,
1000 1153 1060 1200 ut
1097 1143 1260 1200 etiam
1299 1141 1512 1212 quietas
1554 1137 1744 1193 incitet
1788 1141 2019 1201 mentes,

433 1241 739 1312 invitasque
762 1254 856 1294 eas
879 1249 1264 1305 nonnunquam
1293 1231 1573 1310 pertrahat
1603 1229 1667 1283 ad
1697 1241 1810 1282 suae
1833 1225 2023 1302 volun-

435 1338 563 1395 tatis
603 1350 918 1398 assensum,
968 1334 1033 1388 de
1079 1331 1276 1404 quibus
1324 1330 1519 1384 beatus
1568 1324 1882 1414 apostolus:
1921 1322 2025 1377 «In

433 1429 650 1502 quibus,
674 1428 767 1492 ait,
794 1436 848 1482 et
874 1440 972 1480 nos
993 1439 1184 1480 omnes
1203 1419 1492 1491 aliquando
1511 1415 1814 1475 conversati
1839 1430 2025 1478 sumus

434 1524 485 1578 in
517 1519 796 1578 desideriis
819 1518 999 1575 carnis
1023 1523 1222 1574 nostra:
1242 1557 1256 1580 ,
1289 1512 1548 1570 facientes
1570 1511 1873 1582 voluptates
1901 1524 2026 1564 car-

435 1614 518 1668 nis
552 1619 606 1670 et
641 1611 1051 1686 cogitationum,
1079 1615 1134 1663 et
1162 1621 1381 1662 eramus
1409 1611 1604 1658 natura
1634 1601 1728 1656 lilii
1761 1601 1854 1655 ira:
1889 1600 2029 1656 sicut

435 1712 490 1758 et
526 1699 706 1758 caateri
746 1697 962 1772 (Ephes.
1005 1713 1067 1764 ιι,
1110 1695 1187 1767 5).
1220 1716 1238 1746 ›
1309 1693 1584 1764 Spiritalia
1627 1707 1756 1746 vero
1803 1689 2030 1745 dicimus

2117 492 2461 550 continentiae
2497 493 2716 548 modum
2742 501 2798 548 et
2823 506 3133 558 mensuram
3154 489 3313 559 justa:
3346 492 3720 552 districtionis

2115 583 2372 652 excedat,
2405 599 2473 658 ne
2502 582 2790 638 resolvaris
2840 581 2958 654 ejus
2993 579 3345 652 subjectione,
3376 582 3466 648 vel
3494 598 3702 656 sugges

2115 676 2264 738 tione
2282 715 2296 742 ,
2321 690 2386 730 ne
2416 673 2690 732 arridente
2723 673 3145 748 impugnationis
3175 675 3472 748 securitate
3491 691 3610 748 qua
3643 677 3724 730 ri-

2117 766 2261 824 deris
2282 766 2552 838 paulisper
2571 782 2600 822 a
2615 765 2924 840 carnalibus
2946 765 3230 841 incentivis
3252 766 3433 826 factus
3455 768 3726 839 quietior,

2119 859 2186 914 ad
2219 855 2502 932 pristinam
2527 859 2904 934 remissionem
2942 858 3027 920 vel
3066 859 3367 930 praeteritas
3407 859 3560 932 gula:
3598 875 3728 915 cou-

2119 952 2478 1026 cupiscentias
2519 954 2840 1030 revertaris;
2883 969 2980 1032 per
3003 954 3109 1012 hoc
3147 954 3292 1020 enim
3323 954 3458 1018 dicit
3495 954 3730 1026 spiritus

2120 1045 2208 1100 ille
2233 1061 2390 1120 quem
2423 1047 2650 1124 viceras,
2686 1067 2702 1099 ι
2724 1047 2988 1106 Revertar
3011 1047 3066 1106 in
3092 1047 3309 1104 domum
3339 1063 3552 1118 meam,
3589 1051 3732 1104 unle

2121 1138 2262 1198 exivi
2292 1159 2308 1192 ι
2347 1148 2403 1195 et
2440 1141 2794 1212 procedentes
2832 1155 2901 1196 ex
2937 1155 3002 1195 eo
3032 1137 3320 1206 confestim
3371 1150 3594 1216 septem
3633 1142 3724 1214 spi

2125 1235 2262 1296 ritus
2299 1235 2554 1290 vitiorum
2589 1244 2750 1292 erunt
2791 1236 2863 1291 ibi
2906 1236 3149 1294 acriores
3189 1250 3358 1314 quam
3409 1235 3504 1294 illa
3551 1236 3733 1305 passio

2125 1344 2245 1400 quae
2271 1327 2327 1392 in
2355 1328 2664 1398 primordiis
2703 1328 2882 1384 fuerat
2923 1334 3200 1400 superata,
3247 1327 3342 1404 qui
3389 1335 3448 1390 te
3496 1341 3636 1386 mox
3671 1327 3734 1380 ad

2126 1421 2396 1478 deteriora
2421 1421 2740 1494 pertrahent
2767 1435 2966 1496 genera
2996 1427 3366 1494 peccatorum.

2125 1571 2257 1630 CAP.
2289 1571 2452 1628 LXX.
2479 1602 2538 1613 --
2569 1572 2744 1638 Quod,
2762 1572 2962 1626 devicta
2985 1572 3227 1641 passione
3245 1570 3410 1643 gular,
3433 1572 3735 1642 impenden-

2236 1645 2335 1698 dus
2373 1644 2440 1698 sit
2478 1643 2628 1698 labor
2664 1643 2732 1700 ad
2768 1644 2981 1698 virtutes
3021 1651 3236 1698 caeteras
3286 1644 3614 1696 obtinendas

434 1814 555 1870 quae
588 1771 845 1852 instinctu
877 1795 1070 1849 animm
1096 1792 1262 1848 solius
1293 1801 1414 1846 orta
1442 1807 1547 1846 non
1580 1788 1752 1844 solum
1776 1786 1908 1841 nihil
1931 1801 2026 1840 vo-
2054 1771 2101 1836 Β
2145 1869 2148 1870 ν
2213 1778 2554 1848 Quapropter
2615 1785 2672 1832 et
2730 1776 3078 1833 continentia:
3132 1775 3532 1830 incubantibus
3585 1774 3736 1828 nobis

433 1892 654 1964 luptatis
691 1888 979 1946 conferunt
1011 1887 1186 1952 carni,
1227 1884 1320 1941 sed
1350 1885 1514 1940 etiam
1545 1881 1879 1956 gravissimis
1906 1895 2026 1935 eam

435 1983 789 2054 languoribus
817 1980 1106 2037 aﬂicientia
1135 1977 1456 2034 miserrima:
1486 1973 1841 2048 iucunditatis
1871 1978 2028 2042 pastu

435 2077 670 2130 animam
697 2081 905 2127 tantum
932 2071 1178 2125 nutriunt
1205 2075 1574 2140 mgrotantem,
1607 2071 1661 2119 et
1686 2064 1886 2119 idcirco
1909 2061 2028 2116 haec

435 2169 650 2239 quidem
677 2166 908 2238 simplici
936 2165 1115 2221 cordis
1148 2147 1388 2236 indigent
1417 2159 1704 2216 medicina.
1765 2157 1896 2224 Quae
1928 2171 2026 2211 au-

435 2269 544 2315 tem
581 2258 817 2316 carnalia
855 2256 981 2314 sunt
1014 2271 1120 2312 non
1157 2255 1259 2310 nisi
1299 2252 1496 2324 duplici
1526 2291 1541 2318 ,
1575 2248 2030 2320 quemadmodum

437 2352 693 2416 diximus,
725 2351 792 2405 ad
821 2350 1108 2406 sanitatem
1159 2347 1437 2403 curatione
1485 2343 1840 2415 perveniunt,
1885 2339 2030 2396 unde

436 2443 660 2513 puritati
709 2442 1048 2497 studentibus
1108 2439 1396 2510 plurimum
1459 2433 1667 2492 confert
1728 2441 1789 2489 ut
1835 2434 2029 2490 harum

438 2536 736 2593 carnalium
781 2533 1092 2606 passionum
1138 2533 1284 2602 ipsas
1325 2529 1580 2588 materias
1627 2527 1732 2584 sibi
1779 2525 2030 2598 primitus

438 2627 780 2690 subtrahant,
811 2623 1009 2696 quibus
1036 2631 1210 2694 potest
1240 2621 1326 2677 vel
1353 2620 1568 2677 occasio
1605 2618 1690 2674 vel
1724 2617 2029 2674 recordatio

435 2719 746 2775 earumdem
785 2716 1098 2788 passionum
1127 2713 1408 2788 :egrotanti
1441 2713 1617 2768 adhuc
1643 2711 1837 2766 animai
1865 2724 2027 2782 gene-

438 2811 567 2866 rari.
628 2809 859 2866 Necesse
885 2817 968 2864 est
993 2809 1139 2864 enim
1170 2816 1230 2862 ut
1258 2807 1446 2862 morbo
1469 2804 1670 2876 duplici
1711 2802 1904 2874 duplex
1931 2801 2029 2857 ad.

439 2904 688 2960 hibeatur
709 2903 998 2968 correctio,
1035 2917 1158 2956 nam
1192 2900 1454 2976 corporis,
1492 2913 1558 2953 ne
1591 2895 2030 2968 concupiscentia

437 2998 492 3053 in
523 2995 773 3052 effectum
810 3004 978 3052 tentet
1017 3009 1388 3066 prorumpere,
1419 2992 1728 3049 necessario
1751 2988 1951 3062 efﬁgies
1977 2994 2032 3043 et

437 3089 666 3145 materia
693 3087 920 3144 illiciens
947 3086 1314 3142 subtrahenda
1358 3093 1464 3151 est,
1509 3093 1566 3140 et
1607 3083 1802 3140 animae
1837 3081 2033 3138 nihilo-

2129 1869 2494 1932 festinandum
2515 1877 2704 1937 estut,
2726 1870 2866 1942 gulae.
2891 1870 3142 1940 passione
3172 1878 3466 1941 superata,
3493 1869 3736 1938 protinus

2129 1966 2368 2026 animam
2415 1973 2660 2022 nostram
2698 1980 2926 2021 vacuam
2953 1981 3078 2021 esse
3102 1981 3131 2019 a
3157 1964 3507 2022 necessariis
3531 1965 3736 2020 virtuti

2129 2057 2232 2116 bus
2265 2073 2374 2116 non
2402 2058 2663 2123 sinamus,
2696 2059 2791 2115 sed
2819 2059 2898 2114 eis
2931 2059 3216 2114 universos
3257 2073 3530 2113 recessus
3567 2058 3737 2113 cordis

2129 2150 2305 2210 nostri
2334 2149 2634 2208 studiosius
2665 2164 2996 2220 occupenms
3021 2190 3036 2214 ,
3074 2165 3144 2204 ne
3184 2163 3452 2204 reversos
3486 2149 3736 2218 ωιτηρὲ-

2129 2240 2354 2300 seentite
2384 2240 2607 2311 spiritus
2645 2241 2836 2300 inanes
2871 2255 2972 2297 nos
2999 2239 3068 2295 ab
3095 2239 3227 2310 ipsis
3253 2250 3644 2309 vacantesque
3671 2254 3740 2294 re-

2128 2333 2325 2405 periat,
2354 2341 2408 2389 et
2435 2349 2544 2396 non
2573 2333 2674 2390 sibi
2697 2331 2811 2402 jam
2833 2332 2932 2394 soli
2961 2333 3167 2392 aditum
3193 2348 3404 2403 parare
3429 2341 3734 2396 contentas,

2131 2424 2442 2486 introducat
2474 2438 2661 2482 secum
2699 2425 2756 2482 in
2791 2424 3030 2482 animam
3069 2432 3322 2482 nostram
3365 2423 3738 2494 septeni-imit

2130 2519 2274 2574 hunc
2312 2516 2554 2572 fomitem
2594 2517 2849 2572 vitiorum
2891 2525 2946 2573 et
2989 2516 3158 2590 faciat
3203 2517 3524 2584 novissima
3567 2526 3742 2571 nostra

2131 2610 2315 2681 pejora
2345 2611 2635 2680 prioribus.
2687 2609 2918 2682 Turpior
2945 2610 3223 2682 enim-erit
3251 2619 3382 2682 post
3413 2611 3539 2666 haec
3569 2621 3628 2666 et
3649 2611 3738 2664 im-

2131 2702 2382 2758 mundior
2405 2703 2586 2757 anima
2617 2718 2682 2758 ac
2713 2702 2974 2788 supplicio
3001 2703 3250 2776 graviore
3288 2703 3600 2774 plectetur,
3631 2719 3740 2774 qua:

2131 2809 2190 2850 se
2236 2794 2576 2850 renuntiasse
2616 2794 2742 2850 huic
2782 2794 2981 2850 saaculo
3020 2794 3288 2868 gloriatur
3329 2794 3741 2851 dominantibus

2131 2885 2232 2941 sibi
2279 2893 2402 2941 octo
2439 2885 2607 2951 vitiis,
2661 2901 2826 2956 quam
2871 2887 3045 2940 fuerat
3093 2887 3376 2956 quondam
3434 2887 3496 2954 in
3553 2885 3740 2942 saeclo

2131 2982 2441 3048 constituta,
2473 2997 2596 3037 cum
2626 2997 2726 3037 nec
2748 2980 3084 3050 disciplinam
3108 2979 3369 3036 monachi
3397 2979 3598 3035 fuisset
3624 2994 3740 3050 pro-

2137 3073 2281 3130 fessa
2313 3090 2412 3129 nec
2462 3089 2676 3129 nomen.
2726 3072 2861 3127 Nam
2887 3081 2940 3127 et
2965 3071 3254 3142 nequiores
3293 3071 3352 3127 hi
3386 3082 3606 3143 septem
3637 3071 3736 3148 spi-

436 3181 616 3237 ωίηυε
651 3193 721 3236 ne
763 3194 883 3238 eam
916 3179 1002 3234 vel
1038 3178 1416 3250 cogitationem
1467 3177 1736 3248 concipiat
1773 3174 2035 3230 διιεηιίοιε
2061 3140 2107 3216 C
2141 3167 2280 3222 ritus
2305 3165 2398 3221 illo
2418 3167 2600 3237 priore
2622 3165 2712 3236 qui
2735 3179 2988 3237 egressus
3009 3163 3186 3221 fuerat
3235 3164 3451 3220 idcirco
3494 3165 3738 3219 dicuntur

444 3269 726 3327 meditatio
785 3269 1178 3339 scripturarum
1225 3278 1280 3321 et
1337 3266 1642 3322 sollicitudo
1692 3264 1920 3338 pervigil
1970 3279 2036 3320 ac

441 3363 670 3418 remotio
718 3359 1027 3416 solitudinis
1073 3357 1278 3412 utiliter
1320 3357 1655 3428 apponenda.
1710 3356 1768 3410 In
1819 3357 2033 3411 caeteris

427 3433 620 3510 autem
651 3450 800 3512 vitiis
825 3452 1060 3505 humana
1083 3449 1361 3506 consortia
1387 3449 1521 3505 nihil
1545 3449 1764 3513 obsunt,
1789 3449 2032 3519 quinimo

437 3543 603 3600 etiam
638 3539 929 3612 plurimum
969 3538 1256 3595 conferunt
1294 3539 1380 3596 his
1413 3540 1502 3608 qui
1554 3551 1742 3592 carere
1767 3535 1834 3592 iis
1863 3536 1915 3591 in
1947 3551 2034 3592 ve-

440 3638 602 3692 ritate
635 3633 979 3701 desiderant,
1021 3634 1147 3704 quia
1193 3632 1496 3704 frequentia
1540 3631 1820 3687 hominum
1860 3629 2032 3703 magis

437 3738 756 3802 arguuntur,
797 3737 854 3784 et
884 3727 1012 3784 dum
1052 3727 1297 3784 lacessita
1324 3727 1568 3782 crebrius
1592 3723 2028 3792 manifestantur,

439 3822 602 3879 celeri
627 3820 896 3878 medicina
930 3819 1254 3892 perveniunt
1285 3819 1352 3874 ad
1378 3818 1624 3876 salutem.

437 3981 566 4036 CAP.
603 3979 790 4051 LXIX.
811 3977 1223 4036 --Testimonia
1258 3981 1463 4060 diversa
1496 3994 1652 4048 super
1687 3977 2031 4050 signiﬁcatio-

934 4067 1051 4106 nem
1101 4062 1214 4120 octo
1263 4061 1523 4106 vitiorum.

511 4189 586 4243 De
618 4187 704 4244 his
731 4195 856 4243 octo
890 4187 1039 4243 vitiis
1071 4194 1127 4242 et
1157 4187 1210 4242 in
1237 4184 1526 4256 Evangelia
1552 4185 1629 4240 ita
1653 4184 1984 4257 significatur
2012 4202 2027 4238 :

445 4303 463 4334 ι
487 4282 622 4337 Cum
668 4290 848 4346 autem
893 4279 1204 4336 immundus
1225 4279 1447 4349 spiritus
1467 4279 1660 4334 exierit
1693 4279 1761 4334 ab
1787 4279 2026 4344 homine,

438 4373 676 4429 ambulat
701 4387 800 4443 per
822 4371 938 4427 loca
965 4370 1115 4424 arida
1141 4409 1156 4435 ,
1180 4384 1428 4439 quaerens
1457 4369 1698 4440 requiem
1724 4379 1780 4426 et
1813 4385 1919 4425 non
1948 4371 2029 4425 in—

439 4463 605 4529 venit,
657 4472 788 4518 tunc
831 4461 1005 4526 dicit:
1036 4459 1302 4517 Revertar
1337 4461 1391 4515 in
1431 4461 1647 4516 domum
1680 4476 1858 4517 meam
1887 4462 2029 4517 unde

2138 3259 2263 3332 quia
2281 3258 2608 3315 desiderium
2629 3259 2682 3313 id
2698 3258 2853 3331 gulaz,
2871 3258 2923 3313 id
2938 3267 3022 3313 est
3039 3257 3429 3330 gastrimargia
3451 3273 3550 3330 per
3566 3273 3624 3312 se
3643 3272 3734 3311 non

2135 3361 2279 3409 esset
2304 3354 2484 3418 noxia,
2515 3353 2619 3409 nisi
2646 3353 3034 3412 intromitteret
3055 3353 3342 3425 graviores
3367 3353 3513 3407 alias
3539 3352 3734 3424 passio-

2135 3461 2251 3509 nes,
2275 3445 2326 3499 id
2353 3454 2460 3511 est,
2490 3445 2883 3511 fornicationis,
2915 3445 3286 3518 philargyrue,
3323 3446 3458 3511 ine,
3490 3446 3732 3508 tristitia,

2135 3539 2248 3594 sive
2273 3538 2566 3610 superbire,
2597 3555 2719 3610 qua:
2747 3555 2843 3609 per
2867 3546 3037 3594 semet
3077 3537 3238 3593 noxia
3289 3538 3498 3594 anima:
3546 3555 3612 3593 ac
3653 3553 3736 3608 pe-

2134 3630 2424 3700 remptoria
2453 3646 2573 3687 esse
2595 3647 2702 3686 non
2733 3629 2951 3704 dubium
2983 3638 3100 3696 est,
3131 3637 3187 3686 et
3215 3630 3432 3689 idcirco
3455 3629 3734 3701 perfenio—

2142 3722 2227 3778 nis
2274 3723 2565 3794 puritatem
2612 3740 2890 3795 nunquam
2934 3724 3132 3798 poterit
3184 3724 3441 3780 obtinere
3497 3724 3732 3797 quisquis

2135 3831 2254 3872 eam
2290 3816 2356 3870 de
2384 3815 2487 3870 hac
2519 3815 2629 3872 sola
2669 3816 3024 3882 continentia,
3062 3815 3116 3871 id
3155 3821 3259 3881 est,
3299 3814 3522 3886 jejunio
3559 3831 3737 3886 corpo-

2134 3906 2232 3962 rali
2269 3907 2571 3977 speraverit
2604 3908 3010 3978 acquirendam,
3053 3907 3157 3962 nisi
3203 3908 3428 3963 noverit
3471 3908 3546 3962 ob
3591 3908 3646 3962 id
3685 3924 3735 3962 se

2131 4000 2276 4055 hanc
2319 4014 2574 4054 exercere
2624 3998 2840 4064 debere,
2885 4009 2943 4054 ut
2984 3999 3266 4054 humiliata
3299 3999 3738 4070 carnejejuniis,

2133 4093 2345 4148 facilius
2387 4091 2560 4163 possit
2606 4092 2864 4148 adversus
2909 4093 3013 4147 alia
3059 4093 3188 4146 vitia
3238 4093 3384 4148 inire
3430 4103 3730 4150 certamen.

2130 4203 2237 4242 non
2269 4180 2625 4242 insolescente
2655 4199 2816 4240 carne
2842 4184 3140 4242 saturitatis
3167 4184 3435 4258 ingluvie.

2129 4339 2262 4396 CAP.
2287 4338 2471 4394 LXXI.
2493 4369 2566 4380 ο-
2590 4337 2744 4404 Quod
2780 4353 2885 4392 non
2907 4338 3045 4411 idem
3066 4338 3378 4411 pris-Eorum
3401 4341 3546 4395 ordo
3565 4342 3634 4395 sit
3651 4340 3732 4411 qui

2485 4412 2697 4479 ponitur
2735 4411 2791 4466 in
2834 4409 3074 4480 catalogo
3106 4409 3378 4474 vitiarunt.

447 4507 605 4529 .......,
660 4507 788 4518 ...κν
991 4507 1005 4516 .
1037 4507 1294 4517 ---.---_-
1433 4507 1647 4516 πων..
1681 4507 1858 4517 ...-.-,..
1889 4507 2028 4517 ...ων

437 4554 696 4619 exivi;et
722 4551 949 4608 veniens
971 4549 1175 4606 invenit
1202 4566 1320 4606 eam
1350 4551 1846 4620 vacantem,scopis
1875 4507 2107 4606 muniD
2197 4532 2504 4603 ,δοίθῐιάυηι
2553 4539 2732 4586 tamen
2775 4546 2881 4585 που
2929 4531 3178 4586 eumdem
3221 4545 3346 4586 esse
3387 4532 3444 4584 Ῑη
3483 4531 3734 4585 omnibus

440 4648 620 4700 datam
649 4654 703 4700 et
731 4651 1003 4700 ornatam.
1021 4639 1174 4696 Tunc
1203 4641 1352 4696 vadit
1379 4650 1434 4696 et
1463 4641 1689 4696 assumit
1718 4640 1852 4697 alios
1874 4641 2032 4711 spiri-

440 4743 525 4802 tus
554 4742 760 4805 septem
791 4733 1078 4806 nequiores
1107 4747 1186 4798 se,
1210 4740 1265 4788 et
1294 4733 1556 4790 intrantes
1580 4733 1825 4790 habitant
1854 4733 1949 4798 ibi,
1977 4741 2032 4788 et

441 4826 581 4880 ﬁunt
643 4827 934 4884 novissima
1007 4824 1243 4880 hominis
1303 4825 1444 4880 illius
1507 4824 1693 4895 pejora
1758 4825 2030 4896 prioribus

438 4919 654 4990 (Matth.
694 4935 794 4985 xu,
833 4920 943 4992 45).
978 4939 994 4972 ι
1049 4920 1188 4976 Ecce
1222 4929 1282 4976 ut
1315 4921 1389 4976 ibi
1427 4930 1636 4992 septem
1669 4932 1859 4994 gentes
1894 4923 2030 4996 legi-

438 5027 562 5068 mus
585 5051 600 5076 ,
641 5021 864 5082 excepta
900 5009 1282 5082 :Egyptiorum
1316 5012 1382 5068 de
1417 5027 1524 5081 qua
1561 5013 1763 5084 egressi
1811 5013 2028 5070 fuerant

438 5102 533 5158 filii
571 5101 750 5178 Israel,
792 5101 866 5156 ita
903 5111 960 5158 et
993 5102 1082 5158 hic
1119 5111 1322 5173 septem
1357 5103 1556 5160 reverti
1593 5103 1815 5175 spiritus
1839 5103 2026 5160 dicun-

436 5205 526 5250 tur
563 5194 845 5274 immundi,
882 5201 1106 5266 excepto
1131 5210 1198 5250 eo
1223 5193 1319 5264 qui
1360 5194 1429 5252 ab
1467 5194 1684 5250 homine
1714 5196 1864 5265 prius
1901 5210 2028 5250 nar-

437 5299 589 5342 ratur
615 5301 884 5358 egressus.
909 5288 984 5344 De
1012 5288 1115 5342 hoc
1141 5287 1449 5358 septenario
1479 5287 1625 5343 fonte
1645 5287 1901 5346 vitiorum
1922 5286 2023 5343 Sa-

433 5384 615 5436 lomon
655 5397 870 5453 quoque
914 5382 968 5436 in
1010 5381 1318 5438 Proverbiis
1361 5381 1437 5436 ita
1473 5381 1776 5436 describit:
1811 5402 1826 5432 ι
1858 5379 1918 5436 Si
1969 5391 2020 5437 te

433 5473 707 5546 rogaverit
737 5472 988 5530 inimicus
1015 5481 1139 5538 tuus
1163 5487 1294 5538 voce
1324 5487 1536 5543 magna,
1556 5486 1658 5528 nec
1677 5474 2020 5530 consenseris

432 5564 504 5628 ei,
537 5576 744 5635 septem
786 5564 932 5620 enim
982 5564 1235 5633 nequitiac
1276 5572 1401 5619 sunt
1432 5564 1485 5618 in
1520 5565 1701 5620 anima
1722 5565 1878 5636 ejus;
1912 5585 1928 5618 ι
1966 5563 2019 5620 id

435 5666 539 5723 est,
579 5659 624 5714 si
654 5665 937 5727 superatus
966 5657 1353 5728 gastrimargize
1393 5657 1616 5728 spiritus
1659 5659 1887 5728 emperit
1924 5659 2018 5716 tibi

437 5762 535 5802 sua
577 5746 948 5802 humiliatione
987 5746 1239 5810 blandiri,
1283 5761 1481 5815 rogans
1516 5748 1910 5816 quodammodo
1961 5761 2020 5804 ut

2134 4630 2292 4686 nobis
2335 4629 2581 4684 ordinem
2607 4626 2936 4698 praeliorum,
2969 4627 3118 4695 quia.
3152 4627 3292 4682 sicut
3324 4627 3601 4693 diximus,
3633 4642 3730 4682 non

2131 4711 2242 4776 uno
2285 4721 2446 4775 modo
2491 4719 2875 4790 impugnamur
2916 4734 3123 4783 omnes,
3171 4727 3227 4774 et
3273 4729 3502 4789 oportet
3542 4737 3735 4775 unum-

2134 4828 2406 4884 quemque
2463 4820 2710 4867 nostrum
2749 4812 3044 4866 secundum
3090 4811 3411 4881 qualitatem
3456 4812 3590 4867 belli
3631 4827 3734 4882 quo

2134 4903 2508 4974 principaliter
2559 4901 2870 4966 infestatur,
2919 4901 3381 4956 concertationum
3427 4900 3730 4958 luctamina

2131 4996 2395 5066 arripere,
2428 4995 2500 5050 ita
2533 5003 2592 5049 ut
2624 4993 2785 5049 alium
2826 5007 3050 5049 necesse
3085 4993 3158 5049 sit
3195 4993 3466 5050 adversus
3519 4998 3728 5056 vitim.

2130 5087 2276 5158 quod
2298 5086 2520 5140 tertium
2546 5086 2786 5157 ponitur,
2817 5085 3054 5156 primum
3083 5099 3341 5140 exemere
3383 5087 3727 5146 conﬂictum.

2130 5178 2295 5234 alium
2333 5185 2524 5233 contra
2557 5187 2834 5254 quartum,
2871 5176 2987 5232 sive
3028 5176 3296 5246 quintum,
3340 5187 3396 5232 et
3436 5178 3544 5244 ita,
3575 5187 3732 5249 prout

2128 5269 2244 5339 ipsa
2270 5267 2400 5324 vitia
2423 5269 2479 5323 in
2509 5268 2667 5324 nobis
2690 5268 2936 5324 obtinent
2957 5255 3344 5338 principatum,
3361 5278 3542 5339 utque
3553 5270 3728 5339 impo-

2129 5359 2402 5431 gnationis
2433 5360 2602 5432 exigit
2627 5360 2822 5415 modus
2852 5374 2954 5416 nos
2987 5375 3204 5431 quoque
3229 5368 3448 5430 oportet
3479 5360 3726 5414 ordinem

2127 5454 2414 5509 instituere
2459 5453 2764 5524 praeliorum
2789 5494 2804 5514 .
2861 5453 3158 5510 secundum
3207 5468 3376 5523 quem
3426 5461 3730 5522 proventus

2126 5560 2342 5617 quoque
2376 5546 2637 5612 victorite,
2677 5544 3050 5616 triumphique
3077 5544 3398 5609 succedens,
3433 5542 3610 5598 faciat
3632 5556 3730 5595 nos

2127 5635 2196 5690 ad
2239 5636 2528 5705 puritatem
2582 5636 2762 5696 cordis
2816 5645 2873 5692 et
2923 5634 3270 5706 permotionis

2126 5732 2428 5800 pervenire.
