  <div class='ocr_page' id='page_1' title='image "/cluster/home/n/w/nwhite01/storage/ocr_20150623/112/hvd.32044015685407/700.png"; bbox 0 0 3938 6334; ppageno 0'>
   <div class='ocr_carea' id='block_1_1' title="bbox 232 288 389 361">
    <p class='ocr_par' dir='ltr' id='par_1_1' title="bbox 232 288 389 361">
     <span class='ocr_line' id='line_1_1' title="bbox 232 288 389 361; baseline 0.038 -8"><span class='ocrx_word' id='word_1_1' title='bbox 232 288 389 361; x_wconf 68' lang='grc'><strong>1389,</strong></span> 
     </span>
    </p>
   </div>
   <div class='ocr_carea' id='block_1_2' title="bbox 1187 290 2511 361">
    <p class='ocr_par' dir='ltr' id='par_1_2' title="bbox 1187 290 2511 361">
     <span class='ocr_line' id='line_1_2' title="bbox 1187 290 2511 361; baseline -0.008 -2"><span class='ocrx_word' id='word_1_2' title='bbox 1187 290 1285 359; x_wconf 55' lang='lat' dir='ltr'><strong>DE</strong></span> <span class='ocrx_word' id='word_1_3' title='bbox 1316 294 1519 361; x_wconf 76' lang='grc' dir='ltr'><strong>γιτιιδ</strong></span> <span class='ocrx_word' id='word_1_4' title='bbox 1548 298 1637 354; x_wconf 77' lang='lat' dir='ltr'><strong>ET</strong></span> <span class='ocrx_word' id='word_1_5' title='bbox 1678 296 2113 357; x_wconf 59' lang='lat' dir='ltr'><strong>VIRTUTWUS.</strong></span> <span class='ocrx_word' id='word_1_6' title='bbox 2148 325 2215 341; x_wconf 67' lang='grc' dir='ltr'><strong>ο-</strong></span> <span class='ocrx_word' id='word_1_7' title='bbox 2254 292 2385 355; x_wconf 76' lang='lat' dir='ltr'><strong>LIB.</strong></span> <span class='ocrx_word' id='word_1_8' title='bbox 2422 296 2511 355; x_wconf 84' lang='grc' dir='ltr'><strong>ω.</strong></span> 
     </span>
    </p>
   </div>
   <div class='ocr_carea' id='block_1_3' title="bbox 3341 292 3485 355">
    <p class='ocr_par' dir='ltr' id='par_1_3' title="bbox 3341 292 3485 355">
     <span class='ocr_line' id='line_1_3' title="bbox 3341 292 3485 355; baseline 0.014 -2"><span class='ocrx_word' id='word_1_9' title='bbox 3341 292 3485 355; x_wconf 71' lang='grc'>1590</span> 
     </span>
    </p>
   </div>
   <div class='ocr_carea' id='block_1_4' title="bbox 230 404 3479 481">
    <p class='ocr_par' dir='ltr' id='par_1_4' title="bbox 230 404 3479 481">
     <span class='ocr_line' id='line_1_4' title="bbox 230 404 3479 481; baseline -0 -12"><span class='ocrx_word' id='word_1_10' title='bbox 230 406 363 475; x_wconf 61' lang='grc' dir='ltr'><strong>(ιη.</strong></span> <span class='ocrx_word' id='word_1_11' title='bbox 418 404 1014 481; x_wconf 52' lang='lat' dir='ltr'><strong>unt—Quomodo</strong></span> <span class='ocrx_word' id='word_1_12' title='bbox 1056 410 1342 481; x_wconf 65' lang='lat' dir='ltr'><strong>mundum</strong></span> <span class='ocrx_word' id='word_1_13' title='bbox 1380 420 1496 469; x_wconf 84' lang='lat' dir='ltr'><strong>octo</strong></span> <span class='ocrx_word' id='word_1_14' title='bbox 1532 412 1656 469; x_wconf 74' lang='lat' dir='ltr'><strong>vitia</strong></span> <span class='ocrx_word' id='word_1_15' title='bbox 1690 420 1815 469; x_wconf 81' lang='lat' dir='ltr'><strong>octo</strong></span> <span class='ocrx_word' id='word_1_16' title='bbox 1836 412 1890 477; x_wconf 72' lang='grc' dir='ltr'>Α</span> <span class='ocrx_word' id='word_1_17' title='bbox 1915 418 1975 465; x_wconf 90' lang='lat' dir='ltr'><strong>ut</strong></span> <span class='ocrx_word' id='word_1_18' title='bbox 2000 425 2067 465; x_wconf 78' lang='lat' dir='ltr'><strong>ex</strong></span> <span class='ocrx_word' id='word_1_19' title='bbox 2089 409 2260 467; x_wconf 87' lang='lat' dir='ltr'><strong>altero</strong></span> <span class='ocrx_word' id='word_1_20' title='bbox 2282 409 2507 467; x_wconf 86' lang='lat' dir='ltr'><strong>alterum</strong></span> <span class='ocrx_word' id='word_1_21' title='bbox 2555 408 2783 478; x_wconf 83' lang='lat' dir='ltr'><strong>oriatur,</strong></span> <span class='ocrx_word' id='word_1_22' title='bbox 2835 406 2976 469; x_wconf 99' lang='lat' dir='ltr'><strong>sicut</strong></span> <span class='ocrx_word' id='word_1_23' title='bbox 3008 410 3198 478; x_wconf 84' lang='lat' dir='ltr'><strong>David,</strong></span> <span class='ocrx_word' id='word_1_24' title='bbox 3234 412 3324 481; x_wconf 87' lang='lat' dir='ltr'><strong>qui</strong></span> <span class='ocrx_word' id='word_1_25' title='bbox 3354 412 3479 468; x_wconf 79' lang='lat' dir='ltr'><strong>dum</strong></span> 
     </span>
    </p>
   </div>
   <div class='ocr_carea' id='block_1_5' title="bbox 605 475 1434 551">
    <p class='ocr_par' dir='ltr' id='par_1_5' title="bbox 605 475 1434 551">
     <span class='ocr_line' id='line_1_5' title="bbox 605 475 1434 551; baseline 0.008 -22"><span class='ocrx_word' id='word_1_26' title='bbox 605 475 834 551; x_wconf 73' lang='lat' dir='ltr'><strong>gentium</strong></span> <span class='ocrx_word' id='word_1_27' title='bbox 861 494 1108 533; x_wconf 74' lang='lat' dir='ltr'><strong>numerus</strong></span> <span class='ocrx_word' id='word_1_28' title='bbox 1136 478 1434 551; x_wconf 76' lang='lat' dir='ltr'><strong>impleatur.</strong></span> 
     </span>
    </p>
   </div>
   <div class='ocr_carea' id='block_1_6' title="bbox 303 613 1811 691">
    <p class='ocr_par' dir='ltr' id='par_1_6' title="bbox 303 613 1811 691">
     <span class='ocr_line' id='line_1_6' title="bbox 303 613 1811 691; baseline 0.002 -16"><span class='ocrx_word' id='word_1_29' title='bbox 303 613 439 675; x_wconf 71' lang='lat' dir='ltr'><strong>Octo</strong></span> <span class='ocrx_word' id='word_1_30' title='bbox 472 621 599 673; x_wconf 74' lang='lat' dir='ltr'><strong>sunt</strong></span> <span class='ocrx_word' id='word_1_31' title='bbox 637 613 959 686; x_wconf 78' lang='lat' dir='ltr'><strong>principalia</strong></span> <span class='ocrx_word' id='word_1_32' title='bbox 1006 617 1138 677; x_wconf 76' lang='lat' dir='ltr'><strong>vitia</strong></span> <span class='ocrx_word' id='word_1_33' title='bbox 1164 633 1291 690; x_wconf 64' lang='lat' dir='ltr'><strong>qua</strong></span> <span class='ocrx_word' id='word_1_34' title='bbox 1320 619 1615 679; x_wconf 75' lang='lat' dir='ltr'><strong>humum</strong></span> <span class='ocrx_word' id='word_1_35' title='bbox 1635 620 1811 691; x_wconf 84' lang='lat' dir='ltr'><strong>impu-</strong></span> 
     </span>
    </p>
   </div>
   <div class='ocr_carea' id='block_1_7' title="bbox 231 707 1815 784">
    <p class='ocr_par' dir='ltr' id='par_1_7' title="bbox 231 707 1815 784">
     <span class='ocr_line' id='line_1_7' title="bbox 231 707 1815 784; baseline 0.006 -24"><span class='ocrx_word' id='word_1_36' title='bbox 231 714 397 778; x_wconf 78' lang='lat' dir='ltr'><strong>gnant</strong></span> <span class='ocrx_word' id='word_1_37' title='bbox 418 722 613 779; x_wconf 70' lang='lat' dir='ltr'><strong>genus.</strong></span> <span class='ocrx_word' id='word_1_38' title='bbox 632 722 757 779; x_wconf 66' lang='lat' dir='ltr'><strong>qua</strong></span> <span class='ocrx_word' id='word_1_39' title='bbox 786 707 1085 780; x_wconf 71' lang='lat' dir='ltr'><strong>ﬁguraliter</strong></span> <span class='ocrx_word' id='word_1_40' title='bbox 1120 709 1225 767; x_wconf 77' lang='lat' dir='ltr'><strong>sub</strong></span> <span class='ocrx_word' id='word_1_41' title='bbox 1264 713 1506 784; x_wconf 74' lang='lat' dir='ltr'><strong>gentium</strong></span> <span class='ocrx_word' id='word_1_42' title='bbox 1549 712 1815 770; x_wconf 76' lang='lat' dir='ltr'><strong>vocabulo</strong></span> 
     </span>
    </p>
   </div>
   <div class='ocr_carea' id='block_1_8' title="bbox 232 796 1813 874">
    <p class='ocr_par' dir='ltr' id='par_1_8' title="bbox 232 796 1813 874">
     <span class='ocr_line' id='line_1_8' title="bbox 232 796 1813 874; baseline -0.001 -13"><span class='ocrx_word' id='word_1_43' title='bbox 232 796 513 861; x_wconf 64' lang='lat' dir='ltr'><strong>mium</strong></span> <span class='ocrx_word' id='word_1_44' title='bbox 534 805 680 859; x_wconf 67' lang='grc' dir='ltr'><strong>σωκ.</strong></span> <span class='ocrx_word' id='word_1_45' title='bbox 703 796 953 869; x_wconf 47' lang='lat' dir='ltr'><strong>“reseis</strong></span> <span class='ocrx_word' id='word_1_46' title='bbox 974 799 1123 859; x_wconf 66' lang='lat' dir='ltr'><strong>enim</strong></span> <span class='ocrx_word' id='word_1_47' title='bbox 1147 815 1213 857; x_wconf 75' lang='lat' dir='ltr'><strong>ex</strong></span> <span class='ocrx_word' id='word_1_48' title='bbox 1234 800 1471 874; x_wconf 52' lang='lat' dir='ltr'><strong>(Egypto</strong></span> <span class='ocrx_word' id='word_1_49' title='bbox 1490 801 1618 859; x_wconf 74' lang='lat' dir='ltr'><strong>ﬁliis</strong></span> <span class='ocrx_word' id='word_1_50' title='bbox 1643 802 1813 861; x_wconf 73' lang='lat' dir='ltr'><strong>Israel</strong></span> 
     </span>
    </p>
   </div>
   <div class='ocr_carea' id='block_1_9' title="bbox 231 885 1813 963">
    <p class='ocr_par' dir='ltr' id='par_1_9' title="bbox 231 885 1813 963">
     <span class='ocr_line' id='line_1_9' title="bbox 231 885 1813 963; baseline 0.005 -21"><span class='ocrx_word' id='word_1_51' title='bbox 231 886 483 942; x_wconf 89' lang='lat' dir='ltr'><strong>daturum</strong></span> <span class='ocrx_word' id='word_1_52' title='bbox 508 901 567 942; x_wconf 89' lang='lat' dir='ltr'><strong>se</strong></span> <span class='ocrx_word' id='word_1_53' title='bbox 594 885 852 942; x_wconf 84' lang='lat' dir='ltr'><strong>Dominus</strong></span> <span class='ocrx_word' id='word_1_54' title='bbox 874 889 1200 958; x_wconf 91' lang='lat' dir='ltr'><strong>repromittit</strong></span> <span class='ocrx_word' id='word_1_55' title='bbox 1228 890 1308 946; x_wconf 91' lang='lat' dir='ltr'><strong>eis</strong></span> <span class='ocrx_word' id='word_1_56' title='bbox 1334 899 1543 962; x_wconf 74' lang='lat' dir='ltr'><strong>septem</strong></span> <span class='ocrx_word' id='word_1_57' title='bbox 1565 894 1813 963; x_wconf 62' lang='lat' dir='ltr'><strong>gentia.</strong></span> 
     </span>
    </p>
   </div>
   <div class='ocr_carea' id='block_1_10' title="bbox 232 976 1808 1050">
    <p class='ocr_par' dir='ltr' id='par_1_10' title="bbox 232 976 1808 1050">
     <span class='ocr_line' id='line_1_10' title="bbox 232 976 1808 1050; baseline 0.004 -16"><span class='ocrx_word' id='word_1_58' title='bbox 232 988 441 1045; x_wconf 89' lang='lat' dir='ltr'><strong>terras;</strong></span> <span class='ocrx_word' id='word_1_59' title='bbox 474 977 551 1033; x_wconf 88' lang='lat' dir='ltr'><strong>ita</strong></span> <span class='ocrx_word' id='word_1_60' title='bbox 574 977 721 1033; x_wconf 90' lang='lat' dir='ltr'><strong>enim</strong></span> <span class='ocrx_word' id='word_1_61' title='bbox 752 976 950 1033; x_wconf 86' lang='lat' dir='ltr'><strong>dicitur</strong></span> <span class='ocrx_word' id='word_1_62' title='bbox 975 997 989 1033; x_wconf 88' lang='lat'><strong>:</strong></span> <span class='ocrx_word' id='word_1_63' title='bbox 1017 999 1036 1030; x_wconf 82' lang='grc'><strong>«</strong></span> <span class='ocrx_word' id='word_1_64' title='bbox 1064 978 1198 1035; x_wconf 90' lang='lat' dir='ltr'><strong>Cum</strong></span> <span class='ocrx_word' id='word_1_65' title='bbox 1240 981 1600 1050; x_wconf 66' lang='lat' dir='ltr'><strong>introduxerit</strong></span> <span class='ocrx_word' id='word_1_66' title='bbox 1628 990 1680 1039; x_wconf 89' lang='lat' dir='ltr'><strong>te</strong></span> <span class='ocrx_word' id='word_1_67' title='bbox 1705 984 1808 1040; x_wconf 93' lang='lat' dir='ltr'><strong>Do-</strong></span> 
     </span>
    </p>
   </div>
   <div class='ocr_carea' id='block_1_11' title="bbox 231 1066 1810 1143">
    <p class='ocr_par' dir='ltr' id='par_1_11' title="bbox 231 1066 1810 1143">
     <span class='ocr_line' id='line_1_11' title="bbox 231 1066 1810 1143; baseline 0.002 -17"><span class='ocrx_word' id='word_1_68' title='bbox 231 1070 412 1127; x_wconf 85' lang='lat' dir='ltr'><strong>minus</strong></span> <span class='ocrx_word' id='word_1_69' title='bbox 456 1068 594 1126; x_wconf 67' lang='lat' dir='ltr'><strong>Deu.</strong></span> <span class='ocrx_word' id='word_1_70' title='bbox 634 1074 759 1126; x_wconf 91' lang='lat' dir='ltr'><strong>tuus</strong></span> <span class='ocrx_word' id='word_1_71' title='bbox 795 1066 849 1124; x_wconf 88' lang='lat' dir='ltr'><strong>in</strong></span> <span class='ocrx_word' id='word_1_72' title='bbox 885 1078 1086 1126; x_wconf 86' lang='lat' dir='ltr'><strong>terram</strong></span> <span class='ocrx_word' id='word_1_73' title='bbox 1134 1084 1298 1142; x_wconf 89' lang='lat' dir='ltr'><strong>quam</strong></span> <span class='ocrx_word' id='word_1_74' title='bbox 1346 1086 1691 1143; x_wconf 88' lang='lat' dir='ltr'><strong>possessurus</strong></span> <span class='ocrx_word' id='word_1_75' title='bbox 1734 1073 1810 1128; x_wconf 91' lang='lat' dir='ltr'><strong>in-</strong></span> 
     </span>
    </p>
   </div>
   <div class='ocr_carea' id='block_1_12' title="bbox 231 1160 1809 1233">
    <p class='ocr_par' dir='ltr' id='par_1_12' title="bbox 231 1160 1809 1233">
     <span class='ocr_line' id='line_1_12' title="bbox 231 1160 1809 1233; baseline 0.003 -17"><span class='ocrx_word' id='word_1_76' title='bbox 231 1161 591 1233; x_wconf 73' lang='lat' dir='ltr'><strong>gredieﬁs,et</strong></span> <span class='ocrx_word' id='word_1_77' title='bbox 632 1160 895 1217; x_wconf 69' lang='lat' dir='ltr'><strong>dolerem</strong></span> <span class='ocrx_word' id='word_1_78' title='bbox 935 1169 1124 1233; x_wconf 86' lang='lat' dir='ltr'><strong>gentes</strong></span> <span class='ocrx_word' id='word_1_79' title='bbox 1160 1162 1360 1219; x_wconf 78' lang='lat' dir='ltr'><strong>multas</strong></span> <span class='ocrx_word' id='word_1_80' title='bbox 1383 1176 1571 1219; x_wconf 78' lang='lat' dir='ltr'><strong>coram</strong></span> <span class='ocrx_word' id='word_1_81' title='bbox 1596 1171 1671 1230; x_wconf 88' lang='lat' dir='ltr'><strong>te,</strong></span> <span class='ocrx_word' id='word_1_82' title='bbox 1707 1163 1809 1220; x_wconf 61' lang='lat' dir='ltr'><strong>Ce~</strong></span> 
     </span>
    </p>
   </div>
   <div class='ocr_carea' id='block_1_13' title="bbox 234 1251 1806 1323">
    <p class='ocr_par' dir='ltr' id='par_1_13' title="bbox 234 1251 1806 1323">
     <span class='ocr_line' id='line_1_13' title="bbox 234 1251 1806 1323; baseline 0.002 -16"><span class='ocrx_word' id='word_1_83' title='bbox 234 1254 455 1318; x_wconf 72' lang='lat' dir='ltr'><strong>tbaeuet,</strong></span> <span class='ocrx_word' id='word_1_84' title='bbox 478 1261 535 1308; x_wconf 85' lang='lat' dir='ltr'><strong>et</strong></span> <span class='ocrx_word' id='word_1_85' title='bbox 552 1251 922 1323; x_wconf 70' lang='lat' dir='ltr'><strong>Gergezmum,</strong></span> <span class='ocrx_word' id='word_1_86' title='bbox 947 1251 1341 1320; x_wconf 57' lang='grc' dir='ltr'><strong>Λωίδι-ήκω,</strong></span> <span class='ocrx_word' id='word_1_87' title='bbox 1358 1252 1806 1321; x_wconf 77' lang='lat' dir='ltr'><strong>etChananaeetn,</strong></span> 
     </span>
    </p>
   </div>
   <div class='ocr_carea' id='block_1_14' title="bbox 233 1342 1811 1419">
    <p class='ocr_par' dir='ltr' id='par_1_14' title="bbox 233 1342 1811 1419">
     <span class='ocr_line' id='line_1_14' title="bbox 233 1342 1811 1419; baseline 0.002 -19"><span class='ocrx_word' id='word_1_88' title='bbox 233 1344 602 1411; x_wconf 64' lang='lat' dir='ltr'><strong>Pherezaea,</strong></span> <span class='ocrx_word' id='word_1_89' title='bbox 624 1352 683 1401; x_wconf 87' lang='lat' dir='ltr'><strong>et</strong></span> <span class='ocrx_word' id='word_1_90' title='bbox 702 1342 976 1411; x_wconf 63' lang='lat' dir='ltr'><strong>Bormum,</strong></span> <span class='ocrx_word' id='word_1_91' title='bbox 1000 1352 1057 1400; x_wconf 92' lang='lat' dir='ltr'><strong>et</strong></span> <span class='ocrx_word' id='word_1_92' title='bbox 1072 1343 1603 1418; x_wconf 67' lang='grc' dir='ltr'><strong>ιεδοεωωκριθω</strong></span> <span class='ocrx_word' id='word_1_93' title='bbox 1624 1353 1811 1419; x_wconf 77' lang='lat' dir='ltr'><strong>gentes</strong></span> 
     </span>
    </p>
   </div>
   <div class='ocr_carea' id='block_1_15' title="bbox 231 1436 1807 1509">
    <p class='ocr_par' dir='ltr' id='par_1_15' title="bbox 231 1436 1807 1509">
     <span class='ocr_line' id='line_1_15' title="bbox 231 1436 1807 1509; baseline 0.003 -18"><span class='ocrx_word' id='word_1_94' title='bbox 231 1437 401 1493; x_wconf 81' lang='lat' dir='ltr'><strong>multo</strong></span> <span class='ocrx_word' id='word_1_95' title='bbox 429 1436 655 1509; x_wconf 67' lang='lat' dir='ltr'><strong>majoris</strong></span> <span class='ocrx_word' id='word_1_96' title='bbox 679 1437 893 1497; x_wconf 68' lang='lat' dir='ltr'><strong>numeri</strong></span> <span class='ocrx_word' id='word_1_97' title='bbox 920 1452 1081 1509; x_wconf 76' lang='lat' dir='ltr'><strong>quam</strong></span> <span class='ocrx_word' id='word_1_98' title='bbox 1108 1448 1167 1495; x_wconf 81' lang='lat' dir='ltr'><strong>tu</strong></span> <span class='ocrx_word' id='word_1_99' title='bbox 1189 1454 1268 1503; x_wconf 83' lang='lat' dir='ltr'><strong>es,</strong></span> <span class='ocrx_word' id='word_1_100' title='bbox 1292 1447 1348 1496; x_wconf 84' lang='lat' dir='ltr'><strong>et</strong></span> <span class='ocrx_word' id='word_1_101' title='bbox 1369 1440 1706 1497; x_wconf 76' lang='lat' dir='ltr'><strong>robustiores</strong></span> <span class='ocrx_word' id='word_1_102' title='bbox 1737 1448 1807 1505; x_wconf 88' lang='lat' dir='ltr'><strong>te,</strong></span> 
     </span>
    </p>
   </div>
   <div class='ocr_carea' id='block_1_16' title="bbox 232 1529 1817 1602">
    <p class='ocr_par' dir='ltr' id='par_1_16' title="bbox 232 1529 1817 1602">
     <span class='ocr_line' id='line_1_16' title="bbox 232 1529 1817 1602; baseline 0.001 -18"><span class='ocrx_word' id='word_1_103' title='bbox 232 1529 623 1600; x_wconf 69' lang='lat' dir='ltr'><strong>tradiderith</strong></span> <span class='ocrx_word' id='word_1_104' title='bbox 650 1544 747 1586; x_wconf 78' lang='lat' dir='ltr'><strong>eos</strong></span> <span class='ocrx_word' id='word_1_105' title='bbox 773 1530 1033 1586; x_wconf 63' lang='lat' dir='ltr'><strong>homines</strong></span> <span class='ocrx_word' id='word_1_106' title='bbox 1062 1529 1180 1597; x_wconf 88' lang='lat' dir='ltr'><strong>tibi,</strong></span> <span class='ocrx_word' id='word_1_107' title='bbox 1211 1531 1483 1602; x_wconf 76' lang='lat' dir='ltr'><strong>pereuties</strong></span> <span class='ocrx_word' id='word_1_108' title='bbox 1514 1546 1610 1587; x_wconf 75' lang='lat' dir='ltr'><strong>ess</strong></span> <span class='ocrx_word' id='word_1_109' title='bbox 1639 1544 1817 1602; x_wconf 80' lang='lat' dir='ltr'><strong>usque</strong></span> 
     </span>
    </p>
   </div>
   <div class='ocr_carea' id='block_1_17' title="bbox 231 1619 1815 1695">
    <p class='ocr_par' dir='ltr' id='par_1_17' title="bbox 231 1619 1815 1695">
     <span class='ocr_line' id='line_1_17' title="bbox 231 1619 1815 1695; baseline 0.003 -20"><span class='ocrx_word' id='word_1_110' title='bbox 231 1619 301 1675; x_wconf 83' lang='lat' dir='ltr'><strong>ad</strong></span> <span class='ocrx_word' id='word_1_111' title='bbox 346 1620 769 1678; x_wconf 62' lang='lat' dir='ltr'><strong>ieiuneeiunm</strong></span> <span class='ocrx_word' id='word_1_112' title='bbox 813 1620 993 1695; x_wconf 69' lang='lat' dir='ltr'><strong>(Dus.</strong></span> <span class='ocrx_word' id='word_1_113' title='bbox 1018 1637 1117 1688; x_wconf 60' lang='lat' dir='ltr'><strong>ut,</strong></span> <span class='ocrx_word' id='word_1_114' title='bbox 1152 1620 1245 1693; x_wconf 78' lang='lat' dir='ltr'><strong>l);</strong></span> <span class='ocrx_word' id='word_1_115' title='bbox 1276 1642 1299 1675; x_wconf 75' lang='grc' dir='ltr'>ι</span> <span class='ocrx_word' id='word_1_116' title='bbox 1331 1623 1533 1680; x_wconf 70' lang='lat' dir='ltr'><strong>ideirco</strong></span> <span class='ocrx_word' id='word_1_117' title='bbox 1574 1622 1667 1678; x_wconf 68' lang='lat' dir='ltr'><strong>hic</strong></span> <span class='ocrx_word' id='word_1_118' title='bbox 1691 1636 1815 1694; x_wconf 84' lang='lat' dir='ltr'><strong>sep-</strong></span> 
     </span>
    </p>
   </div>
   <div class='ocr_carea' id='block_1_18' title="bbox 234 1714 1811 1787">
    <p class='ocr_par' dir='ltr' id='par_1_18' title="bbox 234 1714 1811 1787">
     <span class='ocr_line' id='line_1_18' title="bbox 234 1714 1811 1787; baseline 0.001 -17"><span class='ocrx_word' id='word_1_119' title='bbox 234 1714 1811 1787; x_wconf 58' lang='lat' dir='ltr'><strong>MMMgems,qudegreuiejen</strong></span> 
     </span>
    </p>
   </div>
   <div class='ocr_carea' id='block_1_19' title="bbox 1909 500 3478 573">
    <p class='ocr_par' dir='ltr' id='par_1_19' title="bbox 1909 500 3478 573">
     <span class='ocr_line' id='line_1_19' title="bbox 1909 500 3478 573; baseline 0.001 -15"><span class='ocrx_word' id='word_1_120' title='bbox 1909 518 2017 558; x_wconf 90' lang='lat' dir='ltr'><strong>non</strong></span> <span class='ocrx_word' id='word_1_121' title='bbox 2060 502 2281 557; x_wconf 75' lang='lat' dir='ltr'><strong>evitavit</strong></span> <span class='ocrx_word' id='word_1_122' title='bbox 2324 500 2645 561; x_wconf 76' lang='lat' dir='ltr'><strong>adulterium</strong></span> <span class='ocrx_word' id='word_1_123' title='bbox 2673 503 3005 573; x_wconf 73' lang='lat' dir='ltr'><strong>perpetravit</strong></span> <span class='ocrx_word' id='word_1_124' title='bbox 3028 512 3083 558; x_wconf 88' lang='lat' dir='ltr'><strong>et</strong></span> <span class='ocrx_word' id='word_1_125' title='bbox 3107 503 3478 571; x_wconf 82' lang='lat' dir='ltr'><strong>homicidium,</strong></span> 
     </span>
    </p>
   </div>
   <div class='ocr_carea' id='block_1_20' title="bbox 1909 591 3484 665">
    <p class='ocr_par' dir='ltr' id='par_1_20' title="bbox 1909 591 3484 665">
     <span class='ocr_line' id='line_1_20' title="bbox 1909 591 3484 665; baseline 0.004 -20"><span class='ocrx_word' id='word_1_126' title='bbox 1909 600 1963 646; x_wconf 90' lang='lat' dir='ltr'><strong>et</strong></span> <span class='ocrx_word' id='word_1_127' title='bbox 1987 591 2080 661; x_wconf 89' lang='lat' dir='ltr'><strong>qui</strong></span> <span class='ocrx_word' id='word_1_128' title='bbox 2105 606 2209 646; x_wconf 91' lang='lat' dir='ltr'><strong>non</strong></span> <span class='ocrx_word' id='word_1_129' title='bbox 2249 591 2527 663; x_wconf 83' lang='lat' dir='ltr'><strong>restringit</strong></span> <span class='ocrx_word' id='word_1_130' title='bbox 2550 591 2773 649; x_wconf 85' lang='lat' dir='ltr'><strong>nimiam</strong></span> <span class='ocrx_word' id='word_1_131' title='bbox 2795 593 3001 649; x_wconf 85' lang='lat' dir='ltr'><strong>ventris</strong></span> <span class='ocrx_word' id='word_1_132' title='bbox 3024 592 3313 665; x_wconf 83' lang='lat' dir='ltr'><strong>ingluviem</strong></span> <span class='ocrx_word' id='word_1_133' title='bbox 3339 596 3484 653; x_wconf 80' lang='lat' dir='ltr'><strong>cadit</strong></span> 
     </span>
    </p>
   </div>
   <div class='ocr_carea' id='block_1_21' title="bbox 1910 680 2592 739">
    <p class='ocr_par' dir='ltr' id='par_1_21' title="bbox 1910 680 2592 739">
     <span class='ocr_line' id='line_1_21' title="bbox 1910 680 2592 739; baseline 0.001 -2"><span class='ocrx_word' id='word_1_134' title='bbox 1910 680 2200 738; x_wconf 83' lang='lat' dir='ltr'><strong>infeliciter</strong></span> <span class='ocrx_word' id='word_1_135' title='bbox 2223 682 2277 738; x_wconf 91' lang='lat' dir='ltr'><strong>in</strong></span> <span class='ocrx_word' id='word_1_136' title='bbox 2303 682 2592 739; x_wconf 78' lang='lat' dir='ltr'><strong>luxuriam.</strong></span> 
     </span>
    </p>
   </div>
   <div class='ocr_carea' id='block_1_22' title="bbox 1908 834 3482 966">
    <p class='ocr_par' dir='ltr' id='par_1_22' title="bbox 1908 834 3482 966">
     <span class='ocr_line' id='line_1_22' title="bbox 1908 834 3482 966; baseline 0.006 -74"><span class='ocrx_word' id='word_1_137' title='bbox 1908 834 2038 893; x_wconf 66' lang='lat' dir='ltr'><strong>Car.</strong></span> <span class='ocrx_word' id='word_1_138' title='bbox 2090 834 2328 894; x_wconf 79' lang='lat' dir='ltr'><strong>LXXIV.</strong></span> <span class='ocrx_word' id='word_1_139' title='bbox 2375 866 2445 879; x_wconf 90' lang='lat'><strong>--</strong></span> <span class='ocrx_word' id='word_1_140' title='bbox 2494 836 2914 966; x_wconf 59' lang='lat' dir='ltr'><strong>ﬂammmadis</strong></span> <span class='ocrx_word' id='word_1_141' title='bbox 2975 840 3320 900; x_wconf 68' lang='lat' dir='ltr'><strong>committitur</strong></span> <span class='ocrx_word' id='word_1_142' title='bbox 3364 861 3482 919; x_wconf 74' lang='lat' dir='ltr'><strong>pee-</strong></span> 
     </span>
    </p>
   </div>
   <div class='ocr_carea' id='block_1_23' title="bbox 1978 1041 3479 1119">
    <p class='ocr_par' dir='ltr' id='par_1_23' title="bbox 1978 1041 3479 1119">
     <span class='ocr_line' id='line_1_23' title="bbox 1978 1041 3479 1119; baseline 0.007 -21"><span class='ocrx_word' id='word_1_143' title='bbox 1978 1041 2219 1110; x_wconf 84' lang='lat' dir='ltr'><strong>Quatuor</strong></span> <span class='ocrx_word' id='word_1_144' title='bbox 2248 1041 2423 1099; x_wconf 88' lang='lat' dir='ltr'><strong>modis</strong></span> <span class='ocrx_word' id='word_1_145' title='bbox 2469 1043 2823 1101; x_wconf 87' lang='lat' dir='ltr'><strong>committitur</strong></span> <span class='ocrx_word' id='word_1_146' title='bbox 2872 1055 3151 1119; x_wconf 89' lang='lat' dir='ltr'><strong>peccatum</strong></span> <span class='ocrx_word' id='word_1_147' title='bbox 3199 1049 3255 1105; x_wconf 90' lang='lat' dir='ltr'><strong>in</strong></span> <span class='ocrx_word' id='word_1_148' title='bbox 3296 1052 3479 1119; x_wconf 87' lang='lat' dir='ltr'><strong>corde,</strong></span> 
     </span>
    </p>
   </div>
   <div class='ocr_carea' id='block_1_24' title="bbox 1908 1136 3484 1208">
    <p class='ocr_par' dir='ltr' id='par_1_24' title="bbox 1908 1136 3484 1208">
     <span class='ocr_line' id='line_1_24' title="bbox 1908 1136 3484 1208; baseline 0.006 -21"><span class='ocrx_word' id='word_1_149' title='bbox 1908 1142 2144 1205; x_wconf 76' lang='lat' dir='ltr'><strong>quatuor</strong></span> <span class='ocrx_word' id='word_1_150' title='bbox 2194 1142 2540 1205; x_wconf 88' lang='lat' dir='ltr'><strong>perpetratur</strong></span> <span class='ocrx_word' id='word_1_151' title='bbox 2582 1142 2638 1191; x_wconf 89' lang='lat' dir='ltr'><strong>et</strong></span> <span class='ocrx_word' id='word_1_152' title='bbox 2663 1152 2841 1208; x_wconf 88' lang='lat' dir='ltr'><strong>opere.</strong></span> <span class='ocrx_word' id='word_1_153' title='bbox 2872 1136 3188 1194; x_wconf 81' lang='lat' dir='ltr'><strong>Admittitur</strong></span> <span class='ocrx_word' id='word_1_154' title='bbox 3226 1139 3281 1195; x_wconf 91' lang='lat' dir='ltr'><strong>in</strong></span> <span class='ocrx_word' id='word_1_155' title='bbox 3320 1141 3484 1198; x_wconf 89' lang='lat' dir='ltr'><strong>corde</strong></span> 
     </span>
    </p>
   </div>
   <div class='ocr_carea' id='block_1_25' title="bbox 1909 1225 3484 1299">
    <p class='ocr_par' dir='ltr' id='par_1_25' title="bbox 1909 1225 3484 1299">
     <span class='ocr_line' id='line_1_25' title="bbox 1909 1225 3484 1299; baseline 0.005 -18"><span class='ocrx_word' id='word_1_156' title='bbox 1909 1225 2252 1297; x_wconf 72' lang='lat' dir='ltr'><strong>suggestione</strong></span> <span class='ocrx_word' id='word_1_157' title='bbox 2288 1226 2609 1295; x_wconf 70' lang='lat' dir='ltr'><strong>daemonum,</strong></span> <span class='ocrx_word' id='word_1_158' title='bbox 2639 1228 2988 1299; x_wconf 87' lang='lat' dir='ltr'><strong>delectatione</strong></span> <span class='ocrx_word' id='word_1_159' title='bbox 3015 1230 3218 1299; x_wconf 88' lang='lat' dir='ltr'><strong>carnis,</strong></span> <span class='ocrx_word' id='word_1_160' title='bbox 3258 1249 3484 1291; x_wconf 88' lang='lat' dir='ltr'><strong>consen-</strong></span> 
     </span>
    </p>
   </div>
   <div class='ocr_carea' id='block_1_26' title="bbox 1909 1314 3484 1384">
    <p class='ocr_par' dir='ltr' id='par_1_26' title="bbox 1909 1314 3484 1384">
     <span class='ocr_line' id='line_1_26' title="bbox 1909 1314 3484 1384; baseline 0.004 -13"><span class='ocrx_word' id='word_1_161' title='bbox 1909 1315 2062 1372; x_wconf 89' lang='lat' dir='ltr'><strong>sione</strong></span> <span class='ocrx_word' id='word_1_162' title='bbox 2124 1314 2323 1373; x_wconf 89' lang='lat' dir='ltr'><strong>mentis</strong></span> <span class='ocrx_word' id='word_1_163' title='bbox 2352 1357 2369 1384; x_wconf 94' lang='lat'><strong>,</strong></span> <span class='ocrx_word' id='word_1_164' title='bbox 2433 1316 2742 1373; x_wconf 77' lang='lat' dir='ltr'><strong>defensione</strong></span> <span class='ocrx_word' id='word_1_165' title='bbox 2793 1318 3059 1376; x_wconf 86' lang='lat' dir='ltr'><strong>elationis.</strong></span> <span class='ocrx_word' id='word_1_166' title='bbox 3118 1319 3484 1379; x_wconf 84' lang='lat' dir='ltr'><strong>Committitur</strong></span> 
     </span>
    </p>
   </div>
   <div class='ocr_carea' id='block_1_27' title="bbox 1909 1405 3481 1481">
    <p class='ocr_par' dir='ltr' id='par_1_27' title="bbox 1909 1405 3481 1481">
     <span class='ocr_line' id='line_1_27' title="bbox 1909 1405 3481 1481; baseline 0.004 -19"><span class='ocrx_word' id='word_1_167' title='bbox 1909 1421 2095 1477; x_wconf 89' lang='lat' dir='ltr'><strong>opere,</strong></span> <span class='ocrx_word' id='word_1_168' title='bbox 2127 1422 2270 1463; x_wconf 87' lang='lat' dir='ltr'><strong>nunc</strong></span> <span class='ocrx_word' id='word_1_169' title='bbox 2298 1405 2551 1475; x_wconf 79' lang='lat' dir='ltr'><strong>latenter,</strong></span> <span class='ocrx_word' id='word_1_170' title='bbox 2582 1424 2726 1465; x_wconf 83' lang='lat' dir='ltr'><strong>nunc</strong></span> <span class='ocrx_word' id='word_1_171' title='bbox 2774 1409 2971 1481; x_wconf 87' lang='lat' dir='ltr'><strong>palam,</strong></span> <span class='ocrx_word' id='word_1_172' title='bbox 3024 1428 3166 1469; x_wconf 90' lang='lat' dir='ltr'><strong>nunc</strong></span> <span class='ocrx_word' id='word_1_173' title='bbox 3196 1425 3481 1471; x_wconf 89' lang='lat' dir='ltr'><strong>consuetu-</strong></span> 
     </span>
    </p>
   </div>
   <div class='ocr_carea' id='block_1_28' title="bbox 1909 1500 3482 1579">
    <p class='ocr_par' dir='ltr' id='par_1_28' title="bbox 1909 1500 3482 1579">
     <span class='ocr_line' id='line_1_28' title="bbox 1909 1500 3482 1579; baseline 0.006 -22"><span class='ocrx_word' id='word_1_174' title='bbox 1909 1500 2057 1569; x_wconf 86' lang='lat' dir='ltr'><strong>dine,</strong></span> <span class='ocrx_word' id='word_1_175' title='bbox 2089 1516 2234 1557; x_wconf 89' lang='lat' dir='ltr'><strong>nunc</strong></span> <span class='ocrx_word' id='word_1_176' title='bbox 2255 1502 2651 1572; x_wconf 88' lang='lat' dir='ltr'><strong>desperatione,</strong></span> <span class='ocrx_word' id='word_1_177' title='bbox 2680 1504 2799 1560; x_wconf 88' lang='lat' dir='ltr'><strong>istis</strong></span> <span class='ocrx_word' id='word_1_178' title='bbox 2819 1520 2949 1577; x_wconf 86' lang='lat' dir='ltr'><strong>ergo</strong></span> <span class='ocrx_word' id='word_1_179' title='bbox 2969 1507 3223 1579; x_wconf 88' lang='lat' dir='ltr'><strong>gradibus</strong></span> <span class='ocrx_word' id='word_1_180' title='bbox 3246 1517 3299 1564; x_wconf 89' lang='lat' dir='ltr'><strong>et</strong></span> <span class='ocrx_word' id='word_1_181' title='bbox 3320 1510 3482 1566; x_wconf 90' lang='lat' dir='ltr'><strong>corde</strong></span> 
     </span>
    </p>
   </div>
   <div class='ocr_carea' id='block_1_29' title="bbox 1910 1592 3481 1668">
    <p class='ocr_par' dir='ltr' id='par_1_29' title="bbox 1910 1592 3481 1668">
     <span class='ocr_line' id='line_1_29' title="bbox 1910 1592 3481 1668; baseline 0.006 -21"><span class='ocrx_word' id='word_1_182' title='bbox 1910 1592 2243 1663; x_wconf 89' lang='lat' dir='ltr'><strong>delinquitur</strong></span> <span class='ocrx_word' id='word_1_183' title='bbox 2260 1600 2317 1649; x_wconf 90' lang='lat' dir='ltr'><strong>et</strong></span> <span class='ocrx_word' id='word_1_184' title='bbox 2337 1607 2500 1663; x_wconf 80' lang='lat' dir='ltr'><strong>opere</strong></span> <span class='ocrx_word' id='word_1_185' title='bbox 2522 1594 2740 1651; x_wconf 67' lang='lat' dir='ltr'><strong>malitia:</strong></span> <span class='ocrx_word' id='word_1_186' title='bbox 2764 1605 3123 1668; x_wconf 87' lang='lat' dir='ltr'><strong>perpetratur.</strong></span> <span class='ocrx_word' id='word_1_187' title='bbox 3149 1592 3343 1656; x_wconf 84' lang='lat' dir='ltr'><strong>Tribus</strong></span> <span class='ocrx_word' id='word_1_188' title='bbox 3363 1617 3481 1657; x_wconf 89' lang='lat' dir='ltr'><strong>mo-</strong></span> 
     </span>
    </p>
   </div>
   <div class='ocr_carea' id='block_1_30' title="bbox 1911 1685 3473 1761">
    <p class='ocr_par' dir='ltr' id='par_1_30' title="bbox 1911 1685 3473 1761">
     <span class='ocr_line' id='line_1_30' title="bbox 1911 1685 3473 1761; baseline 0.006 -19"><span class='ocrx_word' id='word_1_189' title='bbox 1911 1685 1997 1742; x_wconf 90' lang='lat' dir='ltr'><strong>dis</strong></span> <span class='ocrx_word' id='word_1_190' title='bbox 2020 1694 2307 1757; x_wconf 73' lang='lat' dir='ltr'><strong>peeeatutn</strong></span> <span class='ocrx_word' id='word_1_191' title='bbox 2357 1688 2591 1761; x_wconf 78' lang='lat' dir='ltr'><strong>geritur,</strong></span> <span class='ocrx_word' id='word_1_192' title='bbox 2614 1690 2855 1757; x_wconf 78' lang='lat' dir='ltr'><strong>boc‘est,</strong></span> <span class='ocrx_word' id='word_1_193' title='bbox 2883 1693 3207 1761; x_wconf 77' lang='lat' dir='ltr'><strong>ignorantia,</strong></span> <span class='ocrx_word' id='word_1_194' title='bbox 3254 1695 3473 1751; x_wconf 71' lang='lat' dir='ltr'><strong>inﬁrmi-</strong></span> 
     </span>
    </p>
   </div>
   <div class='ocr_carea' id='block_1_31' title="bbox 228 1762 1814 1880">
    <p class='ocr_par' dir='ltr' id='par_1_31' title="bbox 228 1762 1811 1880">
     <span class='ocr_line' id='line_1_31' title="bbox 228 1762 1811 1880; baseline 0.001 -17"><span class='ocrx_word' id='word_1_195' title='bbox 228 1762 1034 1879; x_wconf 56' lang='grc' dir='ltr'><strong>ῖιῖἶρῗαὶῖἑηῖιὶᾞ</strong></span> <span class='ocrx_word' id='word_1_196' title='bbox 1047 1762 1811 1880; x_wconf 56' lang='grc' dir='ltr'><strong>ἐηῖεοίῐῖηῖἇὲζίῖηέῖῶ</strong></span> 
     </span>
    </p>
   </div>
   <div class='ocr_carea' id='block_1_32' title="bbox 1915 1762 3480 1880">
    <p class='ocr_par' dir='ltr' id='par_1_32' title="bbox 1915 1776 3480 1855">
     <span class='ocr_line' id='line_1_32' title="bbox 1915 1776 3480 1855; baseline 0.007 -23"><span class='ocrx_word' id='word_1_197' title='bbox 1915 1782 2041 1843; x_wconf 87' lang='lat' dir='ltr'><strong>tate,</strong></span> <span class='ocrx_word' id='word_1_198' title='bbox 2094 1776 2377 1845; x_wconf 89' lang='lat' dir='ltr'><strong>industria,</strong></span> <span class='ocrx_word' id='word_1_199' title='bbox 2421 1779 2663 1851; x_wconf 87' lang='lat' dir='ltr'><strong>periculo</strong></span> <span class='ocrx_word' id='word_1_200' title='bbox 2695 1788 2874 1837; x_wconf 89' lang='lat' dir='ltr'><strong>autem</strong></span> <span class='ocrx_word' id='word_1_201' title='bbox 2920 1799 3205 1855; x_wconf 70' lang='lat' dir='ltr'><strong>poenarum</strong></span> <span class='ocrx_word' id='word_1_202' title='bbox 3248 1786 3480 1843; x_wconf 84' lang='lat' dir='ltr'><strong>diverso.</strong></span> 
     </span>
    </p>
   </div>
   <div class='ocr_carea' id='block_1_33' title="bbox 229 1899 1815 1972">
    <p class='ocr_par' dir='ltr' id='par_1_33' title="bbox 229 1899 1815 1972">
     <span class='ocr_line' id='line_1_33' title="bbox 229 1899 1815 1972; baseline -0.001 -15"><span class='ocrx_word' id='word_1_203' title='bbox 229 1908 312 1957; x_wconf 80' lang='lat' dir='ltr'><strong>est</strong></span> <span class='ocrx_word' id='word_1_204' title='bbox 341 1899 737 1972; x_wconf 66' lang='lat' dir='ltr'><strong>Egyptiorum,</strong></span> <span class='ocrx_word' id='word_1_205' title='bbox 760 1906 953 1956; x_wconf 69' lang='lat' dir='ltr'><strong>contra</strong></span> <span class='ocrx_word' id='word_1_206' title='bbox 990 1899 1091 1956; x_wconf 77' lang='lat' dir='ltr'><strong>bas</strong></span> <span class='ocrx_word' id='word_1_207' title='bbox 1117 1899 1363 1956; x_wconf 77' lang='lat' dir='ltr'><strong>residuas</strong></span> <span class='ocrx_word' id='word_1_208' title='bbox 1390 1907 1601 1971; x_wconf 73' lang='lat' dir='ltr'><strong>septem</strong></span> <span class='ocrx_word' id='word_1_209' title='bbox 1622 1907 1815 1971; x_wconf 69' lang='lat' dir='ltr'><strong>gentes</strong></span> 
     </span>
    </p>
   </div>
   <div class='ocr_carea' id='block_1_34' title="bbox 228 1990 1813 2064">
    <p class='ocr_par' dir='ltr' id='par_1_34' title="bbox 228 1990 1813 2064">
     <span class='ocr_line' id='line_1_34' title="bbox 228 1990 1813 2064; baseline 0.001 -17"><span class='ocrx_word' id='word_1_210' title='bbox 228 2006 351 2063; x_wconf 70' lang='lat' dir='ltr'><strong>qua</strong></span> <span class='ocrx_word' id='word_1_211' title='bbox 379 2007 543 2064; x_wconf 70' lang='lat' dir='ltr'><strong>supra</strong></span> <span class='ocrx_word' id='word_1_212' title='bbox 569 1998 1002 2050; x_wconf 61' lang='lat' dir='ltr'><strong>maturatae</strong></span> <span class='ocrx_word' id='word_1_213' title='bbox 1019 1999 1168 2059; x_wconf 82' lang='lat' dir='ltr'><strong>sunt,</strong></span> <span class='ocrx_word' id='word_1_214' title='bbox 1189 1990 1355 2047; x_wconf 71' lang='lat' dir='ltr'><strong>simili</strong></span> <span class='ocrx_word' id='word_1_215' title='bbox 1378 1992 1595 2048; x_wconf 63' lang='grc' dir='ltr'><strong>νεύσω</strong></span> <span class='ocrx_word' id='word_1_216' title='bbox 1611 1992 1813 2051; x_wconf 69' lang='lat' dir='ltr'><strong>habere</strong></span> 
     </span>
    </p>
   </div>
   <div class='ocr_carea' id='block_1_35' title="bbox 228 2082 1815 2158">
    <p class='ocr_par' dir='ltr' id='par_1_35' title="bbox 228 2082 1815 2158">
     <span class='ocr_line' id='line_1_35' title="bbox 228 2082 1815 2158; baseline 0.001 -18"><span class='ocrx_word' id='word_1_217' title='bbox 228 2082 555 2140; x_wconf 76' lang='lat' dir='ltr'><strong>conﬂictum.</strong></span> <span class='ocrx_word' id='word_1_218' title='bbox 602 2084 789 2140; x_wconf 64' lang='lat' dir='ltr'><strong>Ptine</strong></span> <span class='ocrx_word' id='word_1_219' title='bbox 816 2084 1043 2153; x_wconf 78' lang='lat' dir='ltr'><strong>scilicet,</strong></span> <span class='ocrx_word' id='word_1_220' title='bbox 1068 2082 1325 2158; x_wconf 49' lang='lat' dir='ltr'><strong>quum</strong></span> <span class='ocrx_word' id='word_1_221' title='bbox 1346 2086 1576 2152; x_wconf 59' lang='lat' dir='ltr'><strong>Mica,</strong></span> <span class='ocrx_word' id='word_1_222' title='bbox 1605 2095 1691 2143; x_wconf 84' lang='lat' dir='ltr'><strong>est</strong></span> <span class='ocrx_word' id='word_1_223' title='bbox 1709 2086 1815 2142; x_wconf 82' lang='lat' dir='ltr'><strong>Ini-</strong></span> 
     </span>
    </p>
   </div>
   <div class='ocr_carea' id='block_1_36' title="bbox 228 2178 1815 2251">
    <p class='ocr_par' dir='ltr' id='par_1_36' title="bbox 228 2178 1815 2251">
     <span class='ocr_line' id='line_1_36' title="bbox 228 2178 1815 2251; baseline -0.001 -15"><span class='ocrx_word' id='word_1_224' title='bbox 228 2178 379 2236; x_wconf 75' lang='lat' dir='ltr'><strong>nimo</strong></span> <span class='ocrx_word' id='word_1_225' title='bbox 419 2187 751 2251; x_wconf 69' lang='lat' dir='ltr'><strong>computata,</strong></span> <span class='ocrx_word' id='word_1_226' title='bbox 781 2179 937 2251; x_wconf 76' lang='lat' dir='ltr'><strong>aius</strong></span> <span class='ocrx_word' id='word_1_227' title='bbox 961 2179 1127 2239; x_wconf 65' lang='lat' dir='ltr'><strong>etiam</strong></span> <span class='ocrx_word' id='word_1_228' title='bbox 1153 2188 1303 2237; x_wconf 72' lang='lat' dir='ltr'><strong>tem</strong></span> <span class='ocrx_word' id='word_1_229' title='bbox 1328 2179 1387 2235; x_wconf 60' lang='grc' dir='ltr'><strong>ἣ</strong></span> <span class='ocrx_word' id='word_1_230' title='bbox 1409 2179 1815 2250; x_wconf 64' lang='lat' dir='ltr'><strong>possessione.</strong></span> 
     </span>
    </p>
   </div>
   <div class='ocr_carea' id='block_1_37' title="bbox 228 2269 1815 2345">
    <p class='ocr_par' dir='ltr' id='par_1_37' title="bbox 228 2269 1815 2345">
     <span class='ocr_line' id='line_1_37' title="bbox 228 2269 1815 2345; baseline 0.001 -18"><span class='ocrx_word' id='word_1_231' title='bbox 228 2269 1815 2345; x_wconf 57' lang='lat' dir='ltr'><strong>hrneinoudatnr,sedetheerateeaperpetneet</strong></span> 
     </span>
    </p>
   </div>
   <div class='ocr_carea' id='block_1_38' title="bbox 226 2363 1811 2437">
    <p class='ocr_par' dir='ltr' id='par_1_38' title="bbox 226 2363 1811 2437">
     <span class='ocr_line' id='line_1_38' title="bbox 226 2363 1811 2437; baseline 0.002 -18"><span class='ocrx_word' id='word_1_232' title='bbox 226 2363 536 2436; x_wconf 68' lang='lat' dir='ltr'><strong>egrediatur</strong></span> <span class='ocrx_word' id='word_1_233' title='bbox 562 2365 717 2421; x_wconf 78' lang='lat' dir='ltr'><strong>abea</strong></span> <span class='ocrx_word' id='word_1_234' title='bbox 742 2364 957 2421; x_wconf 60' lang='lat' dir='ltr'><strong>Domini</strong></span> <span class='ocrx_word' id='word_1_235' title='bbox 995 2366 1363 2437; x_wconf 56' lang='lat' dir='ltr'><strong>praepetem</strong></span> <span class='ocrx_word' id='word_1_236' title='bbox 1399 2366 1671 2434; x_wconf 73' lang='lat' dir='ltr'><strong>sancitur;</strong></span> <span class='ocrx_word' id='word_1_237' title='bbox 1702 2380 1811 2422; x_wconf 76' lang='lat' dir='ltr'><strong>Ine</strong></span> 
     </span>
    </p>
   </div>
   <div class='ocr_carea' id='block_1_39' title="bbox 227 2456 1815 2530">
    <p class='ocr_par' dir='ltr' id='par_1_39' title="bbox 227 2456 1815 2530">
     <span class='ocr_line' id='line_1_39' title="bbox 227 2456 1815 2530; baseline 0.001 -19"><span class='ocrx_word' id='word_1_238' title='bbox 227 2457 446 2527; x_wconf 49' lang='lat' dir='ltr'><strong>quitur</strong></span> <span class='ocrx_word' id='word_1_239' title='bbox 488 2471 625 2526; x_wconf 73' lang='lat' dir='ltr'><strong>gens</strong></span> <span class='ocrx_word' id='word_1_240' title='bbox 658 2456 875 2529; x_wconf 64' lang='lat' dir='ltr'><strong>Egypti</strong></span> <span class='ocrx_word' id='word_1_241' title='bbox 917 2457 1127 2525; x_wconf 77' lang='lat' dir='ltr'><strong>deseri,</strong></span> <span class='ocrx_word' id='word_1_242' title='bbox 1168 2466 1379 2529; x_wconf 65' lang='lat' dir='ltr'><strong>septem</strong></span> <span class='ocrx_word' id='word_1_243' title='bbox 1400 2473 1533 2514; x_wconf 81' lang='lat' dir='ltr'><strong>vero</strong></span> <span class='ocrx_word' id='word_1_244' title='bbox 1549 2456 1815 2530; x_wconf 68' lang='lat' dir='ltr'><strong>iubentur</strong></span> 
     </span>
    </p>
   </div>
   <div class='ocr_carea' id='block_1_40' title="bbox 229 2547 1814 2622">
    <p class='ocr_par' dir='ltr' id='par_1_40' title="bbox 229 2547 1814 2622">
     <span class='ocr_line' id='line_1_40' title="bbox 229 2547 1814 2622; baseline 0.002 -20"><span class='ocrx_word' id='word_1_245' title='bbox 229 2547 529 2621; x_wconf 76' lang='lat' dir='ltr'><strong>exstingui:</strong></span> <span class='ocrx_word' id='word_1_246' title='bbox 552 2564 684 2621; x_wconf 85' lang='lat' dir='ltr'><strong>gens</strong></span> <span class='ocrx_word' id='word_1_247' title='bbox 703 2549 848 2611; x_wconf 85' lang='lat' dir='ltr'><strong>enim</strong></span> <span class='ocrx_word' id='word_1_248' title='bbox 879 2547 1115 2621; x_wconf 43' lang='lat' dir='ltr'><strong>Egypti,</strong></span> <span class='ocrx_word' id='word_1_249' title='bbox 1137 2565 1257 2620; x_wconf 77' lang='lat' dir='ltr'><strong>quae</strong></span> <span class='ocrx_word' id='word_1_250' title='bbox 1277 2549 1499 2622; x_wconf 76' lang='lat' dir='ltr'><strong>iubetur</strong></span> <span class='ocrx_word' id='word_1_251' title='bbox 1518 2549 1715 2614; x_wconf 81' lang='lat' dir='ltr'><strong>deseri,</strong></span> <span class='ocrx_word' id='word_1_252' title='bbox 1737 2550 1814 2605; x_wconf 76' lang='lat' dir='ltr'><strong>vi-</strong></span> 
     </span>
    </p>
   </div>
   <div class='ocr_carea' id='block_1_41' title="bbox 230 2640 1812 2714">
    <p class='ocr_par' dir='ltr' id='par_1_41' title="bbox 230 2640 1812 2714">
     <span class='ocr_line' id='line_1_41' title="bbox 230 2640 1812 2714; baseline 0.003 -20"><span class='ocrx_word' id='word_1_253' title='bbox 230 2649 365 2695; x_wconf 74' lang='lat' dir='ltr'><strong>tium</strong></span> <span class='ocrx_word' id='word_1_254' title='bbox 390 2650 474 2697; x_wconf 90' lang='lat' dir='ltr'><strong>est</strong></span> <span class='ocrx_word' id='word_1_255' title='bbox 500 2640 889 2714; x_wconf 72' lang='lat' dir='ltr'><strong>gastrintargiat</strong></span> <span class='ocrx_word' id='word_1_256' title='bbox 910 2642 1001 2699; x_wconf 85' lang='lat' dir='ltr'><strong>cui</strong></span> <span class='ocrx_word' id='word_1_257' title='bbox 1021 2641 1339 2712; x_wconf 76' lang='lat' dir='ltr'><strong>quotidiano</strong></span> <span class='ocrx_word' id='word_1_258' title='bbox 1363 2643 1689 2703; x_wconf 79' lang='lat' dir='ltr'><strong>commercio</strong></span> <span class='ocrx_word' id='word_1_259' title='bbox 1718 2658 1812 2699; x_wconf 91' lang='lat' dir='ltr'><strong>ne-</strong></span> 
     </span>
    </p>
   </div>
   <div class='ocr_carea' id='block_1_42' title="bbox 231 2735 1813 2806">
    <p class='ocr_par' dir='ltr' id='par_1_42' title="bbox 231 2735 1813 2806">
     <span class='ocr_line' id='line_1_42' title="bbox 231 2735 1813 2806; baseline 0.002 -19"><span class='ocrx_word' id='word_1_260' title='bbox 231 2748 499 2805; x_wconf 83' lang='lat' dir='ltr'><strong>quaquam</strong></span> <span class='ocrx_word' id='word_1_261' title='bbox 522 2750 590 2793; x_wconf 79' lang='lat' dir='ltr'><strong>ex</strong></span> <span class='ocrx_word' id='word_1_262' title='bbox 618 2742 735 2791; x_wconf 87' lang='lat' dir='ltr'><strong>toto</strong></span> <span class='ocrx_word' id='word_1_263' title='bbox 749 2750 939 2793; x_wconf 85' lang='lat' dir='ltr'><strong>carere</strong></span> <span class='ocrx_word' id='word_1_264' title='bbox 958 2749 1277 2806; x_wconf 70' lang='lat' dir='ltr'><strong>possumus;</strong></span> <span class='ocrx_word' id='word_1_265' title='bbox 1297 2735 1553 2795; x_wconf 84' lang='lat' dir='ltr'><strong>debemus</strong></span> <span class='ocrx_word' id='word_1_266' title='bbox 1571 2735 1716 2795; x_wconf 84' lang='lat' dir='ltr'><strong>enim</strong></span> <span class='ocrx_word' id='word_1_267' title='bbox 1743 2750 1813 2791; x_wconf 79' lang='lat' dir='ltr'><strong>ex</strong></span> 
     </span>
    </p>
   </div>
   <div class='ocr_carea' id='block_1_43' title="bbox 230 2824 1816 2901">
    <p class='ocr_par' dir='ltr' id='par_1_43' title="bbox 230 2824 1816 2901">
     <span class='ocr_line' id='line_1_43' title="bbox 230 2824 1816 2901; baseline 0.004 -23"><span class='ocrx_word' id='word_1_268' title='bbox 230 2824 552 2881; x_wconf 81' lang='lat' dir='ltr'><strong>necessitate</strong></span> <span class='ocrx_word' id='word_1_269' title='bbox 572 2840 677 2881; x_wconf 92' lang='lat' dir='ltr'><strong>non</strong></span> <span class='ocrx_word' id='word_1_270' title='bbox 695 2842 761 2883; x_wconf 78' lang='lat' dir='ltr'><strong>ex</strong></span> <span class='ocrx_word' id='word_1_271' title='bbox 783 2825 1052 2887; x_wconf 84' lang='lat' dir='ltr'><strong>desiderio</strong></span> <span class='ocrx_word' id='word_1_272' title='bbox 1073 2826 1325 2885; x_wconf 87' lang='lat' dir='ltr'><strong>alimenta</strong></span> <span class='ocrx_word' id='word_1_273' title='bbox 1346 2828 1653 2901; x_wconf 84' lang='lat' dir='ltr'><strong>percipere,</strong></span> <span class='ocrx_word' id='word_1_274' title='bbox 1674 2828 1816 2884; x_wconf 64' lang='lat' dir='ltr'><strong>sicut</strong></span> 
     </span>
    </p>
   </div>
   <div class='ocr_carea' id='block_1_44' title="bbox 232 2916 1815 2988">
    <p class='ocr_par' dir='ltr' id='par_1_44' title="bbox 232 2916 1815 2988">
     <span class='ocr_line' id='line_1_44' title="bbox 232 2916 1815 2988; baseline 0.001 -16"><span class='ocrx_word' id='word_1_275' title='bbox 232 2917 309 2972; x_wconf 90' lang='lat' dir='ltr'><strong>ait</strong></span> <span class='ocrx_word' id='word_1_276' title='bbox 346 2924 619 2988; x_wconf 83' lang='lat' dir='ltr'><strong>aposto.us</strong></span> <span class='ocrx_word' id='word_1_277' title='bbox 643 2916 877 2975; x_wconf 88' lang='lat' dir='ltr'><strong>Paulus:</strong></span> <span class='ocrx_word' id='word_1_278' title='bbox 908 2935 928 2970; x_wconf 71' lang='grc' dir='ltr'><strong>ε</strong></span> <span class='ocrx_word' id='word_1_279' title='bbox 956 2917 1024 2974; x_wconf 85' lang='lat' dir='ltr'><strong>Et</strong></span> <span class='ocrx_word' id='word_1_280' title='bbox 1046 2933 1231 2975; x_wconf 88' lang='lat' dir='ltr'><strong>curam</strong></span> <span class='ocrx_word' id='word_1_281' title='bbox 1260 2919 1449 2979; x_wconf 86' lang='lat' dir='ltr'><strong>carnis</strong></span> <span class='ocrx_word' id='word_1_282' title='bbox 1474 2934 1544 2975; x_wconf 89' lang='lat' dir='ltr'><strong>ne</strong></span> <span class='ocrx_word' id='word_1_283' title='bbox 1571 2917 1815 2975; x_wconf 80' lang='lat' dir='ltr'><strong>feceritis</strong></span> 
     </span>
    </p>
   </div>
   <div class='ocr_carea' id='block_1_45' title="bbox 234 3007 1817 3083">
    <p class='ocr_par' dir='ltr' id='par_1_45' title="bbox 234 3007 1817 3083">
     <span class='ocr_line' id='line_1_45' title="bbox 234 3007 1817 3083; baseline 0.001 -19"><span class='ocrx_word' id='word_1_284' title='bbox 234 3007 288 3064; x_wconf 90' lang='lat' dir='ltr'><strong>in</strong></span> <span class='ocrx_word' id='word_1_285' title='bbox 328 3008 607 3067; x_wconf 90' lang='lat' dir='ltr'><strong>desideriis</strong></span> <span class='ocrx_word' id='word_1_286' title='bbox 647 3008 827 3083; x_wconf 79' lang='lat' dir='ltr'><strong>(Rom.</strong></span> <span class='ocrx_word' id='word_1_287' title='bbox 862 3025 999 3075; x_wconf 79' lang='lat' dir='ltr'><strong>xm,</strong></span> <span class='ocrx_word' id='word_1_288' title='bbox 1044 3008 1154 3083; x_wconf 73' lang='grc'><strong>14).</strong></span> <span class='ocrx_word' id='word_1_289' title='bbox 1185 3031 1204 3064; x_wconf 77' lang='grc' dir='ltr'><strong><em>ι</em></strong></span> <span class='ocrx_word' id='word_1_290' title='bbox 1259 3008 1402 3067; x_wconf 89' lang='lat' dir='ltr'><strong>Cum</strong></span> <span class='ocrx_word' id='word_1_291' title='bbox 1438 3010 1583 3067; x_wconf 88' lang='lat' dir='ltr'><strong>enim</strong></span> <span class='ocrx_word' id='word_1_292' title='bbox 1633 3008 1817 3067; x_wconf 81' lang='lat' dir='ltr'><strong>carnis</strong></span> 
     </span>
    </p>
   </div>
   <div class='ocr_carea' id='block_1_46' title="bbox 233 3098 1886 3191">
    <p class='ocr_par' dir='ltr' id='par_1_46' title="bbox 233 3098 1886 3191">
     <span class='ocr_line' id='line_1_46' title="bbox 233 3098 1886 3191; baseline 0.005 -36"><span class='ocrx_word' id='word_1_293' title='bbox 233 3098 496 3163; x_wconf 79' lang='lat' dir='ltr'><strong>desideria</strong></span> <span class='ocrx_word' id='word_1_294' title='bbox 525 3100 848 3173; x_wconf 87' lang='lat' dir='ltr'><strong>respuimus,</strong></span> <span class='ocrx_word' id='word_1_295' title='bbox 886 3111 1099 3175; x_wconf 82' lang='lat' dir='ltr'><strong>gentem</strong></span> <span class='ocrx_word' id='word_1_296' title='bbox 1145 3100 1459 3176; x_wconf 61' lang='lat' dir='ltr'><strong>Egyptiant</strong></span> <span class='ocrx_word' id='word_1_297' title='bbox 1493 3103 1815 3163; x_wconf 80' lang='lat' dir='ltr'><strong>deserimus.</strong></span> <span class='ocrx_word' id='word_1_298' title='bbox 1840 3126 1886 3191; x_wconf 70' lang='grc' dir='ltr'><strong>ρ</strong></span> 
     </span>
    </p>
   </div>
   <div class='ocr_carea' id='block_1_47' title="bbox 234 3187 1811 3265">
    <p class='ocr_par' dir='ltr' id='par_1_47' title="bbox 234 3187 1811 3265">
     <span class='ocr_line' id='line_1_47' title="bbox 234 3187 1811 3265; baseline 0.005 -22"><span class='ocrx_word' id='word_1_299' title='bbox 234 3187 486 3263; x_wconf 77' lang='lat' dir='ltr'><strong>Reliquas</strong></span> <span class='ocrx_word' id='word_1_300' title='bbox 517 3206 639 3247; x_wconf 67' lang='lat' dir='ltr'><strong>vero</strong></span> <span class='ocrx_word' id='word_1_301' title='bbox 668 3200 896 3265; x_wconf 86' lang='lat' dir='ltr'><strong>septem,</strong></span> <span class='ocrx_word' id='word_1_302' title='bbox 923 3208 1043 3264; x_wconf 69' lang='lat' dir='ltr'><strong>qua:</strong></span> <span class='ocrx_word' id='word_1_303' title='bbox 1067 3202 1272 3265; x_wconf 86' lang='lat' dir='ltr'><strong>septem</strong></span> <span class='ocrx_word' id='word_1_304' title='bbox 1302 3201 1431 3249; x_wconf 91' lang='lat' dir='ltr'><strong>sunt</strong></span> <span class='ocrx_word' id='word_1_305' title='bbox 1452 3193 1604 3259; x_wconf 83' lang='lat' dir='ltr'><strong>vitia.</strong></span> <span class='ocrx_word' id='word_1_306' title='bbox 1632 3193 1686 3249; x_wconf 92' lang='lat' dir='ltr'><strong>id</strong></span> <span class='ocrx_word' id='word_1_307' title='bbox 1706 3202 1811 3263; x_wconf 90' lang='lat' dir='ltr'><strong>est,</strong></span> 
     </span>
    </p>
   </div>
   <div class='ocr_carea' id='block_1_48' title="bbox 234 3283 1811 3359">
    <p class='ocr_par' dir='ltr' id='par_1_48' title="bbox 234 3283 1811 3359">
     <span class='ocr_line' id='line_1_48' title="bbox 234 3283 1811 3359; baseline 0.005 -22"><span class='ocrx_word' id='word_1_308' title='bbox 234 3283 544 3349; x_wconf 74' lang='lat' dir='ltr'><strong>fornicatio,</strong></span> <span class='ocrx_word' id='word_1_309' title='bbox 584 3285 934 3359; x_wconf 82' lang='lat' dir='ltr'><strong>philargyria,</strong></span> <span class='ocrx_word' id='word_1_310' title='bbox 977 3285 1076 3351; x_wconf 89' lang='lat' dir='ltr'><strong>ira,</strong></span> <span class='ocrx_word' id='word_1_311' title='bbox 1119 3286 1356 3353; x_wconf 86' lang='lat' dir='ltr'><strong>tristitia,</strong></span> <span class='ocrx_word' id='word_1_312' title='bbox 1383 3286 1591 3353; x_wconf 85' lang='lat' dir='ltr'><strong>acedia,</strong></span> <span class='ocrx_word' id='word_1_313' title='bbox 1622 3301 1811 3345; x_wconf 67' lang='lat' dir='ltr'><strong>caeno-</strong></span> 
     </span>
    </p>
   </div>
   <div class='ocr_carea' id='block_1_49' title="bbox 241 3373 1813 3451">
    <p class='ocr_par' dir='ltr' id='par_1_49' title="bbox 241 3373 1813 3451">
     <span class='ocr_line' id='line_1_49' title="bbox 241 3373 1813 3451; baseline 0.005 -23"><span class='ocrx_word' id='word_1_314' title='bbox 241 3373 416 3438; x_wconf 74' lang='lat' dir='ltr'><strong>doxia,</strong></span> <span class='ocrx_word' id='word_1_315' title='bbox 446 3383 503 3430; x_wconf 89' lang='lat' dir='ltr'><strong>et</strong></span> <span class='ocrx_word' id='word_1_316' title='bbox 523 3377 772 3447; x_wconf 82' lang='lat' dir='ltr'><strong>superbia</strong></span> <span class='ocrx_word' id='word_1_317' title='bbox 804 3376 1038 3447; x_wconf 63' lang='lat' dir='ltr'><strong>poenitus</strong></span> <span class='ocrx_word' id='word_1_318' title='bbox 1067 3377 1332 3451; x_wconf 89' lang='lat' dir='ltr'><strong>jubentur</strong></span> <span class='ocrx_word' id='word_1_319' title='bbox 1355 3378 1644 3451; x_wconf 78' lang='lat' dir='ltr'><strong>exstingui.</strong></span> <span class='ocrx_word' id='word_1_320' title='bbox 1674 3378 1813 3447; x_wconf 85' lang='lat' dir='ltr'><strong>Quia</strong></span> 
     </span>
    </p>
   </div>
   <div class='ocr_carea' id='block_1_50' title="bbox 236 3460 1815 3543">
    <p class='ocr_par' dir='ltr' id='par_1_50' title="bbox 236 3460 1815 3543">
     <span class='ocr_line' id='line_1_50' title="bbox 236 3460 1815 3543; baseline 0.008 -25"><span class='ocrx_word' id='word_1_321' title='bbox 236 3462 402 3536; x_wconf 83' lang='lat' dir='ltr'><strong>igitur</strong></span> <span class='ocrx_word' id='word_1_322' title='bbox 418 3482 485 3521; x_wconf 83' lang='lat' dir='ltr'><strong>ex</strong></span> <span class='ocrx_word' id='word_1_323' title='bbox 505 3475 811 3522; x_wconf 90' lang='lat' dir='ltr'><strong>sanctorum</strong></span> <span class='ocrx_word' id='word_1_324' title='bbox 830 3466 1052 3524; x_wconf 84' lang='lat' dir='ltr'><strong>Patrum</strong></span> <span class='ocrx_word' id='word_1_325' title='bbox 1074 3469 1346 3540; x_wconf 83' lang='lat' dir='ltr'><strong>opusculis</strong></span> <span class='ocrx_word' id='word_1_326' title='bbox 1367 3487 1554 3543; x_wconf 87' lang='lat' dir='ltr'><strong>pauca,</strong></span> <span class='ocrx_word' id='word_1_327' title='bbox 1582 3460 1815 3530; x_wconf 77' lang='lat' dir='ltr'><strong>donante</strong></span> 
     </span>
    </p>
   </div>
   <div class='ocr_carea' id='block_1_51' title="bbox 237 3555 1814 3633">
    <p class='ocr_par' dir='ltr' id='par_1_51' title="bbox 237 3555 1814 3633">
     <span class='ocr_line' id='line_1_51' title="bbox 237 3555 1814 3633; baseline 0.005 -22"><span class='ocrx_word' id='word_1_328' title='bbox 237 3555 367 3623; x_wconf 82' lang='lat' dir='ltr'><strong>Deo,</strong></span> <span class='ocrx_word' id='word_1_329' title='bbox 387 3556 452 3611; x_wconf 93' lang='lat' dir='ltr'><strong>de</strong></span> <span class='ocrx_word' id='word_1_330' title='bbox 467 3565 591 3613; x_wconf 91' lang='lat' dir='ltr'><strong>octo</strong></span> <span class='ocrx_word' id='word_1_331' title='bbox 608 3557 750 3613; x_wconf 83' lang='lat' dir='ltr'><strong>vitiis</strong></span> <span class='ocrx_word' id='word_1_332' title='bbox 773 3558 1160 3630; x_wconf 82' lang='lat' dir='ltr'><strong>principalibus</strong></span> <span class='ocrx_word' id='word_1_333' title='bbox 1185 3562 1552 3633; x_wconf 70' lang='lat' dir='ltr'><strong>excerpsimus</strong></span> <span class='ocrx_word' id='word_1_334' title='bbox 1572 3563 1814 3619; x_wconf 83' lang='lat' dir='ltr'><strong>testimo-</strong></span> 
     </span>
    </p>
   </div>
   <div class='ocr_carea' id='block_1_52' title="bbox 238 3645 1811 3724">
    <p class='ocr_par' dir='ltr' id='par_1_52' title="bbox 238 3645 1811 3724">
     <span class='ocr_line' id='line_1_52' title="bbox 238 3645 1811 3724; baseline 0.006 -26"><span class='ocrx_word' id='word_1_335' title='bbox 238 3645 351 3709; x_wconf 86' lang='lat' dir='ltr'><strong>nia,</strong></span> <span class='ocrx_word' id='word_1_336' title='bbox 370 3661 513 3701; x_wconf 82' lang='lat' dir='ltr'><strong>nunc</strong></span> <span class='ocrx_word' id='word_1_337' title='bbox 526 3646 590 3702; x_wconf 92' lang='lat' dir='ltr'><strong>de</strong></span> <span class='ocrx_word' id='word_1_338' title='bbox 611 3662 787 3719; x_wconf 87' lang='lat' dir='ltr'><strong>pugna</strong></span> <span class='ocrx_word' id='word_1_339' title='bbox 816 3648 1076 3703; x_wconf 89' lang='lat' dir='ltr'><strong>virtutum</strong></span> <span class='ocrx_word' id='word_1_340' title='bbox 1097 3650 1181 3705; x_wconf 90' lang='lat' dir='ltr'><strong>vel</strong></span> <span class='ocrx_word' id='word_1_341' title='bbox 1208 3650 1443 3720; x_wconf 80' lang='lat' dir='ltr'><strong>qualiter</strong></span> <span class='ocrx_word' id='word_1_342' title='bbox 1465 3652 1811 3724; x_wconf 77' lang='lat' dir='ltr'><strong>cogitatione,</strong></span> 
     </span>
    </p>
   </div>
   <div class='ocr_carea' id='block_1_53' title="bbox 238 3733 1778 3814">
    <p class='ocr_par' dir='ltr' id='par_1_53' title="bbox 238 3733 1778 3814">
     <span class='ocr_line' id='line_1_53' title="bbox 238 3733 1778 3814; baseline 0.005 -21"><span class='ocrx_word' id='word_1_343' title='bbox 238 3733 509 3793; x_wconf 87' lang='lat' dir='ltr'><strong>locutione</strong></span> <span class='ocrx_word' id='word_1_344' title='bbox 536 3746 594 3794; x_wconf 91' lang='lat' dir='ltr'><strong>et</strong></span> <span class='ocrx_word' id='word_1_345' title='bbox 612 3753 774 3813; x_wconf 90' lang='lat' dir='ltr'><strong>opere</strong></span> <span class='ocrx_word' id='word_1_346' title='bbox 799 3747 1178 3813; x_wconf 86' lang='lat' dir='ltr'><strong>perpetrantur</strong></span> <span class='ocrx_word' id='word_1_347' title='bbox 1204 3749 1425 3813; x_wconf 88' lang='lat' dir='ltr'><strong>peccata</strong></span> <span class='ocrx_word' id='word_1_348' title='bbox 1451 3744 1778 3814; x_wconf 84' lang='lat' dir='ltr'><strong>carpiamus.</strong></span> 
     </span>
    </p>
   </div>
   <div class='ocr_carea' id='block_1_54' title="bbox 239 3875 1821 3954">
    <p class='ocr_par' dir='ltr' id='par_1_54' title="bbox 239 3875 1821 3954">
     <span class='ocr_line' id='line_1_54' title="bbox 239 3875 1821 3954; baseline 0.005 -23"><span class='ocrx_word' id='word_1_349' title='bbox 239 3876 368 3931; x_wconf 59' lang='lat' dir='ltr'><strong>Car.</strong></span> <span class='ocrx_word' id='word_1_350' title='bbox 401 3875 630 3954; x_wconf 80' lang='lat' dir='ltr'><strong>LXXlll.</strong></span> <span class='ocrx_word' id='word_1_351' title='bbox 667 3907 738 3954; x_wconf 86' lang='lat'><strong>—_-</strong></span> <span class='ocrx_word' id='word_1_352' title='bbox 771 3876 929 3954; x_wconf 76' lang='lat' dir='ltr'><strong>Qttod</strong></span> <span class='ocrx_word' id='word_1_353' title='bbox 970 3888 1150 3934; x_wconf 68' lang='lat' dir='ltr'><strong>contra</strong></span> <span class='ocrx_word' id='word_1_354' title='bbox 1189 3881 1593 3954; x_wconf 68' lang='lat' dir='ltr'><strong>unumquodque</strong></span> <span class='ocrx_word' id='word_1_355' title='bbox 1630 3883 1821 3939; x_wconf 67' lang='lat' dir='ltr'><strong>vitiatae</strong></span> 
     </span>
    </p>
   </div>
   <div class='ocr_carea' id='block_1_55' title="bbox 525 3948 1525 4023">
    <p class='ocr_par' dir='ltr' id='par_1_55' title="bbox 525 3948 1525 4023">
     <span class='ocr_line' id='line_1_55' title="bbox 525 3948 1525 4023; baseline 0.002 -19"><span class='ocrx_word' id='word_1_356' title='bbox 525 3948 747 4021; x_wconf 76' lang='lat' dir='ltr'><strong>singqu</strong></span> <span class='ocrx_word' id='word_1_357' title='bbox 775 3949 988 4005; x_wconf 72' lang='lat' dir='ltr'><strong>virtutes</strong></span> <span class='ocrx_word' id='word_1_358' title='bbox 1018 3960 1139 4005; x_wconf 76' lang='lat' dir='ltr'><strong>sunt</strong></span> <span class='ocrx_word' id='word_1_359' title='bbox 1183 3948 1525 4023; x_wconf 66' lang='lat' dir='ltr'><strong>opponenda.</strong></span> 
     </span>
    </p>
   </div>
   <div class='ocr_carea' id='block_1_56' title="bbox 312 4082 1819 4160">
    <p class='ocr_par' dir='ltr' id='par_1_56' title="bbox 312 4082 1819 4160">
     <span class='ocr_line' id='line_1_56' title="bbox 312 4082 1819 4160; baseline 0.004 -22"><span class='ocrx_word' id='word_1_360' title='bbox 312 4082 495 4157; x_wconf 69' lang='grc' dir='ltr'><strong>(ιδίά.)</strong></span> <span class='ocrx_word' id='word_1_361' title='bbox 518 4085 689 4156; x_wconf 83' lang='lat' dir='ltr'><strong>lguur</strong></span> <span class='ocrx_word' id='word_1_362' title='bbox 719 4092 909 4142; x_wconf 81' lang='lat' dir='ltr'><strong>contra</strong></span> <span class='ocrx_word' id='word_1_363' title='bbox 948 4085 1156 4159; x_wconf 82' lang='lat' dir='ltr'><strong>singula</strong></span> <span class='ocrx_word' id='word_1_364' title='bbox 1186 4084 1316 4142; x_wconf 83' lang='lat' dir='ltr'><strong>vitia</strong></span> <span class='ocrx_word' id='word_1_365' title='bbox 1341 4086 1570 4144; x_wconf 75' lang='lat' dir='ltr'><strong>virtutes</strong></span> <span class='ocrx_word' id='word_1_366' title='bbox 1592 4087 1819 4160; x_wconf 71' lang='lat' dir='ltr'><strong>singula:</strong></span> 
     </span>
    </p>
   </div>
   <div class='ocr_carea' id='block_1_57' title="bbox 240 4176 1816 4249">
    <p class='ocr_par' dir='ltr' id='par_1_57' title="bbox 240 4176 1816 4249">
     <span class='ocr_line' id='line_1_57' title="bbox 240 4176 1816 4249; baseline 0.005 -21"><span class='ocrx_word' id='word_1_367' title='bbox 240 4176 572 4247; x_wconf 66' lang='lat' dir='ltr'><strong>opponenda:</strong></span> <span class='ocrx_word' id='word_1_368' title='bbox 600 4183 743 4242; x_wconf 89' lang='lat' dir='ltr'><strong>sunt,</strong></span> <span class='ocrx_word' id='word_1_369' title='bbox 767 4182 825 4232; x_wconf 89' lang='lat' dir='ltr'><strong>et</strong></span> <span class='ocrx_word' id='word_1_370' title='bbox 860 4176 1121 4233; x_wconf 76' lang='lat' dir='ltr'><strong>adversus</strong></span> <span class='ocrx_word' id='word_1_371' title='bbox 1154 4177 1386 4249; x_wconf 84' lang='lat' dir='ltr'><strong>impetus</strong></span> <span class='ocrx_word' id='word_1_372' title='bbox 1409 4179 1665 4235; x_wconf 84' lang='lat' dir='ltr'><strong>vitiorum</strong></span> <span class='ocrx_word' id='word_1_373' title='bbox 1687 4195 1816 4236; x_wconf 87' lang='lat' dir='ltr'><strong>con-</strong></span> 
     </span>
    </p>
   </div>
   <div class='ocr_carea' id='block_1_58' title="bbox 244 4267 1821 4346">
    <p class='ocr_par' dir='ltr' id='par_1_58' title="bbox 244 4267 1821 4346">
     <span class='ocr_line' id='line_1_58' title="bbox 244 4267 1821 4346; baseline 0.005 -25"><span class='ocrx_word' id='word_1_374' title='bbox 244 4268 427 4322; x_wconf 77' lang='lat' dir='ltr'><strong>trariis</strong></span> <span class='ocrx_word' id='word_1_375' title='bbox 450 4267 736 4324; x_wconf 81' lang='lat' dir='ltr'><strong>virtutibus</strong></span> <span class='ocrx_word' id='word_1_376' title='bbox 763 4276 855 4324; x_wconf 77' lang='lat' dir='ltr'><strong>est</strong></span> <span class='ocrx_word' id='word_1_377' title='bbox 887 4270 1258 4340; x_wconf 86' lang='lat' dir='ltr'><strong>pugnandum;</strong></span> <span class='ocrx_word' id='word_1_378' title='bbox 1292 4280 1481 4328; x_wconf 80' lang='lat' dir='ltr'><strong>contra</strong></span> <span class='ocrx_word' id='word_1_379' title='bbox 1529 4272 1821 4346; x_wconf 75' lang='lat' dir='ltr'><strong>ingluviem</strong></span> 
     </span>
    </p>
   </div>
   <div class='ocr_carea' id='block_1_59' title="bbox 243 4359 1810 4435">
    <p class='ocr_par' dir='ltr' id='par_1_59' title="bbox 243 4359 1810 4435">
     <span class='ocr_line' id='line_1_59' title="bbox 243 4359 1810 4435; baseline 0.005 -22"><span class='ocrx_word' id='word_1_380' title='bbox 243 4359 387 4414; x_wconf 84' lang='lat' dir='ltr'><strong>enim</strong></span> <span class='ocrx_word' id='word_1_381' title='bbox 410 4359 621 4415; x_wconf 86' lang='lat' dir='ltr'><strong>ventris</strong></span> <span class='ocrx_word' id='word_1_382' title='bbox 651 4361 886 4429; x_wconf 83' lang='lat' dir='ltr'><strong>parcitas</strong></span> <span class='ocrx_word' id='word_1_383' title='bbox 906 4368 963 4416; x_wconf 87' lang='lat' dir='ltr'><strong>et</strong></span> <span class='ocrx_word' id='word_1_384' title='bbox 988 4362 1311 4419; x_wconf 81' lang='lat' dir='ltr'><strong>abstinentia</strong></span> <span class='ocrx_word' id='word_1_385' title='bbox 1341 4373 1429 4420; x_wconf 81' lang='lat' dir='ltr'><strong>est</strong></span> <span class='ocrx_word' id='word_1_386' title='bbox 1462 4365 1810 4435; x_wconf 61' lang='lat' dir='ltr'><strong>opponam;</strong></span> 
     </span>
    </p>
   </div>
   <div class='ocr_carea' id='block_1_60' title="bbox 247 4452 1815 4519">
    <p class='ocr_par' dir='ltr' id='par_1_60' title="bbox 247 4452 1815 4519">
     <span class='ocr_line' id='line_1_60' title="bbox 247 4452 1815 4519; baseline 0.003 -11"><span class='ocrx_word' id='word_1_387' title='bbox 247 4459 437 4508; x_wconf 84' lang='lat' dir='ltr'><strong>contra</strong></span> <span class='ocrx_word' id='word_1_388' title='bbox 467 4452 737 4509; x_wconf 78' lang='lat' dir='ltr'><strong>luxuriam</strong></span> <span class='ocrx_word' id='word_1_389' title='bbox 760 4454 963 4519; x_wconf 76' lang='lat' dir='ltr'><strong>cordis,</strong></span> <span class='ocrx_word' id='word_1_390' title='bbox 1003 4455 1183 4511; x_wconf 85' lang='lat' dir='ltr'><strong>cordis</strong></span> <span class='ocrx_word' id='word_1_391' title='bbox 1210 4464 1295 4512; x_wconf 84' lang='lat' dir='ltr'><strong>est</strong></span> <span class='ocrx_word' id='word_1_392' title='bbox 1333 4456 1635 4513; x_wconf 78' lang='lat' dir='ltr'><strong>adhibenda</strong></span> <span class='ocrx_word' id='word_1_393' title='bbox 1661 4470 1815 4512; x_wconf 82' lang='lat' dir='ltr'><strong>mun-</strong></span> 
     </span>
    </p>
   </div>
   <div class='ocr_carea' id='block_1_61' title="bbox 248 4543 1817 4620">
    <p class='ocr_par' dir='ltr' id='par_1_61' title="bbox 248 4543 1817 4620">
     <span class='ocr_line' id='line_1_61' title="bbox 248 4543 1817 4620; baseline 0.004 -24"><span class='ocrx_word' id='word_1_394' title='bbox 248 4543 424 4609; x_wconf 83' lang='lat' dir='ltr'><strong>ditia;</strong></span> <span class='ocrx_word' id='word_1_395' title='bbox 449 4551 641 4600; x_wconf 81' lang='lat' dir='ltr'><strong>contra</strong></span> <span class='ocrx_word' id='word_1_396' title='bbox 661 4545 927 4600; x_wconf 68' lang='lat' dir='ltr'><strong>luxuriam</strong></span> <span class='ocrx_word' id='word_1_397' title='bbox 952 4546 1156 4613; x_wconf 85' lang='lat' dir='ltr'><strong>carnis,</strong></span> <span class='ocrx_word' id='word_1_398' title='bbox 1187 4547 1367 4603; x_wconf 83' lang='lat' dir='ltr'><strong>cordis</strong></span> <span class='ocrx_word' id='word_1_399' title='bbox 1392 4556 1448 4601; x_wconf 90' lang='lat' dir='ltr'><strong>et</strong></span> <span class='ocrx_word' id='word_1_400' title='bbox 1466 4548 1710 4620; x_wconf 79' lang='lat' dir='ltr'><strong>corporis</strong></span> <span class='ocrx_word' id='word_1_401' title='bbox 1733 4557 1817 4605; x_wconf 90' lang='lat' dir='ltr'><strong>est</strong></span> 
     </span>
    </p>
   </div>
   <div class='ocr_carea' id='block_1_62' title="bbox 244 4634 1815 4709">
    <p class='ocr_par' dir='ltr' id='par_1_62' title="bbox 244 4634 1815 4709">
     <span class='ocr_line' id='line_1_62' title="bbox 244 4634 1815 4709; baseline 0.005 -21"><span class='ocrx_word' id='word_1_402' title='bbox 244 4634 466 4691; x_wconf 78' lang='lat' dir='ltr'><strong>castitas</strong></span> <span class='ocrx_word' id='word_1_403' title='bbox 483 4635 815 4703; x_wconf 76' lang='lat' dir='ltr'><strong>exhibenda;</strong></span> <span class='ocrx_word' id='word_1_404' title='bbox 838 4644 1027 4692; x_wconf 86' lang='lat' dir='ltr'><strong>eontra</strong></span> <span class='ocrx_word' id='word_1_405' title='bbox 1045 4638 1331 4692; x_wconf 80' lang='lat' dir='ltr'><strong>avaritiam</strong></span> <span class='ocrx_word' id='word_1_406' title='bbox 1353 4637 1602 4709; x_wconf 79' lang='lat' dir='ltr'><strong>largitas;</strong></span> <span class='ocrx_word' id='word_1_407' title='bbox 1626 4649 1815 4695; x_wconf 67' lang='lat' dir='ltr'><strong>metra</strong></span> 
     </span>
    </p>
   </div>
   <div class='ocr_carea' id='block_1_63' title="bbox 242 4727 1821 4801">
    <p class='ocr_par' dir='ltr' id='par_1_63' title="bbox 242 4727 1821 4801">
     <span class='ocr_line' id='line_1_63' title="bbox 242 4727 1821 4801; baseline 0.005 -20"><span class='ocrx_word' id='word_1_408' title='bbox 242 4727 652 4799; x_wconf 75' lang='lat' dir='ltr'><strong>philargyriam,</strong></span> <span class='ocrx_word' id='word_1_409' title='bbox 685 4727 745 4783; x_wconf 72' lang='lat' dir='ltr'><strong>id</strong></span> <span class='ocrx_word' id='word_1_410' title='bbox 785 4736 889 4793; x_wconf 85' lang='lat' dir='ltr'><strong>est,</strong></span> <span class='ocrx_word' id='word_1_411' title='bbox 938 4744 1178 4785; x_wconf 77' lang='lat' dir='ltr'><strong>antorem</strong></span> <span class='ocrx_word' id='word_1_412' title='bbox 1225 4732 1485 4801; x_wconf 65' lang='lat' dir='ltr'><strong>pecuniae,</strong></span> <span class='ocrx_word' id='word_1_413' title='bbox 1514 4733 1730 4789; x_wconf 77' lang='lat' dir='ltr'><strong>auditas</strong></span> <span class='ocrx_word' id='word_1_414' title='bbox 1764 4744 1821 4789; x_wconf 89' lang='lat' dir='ltr'><strong>et</strong></span> 
     </span>
    </p>
   </div>
   <div class='ocr_carea' id='block_1_64' title="bbox 242 4818 1821 4888">
    <p class='ocr_par' dir='ltr' id='par_1_64' title="bbox 242 4818 1821 4888">
     <span class='ocr_line' id='line_1_64' title="bbox 242 4818 1821 4888; baseline 0.006 -18"><span class='ocrx_word' id='word_1_415' title='bbox 242 4818 567 4888; x_wconf 77' lang='lat' dir='ltr'><strong>cxspoliatio</strong></span> <span class='ocrx_word' id='word_1_416' title='bbox 602 4819 915 4875; x_wconf 75' lang='lat' dir='ltr'><strong>divitiarum</strong></span> <span class='ocrx_word' id='word_1_417' title='bbox 940 4836 955 4887; x_wconf 93' lang='lat'><strong>;</strong></span> <span class='ocrx_word' id='word_1_418' title='bbox 985 4831 1174 4876; x_wconf 89' lang='lat' dir='ltr'><strong>contra</strong></span> <span class='ocrx_word' id='word_1_419' title='bbox 1202 4821 1459 4877; x_wconf 82' lang='lat' dir='ltr'><strong>invidiam</strong></span> <span class='ocrx_word' id='word_1_420' title='bbox 1506 4823 1745 4879; x_wconf 82' lang='lat' dir='ltr'><strong>charitas</strong></span> <span class='ocrx_word' id='word_1_421' title='bbox 1764 4830 1821 4879; x_wconf 86' lang='lat' dir='ltr'><strong>et</strong></span> 
     </span>
    </p>
   </div>
   <div class='ocr_carea' id='block_1_65' title="bbox 244 4910 1820 4984">
    <p class='ocr_par' dir='ltr' id='par_1_65' title="bbox 244 4910 1820 4984">
     <span class='ocr_line' id='line_1_65' title="bbox 244 4910 1820 4984; baseline 0.005 -22"><span class='ocrx_word' id='word_1_422' title='bbox 244 4910 485 4965; x_wconf 77' lang='lat' dir='ltr'><strong>fratem</strong></span> <span class='ocrx_word' id='word_1_423' title='bbox 506 4910 924 4984; x_wconf 74' lang='lat' dir='ltr'><strong>congratuletio;</strong></span> <span class='ocrx_word' id='word_1_424' title='bbox 947 4921 1135 4968; x_wconf 87' lang='lat' dir='ltr'><strong>contra</strong></span> <span class='ocrx_word' id='word_1_425' title='bbox 1158 4911 1339 4969; x_wconf 82' lang='lat' dir='ltr'><strong>odium</strong></span> <span class='ocrx_word' id='word_1_426' title='bbox 1360 4913 1611 4982; x_wconf 80' lang='lat' dir='ltr'><strong>dilectio;</strong></span> <span class='ocrx_word' id='word_1_427' title='bbox 1630 4922 1820 4970; x_wconf 84' lang='lat' dir='ltr'><strong>contra</strong></span> 
     </span>
    </p>
   </div>
   <div class='ocr_carea' id='block_1_66' title="bbox 244 5000 1820 5070">
    <p class='ocr_par' dir='ltr' id='par_1_66' title="bbox 244 5000 1820 5070">
     <span class='ocr_line' id='line_1_66' title="bbox 244 5000 1820 5070; baseline 0.003 -16"><span class='ocrx_word' id='word_1_428' title='bbox 244 5000 341 5054; x_wconf 67' lang='lat' dir='ltr'><strong>ine</strong></span> <span class='ocrx_word' id='word_1_429' title='bbox 378 5000 627 5059; x_wconf 68' lang='lat' dir='ltr'><strong>hoe-dia</strong></span> <span class='ocrx_word' id='word_1_430' title='bbox 666 5003 1059 5070; x_wconf 67' lang='lat' dir='ltr'><strong>mansuetudo;</strong></span> <span class='ocrx_word' id='word_1_431' title='bbox 1091 5012 1281 5060; x_wconf 80' lang='lat' dir='ltr'><strong>contra</strong></span> <span class='ocrx_word' id='word_1_432' title='bbox 1332 5004 1607 5060; x_wconf 79' lang='lat' dir='ltr'><strong>tristitiam</strong></span> <span class='ocrx_word' id='word_1_433' title='bbox 1636 5004 1820 5061; x_wconf 76' lang='lat' dir='ltr'><strong>saeculi</strong></span> 
     </span>
    </p>
   </div>
   <div class='ocr_carea' id='block_1_67' title="bbox 243 5091 1821 5167">
    <p class='ocr_par' dir='ltr' id='par_1_67' title="bbox 243 5091 1821 5167">
     <span class='ocr_line' id='line_1_67' title="bbox 243 5091 1821 5167; baseline 0.004 -21"><span class='ocrx_word' id='word_1_434' title='bbox 243 5091 489 5161; x_wconf 88' lang='lat' dir='ltr'><strong>spiritale</strong></span> <span class='ocrx_word' id='word_1_435' title='bbox 524 5093 821 5164; x_wconf 84' lang='lat' dir='ltr'><strong>gaudium;</strong></span> <span class='ocrx_word' id='word_1_436' title='bbox 872 5104 1061 5150; x_wconf 91' lang='lat' dir='ltr'><strong>contra</strong></span> <span class='ocrx_word' id='word_1_437' title='bbox 1103 5095 1345 5151; x_wconf 83' lang='lat' dir='ltr'><strong>acediam</strong></span> <span class='ocrx_word' id='word_1_438' title='bbox 1394 5094 1821 5167; x_wconf 80' lang='lat' dir='ltr'><strong>dissolutamun</strong></span> 
     </span>
    </p>
   </div>
   <div class='ocr_carea' id='block_1_68' title="bbox 244 5182 1818 5258">
    <p class='ocr_par' dir='ltr' id='par_1_68' title="bbox 244 5182 1818 5258">
     <span class='ocr_line' id='line_1_68' title="bbox 244 5182 1818 5258; baseline 0.008 -23"><span class='ocrx_word' id='word_1_439' title='bbox 244 5182 606 5253; x_wconf 87' lang='lat' dir='ltr'><strong>vagationem,</strong></span> <span class='ocrx_word' id='word_1_440' title='bbox 628 5184 895 5240; x_wconf 87' lang='lat' dir='ltr'><strong>stabilitas</strong></span> <span class='ocrx_word' id='word_1_441' title='bbox 924 5183 1109 5251; x_wconf 83' lang='lat' dir='ltr'><strong>ﬁrma;</strong></span> <span class='ocrx_word' id='word_1_442' title='bbox 1135 5194 1323 5245; x_wconf 85' lang='lat' dir='ltr'><strong>contra</strong></span> <span class='ocrx_word' id='word_1_443' title='bbox 1352 5201 1544 5243; x_wconf 82' lang='lat' dir='ltr'><strong>vanam</strong></span> <span class='ocrx_word' id='word_1_444' title='bbox 1567 5185 1818 5258; x_wconf 78' lang='lat' dir='ltr'><strong>gloriam.</strong></span> 
     </span>
    </p>
   </div>
   <div class='ocr_carea' id='block_1_69' title="bbox 244 5280 1820 5353">
    <p class='ocr_par' dir='ltr' id='par_1_69' title="bbox 244 5280 1820 5353">
     <span class='ocr_line' id='line_1_69' title="bbox 244 5280 1820 5353; baseline 0.001 -18"><span class='ocrx_word' id='word_1_445' title='bbox 244 5280 341 5336; x_wconf 89' lang='lat' dir='ltr'><strong>Dei</strong></span> <span class='ocrx_word' id='word_1_446' title='bbox 360 5281 564 5351; x_wconf 76' lang='lat' dir='ltr'><strong>timor;</strong></span> <span class='ocrx_word' id='word_1_447' title='bbox 596 5288 785 5338; x_wconf 89' lang='lat' dir='ltr'><strong>contra</strong></span> <span class='ocrx_word' id='word_1_448' title='bbox 807 5281 1118 5353; x_wconf 82' lang='lat' dir='ltr'><strong>superbiam</strong></span> <span class='ocrx_word' id='word_1_449' title='bbox 1145 5280 1362 5347; x_wconf 85' lang='lat' dir='ltr'><strong>diaboli,</strong></span> <span class='ocrx_word' id='word_1_450' title='bbox 1394 5281 1686 5352; x_wconf 90' lang='lat' dir='ltr'><strong>opponitur</strong></span> <span class='ocrx_word' id='word_1_451' title='bbox 1720 5281 1820 5337; x_wconf 83' lang='lat' dir='ltr'><strong>hu-</strong></span> 
     </span>
    </p>
   </div>
   <div class='ocr_carea' id='block_1_70' title="bbox 246 5370 1818 5442">
    <p class='ocr_par' dir='ltr' id='par_1_70' title="bbox 246 5370 1818 5442">
     <span class='ocr_line' id='line_1_70' title="bbox 246 5370 1818 5442; baseline -0.001 -15"><span class='ocrx_word' id='word_1_452' title='bbox 246 5370 449 5427; x_wconf 89' lang='lat' dir='ltr'><strong>militas</strong></span> <span class='ocrx_word' id='word_1_453' title='bbox 472 5370 673 5428; x_wconf 88' lang='lat' dir='ltr'><strong>Christi</strong></span> <span class='ocrx_word' id='word_1_454' title='bbox 690 5390 704 5426; x_wconf 89' lang='lat'><strong>:</strong></span> <span class='ocrx_word' id='word_1_455' title='bbox 723 5371 799 5427; x_wconf 90' lang='lat' dir='ltr'><strong>ita</strong></span> <span class='ocrx_word' id='word_1_456' title='bbox 820 5380 877 5426; x_wconf 92' lang='lat' dir='ltr'><strong>et</strong></span> <span class='ocrx_word' id='word_1_457' title='bbox 904 5378 1094 5427; x_wconf 90' lang='lat' dir='ltr'><strong>contra</strong></span> <span class='ocrx_word' id='word_1_458' title='bbox 1110 5380 1306 5427; x_wconf 67' lang='lat' dir='ltr'><strong>ctetera</strong></span> <span class='ocrx_word' id='word_1_459' title='bbox 1332 5371 1460 5425; x_wconf 90' lang='lat' dir='ltr'><strong>vitia</strong></span> <span class='ocrx_word' id='word_1_460' title='bbox 1483 5385 1818 5442; x_wconf 84' lang='lat' dir='ltr'><strong>unaquaeque</strong></span> 
     </span>
    </p>
   </div>
   <div class='ocr_carea' id='block_1_71' title="bbox 244 5464 1818 5537">
    <p class='ocr_par' dir='ltr' id='par_1_71' title="bbox 244 5464 1818 5537">
     <span class='ocr_line' id='line_1_71' title="bbox 244 5464 1818 5537; baseline -0.001 -19"><span class='ocrx_word' id='word_1_461' title='bbox 244 5464 465 5536; x_wconf 91' lang='lat' dir='ltr'><strong>propria</strong></span> <span class='ocrx_word' id='word_1_462' title='bbox 506 5464 635 5521; x_wconf 90' lang='lat' dir='ltr'><strong>boni</strong></span> <span class='ocrx_word' id='word_1_463' title='bbox 664 5466 843 5535; x_wconf 86' lang='lat' dir='ltr'><strong>operis</strong></span> <span class='ocrx_word' id='word_1_464' title='bbox 870 5465 1041 5520; x_wconf 87' lang='lat' dir='ltr'><strong>virtus</strong></span> <span class='ocrx_word' id='word_1_465' title='bbox 1088 5474 1414 5537; x_wconf 86' lang='lat' dir='ltr'><strong>opponatur,</strong></span> <span class='ocrx_word' id='word_1_466' title='bbox 1441 5464 1818 5536; x_wconf 89' lang='lat' dir='ltr'><strong>principalium</strong></span> 
     </span>
    </p>
   </div>
   <div class='ocr_carea' id='block_1_72' title="bbox 244 5556 1818 5630">
    <p class='ocr_par' dir='ltr' id='par_1_72' title="bbox 244 5556 1818 5630">
     <span class='ocr_line' id='line_1_72' title="bbox 244 5556 1818 5630; baseline -0.002 -17"><span class='ocrx_word' id='word_1_467' title='bbox 244 5559 393 5613; x_wconf 89' lang='lat' dir='ltr'><strong>enim</strong></span> <span class='ocrx_word' id='word_1_468' title='bbox 419 5566 627 5629; x_wconf 89' lang='lat' dir='ltr'><strong>septem</strong></span> <span class='ocrx_word' id='word_1_469' title='bbox 658 5556 911 5615; x_wconf 77' lang='lat' dir='ltr'><strong>vitiorum</strong></span> <span class='ocrx_word' id='word_1_470' title='bbox 936 5558 1121 5630; x_wconf 88' lang='lat' dir='ltr'><strong>regina</strong></span> <span class='ocrx_word' id='word_1_471' title='bbox 1146 5567 1203 5614; x_wconf 90' lang='lat' dir='ltr'><strong>et</strong></span> <span class='ocrx_word' id='word_1_472' title='bbox 1222 5566 1397 5613; x_wconf 86' lang='lat' dir='ltr'><strong>mater</strong></span> <span class='ocrx_word' id='word_1_473' title='bbox 1436 5557 1684 5627; x_wconf 87' lang='lat' dir='ltr'><strong>superbia</strong></span> <span class='ocrx_word' id='word_1_474' title='bbox 1713 5564 1818 5621; x_wconf 90' lang='lat' dir='ltr'><strong>est,</strong></span> 
     </span>
    </p>
   </div>
   <div class='ocr_carea' id='block_1_73' title="bbox 245 5648 1823 5724">
    <p class='ocr_par' dir='ltr' id='par_1_73' title="bbox 245 5648 1823 5724">
     <span class='ocr_line' id='line_1_73' title="bbox 245 5648 1823 5724; baseline -0.005 -16"><span class='ocrx_word' id='word_1_475' title='bbox 245 5653 545 5723; x_wconf 79' lang='lat' dir='ltr'><strong>eademque</strong></span> <span class='ocrx_word' id='word_1_476' title='bbox 569 5660 773 5724; x_wconf 88' lang='lat' dir='ltr'><strong>septem</strong></span> <span class='ocrx_word' id='word_1_477' title='bbox 797 5651 1109 5724; x_wconf 86' lang='lat' dir='ltr'><strong>principalia</strong></span> <span class='ocrx_word' id='word_1_478' title='bbox 1149 5649 1314 5706; x_wconf 90' lang='lat' dir='ltr'><strong>multa</strong></span> <span class='ocrx_word' id='word_1_479' title='bbox 1343 5651 1409 5705; x_wconf 91' lang='lat' dir='ltr'><strong>de</strong></span> <span class='ocrx_word' id='word_1_480' title='bbox 1432 5665 1489 5705; x_wconf 86' lang='lat' dir='ltr'><strong>se</strong></span> <span class='ocrx_word' id='word_1_481' title='bbox 1516 5648 1823 5720; x_wconf 83' lang='lat' dir='ltr'><strong>parturiunt</strong></span> 
     </span>
    </p>
   </div>
   <div class='ocr_carea' id='block_1_74' title="bbox 248 5739 1821 5815">
    <p class='ocr_par' dir='ltr' id='par_1_74' title="bbox 248 5739 1821 5815">
     <span class='ocr_line' id='line_1_74' title="bbox 248 5739 1821 5815; baseline -0.001 -19"><span class='ocrx_word' id='word_1_482' title='bbox 248 5745 399 5808; x_wconf 72' lang='lat' dir='ltr'><strong>vitia,</strong></span> <span class='ocrx_word' id='word_1_483' title='bbox 433 5745 559 5815; x_wconf 84' lang='lat' dir='ltr'><strong>quia</strong></span> <span class='ocrx_word' id='word_1_484' title='bbox 590 5745 662 5800; x_wconf 88' lang='lat' dir='ltr'><strong>ita</strong></span> <span class='ocrx_word' id='word_1_485' title='bbox 697 5744 798 5802; x_wconf 89' lang='lat' dir='ltr'><strong>sibi</strong></span> <span class='ocrx_word' id='word_1_486' title='bbox 829 5752 883 5798; x_wconf 82' lang='lat' dir='ltr'><strong>ct</strong></span> <span class='ocrx_word' id='word_1_487' title='bbox 907 5743 1138 5815; x_wconf 85' lang='lat' dir='ltr'><strong>quadam</strong></span> <span class='ocrx_word' id='word_1_488' title='bbox 1168 5742 1483 5814; x_wconf 76' lang='lat' dir='ltr'><strong>cognatione</strong></span> <span class='ocrx_word' id='word_1_489' title='bbox 1503 5739 1821 5811; x_wconf 78' lang='lat' dir='ltr'><strong>junguntur.</strong></span> 
     </span>
    </p>
   </div>
   <div class='ocr_carea' id='block_1_75' title="bbox 1845 4503 1893 4565">
    <p class='ocr_par' dir='ltr' id='par_1_75' title="bbox 1845 4503 1893 4565">
     <span class='ocr_line' id='line_1_75' title="bbox 1845 4503 1893 4565; baseline 0 0"><span class='ocrx_word' id='word_1_490' title='bbox 1845 4503 1893 4565; x_wconf 92' lang='lat' dir='ltr'><strong>D</strong></span> 
     </span>
    </p>
   </div>
   <div class='ocr_carea' id='block_1_76' title="bbox 1907 1867 3479 1947">
    <p class='ocr_par' dir='ltr' id='par_1_76' title="bbox 1907 1867 3479 1947">
     <span class='ocr_line' id='line_1_76' title="bbox 1907 1867 3479 1947; baseline 0.006 -24"><span class='ocrx_word' id='word_1_491' title='bbox 1907 1867 2226 1940; x_wconf 77' lang='lat' dir='ltr'><strong>Ignorantize</strong></span> <span class='ocrx_word' id='word_1_492' title='bbox 2257 1884 2491 1942; x_wconf 83' lang='lat' dir='ltr'><strong>namque</strong></span> <span class='ocrx_word' id='word_1_493' title='bbox 2518 1871 2678 1927; x_wconf 90' lang='lat' dir='ltr'><strong>modo</strong></span> <span class='ocrx_word' id='word_1_494' title='bbox 2714 1875 2958 1943; x_wconf 88' lang='lat' dir='ltr'><strong>peccavit</strong></span> <span class='ocrx_word' id='word_1_495' title='bbox 2990 1875 3042 1930; x_wconf 91' lang='lat' dir='ltr'><strong>in</strong></span> <span class='ocrx_word' id='word_1_496' title='bbox 3070 1878 3323 1947; x_wconf 69' lang='lat' dir='ltr'><strong>paradiso</strong></span> <span class='ocrx_word' id='word_1_497' title='bbox 3348 1878 3479 1945; x_wconf 86' lang='lat' dir='ltr'><strong>Eva,</strong></span> 
     </span>
    </p>
   </div>
   <div class='ocr_carea' id='block_1_77' title="bbox 1907 1961 3484 2036">
    <p class='ocr_par' dir='ltr' id='par_1_77' title="bbox 1907 1961 3484 2036">
     <span class='ocr_line' id='line_1_77' title="bbox 1907 1961 3484 2036; baseline 0.006 -19"><span class='ocrx_word' id='word_1_498' title='bbox 1907 1961 2048 2017; x_wconf 88' lang='lat' dir='ltr'><strong>sicut</strong></span> <span class='ocrx_word' id='word_1_499' title='bbox 2069 1961 2362 2033; x_wconf 82' lang='lat' dir='ltr'><strong>Apostolus</strong></span> <span class='ocrx_word' id='word_1_500' title='bbox 2390 1963 2522 2019; x_wconf 85' lang='lat' dir='ltr'><strong>dicit</strong></span> <span class='ocrx_word' id='word_1_501' title='bbox 2545 1983 2560 2019; x_wconf 90' lang='lat'><strong>:</strong></span> <span class='ocrx_word' id='word_1_502' title='bbox 2591 1983 2610 2016; x_wconf 79' lang='grc' dir='ltr'>ι</span> <span class='ocrx_word' id='word_1_503' title='bbox 2646 1965 2743 2021; x_wconf 74' lang='lat' dir='ltr'><strong>Vir</strong></span> <span class='ocrx_word' id='word_1_504' title='bbox 2762 1982 2867 2021; x_wconf 90' lang='lat' dir='ltr'><strong>non</strong></span> <span class='ocrx_word' id='word_1_505' title='bbox 2892 1976 2975 2025; x_wconf 90' lang='lat' dir='ltr'><strong>est</strong></span> <span class='ocrx_word' id='word_1_506' title='bbox 2995 1968 3269 2036; x_wconf 86' lang='lat' dir='ltr'><strong>seductus,</strong></span> <span class='ocrx_word' id='word_1_507' title='bbox 3292 1970 3484 2027; x_wconf 87' lang='lat' dir='ltr'><strong>mulier</strong></span> 
     </span>
    </p>
   </div>
   <div class='ocr_carea' id='block_1_78' title="bbox 1908 2056 3481 2135">
    <p class='ocr_par' dir='ltr' id='par_1_78' title="bbox 1908 2056 3481 2135">
     <span class='ocr_line' id='line_1_78' title="bbox 1908 2056 3481 2135; baseline 0.004 -25"><span class='ocrx_word' id='word_1_508' title='bbox 1908 2063 2089 2111; x_wconf 89' lang='lat' dir='ltr'><strong>autem</strong></span> <span class='ocrx_word' id='word_1_509' title='bbox 2109 2056 2331 2113; x_wconf 87' lang='lat' dir='ltr'><strong>seducta</strong></span> <span class='ocrx_word' id='word_1_510' title='bbox 2348 2056 2401 2111; x_wconf 91' lang='lat' dir='ltr'><strong>in</strong></span> <span class='ocrx_word' id='word_1_511' title='bbox 2424 2059 2867 2127; x_wconf 62' lang='lat' dir='ltr'><strong>praevaricatione</strong></span> <span class='ocrx_word' id='word_1_512' title='bbox 2888 2056 2989 2115; x_wconf 80' lang='lat' dir='ltr'><strong>fuit</strong></span> <span class='ocrx_word' id='word_1_513' title='bbox 3009 2058 3061 2134; x_wconf 91' lang='grc' dir='ltr'><strong>(Ι</strong></span> <span class='ocrx_word' id='word_1_514' title='bbox 3085 2058 3218 2115; x_wconf 81' lang='lat' dir='ltr'><strong>Tim.</strong></span> <span class='ocrx_word' id='word_1_515' title='bbox 3242 2078 3302 2128; x_wconf 82' lang='grc' dir='ltr'><strong>ιι,</strong></span> <span class='ocrx_word' id='word_1_516' title='bbox 3328 2062 3438 2135; x_wconf 63' lang='lat' dir='ltr'><strong>li).</strong></span> <span class='ocrx_word' id='word_1_517' title='bbox 3462 2083 3481 2117; x_wconf 71' lang='grc' dir='ltr'><strong>ι</strong></span> 
     </span>
    </p>
   </div>
   <div class='ocr_carea' id='block_1_79' title="bbox 1908 2147 3484 2222">
    <p class='ocr_par' dir='ltr' id='par_1_79' title="bbox 1908 2147 3484 2222">
     <span class='ocr_line' id='line_1_79' title="bbox 1908 2147 3484 2222; baseline 0.005 -19"><span class='ocrx_word' id='word_1_518' title='bbox 1908 2147 2050 2221; x_wconf 86' lang='lat' dir='ltr'><strong>Ergo</strong></span> <span class='ocrx_word' id='word_1_519' title='bbox 2084 2148 2192 2204; x_wconf 82' lang='lat' dir='ltr'><strong>Eva</strong></span> <span class='ocrx_word' id='word_1_520' title='bbox 2220 2150 2467 2220; x_wconf 89' lang='lat' dir='ltr'><strong>peccavit</strong></span> <span class='ocrx_word' id='word_1_521' title='bbox 2497 2151 2822 2222; x_wconf 89' lang='lat' dir='ltr'><strong>ignorantia.</strong></span> <span class='ocrx_word' id='word_1_522' title='bbox 2853 2153 3024 2208; x_wconf 86' lang='lat' dir='ltr'><strong>Adam</strong></span> <span class='ocrx_word' id='word_1_523' title='bbox 3051 2169 3179 2209; x_wconf 86' lang='lat' dir='ltr'><strong>vero</strong></span> <span class='ocrx_word' id='word_1_524' title='bbox 3201 2154 3484 2222; x_wconf 83' lang='lat' dir='ltr'><strong>industria,</strong></span> 
     </span>
    </p>
   </div>
   <div class='ocr_carea' id='block_1_80' title="bbox 1907 2241 3487 2320">
    <p class='ocr_par' dir='ltr' id='par_1_80' title="bbox 1907 2241 3487 2320">
     <span class='ocr_line' id='line_1_80' title="bbox 1907 2241 3487 2320; baseline 0.006 -24"><span class='ocrx_word' id='word_1_525' title='bbox 1907 2241 2032 2312; x_wconf 89' lang='lat' dir='ltr'><strong>quia</strong></span> <span class='ocrx_word' id='word_1_526' title='bbox 2061 2257 2167 2298; x_wconf 88' lang='lat' dir='ltr'><strong>non</strong></span> <span class='ocrx_word' id='word_1_527' title='bbox 2195 2250 2280 2299; x_wconf 89' lang='lat' dir='ltr'><strong>est</strong></span> <span class='ocrx_word' id='word_1_528' title='bbox 2332 2242 2607 2311; x_wconf 89' lang='lat' dir='ltr'><strong>seductus,</strong></span> <span class='ocrx_word' id='word_1_529' title='bbox 2638 2245 2732 2302; x_wconf 89' lang='lat' dir='ltr'><strong>sed</strong></span> <span class='ocrx_word' id='word_1_530' title='bbox 2776 2247 2952 2304; x_wconf 86' lang='lat' dir='ltr'><strong>sciens</strong></span> <span class='ocrx_word' id='word_1_531' title='bbox 2993 2248 3332 2319; x_wconf 85' lang='lat' dir='ltr'><strong>prudensque</strong></span> <span class='ocrx_word' id='word_1_532' title='bbox 3357 2265 3487 2320; x_wconf 88' lang='lat' dir='ltr'><strong>pec-</strong></span> 
     </span>
    </p>
   </div>
   <div class='ocr_carea' id='block_1_81' title="bbox 1907 2332 3487 2409">
    <p class='ocr_par' dir='ltr' id='par_1_81' title="bbox 1907 2332 3487 2409">
     <span class='ocr_line' id='line_1_81' title="bbox 1907 2332 3487 2409; baseline 0.003 -19"><span class='ocrx_word' id='word_1_533' title='bbox 1907 2332 2069 2390; x_wconf 83' lang='lat' dir='ltr'><strong>cavit.</strong></span> <span class='ocrx_word' id='word_1_534' title='bbox 2097 2332 2201 2405; x_wconf 88' lang='lat' dir='ltr'><strong>Qui</strong></span> <span class='ocrx_word' id='word_1_535' title='bbox 2232 2349 2362 2390; x_wconf 90' lang='lat' dir='ltr'><strong>vero</strong></span> <span class='ocrx_word' id='word_1_536' title='bbox 2385 2334 2685 2403; x_wconf 88' lang='lat' dir='ltr'><strong>seducitur,</strong></span> <span class='ocrx_word' id='word_1_537' title='bbox 2714 2337 2845 2409; x_wconf 89' lang='lat' dir='ltr'><strong>quid</strong></span> <span class='ocrx_word' id='word_1_538' title='bbox 2875 2340 3176 2396; x_wconf 89' lang='lat' dir='ltr'><strong>consentiat</strong></span> <span class='ocrx_word' id='word_1_539' title='bbox 3206 2338 3487 2396; x_wconf 88' lang='lat' dir='ltr'><strong>evidenter</strong></span> 
     </span>
    </p>
   </div>
   <div class='ocr_carea' id='block_1_82' title="bbox 1907 2424 3489 2505">
    <p class='ocr_par' dir='ltr' id='par_1_82' title="bbox 1907 2424 3489 2505">
     <span class='ocr_line' id='line_1_82' title="bbox 1907 2424 3489 2505; baseline 0.006 -24"><span class='ocrx_word' id='word_1_540' title='bbox 1907 2426 2140 2498; x_wconf 87' lang='lat' dir='ltr'><strong>ignorat.</strong></span> <span class='ocrx_word' id='word_1_541' title='bbox 2162 2424 2239 2482; x_wconf 88' lang='lat' dir='ltr'><strong>De</strong></span> <span class='ocrx_word' id='word_1_542' title='bbox 2260 2426 2574 2485; x_wconf 82' lang='lat' dir='ltr'><strong>inﬁrmitate</strong></span> <span class='ocrx_word' id='word_1_543' title='bbox 2589 2438 2768 2485; x_wconf 91' lang='lat' dir='ltr'><strong>autem</strong></span> <span class='ocrx_word' id='word_1_544' title='bbox 2793 2430 2985 2487; x_wconf 89' lang='lat' dir='ltr'><strong>Petrus</strong></span> <span class='ocrx_word' id='word_1_545' title='bbox 3005 2431 3250 2504; x_wconf 87' lang='lat' dir='ltr'><strong>deliquit,</strong></span> <span class='ocrx_word' id='word_1_546' title='bbox 3272 2434 3489 2505; x_wconf 89' lang='lat' dir='ltr'><strong>quando</strong></span> 
     </span>
    </p>
   </div>
   <div class='ocr_carea' id='block_1_83' title="bbox 1910 2516 3487 2595">
    <p class='ocr_par' dir='ltr' id='par_1_83' title="bbox 1910 2516 3487 2595">
     <span class='ocr_line' id='line_1_83' title="bbox 1910 2516 3487 2595; baseline 0.004 -24"><span class='ocrx_word' id='word_1_547' title='bbox 1910 2518 1980 2573; x_wconf 86' lang='lat' dir='ltr'><strong>ad</strong></span> <span class='ocrx_word' id='word_1_548' title='bbox 2015 2527 2217 2572; x_wconf 92' lang='lat' dir='ltr'><strong>metum</strong></span> <span class='ocrx_word' id='word_1_549' title='bbox 2264 2516 2652 2591; x_wconf 83' lang='lat' dir='ltr'><strong>interrogantis</strong></span> <span class='ocrx_word' id='word_1_550' title='bbox 2694 2520 2902 2577; x_wconf 64' lang='lat' dir='ltr'><strong>ancillae</strong></span> <span class='ocrx_word' id='word_1_551' title='bbox 2931 2521 3206 2579; x_wconf 89' lang='lat' dir='ltr'><strong>Christum</strong></span> <span class='ocrx_word' id='word_1_552' title='bbox 3252 2524 3487 2595; x_wconf 84' lang='lat' dir='ltr'><strong>negavit,</strong></span> 
     </span>
    </p>
   </div>
   <div class='ocr_carea' id='block_1_84' title="bbox 1910 2612 3485 2681">
    <p class='ocr_par' dir='ltr' id='par_1_84' title="bbox 1910 2612 3485 2681">
     <span class='ocr_line' id='line_1_84' title="bbox 1910 2612 3485 2681; baseline 0.005 -19"><span class='ocrx_word' id='word_1_553' title='bbox 1910 2616 1967 2663; x_wconf 90' lang='lat' dir='ltr'><strong>et</strong></span> <span class='ocrx_word' id='word_1_554' title='bbox 1992 2616 2114 2678; x_wconf 91' lang='lat' dir='ltr'><strong>post</strong></span> <span class='ocrx_word' id='word_1_555' title='bbox 2141 2619 2420 2679; x_wconf 84' lang='lat' dir='ltr'><strong>peccatum</strong></span> <span class='ocrx_word' id='word_1_556' title='bbox 2475 2612 3031 2681; x_wconf 83' lang='lat' dir='ltr'><strong>amarissime&#39;ﬂevit.</strong></span> <span class='ocrx_word' id='word_1_557' title='bbox 3086 2614 3315 2672; x_wconf 88' lang='lat' dir='ltr'><strong>Gravius</strong></span> <span class='ocrx_word' id='word_1_558' title='bbox 3343 2615 3485 2670; x_wconf 89' lang='lat' dir='ltr'><strong>enim</strong></span> 
     </span>
    </p>
   </div>
   <div class='ocr_carea' id='block_1_85' title="bbox 1912 2696 3487 2774">
    <p class='ocr_par' dir='ltr' id='par_1_85' title="bbox 1912 2696 3487 2774">
     <span class='ocr_line' id='line_1_85' title="bbox 1912 2696 3487 2774; baseline 0.005 -22"><span class='ocrx_word' id='word_1_559' title='bbox 1912 2696 2230 2754; x_wconf 83' lang='lat' dir='ltr'><strong>inﬁrmitate</strong></span> <span class='ocrx_word' id='word_1_560' title='bbox 2277 2706 2360 2755; x_wconf 90' lang='lat' dir='ltr'><strong>est</strong></span> <span class='ocrx_word' id='word_1_561' title='bbox 2400 2716 2560 2771; x_wconf 88' lang='lat' dir='ltr'><strong>quam</strong></span> <span class='ocrx_word' id='word_1_562' title='bbox 2610 2701 2916 2772; x_wconf 89' lang='lat' dir='ltr'><strong>ignorantia</strong></span> <span class='ocrx_word' id='word_1_563' title='bbox 2947 2718 3273 2774; x_wconf 88' lang='lat' dir='ltr'><strong>quemquam</strong></span> <span class='ocrx_word' id='word_1_564' title='bbox 3316 2704 3487 2760; x_wconf 89' lang='lat' dir='ltr'><strong>delin-</strong></span> 
     </span>
    </p>
   </div>
   <div class='ocr_carea' id='block_1_86' title="bbox 1913 2791 3489 2867">
    <p class='ocr_par' dir='ltr' id='par_1_86' title="bbox 1913 2791 3489 2867">
     <span class='ocr_line' id='line_1_86' title="bbox 1913 2791 3489 2867; baseline 0.005 -23"><span class='ocrx_word' id='word_1_565' title='bbox 1913 2804 2102 2860; x_wconf 89' lang='lat' dir='ltr'><strong>quere,</strong></span> <span class='ocrx_word' id='word_1_566' title='bbox 2146 2791 2470 2863; x_wconf 89' lang='lat' dir='ltr'><strong>graviusque</strong></span> <span class='ocrx_word' id='word_1_567' title='bbox 2517 2791 2781 2847; x_wconf 87' lang='lat' dir='ltr'><strong>industria</strong></span> <span class='ocrx_word' id='word_1_568' title='bbox 2810 2795 2971 2865; x_wconf 79' lang='lat' dir='ltr'><strong>quam</strong></span> <span class='ocrx_word' id='word_1_569' title='bbox 3022 2794 3337 2851; x_wconf 80' lang='lat' dir='ltr'><strong>infirmitate</strong></span> <span class='ocrx_word' id='word_1_570' title='bbox 3364 2811 3489 2867; x_wconf 86' lang='lat' dir='ltr'><strong>pec-</strong></span> 
     </span>
    </p>
   </div>
   <div class='ocr_carea' id='block_1_87' title="bbox 1915 2882 3492 2957">
    <p class='ocr_par' dir='ltr' id='par_1_87' title="bbox 1915 2882 3492 2957">
     <span class='ocr_line' id='line_1_87' title="bbox 1915 2882 3492 2957; baseline 0.004 -21"><span class='ocrx_word' id='word_1_571' title='bbox 1915 2896 2076 2949; x_wconf 89' lang='lat' dir='ltr'><strong>care;</strong></span> <span class='ocrx_word' id='word_1_572' title='bbox 2106 2882 2371 2939; x_wconf 88' lang='lat' dir='ltr'><strong>industria</strong></span> <span class='ocrx_word' id='word_1_573' title='bbox 2399 2898 2631 2954; x_wconf 88' lang='lat' dir='ltr'><strong>namque</strong></span> <span class='ocrx_word' id='word_1_574' title='bbox 2664 2894 2852 2955; x_wconf 88' lang='lat' dir='ltr'><strong>peccat</strong></span> <span class='ocrx_word' id='word_1_575' title='bbox 2873 2886 2967 2957; x_wconf 89' lang='lat' dir='ltr'><strong>qui</strong></span> <span class='ocrx_word' id='word_1_576' title='bbox 3005 2888 3239 2942; x_wconf 85' lang='lat' dir='ltr'><strong>studium</strong></span> <span class='ocrx_word' id='word_1_577' title='bbox 3269 2904 3334 2943; x_wconf 90' lang='lat' dir='ltr'><strong>ac</strong></span> <span class='ocrx_word' id='word_1_578' title='bbox 3359 2888 3492 2945; x_wconf 86' lang='lat' dir='ltr'><strong>deli-</strong></span> 
     </span>
    </p>
   </div>
   <div class='ocr_carea' id='block_1_88' title="bbox 1914 2972 3489 3053">
    <p class='ocr_par' dir='ltr' id='par_1_88' title="bbox 1914 2972 3489 3053">
     <span class='ocr_line' id='line_1_88' title="bbox 1914 2972 3489 3053; baseline 0.004 -24"><span class='ocrx_word' id='word_1_579' title='bbox 1914 2973 2211 3029; x_wconf 86' lang='lat' dir='ltr'><strong>berationis</strong></span> <span class='ocrx_word' id='word_1_580' title='bbox 2235 2972 2420 3047; x_wconf 74' lang='lat' dir='ltr'><strong>[Forte</strong></span> <span class='ocrx_word' id='word_1_581' title='bbox 2439 2992 2549 3029; x_wconf 89' lang='lat' dir='ltr'><strong>cor.</strong></span> <span class='ocrx_word' id='word_1_582' title='bbox 2575 2976 2754 3031; x_wconf 90' lang='lat' dir='ltr'><strong>studio</strong></span> <span class='ocrx_word' id='word_1_583' title='bbox 2775 2990 2840 3031; x_wconf 89' lang='lat' dir='ltr'><strong>ac</strong></span> <span class='ocrx_word' id='word_1_584' title='bbox 2863 2976 3271 3053; x_wconf 86' lang='lat' dir='ltr'><strong>deliberatione]</strong></span> <span class='ocrx_word' id='word_1_585' title='bbox 3291 2980 3489 3035; x_wconf 90' lang='lat' dir='ltr'><strong>mentis</strong></span> 
     </span>
    </p>
   </div>
   <div class='ocr_carea' id='block_1_89' title="bbox 1916 3064 3492 3140">
    <p class='ocr_par' dir='ltr' id='par_1_89' title="bbox 1916 3064 3492 3140">
     <span class='ocr_line' id='line_1_89' title="bbox 1916 3064 3492 3140; baseline 0.003 -20"><span class='ocrx_word' id='word_1_586' title='bbox 1916 3064 2116 3120; x_wconf 89' lang='lat' dir='ltr'><strong>malum</strong></span> <span class='ocrx_word' id='word_1_587' title='bbox 2139 3066 2271 3137; x_wconf 86' lang='lat' dir='ltr'><strong>agit,</strong></span> <span class='ocrx_word' id='word_1_588' title='bbox 2287 3064 2601 3121; x_wconf 82' lang='lat' dir='ltr'><strong>inﬁmitate</strong></span> <span class='ocrx_word' id='word_1_589' title='bbox 2620 3075 2797 3121; x_wconf 88' lang='lat' dir='ltr'><strong>autem</strong></span> <span class='ocrx_word' id='word_1_590' title='bbox 2817 3068 2909 3138; x_wconf 91' lang='lat' dir='ltr'><strong>qui</strong></span> <span class='ocrx_word' id='word_1_591' title='bbox 2931 3082 3059 3124; x_wconf 85' lang='lat' dir='ltr'><strong>casu</strong></span> <span class='ocrx_word' id='word_1_592' title='bbox 3080 3068 3160 3124; x_wconf 87' lang='lat' dir='ltr'><strong>vel</strong></span> <span class='ocrx_word' id='word_1_593' title='bbox 3190 3070 3492 3140; x_wconf 82' lang='lat' dir='ltr'><strong>praecipita-</strong></span> 
     </span>
    </p>
   </div>
   <div class='ocr_carea' id='block_1_90' title="bbox 1917 3156 3488 3232">
    <p class='ocr_par' dir='ltr' id='par_1_90' title="bbox 1917 3156 3488 3232">
     <span class='ocr_line' id='line_1_90' title="bbox 1917 3156 3488 3232; baseline 0.004 -21"><span class='ocrx_word' id='word_1_594' title='bbox 1917 3157 2061 3212; x_wconf 90' lang='lat' dir='ltr'><strong>tione</strong></span> <span class='ocrx_word' id='word_1_595' title='bbox 2085 3156 2369 3228; x_wconf 89' lang='lat' dir='ltr'><strong>delinquit.</strong></span> <span class='ocrx_word' id='word_1_596' title='bbox 2397 3156 2637 3230; x_wconf 75' lang='lat' dir='ltr'><strong>Nequius</strong></span> <span class='ocrx_word' id='word_1_597' title='bbox 2662 3168 2844 3214; x_wconf 83' lang='lat' dir='ltr'><strong>autem</strong></span> <span class='ocrx_word' id='word_1_598' title='bbox 2873 3168 2929 3215; x_wconf 89' lang='lat' dir='ltr'><strong>et</strong></span> <span class='ocrx_word' id='word_1_599' title='bbox 2956 3159 3217 3217; x_wconf 87' lang='lat' dir='ltr'><strong>industria</strong></span> <span class='ocrx_word' id='word_1_600' title='bbox 3241 3170 3488 3232; x_wconf 84' lang='lat' dir='ltr'><strong>peccant,</strong></span> 
     </span>
    </p>
   </div>
   <div class='ocr_carea' id='block_1_91' title="bbox 1915 3248 3492 3319">
    <p class='ocr_par' dir='ltr' id='par_1_91' title="bbox 1915 3248 3492 3319">
     <span class='ocr_line' id='line_1_91' title="bbox 1915 3248 3492 3319; baseline 0.003 -16"><span class='ocrx_word' id='word_1_601' title='bbox 1915 3249 2011 3319; x_wconf 88' lang='lat' dir='ltr'><strong>qui</strong></span> <span class='ocrx_word' id='word_1_602' title='bbox 2038 3263 2146 3305; x_wconf 93' lang='lat' dir='ltr'><strong>non</strong></span> <span class='ocrx_word' id='word_1_603' title='bbox 2169 3248 2341 3305; x_wconf 89' lang='lat' dir='ltr'><strong>solum</strong></span> <span class='ocrx_word' id='word_1_604' title='bbox 2371 3264 2479 3305; x_wconf 91' lang='lat' dir='ltr'><strong>non</strong></span> <span class='ocrx_word' id='word_1_605' title='bbox 2502 3250 2640 3304; x_wconf 88' lang='lat' dir='ltr'><strong>bene</strong></span> <span class='ocrx_word' id='word_1_606' title='bbox 2678 3250 2887 3315; x_wconf 79' lang='lat' dir='ltr'><strong>vivunt,</strong></span> <span class='ocrx_word' id='word_1_607' title='bbox 2916 3250 3009 3306; x_wconf 90' lang='lat' dir='ltr'><strong>sed</strong></span> <span class='ocrx_word' id='word_1_608' title='bbox 3057 3251 3232 3307; x_wconf 90' lang='lat' dir='ltr'><strong>adbuc</strong></span> <span class='ocrx_word' id='word_1_609' title='bbox 3253 3251 3391 3307; x_wconf 90' lang='lat' dir='ltr'><strong>bene</strong></span> <span class='ocrx_word' id='word_1_610' title='bbox 3413 3252 3492 3307; x_wconf 87' lang='lat' dir='ltr'><strong>vi-</strong></span> 
     </span>
    </p>
   </div>
   <div class='ocr_carea' id='block_1_92' title="bbox 1911 3340 3489 3413">
    <p class='ocr_par' dir='ltr' id='par_1_92' title="bbox 1911 3340 3489 3413">
     <span class='ocr_line' id='line_1_92' title="bbox 1911 3340 3489 3413; baseline 0.003 -18"><span class='ocrx_word' id='word_1_611' title='bbox 1911 3350 2122 3408; x_wconf 85' lang='lat' dir='ltr'><strong>ventes,</strong></span> <span class='ocrx_word' id='word_1_612' title='bbox 2153 3340 2197 3397; x_wconf 92' lang='lat' dir='ltr'><strong>si</strong></span> <span class='ocrx_word' id='word_1_613' title='bbox 2228 3348 2476 3413; x_wconf 86' lang='lat' dir='ltr'><strong>possunt,</strong></span> <span class='ocrx_word' id='word_1_614' title='bbox 2507 3354 2539 3396; x_wconf 88' lang='lat' dir='ltr'><strong>a</strong></span> <span class='ocrx_word' id='word_1_615' title='bbox 2580 3341 2805 3397; x_wconf 89' lang='lat' dir='ltr'><strong>veritate</strong></span> <span class='ocrx_word' id='word_1_616' title='bbox 2843 3341 3136 3399; x_wconf 81' lang='lat' dir='ltr'><strong>divertunt.</strong></span> <span class='ocrx_word' id='word_1_617' title='bbox 3169 3343 3306 3399; x_wconf 90' lang='lat' dir='ltr'><strong>Sunt</strong></span> <span class='ocrx_word' id='word_1_618' title='bbox 3344 3344 3489 3401; x_wconf 90' lang='lat' dir='ltr'><strong>enim</strong></span> 
     </span>
    </p>
   </div>
   <div class='ocr_carea' id='block_1_93' title="bbox 1912 3432 3518 3506">
    <p class='ocr_par' dir='ltr' id='par_1_93' title="bbox 1912 3432 3518 3506">
     <span class='ocr_line' id='line_1_93' title="bbox 1912 3432 3518 3506; baseline 0.003 -20"><span class='ocrx_word' id='word_1_619' title='bbox 1912 3432 2005 3502; x_wconf 92' lang='lat' dir='ltr'><strong>qui</strong></span> <span class='ocrx_word' id='word_1_620' title='bbox 2027 3432 2341 3503; x_wconf 90' lang='lat' dir='ltr'><strong>ignoranter</strong></span> <span class='ocrx_word' id='word_1_621' title='bbox 2374 3441 2622 3504; x_wconf 88' lang='lat' dir='ltr'><strong>peccant,</strong></span> <span class='ocrx_word' id='word_1_622' title='bbox 2650 3442 2707 3490; x_wconf 85' lang='lat' dir='ltr'><strong>et</strong></span> <span class='ocrx_word' id='word_1_623' title='bbox 2726 3441 2851 3490; x_wconf 86' lang='lat' dir='ltr'><strong>sunt</strong></span> <span class='ocrx_word' id='word_1_624' title='bbox 2875 3436 2967 3506; x_wconf 90' lang='lat' dir='ltr'><strong>qui</strong></span> <span class='ocrx_word' id='word_1_625' title='bbox 3012 3437 3266 3503; x_wconf 83' lang='lat' dir='ltr'><strong>scienter,</strong></span> <span class='ocrx_word' id='word_1_626' title='bbox 3289 3444 3345 3492; x_wconf 91' lang='lat' dir='ltr'><strong>et</strong></span> <span class='ocrx_word' id='word_1_627' title='bbox 3368 3437 3518 3494; x_wconf 80' lang='lat' dir='ltr'><strong>sunt‘</strong></span> 
     </span>
    </p>
   </div>
   <div class='ocr_carea' id='block_1_94' title="bbox 1913 3524 3490 3598">
    <p class='ocr_par' dir='ltr' id='par_1_94' title="bbox 1913 3524 3490 3598">
     <span class='ocr_line' id='line_1_94' title="bbox 1913 3524 3490 3598; baseline 0.003 -18"><span class='ocrx_word' id='word_1_628' title='bbox 1913 3524 2076 3580; x_wconf 89' lang='lat' dir='ltr'><strong>etiam</strong></span> <span class='ocrx_word' id='word_1_629' title='bbox 2105 3533 2160 3581; x_wconf 91' lang='lat' dir='ltr'><strong>et</strong></span> <span class='ocrx_word' id='word_1_630' title='bbox 2184 3526 2273 3597; x_wconf 90' lang='lat' dir='ltr'><strong>qui</strong></span> <span class='ocrx_word' id='word_1_631' title='bbox 2312 3543 2412 3598; x_wconf 88' lang='lat' dir='ltr'><strong>pro</strong></span> <span class='ocrx_word' id='word_1_632' title='bbox 2457 3527 2773 3598; x_wconf 78' lang='lat' dir='ltr'><strong>ignorantiae</strong></span> <span class='ocrx_word' id='word_1_633' title='bbox 2827 3529 3172 3585; x_wconf 79' lang='lat' dir='ltr'><strong>excusatione</strong></span> <span class='ocrx_word' id='word_1_634' title='bbox 3213 3530 3352 3585; x_wconf 91' lang='lat' dir='ltr'><strong>scire</strong></span> <span class='ocrx_word' id='word_1_635' title='bbox 3395 3546 3490 3585; x_wconf 92' lang='lat' dir='ltr'><strong>no-</strong></span> 
     </span>
    </p>
   </div>
   <div class='ocr_carea' id='block_1_95' title="bbox 1913 3615 3488 3691">
    <p class='ocr_par' dir='ltr' id='par_1_95' title="bbox 1913 3615 3488 3691">
     <span class='ocr_line' id='line_1_95' title="bbox 1913 3615 3488 3691; baseline 0.004 -21"><span class='ocrx_word' id='word_1_636' title='bbox 1913 3615 2052 3682; x_wconf 91' lang='lat' dir='ltr'><strong>lunt,</strong></span> <span class='ocrx_word' id='word_1_637' title='bbox 2078 3626 2138 3672; x_wconf 95' lang='lat' dir='ltr'><strong>ut</strong></span> <span class='ocrx_word' id='word_1_638' title='bbox 2163 3618 2340 3672; x_wconf 87' lang='lat' dir='ltr'><strong>minus</strong></span> <span class='ocrx_word' id='word_1_639' title='bbox 2365 3618 2665 3687; x_wconf 87' lang='lat' dir='ltr'><strong>culpabiles</strong></span> <span class='ocrx_word' id='word_1_640' title='bbox 2690 3618 3010 3685; x_wconf 83' lang='lat' dir='ltr'><strong>habeantur,</strong></span> <span class='ocrx_word' id='word_1_641' title='bbox 3039 3620 3133 3691; x_wconf 88' lang='lat' dir='ltr'><strong>qui</strong></span> <span class='ocrx_word' id='word_1_642' title='bbox 3180 3630 3357 3676; x_wconf 87' lang='lat' dir='ltr'><strong>tamen</strong></span> <span class='ocrx_word' id='word_1_643' title='bbox 3399 3638 3488 3677; x_wconf 80' lang='lat' dir='ltr'><strong>se-</strong></span> 
     </span>
    </p>
   </div>
   <div class='ocr_carea' id='block_1_96' title="bbox 1914 3702 3491 3781">
    <p class='ocr_par' dir='ltr' id='par_1_96' title="bbox 1914 3702 3491 3781">
     <span class='ocr_line' id='line_1_96' title="bbox 1914 3702 3491 3781; baseline 0.004 -20"><span class='ocrx_word' id='word_1_644' title='bbox 1914 3702 2061 3778; x_wconf 85' lang='lat' dir='ltr'><strong>ipsos</strong></span> <span class='ocrx_word' id='word_1_645' title='bbox 2095 3724 2203 3763; x_wconf 87' lang='lat' dir='ltr'><strong>non</strong></span> <span class='ocrx_word' id='word_1_646' title='bbox 2235 3710 2505 3773; x_wconf 90' lang='lat' dir='ltr'><strong>minuunt,</strong></span> <span class='ocrx_word' id='word_1_647' title='bbox 2552 3708 2647 3764; x_wconf 88' lang='lat' dir='ltr'><strong>sed</strong></span> <span class='ocrx_word' id='word_1_648' title='bbox 2694 3710 2865 3781; x_wconf 87' lang='lat' dir='ltr'><strong>magis</strong></span> <span class='ocrx_word' id='word_1_649' title='bbox 2919 3711 3215 3781; x_wconf 87' lang='lat' dir='ltr'><strong>decipiunt.</strong></span> <span class='ocrx_word' id='word_1_650' title='bbox 3266 3710 3491 3769; x_wconf 78' lang='lat' dir='ltr'><strong>Nescire</strong></span> 
     </span>
    </p>
   </div>
   <div class='ocr_carea' id='block_1_97' title="bbox 1915 3800 3490 3883">
    <p class='ocr_par' dir='ltr' id='par_1_97' title="bbox 1915 3800 3490 3883">
     <span class='ocr_line' id='line_1_97' title="bbox 1915 3800 3490 3883; baseline 0.003 -29"><span class='ocrx_word' id='word_1_651' title='bbox 1915 3800 2233 3871; x_wconf 90' lang='lat' dir='ltr'><strong>simpliciter</strong></span> <span class='ocrx_word' id='word_1_652' title='bbox 2282 3802 2350 3856; x_wconf 91' lang='lat' dir='ltr'><strong>ad</strong></span> <span class='ocrx_word' id='word_1_653' title='bbox 2396 3802 2754 3872; x_wconf 89' lang='lat' dir='ltr'><strong>ignorantiam</strong></span> <span class='ocrx_word' id='word_1_654' title='bbox 2798 3803 3049 3871; x_wconf 86' lang='lat' dir='ltr'><strong>pertinet.</strong></span> <span class='ocrx_word' id='word_1_655' title='bbox 3092 3802 3335 3883; x_wconf 78' lang='lat' dir='ltr'><strong>Noluisse</strong></span> <span class='ocrx_word' id='word_1_656' title='bbox 3362 3820 3490 3860; x_wconf 87' lang='lat' dir='ltr'><strong>vero</strong></span> 
     </span>
    </p>
   </div>
   <div class='ocr_carea' id='block_1_98' title="bbox 1915 3893 3490 3967">
    <p class='ocr_par' dir='ltr' id='par_1_98' title="bbox 1915 3893 3490 3967">
     <span class='ocr_line' id='line_1_98' title="bbox 1915 3893 3490 3967; baseline 0.001 -18"><span class='ocrx_word' id='word_1_657' title='bbox 1915 3893 2056 3949; x_wconf 88' lang='lat' dir='ltr'><strong>scire</strong></span> <span class='ocrx_word' id='word_1_658' title='bbox 2079 3893 2145 3949; x_wconf 90' lang='lat' dir='ltr'><strong>ad</strong></span> <span class='ocrx_word' id='word_1_659' title='bbox 2171 3900 2541 3949; x_wconf 87' lang='lat' dir='ltr'><strong>contumacem</strong></span> <span class='ocrx_word' id='word_1_660' title='bbox 2570 3893 2896 3963; x_wconf 88' lang='lat' dir='ltr'><strong>superbiam.</strong></span> <span class='ocrx_word' id='word_1_661' title='bbox 2929 3894 3270 3951; x_wconf 77' lang='lat' dir='ltr'><strong>Voluntatem</strong></span> <span class='ocrx_word' id='word_1_662' title='bbox 3293 3898 3490 3967; x_wconf 85' lang='lat' dir='ltr'><strong>quippe</strong></span> 
     </span>
    </p>
   </div>
   <div class='ocr_carea' id='block_1_99' title="bbox 1913 3984 3490 4058">
    <p class='ocr_par' dir='ltr' id='par_1_99' title="bbox 1913 3984 3490 4058">
     <span class='ocr_line' id='line_1_99' title="bbox 1913 3984 3490 4058; baseline 0.001 -16"><span class='ocrx_word' id='word_1_663' title='bbox 1913 3986 2123 4058; x_wconf 89' lang='lat' dir='ltr'><strong>proprii</strong></span> <span class='ocrx_word' id='word_1_664' title='bbox 2143 3985 2347 4042; x_wconf 91' lang='lat' dir='ltr'><strong>domini</strong></span> <span class='ocrx_word' id='word_1_665' title='bbox 2368 3984 2506 4043; x_wconf 90' lang='lat' dir='ltr'><strong>velle</strong></span> <span class='ocrx_word' id='word_1_666' title='bbox 2530 3986 2743 4042; x_wconf 88' lang='lat' dir='ltr'><strong>nescire</strong></span> <span class='ocrx_word' id='word_1_667' title='bbox 2769 3984 2985 4058; x_wconf 89' lang='lat' dir='ltr'><strong>quidem</strong></span> <span class='ocrx_word' id='word_1_668' title='bbox 3008 3985 3153 4041; x_wconf 87' lang='lat' dir='ltr'><strong>aliud</strong></span> <span class='ocrx_word' id='word_1_669' title='bbox 3172 4002 3334 4057; x_wconf 87' lang='lat' dir='ltr'><strong>quam</strong></span> <span class='ocrx_word' id='word_1_670' title='bbox 3356 3987 3490 4043; x_wconf 80' lang='lat' dir='ltr'><strong>velle</strong></span> 
     </span>
    </p>
   </div>
   <div class='ocr_carea' id='block_1_100' title="bbox 1914 4081 3488 4156">
    <p class='ocr_par' dir='ltr' id='par_1_100' title="bbox 1914 4081 3488 4156">
     <span class='ocr_line' id='line_1_100' title="bbox 1914 4081 3488 4156; baseline 0.002 -19"><span class='ocrx_word' id='word_1_671' title='bbox 1914 4081 2192 4137; x_wconf 91' lang='lat' dir='ltr'><strong>dominum</strong></span> <span class='ocrx_word' id='word_1_672' title='bbox 2249 4082 2610 4153; x_wconf 89' lang='lat' dir='ltr'><strong>superbiendo</strong></span> <span class='ocrx_word' id='word_1_673' title='bbox 2673 4090 3068 4139; x_wconf 89' lang='lat' dir='ltr'><strong>contemnere:</strong></span> <span class='ocrx_word' id='word_1_674' title='bbox 3123 4099 3282 4140; x_wconf 89' lang='lat' dir='ltr'><strong>nemo</strong></span> <span class='ocrx_word' id='word_1_675' title='bbox 3334 4083 3488 4156; x_wconf 88' lang='lat' dir='ltr'><strong>igno-</strong></span> 
     </span>
    </p>
   </div>
   <div class='ocr_carea' id='block_1_101' title="bbox 1915 4174 3491 4248">
    <p class='ocr_par' dir='ltr' id='par_1_101' title="bbox 1915 4174 3491 4248">
     <span class='ocr_line' id='line_1_101' title="bbox 1915 4174 3491 4248; baseline 0 -17"><span class='ocrx_word' id='word_1_676' title='bbox 1915 4191 2046 4232; x_wconf 89' lang='lat' dir='ltr'><strong>rans</strong></span> <span class='ocrx_word' id='word_1_677' title='bbox 2070 4174 2163 4231; x_wconf 88' lang='lat' dir='ltr'><strong>Dei</strong></span> <span class='ocrx_word' id='word_1_678' title='bbox 2191 4175 2496 4248; x_wconf 89' lang='lat' dir='ltr'><strong>ignorantia</strong></span> <span class='ocrx_word' id='word_1_679' title='bbox 2521 4191 2579 4232; x_wconf 88' lang='lat' dir='ltr'><strong>se</strong></span> <span class='ocrx_word' id='word_1_680' title='bbox 2602 4184 2845 4242; x_wconf 78' lang='lat' dir='ltr'><strong>excuset,</strong></span> <span class='ocrx_word' id='word_1_681' title='bbox 2865 4176 2992 4246; x_wconf 89' lang='lat' dir='ltr'><strong>quia</strong></span> <span class='ocrx_word' id='word_1_682' title='bbox 3022 4176 3163 4233; x_wconf 87' lang='lat' dir='ltr'><strong>Deus</strong></span> <span class='ocrx_word' id='word_1_683' title='bbox 3187 4193 3291 4231; x_wconf 90' lang='lat' dir='ltr'><strong>non</strong></span> <span class='ocrx_word' id='word_1_684' title='bbox 3318 4175 3491 4231; x_wconf 84' lang='lat' dir='ltr'><strong>solum</strong></span> 
     </span>
    </p>
   </div>
   <div class='ocr_carea' id='block_1_102' title="bbox 1915 4266 3492 4339">
    <p class='ocr_par' dir='ltr' id='par_1_102' title="bbox 1915 4266 3492 4339">
     <span class='ocr_line' id='line_1_102' title="bbox 1915 4266 3492 4339; baseline 0.001 -17"><span class='ocrx_word' id='word_1_685' title='bbox 1915 4281 2009 4322; x_wconf 91' lang='lat' dir='ltr'><strong>eos</strong></span> <span class='ocrx_word' id='word_1_686' title='bbox 2047 4266 2255 4339; x_wconf 87' lang='lat' dir='ltr'><strong>judicat</strong></span> <span class='ocrx_word' id='word_1_687' title='bbox 2309 4267 2469 4338; x_wconf 84' lang='lat' dir='ltr'><strong>quia</strong></span> <span class='ocrx_word' id='word_1_688' title='bbox 2508 4268 2816 4339; x_wconf 88' lang='lat' dir='ltr'><strong>cognitione</strong></span> <span class='ocrx_word' id='word_1_689' title='bbox 2867 4284 2960 4324; x_wconf 90' lang='lat' dir='ltr'><strong>sua</strong></span> <span class='ocrx_word' id='word_1_690' title='bbox 3010 4277 3375 4336; x_wconf 88' lang='lat' dir='ltr'><strong>revertuntur,</strong></span> <span class='ocrx_word' id='word_1_691' title='bbox 3399 4268 3492 4324; x_wconf 87' lang='lat' dir='ltr'><strong>sed</strong></span> 
     </span>
    </p>
   </div>
   <div class='ocr_carea' id='block_1_103' title="bbox 1916 4356 3494 4428">
    <p class='ocr_par' dir='ltr' id='par_1_103' title="bbox 1916 4356 3494 4428">
     <span class='ocr_line' id='line_1_103' title="bbox 1916 4356 3494 4428; baseline 0.001 -15"><span class='ocrx_word' id='word_1_692' title='bbox 1916 4357 2079 4413; x_wconf 89' lang='lat' dir='ltr'><strong>etiam</strong></span> <span class='ocrx_word' id='word_1_693' title='bbox 2109 4356 2228 4413; x_wconf 89' lang='lat' dir='ltr'><strong>illos</strong></span> <span class='ocrx_word' id='word_1_694' title='bbox 2270 4356 2363 4428; x_wconf 92' lang='lat' dir='ltr'><strong>qui</strong></span> <span class='ocrx_word' id='word_1_695' title='bbox 2412 4359 2740 4425; x_wconf 88' lang='lat' dir='ltr'><strong>nescierunt,</strong></span> <span class='ocrx_word' id='word_1_696' title='bbox 2772 4366 3003 4415; x_wconf 87' lang='lat' dir='ltr'><strong>testante</strong></span> <span class='ocrx_word' id='word_1_697' title='bbox 3033 4358 3220 4415; x_wconf 89' lang='lat' dir='ltr'><strong>eodem</strong></span> <span class='ocrx_word' id='word_1_698' title='bbox 3266 4358 3494 4415; x_wconf 88' lang='lat' dir='ltr'><strong>Domino</strong></span> 
     </span>
    </p>
   </div>
   <div class='ocr_carea' id='block_1_104' title="bbox 1916 4449 3491 4522">
    <p class='ocr_par' dir='ltr' id='par_1_104' title="bbox 1916 4449 3491 4522">
     <span class='ocr_line' id='line_1_104' title="bbox 1916 4449 3491 4522; baseline 0.003 -18"><span class='ocrx_word' id='word_1_699' title='bbox 1916 4463 2013 4521; x_wconf 90' lang='lat' dir='ltr'><strong>per</strong></span> <span class='ocrx_word' id='word_1_700' title='bbox 2060 4449 2412 4520; x_wconf 87' lang='lat' dir='ltr'><strong>prophetam:</strong></span> <span class='ocrx_word' id='word_1_701' title='bbox 2455 4468 2475 4501; x_wconf 74' lang='grc' dir='ltr'>ί</span> <span class='ocrx_word' id='word_1_702' title='bbox 2526 4449 2873 4520; x_wconf 84' lang='lat' dir='ltr'><strong>Disperdam,</strong></span> <span class='ocrx_word' id='word_1_703' title='bbox 2924 4450 3125 4522; x_wconf 90' lang='lat' dir='ltr'><strong>inquit,</strong></span> <span class='ocrx_word' id='word_1_704' title='bbox 3178 4452 3421 4508; x_wconf 87' lang='lat' dir='ltr'><strong>homines</strong></span> <span class='ocrx_word' id='word_1_705' title='bbox 3463 4469 3491 4507; x_wconf 90' lang='lat' dir='ltr'><strong>a</strong></span> 
     </span>
    </p>
   </div>
   <div class='ocr_carea' id='block_1_105' title="bbox 1920 4545 3490 4620">
    <p class='ocr_par' dir='ltr' id='par_1_105' title="bbox 1920 4545 3490 4620">
     <span class='ocr_line' id='line_1_105' title="bbox 1920 4545 3490 4620; baseline 0.003 -21"><span class='ocrx_word' id='word_1_706' title='bbox 1920 4545 2059 4601; x_wconf 82' lang='lat' dir='ltr'><strong>facie</strong></span> <span class='ocrx_word' id='word_1_707' title='bbox 2092 4556 2338 4613; x_wconf 76' lang='lat' dir='ltr'><strong>terrze,et</strong></span> <span class='ocrx_word' id='word_1_708' title='bbox 2365 4563 2459 4602; x_wconf 85' lang='lat' dir='ltr'><strong>eos</strong></span> <span class='ocrx_word' id='word_1_709' title='bbox 2486 4548 2577 4619; x_wconf 90' lang='lat' dir='ltr'><strong>qui</strong></span> <span class='ocrx_word' id='word_1_710' title='bbox 2613 4555 2932 4603; x_wconf 86' lang='lat' dir='ltr'><strong>avertuntur</strong></span> <span class='ocrx_word' id='word_1_711' title='bbox 2959 4556 3081 4619; x_wconf 91' lang='lat' dir='ltr'><strong>post</strong></span> <span class='ocrx_word' id='word_1_712' title='bbox 3125 4555 3335 4620; x_wconf 85' lang='lat' dir='ltr'><strong>tergum</strong></span> <span class='ocrx_word' id='word_1_713' title='bbox 3385 4548 3490 4603; x_wconf 85' lang='lat' dir='ltr'><strong>Do-</strong></span> 
     </span>
    </p>
   </div>
   <div class='ocr_carea' id='block_1_106' title="bbox 1919 4635 3492 4709">
    <p class='ocr_par' dir='ltr' id='par_1_106' title="bbox 1919 4635 3492 4709">
     <span class='ocr_line' id='line_1_106' title="bbox 1919 4635 3492 4709; baseline 0.002 -18"><span class='ocrx_word' id='word_1_714' title='bbox 1919 4635 2050 4692; x_wconf 90' lang='lat' dir='ltr'><strong>mini</strong></span> <span class='ocrx_word' id='word_1_715' title='bbox 2074 4645 2128 4693; x_wconf 91' lang='lat' dir='ltr'><strong>et</strong></span> <span class='ocrx_word' id='word_1_716' title='bbox 2175 4638 2267 4709; x_wconf 89' lang='lat' dir='ltr'><strong>qui</strong></span> <span class='ocrx_word' id='word_1_717' title='bbox 2298 4653 2402 4693; x_wconf 92' lang='lat' dir='ltr'><strong>non</strong></span> <span class='ocrx_word' id='word_1_718' title='bbox 2428 4639 2759 4708; x_wconf 72' lang='lat' dir='ltr'><strong>qumsierunt</strong></span> <span class='ocrx_word' id='word_1_719' title='bbox 2804 4640 3091 4694; x_wconf 90' lang='lat' dir='ltr'><strong>Dominum</strong></span> <span class='ocrx_word' id='word_1_720' title='bbox 3129 4644 3237 4694; x_wconf 90' lang='lat' dir='ltr'><strong>nec&#39;</strong></span> <span class='ocrx_word' id='word_1_721' title='bbox 3270 4640 3492 4695; x_wconf 86' lang='lat' dir='ltr'><strong>investi-</strong></span> 
     </span>
    </p>
   </div>
   <div class='ocr_carea' id='block_1_107' title="bbox 1918 4719 3491 4801">
    <p class='ocr_par' dir='ltr' id='par_1_107' title="bbox 1918 4719 3491 4801">
     <span class='ocr_line' id='line_1_107' title="bbox 1918 4719 3491 4801; baseline 0.003 -18"><span class='ocrx_word' id='word_1_722' title='bbox 1918 4738 2184 4801; x_wconf 82' lang='lat' dir='ltr'><strong>gaverunt</strong></span> <span class='ocrx_word' id='word_1_723' title='bbox 2211 4745 2335 4785; x_wconf 90' lang='lat' dir='ltr'><strong>eum</strong></span> <span class='ocrx_word' id='word_1_724' title='bbox 2359 4727 2543 4801; x_wconf 83' lang='lat' dir='ltr'><strong>(Soph.</strong></span> <span class='ocrx_word' id='word_1_725' title='bbox 2568 4745 2608 4796; x_wconf 84' lang='grc' dir='ltr'><strong>ι,</strong></span> <span class='ocrx_word' id='word_1_726' title='bbox 2637 4729 2713 4799; x_wconf 75' lang='grc' dir='ltr'><strong>ὅ).</strong></span> <span class='ocrx_word' id='word_1_727' title='bbox 2740 4750 2757 4781; x_wconf 75' lang='grc' dir='ltr'><strong><em>ι</em></strong></span> <span class='ocrx_word' id='word_1_728' title='bbox 2790 4730 2857 4785; x_wconf 81' lang='lat' dir='ltr'><strong>Et</strong></span> <span class='ocrx_word' id='word_1_729' title='bbox 2885 4724 3163 4787; x_wconf 88' lang='lat' dir='ltr'><strong>Psaimus:</strong></span> <span class='ocrx_word' id='word_1_730' title='bbox 3192 4719 3217 4783; x_wconf 62' lang='grc' dir='ltr'><em>ό</em></span> <span class='ocrx_word' id='word_1_731' title='bbox 3246 4728 3491 4800; x_wconf 75' lang='lat' dir='ltr'><strong>Emmde,</strong></span> 
     </span>
    </p>
   </div>
   <div class='ocr_carea' id='block_1_108' title="bbox 1921 4812 3496 4892">
    <p class='ocr_par' dir='ltr' id='par_1_108' title="bbox 1921 4812 3496 4892">
     <span class='ocr_line' id='line_1_108' title="bbox 1921 4812 3496 4892; baseline 0.002 -17"><span class='ocrx_word' id='word_1_732' title='bbox 1921 4820 2119 4891; x_wconf 91' lang='lat' dir='ltr'><strong>inquit,</strong></span> <span class='ocrx_word' id='word_1_733' title='bbox 2170 4820 2306 4875; x_wconf 91' lang='lat' dir='ltr'><strong>iram</strong></span> <span class='ocrx_word' id='word_1_734' title='bbox 2338 4828 2482 4874; x_wconf 88' lang='lat' dir='ltr'><strong>tuam</strong></span> <span class='ocrx_word' id='word_1_735' title='bbox 2527 4819 2582 4875; x_wconf 90' lang='lat' dir='ltr'><strong>in</strong></span> <span class='ocrx_word' id='word_1_736' title='bbox 2629 4831 2815 4892; x_wconf 84' lang='lat' dir='ltr'><strong>gentes</strong></span> <span class='ocrx_word' id='word_1_737' title='bbox 2852 4835 2972 4892; x_wconf 72' lang='lat' dir='ltr'><strong>qua:</strong></span> <span class='ocrx_word' id='word_1_738' title='bbox 3002 4830 3056 4877; x_wconf 90' lang='lat' dir='ltr'><strong>te</strong></span> <span class='ocrx_word' id='word_1_739' title='bbox 3100 4812 3496 4879; x_wconf 77' lang='lat' dir='ltr'><strong>nonnoverunt</strong></span> 
     </span>
    </p>
   </div>
   <div class='ocr_carea' id='block_1_109' title="bbox 1925 4909 3491 4984">
    <p class='ocr_par' dir='ltr' id='par_1_109' title="bbox 1925 4909 3491 4984">
     <span class='ocr_line' id='line_1_109' title="bbox 1925 4909 3491 4984; baseline 0.004 -21"><span class='ocrx_word' id='word_1_740' title='bbox 1925 4909 2098 4982; x_wconf 84' lang='lat' dir='ltr'><strong>(Psal.</strong></span> <span class='ocrx_word' id='word_1_741' title='bbox 2142 4927 2365 4976; x_wconf 77' lang='lat' dir='ltr'><strong>Lxxvm,</strong></span> <span class='ocrx_word' id='word_1_742' title='bbox 2389 4910 2466 4984; x_wconf 82' lang='lat'><strong>6).</strong></span> <span class='ocrx_word' id='word_1_743' title='bbox 2493 4930 2511 4963; x_wconf 74' lang='grc' dir='ltr'><strong><em>ι</em></strong></span> <span class='ocrx_word' id='word_1_744' title='bbox 2543 4910 2682 4979; x_wconf 79' lang='lat' dir='ltr'><strong>Sunt</strong></span> <span class='ocrx_word' id='word_1_745' title='bbox 2705 4912 2848 4967; x_wconf 89' lang='lat' dir='ltr'><strong>enim</strong></span> <span class='ocrx_word' id='word_1_746' title='bbox 2891 4912 2981 4983; x_wconf 86' lang='lat' dir='ltr'><strong>qui</strong></span> <span class='ocrx_word' id='word_1_747' title='bbox 3011 4913 3147 4968; x_wconf 88' lang='lat' dir='ltr'><strong>levia</strong></span> <span class='ocrx_word' id='word_1_748' title='bbox 3174 4920 3231 4969; x_wconf 91' lang='lat' dir='ltr'><strong>et</strong></span> <span class='ocrx_word' id='word_1_749' title='bbox 3271 4914 3491 4970; x_wconf 90' lang='lat' dir='ltr'><strong>minima</strong></span> 
     </span>
    </p>
   </div>
   <div class='ocr_carea' id='block_1_110' title="bbox 1924 4998 3499 5076">
    <p class='ocr_par' dir='ltr' id='par_1_110' title="bbox 1924 4998 3499 5076">
     <span class='ocr_line' id='line_1_110' title="bbox 1924 4998 3499 5076; baseline 0.001 -17"><span class='ocrx_word' id='word_1_750' title='bbox 1924 5003 2271 5059; x_wconf 89' lang='lat' dir='ltr'><strong>committunt</strong></span> <span class='ocrx_word' id='word_1_751' title='bbox 2296 5011 2517 5073; x_wconf 86' lang='lat' dir='ltr'><strong>peccata</strong></span> <span class='ocrx_word' id='word_1_752' title='bbox 2552 4998 2603 5057; x_wconf 85' lang='lat' dir='ltr'><strong>in</strong></span> <span class='ocrx_word' id='word_1_753' title='bbox 2644 5003 2988 5074; x_wconf 85' lang='lat' dir='ltr'><strong>cogitatione,</strong></span> <span class='ocrx_word' id='word_1_754' title='bbox 3020 5003 3310 5071; x_wconf 84' lang='lat' dir='ltr'><strong>locutione,</strong></span> <span class='ocrx_word' id='word_1_755' title='bbox 3334 5013 3499 5076; x_wconf 82' lang='lat' dir='ltr'><strong>atque</strong></span> 
     </span>
    </p>
   </div>
   <div class='ocr_carea' id='block_1_111' title="bbox 1923 5092 3489 5166">
    <p class='ocr_par' dir='ltr' id='par_1_111' title="bbox 1923 5092 3489 5166">
     <span class='ocr_line' id='line_1_111' title="bbox 1923 5092 3489 5166; baseline 0.001 -18"><span class='ocrx_word' id='word_1_756' title='bbox 1923 5105 2087 5163; x_wconf 83' lang='lat' dir='ltr'><strong>Opere</strong></span> <span class='ocrx_word' id='word_1_757' title='bbox 2114 5109 2129 5158; x_wconf 92' lang='lat'><strong>;</strong></span> <span class='ocrx_word' id='word_1_758' title='bbox 2158 5099 2285 5147; x_wconf 88' lang='lat' dir='ltr'><strong>sunt</strong></span> <span class='ocrx_word' id='word_1_759' title='bbox 2312 5101 2367 5147; x_wconf 89' lang='lat' dir='ltr'><strong>et</strong></span> <span class='ocrx_word' id='word_1_760' title='bbox 2395 5092 2486 5162; x_wconf 88' lang='lat' dir='ltr'><strong>qui</strong></span> <span class='ocrx_word' id='word_1_761' title='bbox 2514 5094 2695 5164; x_wconf 80' lang='lat' dir='ltr'><strong>gravia</strong></span> <span class='ocrx_word' id='word_1_762' title='bbox 2728 5102 3041 5164; x_wconf 84' lang='lat' dir='ltr'><strong>perpetrant</strong></span> <span class='ocrx_word' id='word_1_763' title='bbox 3064 5093 3117 5149; x_wconf 91' lang='lat' dir='ltr'><strong>in</strong></span> <span class='ocrx_word' id='word_1_764' title='bbox 3146 5096 3489 5166; x_wconf 76' lang='lat' dir='ltr'><strong>cogitatione,</strong></span> 
     </span>
    </p>
   </div>
   <div class='ocr_carea' id='block_1_112' title="bbox 1923 5182 3497 5257">
    <p class='ocr_par' dir='ltr' id='par_1_112' title="bbox 1923 5182 3497 5257">
     <span class='ocr_line' id='line_1_112' title="bbox 1923 5182 3497 5257; baseline 0.003 -21"><span class='ocrx_word' id='word_1_765' title='bbox 1923 5182 2215 5248; x_wconf 90' lang='lat' dir='ltr'><strong>locutione,</strong></span> <span class='ocrx_word' id='word_1_766' title='bbox 2233 5190 2287 5239; x_wconf 90' lang='lat' dir='ltr'><strong>et</strong></span> <span class='ocrx_word' id='word_1_767' title='bbox 2311 5198 2496 5253; x_wconf 87' lang='lat' dir='ltr'><strong>opere,</strong></span> <span class='ocrx_word' id='word_1_768' title='bbox 2524 5182 2751 5239; x_wconf 88' lang='lat' dir='ltr'><strong>scelera.</strong></span> <span class='ocrx_word' id='word_1_769' title='bbox 2774 5182 2935 5239; x_wconf 78' lang='lat' dir='ltr'><strong>Levia</strong></span> <span class='ocrx_word' id='word_1_770' title='bbox 2965 5200 3196 5257; x_wconf 87' lang='lat' dir='ltr'><strong>namque</strong></span> <span class='ocrx_word' id='word_1_771' title='bbox 3218 5187 3270 5240; x_wconf 92' lang='lat' dir='ltr'><strong>in</strong></span> <span class='ocrx_word' id='word_1_772' title='bbox 3293 5188 3497 5257; x_wconf 82' lang='lat' dir='ltr'><strong>cogita-</strong></span> 
     </span>
    </p>
   </div>
   <div class='ocr_carea' id='block_1_113' title="bbox 1923 5273 3541 5346">
    <p class='ocr_par' dir='ltr' id='par_1_113' title="bbox 1923 5273 3541 5346">
     <span class='ocr_line' id='line_1_113' title="bbox 1923 5273 3541 5346; baseline 0.003 -17"><span class='ocrx_word' id='word_1_773' title='bbox 1923 5274 2070 5330; x_wconf 87' lang='lat' dir='ltr'><strong>tione</strong></span> <span class='ocrx_word' id='word_1_774' title='bbox 2091 5276 2381 5330; x_wconf 85' lang='lat' dir='ltr'><strong>admittunt</strong></span> <span class='ocrx_word' id='word_1_775' title='bbox 2407 5284 2652 5346; x_wconf 84' lang='lat' dir='ltr'><strong>peccata,</strong></span> <span class='ocrx_word' id='word_1_776' title='bbox 2676 5275 2775 5345; x_wconf 91' lang='lat' dir='ltr'><strong>qui-</strong></span> <span class='ocrx_word' id='word_1_777' title='bbox 2790 5275 3024 5333; x_wconf 86' lang='lat' dir='ltr'><strong>lubricas</strong></span> <span class='ocrx_word' id='word_1_778' title='bbox 3050 5286 3105 5334; x_wconf 89' lang='lat' dir='ltr'><strong>et</strong></span> <span class='ocrx_word' id='word_1_779' title='bbox 3130 5287 3381 5333; x_wconf 86' lang='lat' dir='ltr'><strong>ventosas</strong></span> <span class='ocrx_word' id='word_1_780' title='bbox 3404 5293 3497 5333; x_wconf 85' lang='lat' dir='ltr'><strong>co-</strong></span> <span class='ocrx_word' id='word_1_781' title='bbox 3534 5273 3541 5281; x_wconf 77' lang='grc'><em>’</em></span> 
     </span>
    </p>
   </div>
   <div class='ocr_carea' id='block_1_114' title="bbox 1926 5364 3492 5436">
    <p class='ocr_par' dir='ltr' id='par_1_114' title="bbox 1926 5364 3492 5436">
     <span class='ocr_line' id='line_1_114' title="bbox 1926 5364 3492 5436; baseline 0.001 -16"><span class='ocrx_word' id='word_1_782' title='bbox 1926 5366 2214 5436; x_wconf 85' lang='lat' dir='ltr'><strong>gitationcs</strong></span> <span class='ocrx_word' id='word_1_783' title='bbox 2235 5365 2592 5431; x_wconf 76' lang='lat' dir='ltr'><strong>delectantur,</strong></span> <span class='ocrx_word' id='word_1_784' title='bbox 2622 5364 2764 5420; x_wconf 85' lang='lat' dir='ltr'><strong>unde</strong></span> <span class='ocrx_word' id='word_1_785' title='bbox 2803 5373 2859 5421; x_wconf 87' lang='lat' dir='ltr'><strong>et</strong></span> <span class='ocrx_word' id='word_1_786' title='bbox 2896 5366 3152 5421; x_wconf 83' lang='lat' dir='ltr'><strong>Dominus</strong></span> <span class='ocrx_word' id='word_1_787' title='bbox 3172 5381 3274 5435; x_wconf 92' lang='lat' dir='ltr'><strong>per</strong></span> <span class='ocrx_word' id='word_1_788' title='bbox 3301 5365 3492 5421; x_wconf 80' lang='lat' dir='ltr'><strong>[saiam</strong></span> 
     </span>
    </p>
   </div>
   <div class='ocr_carea' id='block_1_115' title="bbox 1925 5456 3495 5529">
    <p class='ocr_par' dir='ltr' id='par_1_115' title="bbox 1925 5456 3495 5529">
     <span class='ocr_line' id='line_1_115' title="bbox 1925 5456 3495 5529; baseline 0.001 -18"><span class='ocrx_word' id='word_1_789' title='bbox 1925 5457 2245 5528; x_wconf 87' lang='lat' dir='ltr'><strong>prophetam</strong></span> <span class='ocrx_word' id='word_1_790' title='bbox 2300 5458 2381 5512; x_wconf 82' lang='lat' dir='ltr'><strong>ait</strong></span> <span class='ocrx_word' id='word_1_791' title='bbox 2428 5474 2441 5511; x_wconf 91' lang='lat'>:</span> <span class='ocrx_word' id='word_1_792' title='bbox 2508 5476 2527 5509; x_wconf 72' lang='grc' dir='ltr'>ι</span> <span class='ocrx_word' id='word_1_793' title='bbox 2576 5456 2797 5513; x_wconf 72' lang='lat' dir='ltr'><strong>Auferte</strong></span> <span class='ocrx_word' id='word_1_794' title='bbox 2856 5459 3054 5513; x_wconf 86' lang='lat' dir='ltr'><strong>malum</strong></span> <span class='ocrx_word' id='word_1_795' title='bbox 3108 5458 3495 5529; x_wconf 85' lang='lat' dir='ltr'><strong>cogitationum</strong></span> 
     </span>
    </p>
   </div>
   <div class='ocr_carea' id='block_1_116' title="bbox 1926 5545 3497 5621">
    <p class='ocr_par' dir='ltr' id='par_1_116' title="bbox 1926 5545 3497 5621">
     <span class='ocr_line' id='line_1_116' title="bbox 1926 5545 3497 5621; baseline -0.002 -17"><span class='ocrx_word' id='word_1_796' title='bbox 1926 5559 2229 5619; x_wconf 79' lang='lat' dir='ltr'><strong>vestrarum</strong></span> <span class='ocrx_word' id='word_1_797' title='bbox 2266 5550 2337 5605; x_wconf 85' lang='lat' dir='ltr'><strong>ab</strong></span> <span class='ocrx_word' id='word_1_798' title='bbox 2383 5548 2553 5604; x_wconf 88' lang='lat' dir='ltr'><strong>oculis</strong></span> <span class='ocrx_word' id='word_1_799' title='bbox 2598 5548 2735 5604; x_wconf 86' lang='lat' dir='ltr'><strong>meis</strong></span> <span class='ocrx_word' id='word_1_800' title='bbox 2778 5547 2911 5621; x_wconf 71' lang='lat' dir='ltr'><strong>(Ira.</strong></span> <span class='ocrx_word' id='word_1_801' title='bbox 2958 5564 2995 5613; x_wconf 84' lang='grc' dir='ltr'><strong>ι,</strong></span> <span class='ocrx_word' id='word_1_802' title='bbox 3031 5546 3139 5618; x_wconf 73' lang='lat' dir='ltr'><strong>i6).</strong></span> <span class='ocrx_word' id='word_1_803' title='bbox 3175 5565 3199 5597; x_wconf 82' lang='grc'><strong>›</strong></span> <span class='ocrx_word' id='word_1_804' title='bbox 3246 5545 3497 5602; x_wconf 81' lang='lat' dir='ltr'><strong>Graviter</strong></span> 
     </span>
    </p>
   </div>
   <div class='ocr_carea' id='block_1_117' title="bbox 1929 5641 3495 5727">
    <p class='ocr_par' dir='ltr' id='par_1_117' title="bbox 1929 5641 3495 5727">
     <span class='ocr_line' id='line_1_117' title="bbox 1929 5641 3495 5727; baseline -0.004 -28"><span class='ocrx_word' id='word_1_805' title='bbox 1929 5644 2075 5699; x_wconf 88' lang='lat' dir='ltr'><strong>enim</strong></span> <span class='ocrx_word' id='word_1_806' title='bbox 2102 5644 2155 5700; x_wconf 91' lang='lat' dir='ltr'><strong>in</strong></span> <span class='ocrx_word' id='word_1_807' title='bbox 2182 5643 2505 5716; x_wconf 79' lang='lat' dir='ltr'><strong>cogitatione</strong></span> <span class='ocrx_word' id='word_1_808' title='bbox 2536 5642 2854 5714; x_wconf 83' lang='lat' dir='ltr'><strong>delinquunt</strong></span> <span class='ocrx_word' id='word_1_809' title='bbox 2884 5641 2974 5710; x_wconf 89' lang='lat' dir='ltr'><strong>qui</strong></span> <span class='ocrx_word' id='word_1_810' title='bbox 3024 5653 3217 5708; x_wconf 81' lang='lat' dir='ltr'><strong>pravas</strong></span> <span class='ocrx_word' id='word_1_811' title='bbox 3238 5648 3295 5727; x_wconf 80' lang='lat' dir='ltr'><strong>et</strong></span> <span class='ocrx_word' id='word_1_812' title='bbox 3328 5641 3495 5709; x_wconf 87' lang='lat' dir='ltr'><strong>pesti-</strong></span> 
     </span>
    </p>
   </div>
   <div class='ocr_carea' id='block_1_118' title="bbox 1928 5731 3497 5808">
    <p class='ocr_par' dir='ltr' id='par_1_118' title="bbox 1928 5731 3497 5808">
     <span class='ocr_line' id='line_1_118' title="bbox 1928 5731 3497 5808; baseline -0.004 -15"><span class='ocrx_word' id='word_1_813' title='bbox 1928 5739 2074 5795; x_wconf 77' lang='lat' dir='ltr'><strong>feras</strong></span> <span class='ocrx_word' id='word_1_814' title='bbox 2120 5738 2470 5808; x_wconf 80' lang='lat' dir='ltr'><strong>cogitationes</strong></span> <span class='ocrx_word' id='word_1_815' title='bbox 2517 5738 2569 5793; x_wconf 93' lang='lat' dir='ltr'><strong>in</strong></span> <span class='ocrx_word' id='word_1_816' title='bbox 2616 5744 2823 5792; x_wconf 83' lang='lat' dir='ltr'><strong>tantum</strong></span> <span class='ocrx_word' id='word_1_817' title='bbox 2850 5733 3191 5788; x_wconf 76' lang='lat' dir='ltr'><strong>delecrantur</strong></span> <span class='ocrx_word' id='word_1_818' title='bbox 3225 5748 3286 5787; x_wconf 74' lang='lat' dir='ltr'><strong>ut</strong></span> <span class='ocrx_word' id='word_1_819' title='bbox 3311 5747 3409 5788; x_wconf 81' lang='lat' dir='ltr'><strong>eos</strong></span> <span class='ocrx_word' id='word_1_820' title='bbox 3430 5731 3497 5786; x_wconf 78' lang='lat' dir='ltr'><strong>ad</strong></span> 
     </span>
    </p>
   </div>
  </div>
