3938 6334
443 304 575 363 1591

1067 307 1130 362 Β.
1173 306 1426 364 RABANI
1461 306 1682 364 MAUR!
1717 305 2036 363 ARCHIEP.
2077 303 2692 363 MOGUNT.OPERUM
2729 303 2910 361 PARS
2942 303 3048 360 lll.‘

3579 307 3720 364 1393

439 419 688 476 effectum
713 417 957 491 perversi
1003 421 1182 490 operis
1206 421 1502 490 perducere
1530 420 1775 490 cupiant,
1799 419 1866 474 de
1891 417 2014 490 qui-
2042 419 2094 480 Α
2119 416 2309 490 Magna
2331 419 2515 489 itaque
2543 418 2889 474 observantia
2913 418 3060 473 circa
3085 416 3266 473 cordis
3292 429 3376 473 est
3405 420 3720 476 wstodiam

437 511 540 568 bus
587 527 742 567 sacra
792 519 1017 568 testatur
1071 511 1389 584 Scriptura:
1425 531 1446 565 ‹
1496 512 1772 569 Perversa:
1812 513 2016 582 cogita-

439 604 615 659 tiones
653 613 910 676 separant
936 620 968 660 a
993 605 1103 660 Deo
1133 605 1286 677 (Sap.
1312 621 1350 672 ι,
1375 605 1451 676 '5).
1479 623 1497 655 ι
1522 604 1737 662 Leviter
1762 605 1906 660 enim
1927 604 2021 660 de-

435 692 636 765 linquit
657 710 908 754 sermone
925 697 1020 767 qui
1042 698 1274 753 otiosum
1322 696 1547 753 verbum
1571 697 1810 768 loquitur
1851 698 2016 762 unde,

437 785 666 843 Domino
709 787 945 856 dicente,
974 807 993 842 ‹
1051 789 1323 846 reddenda
1377 797 1464 845 est
1511 790 1686 846 ratio:
1718 810 1738 842 ›
1782 791 2020 862 graviter

437 879 582 934 enim
605 890 794 951 peccat
837 880 892 937 in
927 882 1092 937 verbo
1116 883 1208 954 qui
1254 882 1508 940 falsitatis
1534 884 1739 939 crimen
1769 885 2016 950 incurrit,

436 972 563 1042 quia
613 988 674 1028 os
728 973 872 1044 quod
925 974 1185 1030 mentitur
1235 975 1434 1030 occidit
1497 976 1754 1032 animam.
1807 976 2020 1032 Leviter

437 1063 582 1118 enim
617 1073 810 1136 peccat
846 1080 1009 1136 opere
1062 1067 1155 1136 qui
1185 1066 1516 1124 otiositatem
1549 1077 1786 1126 sectatus
1833 1069 2016 1136 fuerit,

436 1157 676 1228 graviter
711 1158 804 1228 qui
851 1157 1056 1214 furtum
1083 1167 1138 1215 et
1166 1161 1414 1231 rapinam
1463 1160 1676 1228 fecerit,
1707 1162 1898 1217 leviter
1925 1162 2016 1232 qui

434 1265 728 1321 pauperem
770 1252 1192 1322 exasperaverit,
1219 1254 1457 1324 graviter
1479 1255 1573 1325 qui
1599 1270 1724 1310 eum
1749 1255 2018 1328 exspolia-

433 1344 593 1410 verit,
639 1344 832 1400 leviter
853 1346 946 1416 qui
985 1355 1261 1402 mortuum
1304 1364 1413 1405 non
1455 1349 1749 1421 sepelierit,
1782 1351 2020 1421 graviter

435 1439 528 1509 qui
561 1439 834 1494 hominem
856 1441 1134 1506 occiderit,
1171 1451 1228 1498 et
1255 1444 1426 1499 multa
1453 1443 1539 1500 bis
1566 1444 1765 1501 similia
1788 1445 1842 1501 in
1868 1445 2018 1501 locu-

434 1531 580 1588 tione
605 1540 660 1588 et
688 1548 851 1604 opere
876 1534 1118 1592 invenies
1138 1546 1380 1606 peccata.

504 1667 630 1724 CAP.
654 1665 869 1725 LXXV.
889 1698 962 1709 --
979 1668 1058 1724 De
1079 1671 1160 1724 his
1180 1671 1268 1741 qui
1285 1671 1597 1742 cogitatione
1615 1672 1942 1743 delinquunt.

2120 510 2444 577 adhibenda,
2474 511 2600 581 quia
2630 519 2726 565 aut
2774 511 2950 576 bona,
3004 518 3099 566 aut
3123 510 3281 567 mala:
3313 513 3391 567 rei
3423 512 3498 568 ibi
3537 514 3724 568 consi-

2120 602 2214 656 stit
2230 602 2401 673 origo.
2425 600 2561 656 Nam
2583 602 2726 659 sicut
2745 603 3006 674 scriptum
3029 612 3145 658 est:
3176 622 3194 654 ι
3224 602 3307 660 Ex
3327 605 3496 660 corde
3513 617 3726 662 exeunt

2121 695 2474 766 cogitationes
2492 696 2647 752 make
2673 695 2890 770 (Matth.
2916 713 3006 764 xv,
3033 699 3148 771 29),
3185 719 3204 753 i
3235 700 3471 771 ideoque
3493 701 3542 756 si
3573 702 3728 771 prius

2118 801 2301 858 prava:
2339 788 2656 860 cogitationi
2690 789 3016 858 resistimus,
3047 791 3104 847 in
3125 791 3340 862 lapsum
3373 793 3572 864 operis
3617 810 3728 850 non

2121 893 2244 933 ιῐιου
2251 893 2468 935 rrtmus.

2123 1009 2296 1077 Quam
2319 1011 2671 1084 periculosum
2707 1015 2776 1071 sit
2820 1016 3223 1087 cogitationibus
3256 1017 3419 1074 ntali:
3441 1019 3728 1075 delectari.

2191 1121 2316 1177 Fuit
2340 1124 2563 1193 quidam
2590 1125 2676 1180 vir
2701 1135 2941 1193 sanctus,
2977 1127 3232 1200 Eologius
3257 1130 3509 1195 nomine,
3543 1126 3646 1200 αὶιὶ
3679 1133 3730 1185 in

2119 1213 2411 1273 efferendis
2460 1222 2817 1276 sacramentis
2865 1231 3075 1277 tantum
3129 1225 3322 1296 gratia:
3371 1237 3730 1296 acceperat:

2120 1309 2349 1366 Domino
2373 1319 2435 1366 ut
2476 1312 2902 1386 uniuscujusque
2950 1317 3328 1372 accedentium
3379 1320 3590 1375 merita
3619 1320 3732 1375 cul-

2119 1416 2325 1472 pasque
2355 1412 2726 1476 cognosceret.
2758 1405 3002 1476 Denique
3029 1409 3296 1478 quosdam
3346 1408 3608 1466 volentes
3639 1427 3730 1467 ac-

2120 1500 2315 1556 cedere
2335 1501 2403 1555 ad
2421 1503 2857 1558 communionem
2883 1503 3173 1572 retinebat,
3193 1506 3386 1561 dicens
3406 1525 3422 1560 :
3440 1506 3729 1574 Quomodo

2121 1594 2239 1649 ausi
2270 1594 2401 1650 estis
2435 1597 2696 1652 accedere
2722 1597 2789 1652 ad
2822 1607 3167 1654 sacramenta
3192 1599 3382 1655 divina
3411 1617 3546 1656 cum
3576 1617 3728 1656 nicas

2120 1693 2306 1743 vestra
2329 1696 2386 1744 et
2400 1690 2739 1760 propositum
2766 1690 2838 1746 sit
2865 1690 2920 1745 in
2939 1691 3119 1746 malo?
3137 1692 3391 1764 Denique
3415 1693 3606 1748 aieba
3621 1713 3636 1748 :
3651 1694 3724 1748 Tu

502 1801 685 1876 (IsidJ
717 1801 975 1872 Quamvis
1003 1805 1070 1860 ab
1101 1819 1265 1874 opere
1288 1805 1432 1862 malo
1459 1806 1689 1877 quisque
1713 1818 1889 1876 vacet,
1918 1827 2016 1882 pro
2043 1788 2093 1852 Β
2119 1781 2358 1882 habf'isu
2394 1783 2753 1882 °°§i?f_i<{nes
2781 1784 3104 1882 fomi‘fanqi'
3130 1785 3212 1840 Τ¹¹
3241 1801 3381 1882 νίῖτθ
3429 1787 3622 1843 ἀίίίδίί
3673 1788 3724 1842 in

435 1896 601 1954 solius
639 1909 820 1952 tamen
851 1897 1193 1969 cogitationis
1223 1912 1404 1967 pravae
1432 1897 1638 1954 malitia
1663 1915 1772 1955 non
1801 1903 1904 1956 erit
1929 1901 2015 1958 in-

434 2006 656 2058 nocens,
678 1991 821 2047 unde
841 1999 896 2046 et
925 1991 1184 2046 Dominus
1211 2006 1310 2061 per
1335 1989 1531 2046 Isaiam
1555 2010 1568 2045 :
1600 2009 1619 2044 ‹
1651 1991 1876 2049 Auferte
1905 2009 2020 2048 ma-

433 2085 544 2141 lum
577 2083 964 2157 cogitationum
1006 2091 1316 2138 vestrarum
1357 2083 1424 2138 ab
1453 2083 1624 2139 oculis
1655 2083 1792 2140 meis
1815 2083 1950 2156 (Isa.
1974 2103 2013 2154 ι,

432 2178 543 2252 16),
574 2200 594 2233 ι
625 2195 735 2235 non
777 2177 952 2234 solum
978 2178 1124 2234 enim
1170 2177 1353 2245 factis,
1385 2176 1482 2234 sed
1518 2187 1572 2234 et
1599 2178 2018 2250 cogitationibus

429 2271 816 2342 delinquimus,
848 2271 894 2327 si
915 2271 994 2326 eis
1022 2269 1209 2326 illicite
1227 2270 1638 2326 occurrentibus
1660 2271 2012 2326 delectemur.

433 2360 568 2415 Nam
591 2360 956 2431 cogitationes
1003 2359 1221 2414 illicitas
1250 2374 1539 2414 occurrere
1567 2360 1872 2416 daemonum
1907 2369 2014 2426 est,

429 2454 847 2524 cogitationibus
867 2452 1126 2508 oblectari
1149 2451 1419 2523 perversis
1437 2460 1682 2508 nostrum
1700 2462 1800 2508 est.
1827 2452 2016 2509 Scien-

427 2546 557 2601 dum
604 2553 784 2599 autem
833 2543 961 2614 quia
1009 2542 1208 2612 triplex
1255 2551 1339 2599 est
1395 2543 1588 2598 modus
1623 2544 2015 2616 cogitationum

426 2655 692 2710 nequam:
717 2655 856 2694 unus
881 2653 1069 2694 earum
1098 2652 1217 2707 qua:
1247 2637 1636 2694 deliberatione
1656 2647 1711 2694 et
1740 2640 2015 2710 proposito

425 2729 687 2802 peccandi
713 2737 950 2784 mentem
996 2727 1408 2794 contaminant;
1464 2727 1602 2783 alius
1656 2744 1842 2785 earum
1893 2745 2014 2800 qua:

429 2820 789 2878 delectatione
817 2821 1034 2892 quidem
1055 2819 1264 2891 peccati
1290 2828 1524 2876 mentem
1556 2820 1896 2890 perturbant,
1915 2836 2015 2877 nec

426 2923 611 2970 tamen
649 2913 791 2970 hanc
839 2912 909 2968 ad
956 2913 1218 2984 peccandi
1275 2927 1596 2969 consensum
1650 2913 2010 2984 pertrahunt;

423 3007 620 3063 tertius
659 3023 869 3074 earum,
899 3021 1019 3077 quae
1065 3005 1297 3061 naturali
1329 3017 1478 3062 motu
1525 3016 1760 3062 mentem
1790 3024 2011 3078 percur-

425 3107 607 3155 rentes
653 3114 762 3154 non
811 3107 922 3153 tam
959 3097 1100 3154 hanc
1144 3097 1211 3152 ad
1261 3098 1527 3168 patranda
1577 3099 1705 3153 vitia
1756 3098 2007 3165 illiciunt,

425 3207 589 3262 quam
613 3205 645 3244 a
673 3189 852 3254 nobis,
888 3204 1010 3258 quae
1035 3188 1279 3260 cogitare
1309 3187 1515 3255 debuit,
1545 3189 1884 3259 impediunt;
1912 3206 2009 3246 ve-
2037 3171 2082 3235 Ο

422 3281 524 3337 Ιυιί
554 3290 640 3337 est
663 3297 786 3337 cum
812 3281 1193 3351 phantasmata
1223 3292 1428 3344 rerum,
1455 3295 1576 3350 qua:
1600 3280 1887 3352 aliquando
1919 3298 2011 3337 su-

425 3389 696 3448 pervacue
732 3381 886 3446 gesta
919 3371 1006 3428 vel
1049 3371 1192 3427 dicta
1244 3371 1515 3437 novimus,
1573 3373 1642 3428 ad
1696 3375 2015 3429 memoriam

420 3467 753 3532 reducimus,
787 3480 1018 3536 quarum
1041 3464 1234 3519 crebra
1261 3463 1597 3531 retractatio,
1629 3465 1782 3534 quasi
1807 3466 2013 3536 impor-

424 3570 558 3616 tuna
585 3574 896 3616 muscarum
927 3557 1267 3630 improbitas,
1291 3555 1476 3612 oculos
1503 3556 1682 3628 cordis
1709 3557 2011 3614 circumvo-

423 3654 538 3710 lare
578 3668 643 3709 ac
659 3651 959 3724 spiritalem
986 3651 1103 3719 ejus
1131 3649 1302 3706 aciem
1324 3648 1629 3720 inquietare
1652 3650 1827 3722 magis
1848 3667 2011 3721 quam
2047 3711 2052 3716 _

428 3761 703 3804 excaecare
730 3744 1028 3802 consuevit.
1057 3743 1104 3798 Α
1147 3742 1356 3798 cunctis
1407 3749 1589 3797 autem
1616 3742 1704 3798 his
1730 3743 2013 3815 cogitatio-

423 3856 555 3898 num
581 3853 815 3910 nequam
847 3835 1137 3908 generibus
1166 3833 1422 3905 castigari
1473 3834 1683 3890 monuit
1731 3832 2007 3902 Salomon,

423 3948 548 3990 cum
570 3930 733 3987 dicit:
773 3927 962 3984 «Omni
985 3927 1232 3984 custodia
1259 3940 1418 3982 serva
1436 3941 1533 3982 cor
1557 3934 1732 3993 tuum,
1754 3926 2009 3996 quoniam

423 4040 491 4082 ex
527 4023 644 4094 ipso
680 4021 794 4076 vita
823 4020 1069 4090 procedit
1097 4016 1279 4090 (Prov.
1304 4015 1515 4088 iv,2'5),
1541 4036 1560 4068 ι
1608 4016 1762 4086 cujus
1801 4016 2009 4072 monita

427 4124 719 4188 sequentes
750 4128 974 4186 agamus
1004 4110 1244 4174 solliciti,
1273 4118 1334 4164 ut
1366 4109 1411 4166 si
1439 4109 1569 4178 quid
1591 4123 1859 4165 consensu
1886 4124 2012 4180 per-

422 4210 673 4282 petrandi
721 4207 979 4264 facinoris
1025 4207 1080 4261 in
1125 4203 1309 4261 animo
1355 4203 1702 4272 deliquimus,
1751 4204 1859 4259 cita
1905 4203 2010 4259 hoc

427 4302 766 4361 confessione
795 4310 850 4356 et
885 4300 1061 4371 dignis
1091 4297 1424 4370 poenitentiae
1474 4295 1742 4353 fructibus
1797 4297 2009 4353 abster-

425 4412 647 4470 gamus;
674 4396 718 4451 si
745 4393 1104 4450 delectatione
1131 4391 1384 4464 peccandi
1415 4406 1514 4446 nos
1539 4390 1740 4446 tentari
1770 4391 2006 4446 senseri-

423 4505 566 4557 mus,
599 4489 817 4546 noxiam
858 4487 1266 4544 delectationem
1312 4485 1517 4541 crebris
1558 4486 1812 4555 precibus
1840 4500 1903 4540 ac
1930 4484 2004 4540 la-

423 4585 644 4658 crymis,
692 4581 882 4640 crebra
925 4580 1302 4636 amaritudinis
1327 4586 1598 4650 perpetua:
1633 4578 2009 4634 recordatione

424 4677 728 4750 pellamus;
759 4684 814 4731 et
865 4675 912 4730 si
949 4689 1048 4728 nos
1093 4671 1237 4728 solos
1277 4671 1346 4726 ad
1400 4672 1537 4727 hanc
1588 4671 2006 4742 propulsandam

429 4769 676 4829 sufﬁcere
707 4785 815 4825 non
845 4769 1164 4833 viderimus,
1200 4764 1429 4821 fratrum
1449 4781 1755 4836 quaeramus
1783 4766 2004 4832 auxilia,

424 4873 485 4918 ut
516 4862 658 4933 quod
689 4859 892 4916 nostris
913 4860 1119 4916 viribus
1162 4859 1470 4930 nequimus,
1521 4857 1736 4912 illorum
1781 4857 2006 4914 consilio

421 4967 479 5015 et
509 4954 896 5012 intercessione
917 4969 1212 5010 sumamus.
1238 4949 1462 5007 Multum
1483 4952 1626 5008 enim
1649 4951 1791 5006 valet
1816 4952 2007 5022 depre-

424 5052 568 5111 catio
593 5049 833 5114 assidua,
861 5057 915 5104 et
941 5048 1082 5104 sicut
1114 5047 1254 5102 idem
1293 5047 1586 5118 praemisit:
1621 5065 1639 5097 ι
1673 5045 1858 5102 Oratio
1882 5047 2005 5104 fidei

425 5143 660 5203 salvabit
690 5139 983 5206 inﬁrmum,
1008 5148 1065 5196 et
1106 5138 1360 5196 allevabit
1396 5153 1518 5193 eum
1550 5139 1846 5207 Dominus;
1875 5150 1931 5196 et
1959 5141 2004 5196 si

424 5239 479 5294 in
506 5235 748 5308 peccatis
777 5235 869 5302 sit,
897 5233 1237 5289 dimittentur
1262 5232 1312 5287 ei
1343 5231 1484 5304 (Jac.
1521 5247 1576 5296 v,
1601 5230 1711 5302 l5).
1747 5250 1766 5283 ι
1793 5230 1928 5298 Quia
1958 5233 2003 5289 si

422 5327 770 5399 supervacuis
823 5324 1239 5396 cogitationibus
1268 5323 1337 5377 ad
1379 5324 1648 5392 integrum
1679 5336 1870 5378 carere
1893 5339 2000 5378 non

422 5418 684 5484 valemus,
714 5419 812 5472 has
838 5416 892 5470 in
923 5421 1183 5484 quantum
1215 5428 1502 5484 possumus
1543 5413 1879 5470 immissione
1905 5415 2003 5469 ho-

423 5529 616 5569 narum
643 5510 1027 5582 cogitationum
1061 5515 1116 5562 et
1136 5507 1370 5562 maxime
1398 5505 1667 5578 frequenti
1691 5508 2004 5579 Scriptura-

423 5620 544 5658 rum
575 5602 923 5658 meditatione
951 5599 1219 5668 fugemus,
1239 5596 1393 5666 juxta
1421 5598 1724 5671 exemplum
1774 5600 2002 5656 Psalmi-

425 5701 543 5758 stae,
572 5695 665 5764 qui
701 5694 831 5748 dicit
859 5716 870 5746 ς
906 5711 925 5743 ι
977 5692 1254 5758 Quomodo
1283 5691 1446 5746 dilexi
1497 5693 1669 5763 legem
1704 5703 1869 5760 tuam,
1903 5693 2005 5748 Do-

428 5785 597 5851 mine,
631 5792 742 5841 tota
766 5785 849 5840 die
877 5782 1154 5840 meditatio
1178 5797 1299 5838 mea
1322 5789 1402 5837 est
1433 5779 1606 5852 (Paul.
1625 5799 1810 5851 enm,
1835 5785 1945 5857 97).
1978 5803 1997 5837 ›

2120 1873 2285 1930 corde
2305 1882 2398 1929 tuo
2424 1892 2438 1928 :
2468 1873 2613 1930 Nihil
2645 1875 2871 1932 interest
2906 1877 3018 1933 sive
3041 1876 3225 1948 justus
3250 1878 3326 1933 ad
3375 1889 3726 1934 sacramenta

2121 1967 2235 2042 sive
2269 1975 2527 2038 peccator
2553 1969 2808 2036 accedat;
2854 1979 2910 2026 et
2937 1971 3076 2027 alius
3103 1971 3517 2029 dubitationem
3545 1974 3726 2029 halmit

2120 2059 2175 2116 in
2206 2059 2370 2115 corde
2391 2060 2575 2116 dicens
2610 2079 2623 2116 :
2649 2059 2790 2128 Quid
2815 2063 2959 2118 enim
2984 2079 3073 2120 me
3097 2064 3462 2122 sanctificare
3491 2082 3726 2122 commu-

2118 2153 2210 2208 nio
2237 2154 2458 2223 potest?
2491 2153 2603 2210 llos
2631 2170 2762 2228 ergo
2789 2156 3029 2227 singulos
3074 2160 3402 2216 removebat
3431 2176 3468 2215 a
3498 2177 3722 2216 commu-

2117 2243 2282 2300 nione
2313 2246 2661 2313 sacramenti,
2688 2255 2744 2302 et
2773 2233 2988 2304 dicebat
3018 2249 3099 2304 eis
3123 2267 3135 2302 :
3163 2248 3428 2307 Secedite
3451 2252 3725 2324 paululum

2116 2343 2171 2392 et
2196 2335 2340 2408 agite
2367 2337 2759 2408 paenitentiam,
2785 2347 2847 2393 ut
2865 2339 3130 2409 puriﬁcati
3152 2355 3250 2411 per
3289 2343 3726 2398 satisfactionem

2117 2436 2172 2485 et
2201 2427 2470 2500 lacrymas
2496 2430 2643 2501 digni
2670 2430 2980 2487 babeamini
3003 2435 3396 2490 communione
3427 2433 3661 2494 Christi.

2116 2560 2245 2618 CAP.
2277 2561 2639 2639 LXXVI.__—_
2668 2563 2822 2630 Quod
2871 2567 3048 2639 omnia
3092 2568 3488 2639 cogitationum
3533 2581 3724 2625 secreta

2475 2635 2667 2690 divinis
2687 2637 2980 2705 aspectibus
2999 2649 3119 2692 sunt
3145 2635 3356 2710 aperta.

2186 2747 2450 2818 Apertum
2491 2730 2726 2819 namque
2760 2749 3060 2805 divinitatis
3098 2750 3365 2807 indicium
3393 2762 3490 2808 est
3518 2755 3723 2824 cogita-

2115 2840 2326 2898 tionum
2363 2857 2523 2898 nosse
2549 2852 2782 2910 secreta,
2818 2843 3108 2900 Salomone
3129 2845 3472 2913 afﬁrmante,
3505 2849 3721 2917 quidem

2116 2935 2425 3006 supplicans
2448 2939 2564 2993 ait:
2593 2958 2612 2989 ι
2646 2937 2726 2993 Tu
2749 2939 2893 2994 enim
2924 2938 3071 2994 solus
3098 2939 3238 2994 nosti
3267 2941 3448 2996 corda
3483 2943 3718 2994 omnium

2115 3025 2350 3083 filiorum
2403 3030 2682 3085 hominum
2729 3028 2916 3103 (Prov.
2959 3047 3050 3097 xv,
3100 3031 3286 3100 11);»
3343 3042 3404 3089 et
3448 3033 3722 3103 apostolus

2115 3119 2349 3178 Paulus:
2389 3143 2408 3175 ε
2447 3122 2614 3179 Vivus
2649 3132 2734 3179 est
2778 3125 2921 3179 enim
2973 3140 3150 3180 sermo
3201 3125 3297 3182 Dei
3341 3136 3400 3182 et
3458 3126 3720 3182 eﬂicaxet

2115 3211 2504 3284 penetrabilior
2565 3213 2714 3268 omni
2767 3213 2948 3284 gladio
3006 3215 3229 3285 ancipiti
3291 3223 3350 3270 et
3399 3218 3718 3288 pertingens

2115 3318 2290 3374 usque
2315 3303 2384 3359 ad
2414 3303 2738 3362 divisionem
2766 3307 2962 3362 animae
3003 3322 3068 3363 ac
3097 3308 3348 3379 spiritus,
3392 3325 3716 3382 compagun

2117 3410 2333 3468 quoque
2355 3405 2411 3452 et
2434 3397 2790 3454 medullarum
2821 3407 2876 3455 et
2920 3399 3188 3456 discretor
3223 3401 3628 3470 cogitatioiium
3667 3412 3718 3458 et

2117 3489 2480 3546 intentionum
2505 3491 2704 3557 cordis,
2723 3501 2779 3548 et
2799 3507 2907 3548 non
2928 3503 3009 3549 est
3041 3493 3143 3548 ulla
3177 3504 3440 3550 creatura
3475 3497 3710 3551 invisibi-

2116 3580 2184 3638 lis
2217 3582 2271 3637 in
2321 3592 2618 3654 conspectu
2643 3582 2781 3653 ejus.
2833 3584 3029 3642 Omnia
3055 3594 3238 3642 autem
3269 3589 3420 3643 nuda
3447 3598 3508 3643 et
3535 3599 3714 3659 aperta

2116 3684 2243 3731 sunt
2266 3675 2436 3732 oculis
2459 3675 2577 3746 ejus
2603 3675 2762 3749 (Heb.
2785 3693 2856 3744 Iv,
2880 3677 2995 3749 l2).
3020 3698 3038 3731 ι
3071 3678 3223 3735 Unde
3251 3680 3426 3735 etiam
3449 3679 3714 3736 Jeremias

2114 3765 2226 3820 ait:
2258 3784 2278 3816 ι
2317 3765 2396 3820 Tu
2423 3773 2625 3832 autem,
2649 3767 2875 3823 Domine
2906 3767 3169 3835 Sabaoth,
3193 3770 3288 3840 qui
3314 3771 3548 3842 judicas
3571 3771 3711 3840 jnste

2113 3866 2169 3912 et
2197 3858 2396 3928 probas
2425 3873 2584 3914 renes
2612 3866 2668 3914 et
2688 3860 2853 3915 corda
2885 3861 3021 3933 (Jer.
3045 3879 3124 3928 xi,
3152 3862 3267 3934 20).
3310 3884 3330 3916 ι
3373 3863 3570 3936 Neque
3601 3868 3712 3921 hac

2112 3959 2455 4008 transeunter
2508 3961 2602 4006 aut
2647 3953 2987 4026 negligenter
3035 3960 3527 4012 commemoranda
3556 4001 3570 4022 ,
3623 3958 3711 4012 sed

2112 4043 2340 4100 solerter
2385 4043 2771 4116 invigilandum
2795 4054 2898 4112 est,
2928 4046 3126 4104 fratres
3161 4049 3296 4115 mei,
3333 4060 3532 4106 utnon
3555 4052 3711 4107 verba

2113 4147 2324 4194 tantum
2367 4149 2422 4196 et
2474 4155 2636 4210 opera
2662 4149 2873 4207 nostra,
2903 4141 2996 4197 sed
3044 4142 3158 4212 ipsa
3215 4158 3441 4214 quoque
3471 4146 3712 4200 cordia

2112 4242 2324 4290 secreta
2354 4233 2554 4290 divinis
2591 4236 2901 4305 aspectibus
2946 4236 3105 4306 digna
3135 4237 3460 4294 reddamus.
3507 4238 3626 4294 Non
3663 4241 3712 4293 in

2113 4327 2313 4397 templo
2342 4327 2516 4382 nostri
2541 4327 2776 4398 pectoris
2814 4328 3086 4395 odiorum,
3128 4344 3236 4386 non
3269 4330 3500 4387 invidia:
3525 4333 3714 4403 rubigo

2113 4419 2372 4484 resideat,
2401 4433 2507 4474 non
2544 4419 2668 4474 inde
2695 4419 2866 4490 turpis
2899 4420 2984 4476 vel
3023 4422 3406 4477 contumeliosi
3441 4427 3712 4480 sermonis

2035 4539 2088 4600 Β
2116 4511 2274 4567 radix
2305 4509 2536 4577 oriatur,
2565 4527 2671 4567 non
2699 4511 2772 4568 ibi
2808 4514 3085 4569 meditatio
3113 4513 3244 4570 facti
3273 4517 3535 4572 nocentis
3563 4519 3714 4572 inna-

2117 4611 2320 4670 scatur,
2351 4618 2622 4660 memores
2662 4604 2957 4661 Dominicae
3002 4607 3450 4665 comminationis
3501 4627 3610 4681 qua
3639 4613 3712 4665 di-

2113 4695 2293 4750 citur:
2319 4714 2337 4746 ι
2371 4695 2484 4766 Ego
2509 4695 2654 4750 enim
2679 4711 2843 4766 opera
2871 4704 2926 4752 et
2948 4697 3302 4768 cogitationes
3323 4716 3526 4757 eorum
3561 4705 3712 4758 venio

2114 4795 2173 4842 ut
2205 4801 2550 4858 congregem,
2577 4798 2631 4842 et
2660 4787 2898 4859 expulsis
2926 4789 3181 4845 vitiorum
3221 4793 3526 4850 ruderibus
3553 4796 3708 4851 talen:

2112 4879 2294 4935 cordis
2318 4879 2492 4935 nostri
2529 4894 2711 4948 parem
2741 4879 3102 4945 mansionem,
3131 4901 3149 4932 ι
3176 4881 3337 4951 cujus
3379 4885 3504 4956 ipse
3529 4888 3710 4959 digne-

2113 4979 2202 5026 tur
2231 4972 2410 5029 inesse
2457 4987 2677 5028 mansor
2721 4971 2815 5042 qui
2844 4971 2962 5045 ejus
2989 4974 3318 5032 inevitabilis
3347 4977 3638 5050 inspector
3659 4989 3708 5037 et

2102 5063 2268 5135 judex
2299 5073 2401 5121 est.

2179 5203 2312 5260 CAP.
2349 5201 2604 5261 LXXVII.
2634 5236 2706 5245 —
2726 5203 2805 5260 De
2838 5206 2919 5262 his
2939 5209 3030 5279 qui
3050 5225 3287 5265 sermone
3327 5213 3636 5282 alendum.

2180 5319 2370 5374 Divina
2398 5319 2541 5374 enim
2571 5318 2850 5390 Scriptura
2879 5321 3047 5376 dicit:
3077 5341 3095 5374 ι
3118 5323 3263 5380 Mors
3283 5335 3340 5381 et
3365 5327 3478 5383 vita
3515 5330 3568 5383 iu
3597 5348 3708 5385 nia-

2111 5411 2271 5466 nibus
2311 5411 2523 5482 linguzn.
2554 5430 2572 5462 ι
2602 5410 2837 5482 Ideoque
2881 5411 3036 5468 valde
3065 5416 3368 5471 cavendum
3399 5429 3489 5473 est
3543 5437 3612 5475 ne
3645 5437 3708 5476 ea

2111 5503 2396 5574 loquamur
2422 5503 2565 5558 unde
2592 5519 2741 5559 mors
2775 5504 2969 5560 animm
3001 5516 3200 5562 nostra:
3225 5509 3599 5578 acquiratur;
3651 5516 3708 5566 tit

2111 5597 2253 5650 enim
2285 5594 2468 5650 multis
2499 5597 2673 5651 modis
2693 5605 2974 5666 peccatum
3007 5597 3062 5652 in
3103 5597 3403 5666 locutione,
3431 5602 3488 5658 id
3525 5614 3630 5666 est,
3655 5605 3707 5658 in

2111 5693 2299 5749 otiosis
2322 5693 2524 5758 verbis,
2561 5693 2614 5748 in
2645 5693 2989 5764 vaniloquiis,
3017 5693 3072 5749 in
3095 5694 3480 5764 multiloquiis,
3507 5699 3564 5753 in
3599 5709 3707 5753 tur-

2110 5784 2388 5856 piloquiis,
2421 5784 2473 5841 in
2499 5783 2912 5840 scurrilitatibus
2933 5785 3212 5856 risumque
3232 5789 3608 5855 moventibus,
3633 5801 3702 5844 et.
