3938 6334
237 478 379 538 1395

1181 477 1272 534 DE
1310 475 1512 535 VITIIS
1551 475 1641 534 ET
1679 475 2121 534 VIRTUTIBUS.
2159 507 2230 520 —-
2263 477 2390 534 LIB.
2430 478 2516 535 Ill.

3365 476 3390 532 Ι
3401 473 3506 531 594

229 597 378 662 quod
401 594 642 650 deterius
681 600 765 650 est
788 602 843 649 et
865 593 1104 664 gravius,
1148 593 1202 648 in
1233 592 1552 660 mendaciis,
1584 593 1639 648 in
1666 592 1816 648 falsi-
1843 597 1896 656 Α
1920 606 2133 648 merces
2163 592 2473 647 comitatur.
2523 589 2836 648 Cavendum
2865 605 3099 663 namque
3121 599 3205 650 est
3251 591 3506 648 omnibus

230 689 454 756 tatibus,
500 688 556 744 in
583 687 962 752 derisionibus,
997 687 1053 742 in
1073 686 1400 759 opprobriis,
1433 687 1488 742 in
1521 686 1815 741 detractio-

229 783 412 849 nibus,
434 781 491 838 in
515 780 993 847 susurrationibus,
1019 780 1077 836 in
1097 779 1587 847 maledictionibus,
1610 781 1664 835 in
1692 796 1816 852 per-

223 876 411 948 juriis,
449 884 504 932 et
549 875 605 931 in
653 875 756 931 hoc
786 874 930 947 quod
964 875 1041 930 ait
1073 874 1334 946 propheta
1363 894 1376 928 :
1408 894 1427 928 r
1469 874 1562 930 Vze
1606 877 1698 946 qui
1734 876 1815 932 di-

229 979 360 1027 cunt
388 969 587 1026 malum
613 970 836 1036 bonum,
869 979 923 1026 et
948 971 1147 1025 bonum
1177 971 1377 1026 malum
1408 970 1634 1043 (Isai.v,
1663 971 1808 1043 20),»

229 1074 285 1120 ct
321 1073 518 1120 caetera
551 1063 637 1120 his
662 1063 860 1120 similia
889 1080 902 1117 :
940 1063 1168 1119 sollicite
1213 1064 1357 1120 enim
1403 1067 1702 1121 cavendum
1731 1075 1814 1121 est

230 1173 339 1213 non
368 1155 543 1212 solum
566 1171 597 1210 a
623 1155 896 1227 perversis
933 1164 988 1210 et
1021 1156 1328 1212 criminosis
1351 1157 1693 1213 sermonibus
1714 1171 1813 1228 pro

225 1252 424 1323 quibus
444 1260 646 1307 aeterna
679 1265 840 1323 poena
863 1250 1183 1316 exsolvitur,
1209 1251 1302 1306 sed
1333 1251 1499 1306 etiam
1524 1251 1592 1307 ab
1623 1251 1813 1306 otiosis

227 1353 284 1399 et
313 1344 530 1399 caeteris
579 1341 864 1413 superﬁuis
903 1343 1085 1398 verbis
1121 1343 1444 1398 refrenanda
1475 1352 1558 1399 est
1587 1343 1809 1414 lingua:

225 1435 368 1490 sicut
392 1435 538 1490 enim
587 1434 839 1491 falsitatis
864 1435 1070 1490 crimen
1113 1451 1143 1489 a
1190 1436 1600 1506 proﬁcientibus
1647 1436 1814 1506 perti-

224 1529 508 1594 mescitur,
535 1527 609 1582 ita
639 1528 812 1583 otiosa
851 1529 1015 1583 verba
1042 1543 1071 1582 a
1101 1527 1356 1599 perfectis
1389 1528 1522 1584 viris
1549 1528 1808 1583 vitantur.

223 1619 357 1675 Nam
383 1620 543 1687 sicut,
565 1628 625 1674 ut
649 1619 724 1674 ait
749 1619 991 1689 quidam,
1021 1636 1120 1690 pro
1147 1619 1322 1676 otioso
1349 1621 1515 1675 verbo
1556 1620 1695 1675 ratio
1717 1637 1814 1692 po-

221 1712 389 1776 nitur,
412 1727 512 1783 pro
532 1727 781 1769 sermone
803 1713 1002 1783 injusto
1023 1727 1179 1784 poena
1197 1713 1512 1768 exsolvitur.
1533 1712 1642 1769 Aut
1665 1714 1812 1770 enim

221 1804 423 1860 malum
441 1805 606 1870 male,
630 1813 723 1860 aut
747 1805 946 1861 bonum
971 1806 1112 1860 male
1131 1804 1458 1877 proferendo
1483 1821 1772 1877 peccamus
1793 1824 1806 1861 :

221 1897 424 1951 malum
477 1898 618 1953 male
668 1898 940 1968 .oquimur
974 1899 1191 1968 quando
1238 1897 1516 1968 quodlibet
1546 1897 1809 1969 flagitium

1918 686 2092 742 modis
2121 686 2484 752 mendacium,
2515 686 2631 743 sive
2684 701 2785 758 pro
2815 685 2978 753 malo,
3033 687 3147 741 sive
3189 686 3355 741 etiam
3403 699 3506 756 pro

1917 779 2062 834 bono
2091 777 2322 850 proferri
2353 778 2622 845 videatur,
2661 779 2790 852 quia
2832 792 2994 835 omne
3023 777 3367 834 mendacium
3393 791 3518 834 non-

1917 880 2002 926 est
2031 887 2098 926 ex
2130 870 2262 938 Deo,
2292 871 2406 935 sed,
2438 871 2579 926 sicut
2602 869 2852 926 Salvator
2876 871 2973 938 ait,
3005 888 3025 922 ι
3055 885 3086 924 a
3115 869 3260 926 malo
3278 878 3383 927 est.
3405 887 3428 924 ι

1915 1004 2044 1061 Car.
2081 1003 2316 1061 LXXIX.
2343 1037 2413 1047 —
2432 1006 2512 1061 De
2538 1006 2758 1062 diuersis
2780 1006 3176 1062 mendaciorum
3206 1005 3500 1077 generibus.

1987 1142 2123 1200 Octo
2149 1143 2293 1198 enim
2324 1156 2525 1215 genera
2557 1150 2684 1198 sunt
2711 1124 3004 1209 mendacii,
3036 1151 3097 1197 ut
3140 1149 3362 1198 sanctus
3387 1141 3502 1196 Au-

1914 1236 2162 1307 gustinus
2191 1237 2482 1308 episcopus
2522 1236 2579 1290 in
2610 1235 2750 1291 libro
2776 1236 2844 1291 de
2887 1234 3167 1290 Mendacio
3194 1233 3344 1289 dicit.
3381 1233 3502 1298 Est,

1914 1331 2115 1401 inquit,
2165 1332 2400 1402 primum
2430 1330 2664 1403 capitale
2715 1329 3057 1386 mendacium
3107 1328 3373 1400 longeque
3415 1326 3504 1380 fu-

1915 1425 2189 1496 giendum,
2223 1425 2368 1495 quod
2415 1425 2476 1479 ﬁt
2523 1425 2578 1478 in
2627 1422 2879 1479 doctrina
2913 1420 3214 1493 religionis.
3261 1419 3329 1473 ad
3357 1417 3502 1488 quod

1913 1521 2261 1577 mendacium
2280 1519 2429 1575 nulla
2454 1518 2764 1574 conditione
2785 1516 3073 1588 quisquam
3095 1514 3257 1570 debet
3275 1511 3500 1578 adduci;

1915 1615 2212 1671 secundum
2238 1622 2300 1669 ut
2342 1613 2581 1683 aliquem
2611 1611 2774 1666 laedat
2824 1609 3038 1679 injuste,
3072 1606 3216 1677 quod
3269 1603 3376 1658 tale
3416 1609 3505 1660 est

1913 1720 1968 1767 et
2000 1719 2060 1764 ut
2087 1708 2221 1764 nulli
2263 1707 2438 1778 prosit
2471 1714 2526 1762 et
2559 1705 2703 1760 obsit
2740 1702 2898 1758 alicui
2926 1718 2941 1767 ;
2975 1700 3198 1756 tertium
3245 1696 3390 1768 quod
3427 1695 3504 1750 ita

1912 1804 2134 1876 prodest
2183 1801 2339 1857 alteri
2393 1809 2456 1856 ut
2500 1800 2644 1856 obsit
2669 1799 2848 1863 alteri,
2876 1796 3125 1869 quamvis
3147 1809 3258 1848 non
3287 1792 3354 1847 ad
3403 1792 3505 1846 im-

1912 1897 2237 1954 munditiam
2263 1895 2408 1951 obsit
2458 1892 2828 1965 corporalem;
2883 1899 3136 1962 quartum
3185 1887 3297 1942 sola
3345 1899 3504 1940 men-

217 1989 551 2058 persuadere
574 2005 864 2056 conamur;
887 1991 1088 2046 bonum
1112 1989 1253 2045 male
1277 1989 1571 2060 loquimur,
1587 1990 1807 2060 quando
1835 1972 1884 2034 Β
1914 1988 2083 2044 ticndi
2108 1988 2434 2058 fallendique
2462 1987 2708 2051 libidine,
2733 1984 2878 2054 quod
2909 1998 3120 2038 merum
3156 1977 3502 2034 mendacium

217 2079 576 2148 quodcunque
623 2089 830 2135 rectum
880 2089 1196 2153 arroganter
1235 2080 1632 2156 praedicamus:
1679 2096 1805 2136 nam

216 2177 274 2225 et
302 2172 465 2226 corde
501 2171 642 2227 male
673 2171 965 2242 loquimur,
1004 2172 1220 2242 quando
1267 2171 1494 2226 interius
1523 2170 1807 2240 cogitatio-

214 2276 316 2315 nes
345 2262 534 2318 noxias
559 2264 886 2318 meditamur
908 2271 961 2318 et
985 2264 1325 2336 cogitamus;
1352 2263 1529 2335 lingua
1556 2264 1696 2318 male
1728 2263 1806 2319 lo-

213 2353 455 2424 quimur,
489 2356 704 2425 quando
732 2371 833 2426 pro
862 2371 928 2411 eo
966 2356 1113 2426 quod
1141 2355 1280 2411 male
1309 2355 1522 2427 agimus
1561 2354 1801 2428 ﬂagella-

209 2453 425 2511 rnur,et
446 2461 882 2512 murmuramus;
916 2445 1075 2502 factis
1098 2445 1239 2501 male
1267 2446 1563 2516 loquimur,
1587 2448 1804 2517 quando

215 2535 361 2591 male
387 2537 616 2592 vivendo
660 2537 924 2609 exemplis
972 2537 1172 2594 nostris
1197 2537 1332 2594 alios
1358 2539 1424 2593 ad
1451 2554 1616 2610 prave
1639 2554 1805 2611 agen-

215 2633 344 2684 dum
390 2629 805 2688 informamus:'
838 2631 1092 2688 omnibus
1133 2631 1280 2687 enim
1329 2632 1505 2688 modis
1549 2633 1804 2690 cavenda:

215 2731 344 2778 sunt
369 2739 533 2796 supra
567 2726 783 2796 scriptae
808 2726 1112 2783 locutiones
1134 2736 1189 2783 et
1212 2727 1432 2793 similia,
1457 2728 1583 2798 quia
1611 2729 1658 2784 si
1678 2745 1805 2784 con-

214 2821 298 2868 tra
327 2813 542 2871 Domini
567 2827 990 2890 sanctorumque
1009 2819 1126 2890 ejus
1154 2829 1483 2890 praeceptum
1505 2829 1610 2886 est,
1628 2820 1804 2877 otiosa

211 2914 269 2961 et
297 2909 545 2964 scurrilia
573 2911 740 2967 verba
783 2919 840 2968 et
876 2912 958 2967 his
999 2911 1195 2968 similia
1225 2912 1370 2983 loqui
1410 2915 1550 2968 unde
1589 2914 1803 2970 dicente

209 2997 443 3055 Domino
477 3002 744 3060 reddenda
787 3012 872 3058 est
925 3004 1087 3070 ratio,
1133 3013 1338 3074 quanto
1390 3005 1564 3077 magis
1596 3005 1802 3076 pcrjuri

211 3089 498 3160 falsitates,
526 3094 936 3152 maledictioncs
978 3105 1032 3153 et
1056 3105 1252 3152 caetera
1285 3097 1433 3163 talia,
1483 3112 1583 3168 pro
1608 3098 1803 3167 quibus

209 3195 411 3242 aeterna
437 3188 720 3259 plectenda
745 3189 1042 3256 damnatio,
1067 3191 1214 3245 verbi
1243 3191 1416 3262 gratia
1444 3210 1457 3246 :
1497 3210 1516 3243 ι
1551 3190 1628 3247 De
1655 3191 1801 3247 omni

210 3278 377 3332 verbo
424 3279 618 3345 otioso,
651 3299 670 3332 ι
707 3280 783 3335 ait
838 3281 1024 3336 mundi
1077 3279 1346 3347 Salvator,
1383 3300 1402 3333 ‹
1441 3283 1585 3355 quod
1631 3283 1798 3339 locuti

1911 2093 2026 2148 est;
2069 2083 2317 2151 quintum
2345 2080 2488 2151 quod
2517 2079 2580 2133 ﬁt
2605 2077 2853 2150 placendi
2883 2075 3181 2148 cupiditate
3209 2091 3223 2139 ;
3255 2073 3506 2143 sequitur

1910 2185 2124 2233 sextum
2154 2190 2349 2246 genus,
2372 2173 2516 2244 quod
2562 2179 2618 2226 et
2643 2171 2775 2226 nulli
2804 2172 2959 2225 obest
2983 2179 3039 2224 et
3065 2167 3288 2240 prodest
3314 2164 3500 2230 alicui,

1907 2268 2056 2324 velut
2099 2268 2145 2324 si
2191 2268 2461 2339 quispiam
2491 2266 2777 2337 pecuniam
2806 2261 3035 2333 alicujus
3068 2260 3264 2331 injuste
3312 2259 3506 2314 tollen-

1908 2361 2034 2417 dam
2055 2361 2255 2424 sciens,
2279 2359 2369 2414 ubi
2394 2360 2466 2415 sit
2505 2361 2718 2416 nescire
2746 2375 2806 2415 se
2840 2358 3174 2423 mentiatur;
3209 2354 3502 2426 septimum

1907 2454 2050 2524 quod
2074 2462 2124 2509 et
2154 2452 2285 2508 nulli
2313 2451 2469 2508 obest
2509 2461 2563 2507 et
2590 2452 2810 2523 prodest
2838 2450 3020 2516 alicui,
3069 2447 3217 2503 velut
3239 2446 3284 2501 si
3308 2446 3500 2502 nolens

1906 2545 2184 2600 hominem
2211 2544 2278 2600 ad
2317 2553 2549 2599 mortem
2580 2544 2866 2614 quzesitum
2910 2539 3143 2611 prodere
3173 2537 3494 2601 mentiatur,

1907 2655 2014 2695 non
2042 2638 2215 2694 solum
2257 2637 2467 2707 justum
2505 2649 2666 2708 atque
2712 2637 3076 2699 innocentem,
3109 2632 3203 2688 sed
3239 2641 3294 2686 et
3344 2644 3500 2684 reum

1907 2731 2000 2802 qui
2026 2745 2094 2786 ex
2120 2729 2432 2784 Christiana
2459 2727 2741 2798 disciplina
2773 2727 2863 2791 sit,
2896 2733 2958 2779 ut
2995 2735 3172 2793 neque
3219 2723 3284 2777 de
3319 2719 3502 2791 cujus-

1906 2841 2070 2895 quam
2099 2824 2437 2879 correctione
2477 2823 2797 2893 desperetur
2833 2833 3009 2888 neque
3040 2817 3292 2885 cuiquam
3319 2813 3499 2885 paeni-

1907 2919 2056 2974 tendi
2083 2917 2262 2972 aditus
2289 2915 2699 2972 intercludatur.
2733 2915 2809 2970 De
2846 2914 3043 2984 quibus
3082 2911 3292 2967 duobus
3335 2923 3498 2982 gene-

1907 3013 2079 3078 ribus,
2121 3027 2242 3082 quae
2277 3011 2454 3067 solent
2497 3011 2699 3066 habere
2750 3025 3002 3081 magnam
3046 3007 3497 3074 controversiam,

1907 3102 2042 3157 satis
2065 3103 2438 3168 tractavimus,
2463 3110 2521 3156 et
2539 3101 2668 3170 quid
2691 3099 2850 3155 nobis
2870 3099 3110 3172 placeret
3127 3098 3488 3164 ostendimus,

1907 3203 1968 3248 ut
1997 3192 2358 3263 suscipiendis
2405 3190 2960 3256 incommoditatibus,
3011 3204 3132 3260 quae
3183 3189 3409 3243 honeste
3433 3201 3501 3242 ac

1906 3283 2123 3341 fortiter
2147 3283 2465 3349 tolerantur,
2500 3284 2616 3338 haec
2643 3298 2857 3354 quoque
2904 3298 3107 3354 genera
3134 3281 3441 3337 devitantur
3465 3295 3499 3335 a

211 3368 411 3426 fuerint
473 3373 723 3430 homines
775 3375 1004 3432 reddent
1053 3376 1320 3432 rationem
1372 3377 1428 3432 in
1459 3349 1559 3433 die
1605 3376 1798 3447 judicii
1827 3349 1873 3412 Ο
1907 3380 2136 3436 fortibus
2165 3388 2219 3434 et
2260 3378 2508 3434 ﬁdelibus
2535 3387 2590 3432 et
2617 3349 2931 3433 verae-ibus-
2957 3377 3089 3432 viris
3137 3392 3202 3432 ac
3257 3374 3494 3431 feminis.

210 3459 425 3533 (Matth.
458 3480 558 3532 xu,
581 3464 674 3538 56)
698 3484 711 3521 :
745 3486 763 3517 ι
791 3471 1024 3522 otiosum
1052 3468 1249 3539 quippe
1275 3467 1501 3524 verbum
1523 3478 1607 3525 est
1651 3471 1797 3540 quod

209 3564 312 3610 nec
335 3555 564 3612 dicentis
596 3574 696 3614 nec
717 3560 984 3615 audientis
1015 3561 1178 3617 habet
1197 3563 1510 3620 utilitatem.
1541 3564 1617 3620 De
1639 3580 1796 3622 men-

208 3645 384 3701 daciis
403 3647 552 3713 audi,
580 3649 779 3718 inquit,
808 3649 1063 3720 gravius:
1091 3669 1110 3703 ι
1145 3653 1218 3708 Os
1251 3655 1397 3722 quod
1423 3656 1682 3710 mentitur
1707 3672 1800 3712 oc-

211 3735 351 3792 cidit
399 3737 634 3793 animam
681 3737 834 3811 (Sap.
880 3756 922 3807 ι,
973 3740 1084 3813 il).
1133 3763 1152 3796 ι
1205 3743 1281 3799 De
1333 3746 1794 3803 detractionibus:

211 3853 232 3887 ι
261 3832 364 3902 Qui
395 3836 652 3902 detrahit,
675 3837 870 3909 inquit,
902 3837 1288 3897 eradicabitur.
1310 3863 1329 3896 ι
1363 3843 1441 3898 De
1467 3842 1801 3898 maledictio-

207 3926 408 3982 nibus:
450 3945 470 3979 ‹
525 3928 712 4000 Neque
743 3933 992 3993 maledici
1036 3953 1260 4010 regnum
1301 3936 1399 3992 Dei
1447 3937 1798 4008 possidebunt

211 4017 264 4090 (1
295 4017 416 4076 Cor.
443 4037 521 4090 vi,
554 4023 697 4095 10).»
732 4025 800 4082 Et
824 4037 1022 4086 caetera
1046 4029 1176 4085 talia
1201 4030 1267 4086 de
1300 4028 1567 4086 similibus
1590 4029 1792 4086 verbis.

515 4152 642 4210 Car.
674 4131 954 4216 LXXVIII.
982 4193 1052 4202 —
1076 4161 1154 4217 De
1187 4162 1458 4218 mendacio

281 4283 454 4343 Omne
480 4289 626 4345 enim
668 4293 1010 4351 mendacium
1052 4305 1146 4353 aut
1195 4297 1258 4353 ﬁt
1291 4297 1665 4364 meditatione,
1704 4307 1798 4354 aut

208 4380 660 4452 praecipitatione,
694 4401 1084 4460 nonnunquam
1119 4389 1274 4460 pejus
1323 4399 1410 4447 est
1455 4391 1795 4448 mendacium

207 4474 460 4531 meditari
508 4493 670 4547 quam
719 4479 886 4551 loqui.
933 4482 1068 4538 Nam
1125 4485 1398 4540 interdum
1455 4485 1686 4556 quisque
1715 4485 1798 4540 in-

208 4571 404 4620 cautus
453 4566 590 4622 solet
635 4585 701 4624 ex
748 4573 1174 4643 prrecipitatione
1225 4575 1373 4646 loqui
1425 4576 1789 4632 mendacium.

211 4655 462 4714 Meditari
505 4670 685 4718 autem
715 4680 821 4720 non
851 4677 1028 4736 potest
1057 4669 1161 4724 nisi
1196 4684 1294 4740 per
1335 4669 1574 4725 studium
1602 4685 1788 4741 grave.

207 4747 369 4820 Pejus
399 4766 530 4824 ergo
568 4753 658 4808 ille
683 4770 750 4810 ex
790 4758 968 4814 studio
1009 4761 1226 4815 mentiri
1255 4761 1595 4831 perhibetur,
1626 4776 1792 4832 quam

209 4841 258 4897 is
285 4845 376 4912 qui
403 4861 470 4902 ex
493 4848 917 4918 praecipitatione
946 4851 1060 4907 sola
1111 4853 1390 4908 mentitur.
1435 4852 1794 4925 Summopere

207 4938 508 4994 cavendum
530 4948 615 4995 est
653 4956 813 4998 omne
837 4944 1197 5011 mendacium,
1227 4945 1474 5015 quamvis
1502 4945 1794 5016 aliquando

205 5029 280 5084 sit
303 5030 519 5101 aliquod
548 5034 817 5091 mendacii
869 5050 1038 5107 genus
1067 5037 1235 5109 culpae
1279 5037 1520 5104 levioris,
1574 5038 1619 5094 si
1645 5038 1794 5108 quis-

206 5137 371 5193 quam
401 5140 500 5194 pro
527 5119 702 5182 salute
733 5127 1012 5183 hominum
1035 5127 1350 5196 mentiatur,
1381 5129 1476 5184 sed
1507 5129 1634 5200 quia
1662 5128 1794 5184 scri-

202 5224 360 5288 ptum
416 5226 539 5273 est:
576 5237 596 5270 ‹
656 5217 730 5275 08
783 5221 928 5290 quod
979 5222 1243 5276 mentitur
1297 5221 1499 5277 occidit
1549 5221 1789 5276 animam

208 5303 362 5378 (Sap.
387 5324 426 5376 ι,
459 5309 586 5384 il);
619 5329 639 5364 ι
667 5319 723 5366 et
748 5329 762 5366 :
791 5331 810 5364 ι
844 5311 1045 5370 Perdes
1070 5329 1164 5370 eos
1188 5314 1280 5386 qui
1311 5314 1604 5386 loquuntur
1634 5330 1790 5370 men-

207 5404 425 5460 dacium
458 5403 631 5479 (Psal.
654 5423 710 5476 v,
735 5407 810 5480 7).
844 5429 864 5463 ›
897 5409 1012 5468 Hoc
1043 5426 1257 5484 quoque
1300 5413 1570 5469 mendacii
1623 5429 1794 5486 genus

204 5497 437 5570 perfecti
467 5500 570 5556 viri
597 5517 943 5575 summopere
969 5503 1200 5576 fugiunt,
1238 5513 1299 5560 ut
1340 5520 1441 5562 nec
1476 5506 1588 5560 vita
1615 5506 1796 5577 cujus-

203 5587 346 5646 libet
387 5607 490 5664 pro
512 5608 700 5649 eorum
731 5594 944 5653 fallacia
971 5597 1309 5665 defendatur,
1336 5614 1440 5654 nec
1469 5613 1578 5653 suae
1600 5598 1794 5653 anima:

205 5692 448 5740 noceant
475 5687 600 5743 dum
629 5699 889 5759 praestare
909 5691 1159 5747 nituntur
1179 5692 1370 5748 alienae
1393 5693 1568 5759 carni,
1597 5708 1793 5764 quam-

209 5791 378 5847 quam
407 5775 512 5832 hoc
565 5779 743 5849 ipsum
769 5782 978 5852 peccati
1029 5797 1200 5854 genus
1225 5781 1480 5840 facillime
1521 5782 1794 5841 credimus

209 5868 470 5926 relaxari.
505 5867 640 5925 Nam
687 5872 733 5928 si
763 5872 1014 5944 qualibet
1069 5874 1225 5946 culpa
1256 5875 1504 5946 sequenti
1543 5875 1794 5931 mercede

210 5972 498 6036 purgatur,
523 5975 725 6035 quanto
749 5969 922 6038 magis
941 5970 1058 6027 hac
1078 5969 1238 6026 facile
1255 5969 1609 6040 abstergitur,
1629 5986 1792 6044 quam

1903 3472 2021 3529 Non
2049 3487 2178 3545 ergo
2223 3471 2594 3528 mentiendum
2622 3471 2886 3541 quaarenti
2914 3470 3009 3526 ubi
3035 3469 3107 3524 sit
3131 3469 3225 3540 qui
3272 3483 3330 3524 se
3371 3468 3498 3524 ﬁdei

1902 3563 2203 3636 cuiuspiam
2234 3564 2590 3630 commiserit,
2623 3563 2719 3620 sed
2767 3562 2964 3618 fortius
3011 3561 3445 3634 respondendum
3481 3579 3493 3614 :

1903 3655 2012 3711 Nec
2039 3656 2285 3726 perdam,
2313 3671 2412 3711 nec
2435 3654 2689 3710 mentiar.
2713 3653 2869 3710 Fecit
2890 3654 2996 3709 hoc
3025 3653 3308 3724 episcopus
3329 3668 3499 3722 quon-

1901 3746 2028 3799 dam
2059 3745 2408 3816 Tagastensis
2445 3744 2710 3809 eccle’size,
2743 3743 2961 3799 Firmus
3001 3743 3240 3808 nomine,
3289 3741 3498 3798 ﬁrmior

1903 3837 2216 3893 voluntate:
2254 3853 2380 3892 nam
2428 3853 2553 3893 cum
2585 3837 2653 3892 ab
2697 3850 2764 3891 eo
2799 3842 3136 3905 quaereretur
3158 3835 3323 3891 homo
3340 3835 3496 3906 jussu

1900 3929 2246 4000 imperatoris
2298 3945 2395 4000 per
2444 3929 2784 4000 apparitores
2815 3928 2882 3983 ab
2913 3943 2977 3983 eo
3004 3928 3200 3982 missos
3237 3942 3400 3998 quem
3427 3929 3497 3983 ad

1900 4035 1958 4075 se
1979 4019 2384 4093 confugientem
2411 4020 2690 4092 diligentia
2714 4029 2916 4090 quanta
2937 4029 3153 4091 poterat
3167 4020 3494 4088 occultabat,

1899 4115 2176 4185 respondit
2224 4115 2594 4186 quaerentibus
2650 4128 2751 4169 nec
2797 4115 3018 4169 mentiri
3064 4129 3122 4170 se
3168 4130 3351 4186 posse,
3393 4131 3495 4172 nec

1896 4209 2172 4264 hominem
2203 4208 2432 4280 perdere
2461 4227 2474 4276 ;
2508 4223 2809 4280 passusque
2840 4217 2952 4263 tam
3004 4207 3172 4264 multa
3218 4217 3491 4266 tormenta

1896 4302 2142 4373 corporis
2193 4301 2474 4372 (nondum
2525 4301 2671 4357 enim
2731 4309 2886 4356 erant
2929 4301 3288 4373 imperatores
3337 4301 3494 4358 Chri-

1896 4393 2081 4466 stiani)
2109 4394 2410 4466 permansit
2439 4393 2492 4448 in
2525 4393 2815 4450 sententia.
2866 4393 3070 4450 Deinde
3101 4395 3168 4448 ad
3197 4395 3494 4465 imperato-
3565 4446 3570 4450 .

1897 4501 2012 4542 rem
2036 4485 2234 4543 ductus
2281 4503 2456 4558 usque
2483 4488 2620 4543 adeo
2649 4486 2917 4542 mirabilis
2966 4487 3236 4560 apparuit,
3265 4495 3330 4542 ut
3377 4488 3495 4559 ipse

1895 4579 2168 4635 hominem
2199 4577 2386 4652 [Forte
2416 4579 2643 4651 homini]
2685 4593 2848 4649 quem
2878 4579 3129 4635 servabat
3155 4578 3490 4651 indulgentia

1901 4668 2086 4742 [Forte
2102 4669 2518 4742 indulgentiam]
2540 4670 2660 4724 sine
2685 4669 2792 4725 ulla
2811 4667 3130 4726 difﬁcultate
3151 4669 3488 4740 impetraret.

1898 4761 2038 4830 Quid
2085 4761 2189 4817 hoc
2243 4760 2363 4816 ﬁeri
2411 4770 2592 4832 potest
2641 4759 2838 4816 fortius
2889 4768 3053 4831 atque
3106 4760 3495 4816 constantius?

1896 4853 2159 4911 Octavum
2186 4861 2270 4910 est
2319 4869 2488 4926 genus
2537 4853 2827 4920 mendacii,
2872 4852 3017 4924 quod
3073 4860 3129 4908 et
3174 4852 3305 4908 nulli
3336 4853 3495 4910 obest

1895 4953 1950 5001 et
1969 4947 2148 5003 adhuc
2169 4946 2393 5017 prodest
2413 4955 2475 5000 ut
2507 4946 2576 5002 ab
2597 4945 2939 5001 immunditia
2961 4945 3230 5018 corporali
3251 4945 3487 5017 aliquem

1894 5048 2130 5097 tueatur.
2158 5041 2216 5096 ln
2239 5040 2323 5096 his
2347 5049 2526 5095 autem
2567 5047 2694 5096 octo
2735 5039 3022 5110 generibus
3051 5048 3204 5098 tanto
3253 5041 3487 5112 quisque

1895 5133 2074 5188 minus
2097 5140 2287 5204 peccat
2307 5146 2430 5187 cum
2453 5131 2736 5196 mentitur,
2760 5139 2964 5202 quanto
2981 5132 3210 5204 emergit
3237 5133 3307 5189 ad
3325 5142 3483 5189 octa-

1897 5238 2045 5289 vum,
2071 5231 2222 5278 tanto
2251 5222 2484 5292 amplius
2504 5231 2709 5293 quanto
2730 5225 2926 5295 mergit
2947 5224 3014 5280 ad
3034 5225 3290 5295 primum.
3318 5223 3484 5293 Quis-

1897 5316 2020 5388 quis
2047 5323 2225 5369 autem
2246 5329 2368 5370 esse
2398 5313 2616 5385 aliquod
2637 5329 2806 5386 genus
2825 5316 3092 5372 mendacii
3135 5317 3278 5388 quod
3298 5331 3488 5388 pecca-

1897 5418 2012 5466 tum
2032 5423 2140 5466 non
2162 5409 2232 5464 sit
2250 5408 2538 5479 putaverit,
2567 5408 2800 5480 decipiet
2824 5409 3060 5481 seipsum
3086 5410 3333 5480 turpiter,
3362 5425 3487 5466 cum

1897 5503 2185 5559 honestum
2217 5517 2277 5558 se
2305 5502 2647 5572 deceptorem
2685 5502 2983 5558 arbitratur
3020 5501 3286 5567 aliorum;
3317 5517 3484 5573 grave

1903 5593 2166 5668 [gravius]
2197 5602 2280 5650 est
2315 5594 2460 5650 enim
2513 5593 2875 5661 mendacium,
2919 5601 2976 5650 et
3020 5592 3167 5648 aliud
3207 5592 3486 5664 quodlibet

1900 5695 2200 5758 peccatum,
2231 5685 2374 5756 quod
2404 5684 2582 5742 animo
2622 5685 2866 5742 nocentis
2911 5699 3072 5754 quam
3117 5684 3260 5753 quod
3305 5686 3486 5743 animo

1901 5782 2268 5840 subvenientis
2293 5779 2551 5848 efﬁcitur;
2568 5787 2751 5834 tamen
2777 5775 2980 5832 nullum
3003 5775 3340 5832 mendacium
3365 5778 3484 5835 sine

1902 5884 2154 5948 peccato;
2181 5874 2444 5944 scriptum
2464 5880 2548 5930 est
2569 5873 2714 5928 enim
2736 5885 2752 5925 :
2771 5869 2845 5925 Os
2863 5869 3002 5942 quod
3024 5869 3273 5925 mentitur
3292 5873 3484 5927 occidit

1903 5970 2154 6036 animam,
2169 5977 2216 6023 et
2235 5983 2385 6023 omne
2400 5964 2730 6024 mendacium
2748 5979 2850 6018 non
2870 5972 2942 6020 est
2961 5979 3026 6018 ex
3036 5961 3166 6029 Deo,
3183 5962 3274 6019 sed
3294 5980 3328 6018 a
3343 5965 3482 6021 malo
