3938 6334
432 510 455 563 1
465 508 570 567 395

1067 501 1127 559 Β.
1168 498 1420 556 RABAM
1459 494 1675 559 MAURI
1711 494 2015 553 ARCHIEP.

2120 494 2375 552 OGUNT.
2415 491 2699 548 OPERUM
2739 491 2919 550 PARS
2951 493 3037 549 Ill.

3572 496 3713 554 1596

428 630 505 679 ut
532 618 683 691 (ευρ.
711 635 749 683 ι,
776 618 885 690 il),
905 626 961 671 et
983 614 1102 675 ideo
1118 627 1217 684 pro
1238 610 1486 667 omnibus
1512 606 1805 663 mendaciis
1826 620 2017 663 secuu-
2042 610 2093 671 Α
2120 606 2349 676 ideoque
2379 619 2484 659 non
2530 604 2705 659 solum
2730 606 2916 676 gravia
2940 604 3034 661 sed
3070 603 3276 661 etlevia
3300 616 3435 663 sunt
3458 610 3713 665 cavenda

431 711 558 767 dum
594 707 906 778 qualitatem
944 702 1266 773 modumque
1302 697 1569 755 mendacii
1610 695 1908 752 satisfactio
1952 702 2007 752 et

431 799 749 873 paenitentia
788 797 951 868 digna
998 791 1201 866 agenda
1244 797 1348 859 est,
1390 803 1458 844 ne
1482 804 1513 845 a
1540 787 1787 845 veritatis
1823 786 2007 857 judice

429 887 563 955 Deo,
588 888 680 960 qui
703 901 804 942 nec
829 884 965 939 fallit
987 898 1086 938 nec
1109 881 1330 947 fallitur,
1359 878 1625 935 severiter
1647 876 1976 947 judicemur.

434 1004 560 1061 Car.
592 1000 802 1058 LXXX.
834 1030 904 1042 —-
927 998 1005 1054 De
1045 996 1260 1052 diversis
1301 992 1626 1066 gravioribus
1672 988 2007 1066 mortalibus-

507 1091 602 1145 τρυε
630 1071 853 1145 peccatis
880 1086 943 1127 ac
991 1068 1267 1129 sceleribus
1301 1060 1423 1136 'qua:
1462 1069 1829 1135 perpetrantur
1863 1060 2007 1113 locu-

506 1146 666 1200 tione.

504 1256 763 1329 Egregius
788 1252 1105 1326 praedicator
1127 1247 1327 1307 Paulus
1350 1244 1669 1321 generaliter
1697 1249 1920 1301 cunctos
1940 1239 2007 1295 ab

434 1346 864 1407 omnibus-malis
891 1353 945 1400 et
965 1340 1237 1416 pestiferis
1266 1338 1540 1395 refrenare
1561 1336 1782 1407 cupiens
1806 1346 2010 1389 sermo-

434 1441 594 1497 nibus
620 1439 697 1495 ait
713 1456 727 1493 :
746 1437 929 1495 Omnis
946 1449 1114 1493 sermo
1141 1430 1311 1489 malus
1338 1431 1401 1485 de
1421 1445 1509 1483 ore
1531 1436 1695 1483 vestro
1716 1439 2006 1494 uonproce-

433 1531 544 1596 dat,
559 1528 649 1585 sed
664 1528 838 1601 siquis
860 1529 1027 1583 bonus
1044 1524 1113 1581 sd
1132 1521 1529 1591 mdiﬁcationem
1551 1517 1698 1588 ﬁdet,
1721 1525 1772 1569 ut
1787 1514 1871 1568 det
1887 1528 2008 1585 gra-

432 1623 559 1681 tiam
572 1618 904 1679 audientibus
918 1616 1133 1689 (Ephes.
1152 1630 1223 1681 tv,
1251 1611 1375 1685 29);
1399 1619 1453 1669 et
1475 1624 1636 1680 super
1654 1607 1770 1661 haec
1791 1602 2002 1673 adjicit:

436 1711 613 1769 Nolite
632 1711 937 1767 contristare
950 1706 1203 1777 Spiritum
1224 1712 1461 1761 sanctam
1478 1699 1594 1765 Dei,
1616 1699 1672 1753 in
1695 1713 1796 1769 quo
1818 1693 2011 1766 signati

431 1807 554 1865 estis
596 1807 652 1860 in
680 1804 764 1859 die
794 1800 1179 1873 redemptionis,
1212 1813 1312 1871 quo
1353 1793 1524 1865 utique
1572 1789 1781 1862 gravius
1811 1783 2008 1839 malum

434 1895 641 1955 nullum
669 1910 779 1953 esse
800 1892 986 1965 poterit
1027 1889 1191 1963 (Ibid.
1229 1905 1277 1942 v.
1312 1885 1423 1955 50).
1470 1882 1624 1939 Patet
1666 1879 1829 1953 igitur
1882 1876 2009 1947 quia

2108 703 2328 767 peccata
2353 713 2364 748 :
2398 694 2571 750 sancti
2600 694 2747 751 enim
2774 695 2875 772 viri
2903 696 2985 751 sic
3016 696 3153 754 levia
3182 698 3342 771 quasi
3370 698 3711 773 gravissima

2108 786 2289 857 lugent
2338 793 2602 857 peccata,
2664 785 2836 843 multa
2896 784 3042 843 enim
3083 785 3223 843 levia
3269 802 3441 842 unum
3497 789 3713 859 grande

2107 875 2373 943 efﬁciunt,
2416 876 2557 931 sicut
2595 871 2991 947 solent‘parvis
3027 884 3083 933 et
3112 876 3353 932 minimis
3391 877 3579 948 guttis
3608 877 3709 931 im-

2108 985 2289 1025 mensa
2315 966 2534 1023 fiumina
2563 984 2831 1024 crescere.
2861 966 3230 1025 Numerositas
3251 969 3401 1025 enim
3442 968 3501 1022 in
3540 985 3713 1025 unum

2107 1071 2292 1119 coacta
2331 1061 2691 1118 exundantem
2737 1059 2897 1117 allicit
2948 1062 3179 1137 copiam.
3239 1060 3383 1117 Sunt
3438 1070 3497 1116 et
3556 1061 3717 1133 plura

2108 1155 2289 1227 gravia
2311 1164 2365 1210 et
2413 1154 2662 1213 mortalia
2704 1162 2926 1226 peccata
2961 1163 3015 1211 et
3071 1156 3299 1211 crimina
3340 1170 3471 1227 qua:
3514 1170 3720 1226 perpe-

2107 1256 2321 1303 trantur
2347 1257 2469 1304 actu
2492 1254 2547 1303 et
2574 1263 2759 1319 opere,
2808 1263 2909 1318 pro
2937 1248 3135 1318 quibus
3159 1263 3390 1320 regnum
3432 1249 3716 1304 calorum

2108 1338 2375 1395 clauditur
2408 1337 2493 1394 his
2522 1338 2612 1411 qui
2643 1354 2707 1393 ea
2727 1338 3137 1405 commiserunt,
3173 1346 3226 1393 et
3250 1339 3306 1392 in
3328 1338 3437 1393 hac
3462 1338 3586 1391 vita
3622 1353 3719 1407 per

2108 1430 2484 1501 paenitentiam
2539 1438 2594 1487 et
2622 1429 2888 1500 lacrymas
2924 1438 2980 1485 et
3016 1428 3394 1501 eleemosynas
3422 1438 3485 1484 et
3512 1440 3715 1485 caetera

2110 1525 2246 1580 bona
2276 1538 2440 1593 opera
2484 1538 2589 1577 non
2635 1523 3017 1579 redemerunt:
3046 1532 3173 1578 sunt
3210 1532 3401 1578 autem
3441 1522 3597 1589 hac,
3628 1540 3712 1578 re-

2111 1612 2404 1685 crilegium,
2430 1611 2804 1677 homicidium,
2852 1608 3194 1681 adulterium,
3228 1613 3467 1685 furtum.
3496 1615 3709 1684 rapina,

2110 1718 2261 1781 atque
2280 1704 2520 1773 ebrietas,
2536 1716 2589 1762 et
2614 1715 2809 1764 caetera
2827 1708 3043 1777 similia,
3057 1724 3177 1780 quae
3197 1708 3405 1766 Paulus
3424 1709 3711 1779 apostolus

2110 1811 2410 1857 enumerat.
2442 1800 2758 1870 Quicunque
2791 1801 2939 1856 enim
2976 1800 3178 1873 aliquid
3205 1801 3275 1858 de
3302 1802 3434 1859 istis
3466 1804 3711 1873 peccatis

2070 1952 2075 1959 ,
2112 1893 2165 1948 in
2187 1908 2245 1949 se
2267 1891 2545 1947 dominare
2566 1891 2900 1963 cognoverit,
2921 1890 3023 1948 nisi
3039 1891 3198 1965 digne
3218 1908 3280 1949 se
3297 1894 3709 1960 emendaverit,

433 1988 611 2047 omnis
643 2001 823 2047 sermo
843 1984 1083 2056 prolatus
1111 1979 1205 2053 qui
1230 1995 1334 2035 non
1363 1974 1575 2049 proﬁcit
1606 1974 1671 2027 ad
1700 1969 2008 2027 mdilicatio-
2038 1967 2087 2029 B
2113 1992 2190 2053 ει,
2212 1986 2259 2040 εί
2290 1984 2543 2040 habuerit
2571 1984 2825 2055 spatium,
2850 1984 3009 2055 longo
3037 1992 3282 2056 tempore
3318 1984 3711 2058 pauimentum

432 2095 558 2137 nem
586 2077 711 2135 ﬁdei
759 2075 1088 2133 audientium
1127 2070 1413 2127 contristat
1457 2064 1718 2138 Spiritum
1762 2071 2010 2118 sanctum

432 2172 552 2231 Dei.
578 2173 644 2231 Et
661 2171 707 2227 si
729 2185 908 2229 sermo
926 2168 1165 2241 prolatus
1195 2181 1299 2221 non
1322 2161 1573 2228 aediﬁcat,
1602 2160 1649 2215 is
1677 2158 1743 2214 ab
1758 2152 2011 2228 Apostolo

433 2262 635 2318 Christi
657 2268 740 2321 est
764 2246 1088 2331 prohibitus,
1139 2270 1207 2311 ne
1267 2253 1530 2326 Spiritum
1581 2256 1827 2305 sanctum
1883 2257 2011 2298 con—

431 2355 635 2420 tristet,
690 2364 891 2423 quanto
946 2350 1116 2420 magis
1167 2346 1254 2402 ille
1301 2360 1480 2402 sermo
1530 2342 1623 2413 qui
1675 2335 1900 2395 destruit
1956 2343 2012 2389 et

432 2445 625 2518 polluit
646 2459 710 2503 os
738 2440 965 2499 dicentis
1000 2448 1055 2495 et
1076 2454 1235 2495 aures
1258 2436 1546 2501 audientis,
1579 2432 1734 2489 sicuti
1748 2437 1830 2486 est
1856 2425 2007 2482 falsi-

435 2544 544 2604 tas,
569 2531 850 2603 detractio,
878 2529 1199 2595 maledictio,
1236 2537 1291 2584 et
1319 2526 1550 2584 similia!

494 2642 507 2655 ’
1028 2644 1109 2701 De
1152 2641 1403 2715 falsitate.

509 2758 703 2818 Peleus
742 2760 907 2825 testis,
957 2758 1036 2814 ait
1078 2757 1357 2824 Salomon,
1416 2774 1521 2815 non
1563 2758 1663 2817 erit
1699 2758 2006 2829 impunitus.

441 2854 545 2924 Qui
596 2855 793 2928 [alain
835 2854 1190 2911 testimonium
1238 2852 1435 2925 profert
1482 2864 1664 2911 contra
1715 2854 2013 2926 prosimus

440 2964 616 3015 sum,
648 2948 1009 3020 Μυησίων
1035 2945 1250 3007 lucerna
1277 2945 1395 3016 ejus
1413 2945 1469 3005 in
1488 2945 1573 3002 die
1612 2944 1796 3003 ultin
1824 2943 2007 3015 (Prov.

439 3041 645 3108 m,9;
672 3055 767 3107 xx,
794 3039 907 3109 30).

1004 3152 1083 3209 De
1114 3153 1451 3208 detractione.

460 3270 463 3273 ’
513 3269 617 3339 Qui
641 3268 867 3325 detrahit
904 3267 1080 3338 fratri,
1131 3265 1262 3322 dicit
1305 3265 1605 3336 Scriptura,
1641 3264 1869 3320 detrahit
1912 3262 2013 3334 legi

443 3329 583 3434 (Ide.
619 3378 694 3425 tv,
728 3361 847 3428 ii);
893 3329 948 3414 et
993 3329 1274 3413 Psalmista
1318 3375 1330 3411 :
1374 3329 1760 3421 Detrahentem,
1815 3329 2010 3425 inquit,
2038 3329 2087 3393 ο

445 3450 644 3505 occulte
696 3450 947 3523 adversus
987 3450 1282 3521 proximum
1320 3463 1473 3503 suum
1511 3448 1648 3502 hunc
1674 3446 2015 3519 persequebar

449 3540 565 3611 (Ps.
594 3559 683 3609 cx,
709 3539 803 3614 5);
834 3552 887 3599 et
921 3541 1045 3599 alibi
1095 3543 1295 3597 dictum
1327 3547 1408 3597 est
1442 3541 1508 3596 de
1548 3555 1613 3597 eo
1657 3539 1749 3611 qui
1787 3538 2017 3595 libenter

446 3634 594 3691 audit
625 3635 992 3693 detrahentem
1026 3652 1038 3688 :
1077 3632 1224 3701 Noli,
1254 3633 1428 3705 inquit
1481 3631 1781 3704 Scriptura,
1832 3631 2017 3686 audire

441 3727 817 3793 detrahentem,
851 3742 916 3781 ne
951 3724 1085 3799 forte
1131 3725 1433 3781 eradiceris.

985 3835 1063 3892 De
1093 3835 1475 3895 maledictione.

510 3951 801 4024 Apostolus
842 3950 1043 4009 Paulus
1090 3950 1257 4009 dicit:
1307 3948 1490 4022 Neque
1515 3950 1758 4007 maledici
1802 3966 2017 4024 regnum

445 4042 547 4099 Dei
570 4042 902 4113 possidebuiu
947 4040 999 4115 (1
1029 4039 1152 4099 Cor.
1172 4059 1249 4109 vt,
1278 4042 1389 4111 10).
1424 4042 1615 4099 Omnis
1637 4057 1818 4099 sermo
1845 4040 2020 4103 malus

443 4136 536 4208 qui
562 4135 637 4193 ob
660 4135 763 4193 hoc
796 4131 1068 4206 profertur
1106 4142 1169 4188 ut
1200 4132 1426 4191 infamet
1457 4133 1711 4204 aliquem,
1743 4140 1839 4188 aut
1879 4132 2021 4189 male

440 4225 803 4291 madet,
844 4224 1137 4283 maledicus
1191 4234 1309 4291 est,
1357 4225 1567 4281 etiamsi
1613 4224 1861 4281 videatur
1911 4239 2021 4279 non

440 4336 562 4379 esse
588 4317 909 4390 iniuriosus;
931 4318 1221 4375 conﬁrmat
1254 4317 1344 4375 illa
1371 4317 1679 4375 sementis;
1729 4314 2021 4371 Maledice-

443 4423 584 4479 runt,
612 4412 809 4483 inquit,
861 4418 911 4466 et
936 4409 1177 4467 dixerunt
1216 4410 1306 4467 ei;
1336 4407 1415 4465 Tu
1464 4407 1751 4480 discipulus
1779 4407 1922 4463 illius
1969 4425 2024 4464 es

445 4508 629 4579 (Joau.
658 4522 739 4573 ut,
767 4503 881 4576 28).

596 4618 605 4627 ’
979 4618 1061 4674 De
1079 4620 1512 4675 mansione.

517 4730 657 4786 Dicit
701 4733 842 4787 enim
870 4730 1143 4801 apostolus
1171 4729 1369 4784 Paulus
1401 4747 1413 4783 :
1450 4728 1632 4801 Neque
1665 4744 2025 4784 murmurare-

448 4821 560 4875 ritis
604 4823 737 4876 sicut
777 4824 989 4893 quidam
1039 4836 1217 4876 eorum
1262 4822 1794 4877 murmuraveruntin
1825 4820 2027 4874 deserto

448 4921 497 4966 et
541 4911 802 4982 perierunt
844 4912 907 4966 ab
951 4912 1353 4966 exteminatore
1399 4911 1469 4976 (1
1496 4910 1619 4965 Cor.
1662 4927 1720 4978 χ,
1764 4910 1891 4984 10).
1933 4910 2027 4966 liis

446 5002 592 5057 enim
640 5000 945 5055 divinarum
1011 5000 1412 5073 Seriphrarum
1476 5001 1798 5057 testimoniis
1859 5000 2029 5055 claret

450 5093 575 5164 quia
608 5106 704 5163 pro
728 5092 814 5147 his
842 5100 897 5147 et
925 5093 1191 5149 similibth
1218 5094 1369 5148 vitiis
1397 5108 1515 5163 quae
1546 5093 1680 5147 ﬁunt
1728 5092 2022 5159 locutione,

444 5196 704 5258 perpetua
730 5185 973 5239 imminet
1003 5200 1186 5255 poena,
1232 5188 1336 5243 nisi
1372 5188 1426 5243 in
1474 5189 1577 5243 hac
1605 5187 1711 5243 vita
1739 5202 1837 5259 per
1864 5188 2024 5243 satis-

446 5278 737 5334 factionem
759 5284 813 5331 et
838 5275 1211 5346 putuit-entiam
1250 5277 1451 5334 Fuerint
1479 5277 1669 5334 deleta.

447 5390 573 5446 CAP.
609 5386 840 5444 LXXXI.
878 5418 949 5429 —
977 5385 1052 5441 De
1076 5388 1157 5470 his
1200 5390 1289 5459 qui
1317 5402 1469 5460 opere
1510 5398 1557 5444 et
1586 5401 1707 5445 acta
1750 5389 1919 5446 modis
1943 5392 2026 5445 di-

1026 5474 1187 5512 versis
1209 5470 1441 5529 peccant.

518 5572 675 5629 Plura
690 5574 971 5630 suntenim
986 5582 1205 5644 peccata
1222 5573 1359 5629 levia
1374 5591 1493 5645 quae
1506 5585 1885 5647 perpetrantur
1898 5591 2027 5648 ope-
2062 5598 2071 5609 ·

448 5681 530 5730 re,
544 5680 643 5736 pro
663 5666 923 5737 quibusin
938 5666 1188 5737 praesenti
1212 5667 1320 5722 vita
1343 5683 1562 5724 necesse
1575 5679 1655 5723 est
1674 5684 1831 5742 agere
1853 5670 2027 5740 poeni-

450 5753 695 5820 tentiam,
728 5768 795 5809 ne
835 5765 959 5825 post
988 5755 1148 5826 hujus
1187 5756 1310 5811 vitae
1350 5758 1640 5812 terminum
1681 5768 1804 5813 ante
1842 5760 2027 5815 oculos

449 5848 666 5897 nostros
714 5844 1046 5901 adducantur
1070 5862 1230 5902 causa
1281 5848 1661 5903 accusationis.
1693 5847 1835 5903 Nihil
1860 5851 2023 5916 enim,

450 5941 511 5985 ut
561 5932 634 5986 itit
656 5932 935 6008 Scriptura
966 5940 1317 6008 ,impunitum
1373 5937 1687 6009 derelinquit
1749 5938 2023 5997 Dominus.

2109 2074 2300 2149 egerit,
2316 2085 2369 2130 et
2391 2074 2566 2149 largas
2590 2072 2957 2146 eleemosynas
2974 2075 3307 2147 erogaverit,
3328 2085 3535 2131 aiter-na
3550 2074 3711 2130 illum

2108 2167 2321 2223 ﬂamma
2367 2168 2483 2223 sine
2522 2166 2628 2223 ullo
2672 2165 2916 2223 remedio
2961 2167 3273 2223 trucidabit.
3326 2166 3471 2224 Sunt
3517 2177 3706 2227 autem

2108 2259 2330 2314 minima
2355 2267 2409 2314 et
2434 2258 2571 2315 levia
2596 2266 2837 2329 peccata,
2865 2259 3078 2329 quoties
3099 2257 3155 2313 in
3201 2259 3327 2317 cibo
3354 2258 3564 2331 aliquis
3616 2270 3711 2314 aut

2108 2359 2237 2421 potu
2284 2349 2405 2421 plus
2438 2348 2671 2421 accipiat
2693 2365 2858 2421 quam
2903 2365 3125 2407 necesse
3164 2360 3271 2417 est,
3330 2352 3564 2423 quoties
3590 2351 3711 2423 plus

2108 2443 2345 2515 loquitur
2395 2458 2557 2515 quam
2613 2451 2851 2515 oportet,
2892 2443 3014 2517 plus
3057 2451 3200 2499 tacet
3240 2459 3416 2514 quam
3466 2444 3705 2514 expedit.

2109 2536 2321 2608 quoties
2375 2526 2667 2609 pauperem
2705 2535 3009 2607 importune
3052 2543 3333 2607 petentem
3378 2545 3700 2605 exasperat,

2108 2629 2320 2698 quoties
2374 2643 2494 2683 cum
2526 2628 2598 2683 sit
2643 2642 2869 2698 corpore
2905 2643 3086 2695 sanus,
3142 2626 3264 2683 aliis
3298 2625 3704 2699 jejunantibus,

2108 2720 2375 2791 prandero
2412 2716 2660 2786 voluerit,
2692 2727 2746 2774 et
2777 2734 2966 2775 somno
2998 2718 3208 2776 deditus
3244 2719 3473 2775 tardius
3504 2719 3575 2774 ad
3620 2735 3705 2776 ec-

2111 2811 2331 2868 clesiam
2366 2811 2568 2883 surgit;
2614 2810 2847 2881 quoties,
2874 2819 3099 2884 excepto
3129 2810 3409 2869 desiderio
3444 2808 3703 2877 ﬁliorum,

2109 2919 2338 2959 uxorem
2364 2918 2517 2957 suam
2544 2902 2886 2979 cognoverit;
2920 2903 3129 2974 quoties
3152 2902 3367 2959 tardius
3398 2903 3463 2959 in
3494 2919 3707 2959 carcere

2112 2992 2442 3066 requisierit,
2468 2993 2711 3049 inﬁmos
2740 2992 2945 3051 tardius
2965 2994 3268 3051 visitaverit
3298 3011 3315 3062 ;
3348 2994 3397 3051 si
3424 2994 3707 3051 discordes

2113 3084 2180 3141 ad
2236 3083 2576 3141 concordiam
2630 3099 2886 3142 revocare
2942 3085 3258 3159 neglexerit,
3313 3086 3363 3142 si
3426 3086 3557 3159 plus
3622 3096 3707 3141 aut

2113 3179 2421 3251 proximum
2466 3185 2562 3234 aut
2606 3195 2830 3235 uxorem
2880 3188 2975 3235 aut
3023 3195 3241 3236 servum
3291 3181 3707 3255 exasperaverit

2112 3289 2277 3344 quam
2334 3281 2573 3344 oportet,
2622 3272 2669 3329 si
2715 3272 2945 3345 amplius
3002 3271 3161 3330 fuerit
3212 3274 3500 3331 blanditus
3546 3290 3701 3346 quam

2116 3376 2368 3440 oportet,
2407 3368 2453 3424 si
2501 3367 2807 3445 cuicunque
2846 3368 3049 3443 majore
3095 3368 3451 3439 possessione
3500 3377 3594 3423 aut
3644 3384 3705 3421 ex

2115 3460 2391 3517 voluntate
2417 3468 2595 3515 autex
2627 3460 2948 3517 necessitate
2963 3459 3169 3515 adulari
3203 3458 3474 3525 voluerit,
3496 3462 3543 3516 si
3578 3476 3704 3532 pau-

2114 3550 2333 3622 peribus
2362 3550 2724 3606 esurientibus
2746 3549 2969 3607 nimium
2998 3550 3189 3606 delicio
3202 3567 3253 3605 ~a
3280 3550 3371 3606 vel
3391 3561 3699 3623 sumptuosa

2117 3644 2220 3699 cibi
2244 3644 2484 3700 convivia
2503 3642 2795 3717 paraverit,
2810 3642 2853 3699 si
2871 3654 2969 3699 aut.
2991 3643 3044 3698 in
3066 3643 3296 3700 ecclesia
3319 3654 3416 3699 aut
3438 3655 3597 3699 extra
3622 3660 3699 3697 cc-

2117 3733 2335 3790 clesiam
2365 3732 2556 3791 fabulis
2577 3736 2764 3792 otiosis
2782 3735 2995 3793 locutus
3018 3736 3204 3794 fuerit.
3232 3737 3363 3795 Haec
3382 3740 3534 3795 enim
3556 3750 3613 3792 et
3625 3738 3701 3791 bis

2117 3824 2314 3880 similia
2337 3824 2403 3879 ad
2428 3826 2629 3880 minuta
2652 3835 2869 3895 peccata
2896 3828 3164 3898 pertinere
3195 3844 3301 3884 non
3340 3828 3568 3885 dubium
3602 3838 3701 3887 (‘31.

2119 3926 2237 3985 qutc
2259 3917 2561 3971 enumerari
2578 3917 2664 3971 vix
2688 3926 2931 3988 possunt.
2959 3918 3163 3986 Quibus
3189 3922 3439 3991 peccatis
3468 3921 3703 3992 quamvis

2120 4009 2290 4064 occidi
2312 4008 2547 4063 animam
2574 4023 2680 4063 non
2707 4010 3013 4078 credamus,
3054 4020 3232 4066 tamen
3262 4012 3339 4066 ita
3396 4028 3523 4067 eam
3565 4012 3697 4065 veta:

2121 4103 2439 4173 quibusdam
2470 4103 2703 4174 pustulis
2724 4112 2782 4161 et
2811 4106 2967 4174 quasi
2992 4105 3260 4161 horrenda
3286 4105 3477 4161 scabie
3504 4106 3702 4174 replen—

2123 4202 2202 4248 tes
2227 4192 2518 4249 deformem
2543 4192 2766 4250 faciunt.
2814 4195 3080 4267 Quidquid
3133 4196 3278 4252 enim
3306 4198 3376 4252 de
3420 4196 3543 4251 istis
3588 4212 3695 4265 puc-

2122 4283 2258 4339 catis
2282 4297 2378 4355 per
2402 4284 2673 4340 orationes
2700 4291 2753 4339 et
2774 4281 2979 4353 jejunis
3003 4292 3055 4339 et
3075 4282 3478 4357 eleemosynas,
3499 4296 3555 4339 et
3580 4300 3705 4354 pne-

2123 4376 2278 4446 cipuc
2304 4390 2400 4446 per
2428 4374 2809 4443 indulgentiam
2836 4392 3020 4433 eorum
3045 4376 3136 4447 qui
3180 4376 3234 4431 in
3266 4378 3424 4432 nobis
3454 4384 3701 4447 peccant.

2124 4464 2177 4520 in
2206 4466 2307 4520 hac
2350 4464 2460 4519 vita
2496 4462 2830 4536 redemptum
2863 4481 2969 4521 non
3000 4465 3179 4531 fuerit,
3214 4466 3322 4538 igni
3366 4466 3703 4538 purgandum

2124 4564 2226 4623 est,
2256 4556 2322 4611 de
2345 4571 2452 4627 quo
2499 4555 2788 4629 Apostolus
2813 4556 2944 4613 dicit
2974 4575 2986 4611 :
3027 4542 3163 4623 Quia
3192 4556 3249 4610 in
3275 4558 3397 4628 igne
3456 4556 3705 4611 rei-elati-

2127 4656 2230 4712 tur,
2262 4654 2312 4700 et
2346 4647 2498 4717 cujus
2527 4663 2655 4718 opus
2703 4647 2914 4713 arserit,
2959 4646 3327 4702 detrimentum
3362 4648 3601 4717 patietur
3650 4644 3707 4703 tl

2050 4692 2103 4752 θ
2127 4692 2499 4807 55.31.75)“.

2185 4868 2313 4927 Car.
2338 4867 2597 4927 ιΧΧΧιι.
2628 4898 2699 4913 --
2725 4868 2863 4943 Item
2886 4871 2952 4927 de
2979 4871 3197 4943 diversis
3218 4886 3283 4927 ac
3308 4871 3665 4943 nauiter-ie

2651 4938 2818 4996 modis
2847 4942 3191 5013 peccantium.

2201 5051 2383 5125 (1nd.)
2415 5051 2555 5115 Sunt
2577 5053 2725 5111 enim
2760 5062 3051 5125 peccantes
3091 5054 3313 5125 quidam
3349 5055 3447 5126 qui
3484 5057 3713 5113 scienter

2133 5152 2388 5214 peccatu;
2422 5153 2547 5199 sunt
2570 5152 2629 5201 et
2644 5144 2739 5214 qui
2764 5132 3072 5217 ignorantur
3100 5153 3159 5201 et
3173 5145 3267 5203 alii
3284 5146 3535 5213 occlusa,
3554 5159 3613 5201 et
3628 5146 3713 5201 aii

2132 5237 2485 5303 necessitate,
2508 5236 2605 5295 alii
2632 5237 3025 5295 consuetudine
3041 5246 3099 5293 et
3126 5236 3215 5293 alii
3249 5253 3445 5297 arm
3480 5239 3711 5313 peccati.

2129 5339 2186 5384 et
2213 5328 2305 5385 alii
2331 5344 2441 5387 nou
2475 5343 2660 5387 amore
2677 5329 2905 5398 peccati,
2935 5328 3029 5385 sed
3059 5329 3251 5387 tinnire
3278 5328 3527 5387 hominis
3546 5331 3715 5387 delin-

2129 5430 2320 5493 quuut.

2276 5554 2352 5608 De
2375 5554 2454 5609 his
2474 5554 2571 5625 qui
2586 5555 2811 5609 scienter
2852 5562 2907 5609 et
2926 5553 3225 5625 ignorantur
3272 5555 3585 5625 om”.

2202 5665 2432 5723 Gravius
2480 5680 2713 5737 namque
2770 5667 2849 5720 ira
2905 5664 2999 5721 Dei
3068 5675 3150 5722 est
3210 5680 3331 5737 quae
3376 5678 3723 5739 praevocatnr

2133 5758 2294 5829 qd'am
2346 5772 2407 5811 ea
2456 5772 2576 5827 quae
2637 5764 2907 5812 meretur»
2954 5754 3087 5812 Nam
3136 5770 3443 5826 meremur,
3503 5761 3725 5832 quando

2134 5853 2429 5925 ignorando
2457 5852 2833 5923 peccavimus;
2868 5864 3237 5923 provocamus,
3263 5852 3489 5922 quando
3518 5856 3721 5909 scimus

2135 5947 2333 5999 bonum
2373 5942 2552 6001 facere
2580 5956 2680 5998 nec
2710 5942 2973 5999 volumus.
