3938 6334
186 480 317 538 1397
1433 485 1942 545 PiIINITENTlUM
1977 489 2197 547 LIBER.
3299 501 3437 559 i598

462 594 541 652 De
556 594 849 668 maturatis
889 599 1208 671 occultisqu
1230 602 1475 672 peccatis.

251 688 421 759 lajor
446 697 533 746 est
562 689 719 760 culpa
746 690 1031 747 manifeste
1071 702 1233 762 quam
1269 693 1480 750 occulte
1506 706 1756 762 peccare,

183 779 464 851 dupliciter
508 780 654 836 enim
700 794 834 837 reus
883 782 991 848 est,
1029 783 1163 853 quia
1208 798 1307 855 per
1358 800 1418 842 se
1470 785 1757 857 delinquit,

182 873 321 944 quod
366 880 423 928 et
453 868 565 943 agit
603 879 662 928 et
688 872 867 928 docet.
912 873 989 929 De
1027 873 1226 931 talibus
1248 874 1414 932 Isaias
1454 877 1589 932 dicit
1623 895 1637 931 :
1684 875 1756 933 Et

179 975 445 1038 peceatum
496 976 651 1021 mm
700 966 855 1038 quasi
916 966 1153 1025 Sodoma
1195 972 1609 1042 praedicaverunt
1661 988 1754 1030 nec

1782 603 2477 678 Aconfundunturﬂsunt
2532 609 2627 681 qui
2683 623 2790 665 non
2831 609 3006 667 solum
3070 627 3179 669 non
3248 613 3432 671 dolent

1859 693 2092 766 gessisse
2117 693 2351 765 Indum,
2376 696 2474 754 sed
2502 698 2664 754 etiam
2691 698 2759 756 de
2791 698 2912 771 ipso
2948 700 3092 757 malo
3117 716 3283 774 opere
3317 702 3435 776 glo-

1858 795 2145 935 nmmrbe
2162 879 2245 935 Itis
2265 879 2356 951 qui
2375 881 2562 936 timore
2581 880 2853 938 hominum
2885 880 3216 955 delinquunt.

1927 988 2066 1046 Sunt
2090 990 2309 1061 quidam
2338 991 2526 1047 miseri
2553 992 2646 1062 qui
2674 992 2845 1063 magis
2875 992 3129 1050 timentes
3156 995 3431 1052 hominem

180 1055 556 1111 absconderant
583 1056 719 1130 (Ita.
751 1073 834 1125 tn,
861 1058 941 1132 9).
970 1058 1259 1117 Peccatum
1281 1063 1425 1119 enim
1443 1072 1734 1135 perpetrari

1854 1055 2129 1138 terrenum
2157 1083 2388 1138 similem
2412 1083 2519 1150 sui,
2734 1055 2903 1139 D'eum
2922 1091 3223 1140 creatorem
3251 1100 3428 1153 suum,

183 1148 511 1247 «meum,
541 1158 821 1247 pecuum
848 1152 1310 1247 animataede
1325 1156 1651 1247 φαῖσι-εει.
1674 1159 1753 1216 De
1851 1183 2166 1245 perpetrant
2211 1174 2441 1242 scelera,
2485 1148 2595 1232 sui:
2616 1175 2919 1247 cogitantes
2973 1174 3148 1232 illud:
3210 1148 3433 1234 Obedire

177 1238 1750 1339 (ιιιθῶοίιξυοςιριξιεΡαιιιυιτεηιαιηοξτδιῐεναταηνοιίο
1851 1238 2050 1336 oportet
2109 1263 2219 1319 Deo
2270 1238 2437 1336 magis
2489 1281 2646 1337 quam
2686 1238 2986 1323 ῐιοιηεπτωω
3036 1266 3174 1338 (Act.
3205 1283 3263 1335 v,
3295 1267 3425 1339 29);

179 1346 297 1385 cum
322 1332 467 1386 omni
497 1332 723 1389 stantia.

314 1421 393 1476 De
413 1423 495 1478 Itis
521 1424 613 1495 qut
641 1427 895 1495 peccandi
936 1429 1239 1485 uanitate
1277 1430 1604 1503 delinquunt.

1848 1355 2042 1411 melius
2060 1356 2204 1411 enim
2217 1365 2336 1411 erat
2356 1355 2462 1412 illis
2472 1355 2641 1411 vitam
2657 1355 3006 1427 temporalem
3027 1357 3254 1428 perdere
3265 1375 3428 1430 quam

1849 1456 2133 1518 peccatum
2162 1448 2522 1504 committere.

242 1533 502 1636 Plerique
530 1534 634 1591 ἡοη
658 1528 953 1636 νσῇιηῑεηθν
983 1540 1081 1595 θεά
1103 1540 1593 1636 ἐοἶῖίΑηθοβθείῑθῑθ
1619 1558 1748 1617 Ροε-
1849 1562 2004 1631 Quod
2066 1562 2351 1636 aliquando
2399 1580 2465 1618 ea:
2518 1563 2743 1634 peccatis
2802 1561 3050 1636 quadam
3113 1573 3432 1635 generantur

171 1626 327 1682 candl
365 1627 813 1698 pertimescentes
860 1630 1209 1701 temporalem
1239 1633 1497 1704 impiam,
1523 1644 1579 1690 et
1616 1636 1745 1691 dum

169 1719 445 1789 przesentis
495 1718 674 1776 saeculi
728 1722 1107 1778 necessitatem
1164 1723 1460 1797 refugiunt,
1490 1741 1521 1781 a
1546 1725 1744 1785 futuris

167 1808 324 1867 bonis
348 1810 651 1882 privamur.

248 1918 323 1980 De
370 1920 452 1981 his
474 1920 564 1999 qui
618 1920 881 1983 voluntate
920 1945 1023 1984 non
1073 1931 1375 1986 necessitate
1416 1934 1648 2003 peccant.

258 2032 509 2092 Nonnulli
556 2049 841 2109 peccatum
917 2039 1193 2096 voluntate
1261 2056 1367 2097 non
1422 2042 1745 2103 necessitate

163 2125 529 2195 committunt,
560 2128 815 2202 nullaque
848 2132 1021 2187 coacti
1052 2132 1231 2203 inopia
1254 2132 1496 2191 existunt
1547 2136 1739 2208 iniqui,

160 2218 258 2275 sed
294 2227 505 2276 tantum
534 2222 674 2292 grati
698 2223 923 2294 cupiunt
958 2236 1077 2279 esse
1108 2224 1251 2279 mali.

441 2331 621 2389 Deliis
661 2335 753 2407 qui
805 2336 1179 2393 consuetudine
1220 2346 1455 2409 peccant.

252 2436 656 2516 Nequissimdm
710 2450 795 2502 est
850 2456 1100 2518 peccare,
1162 2446 1318 2520 pejus
1358 2458 1439 2506 est
1503 2450 1742 2521 peccatis

161 2539 611 2595 consuetudinem
662 2536 843 2596 facere
870 2558 884 2607 ;
916 2541 984 2597 ad
1010 2541 1137 2598 illud
1164 2541 1320 2598 facile
1347 2544 1417 2598 ab
1466 2543 1569 2599 hoc
1615 2556 1739 2600 cum

156 2632 343 2690 labore
390 2632 725 2707 resurgitttr.
773 2635 901 2691 dum
949 2636 1091 2692 mala
1140 2638 1526 2695 consuetudine
1574 2653 1738 2709 repu-

161 2726 374 2798 gnatur.

434 2814 513 2874 De
537 2816 720 2892 hisqai
733 2832 911 2876 amare
920 2821 1121 2893 peccati
1128 2821 1453 2895 delinquunt.

226 2932 454 3000 Quidam
483 2941 540 2990 et
563 2934 790 3007 diligunt
832 2944 1113 3007 peccatum
1162 2944 1218 2993 et
1248 2935 1471 3004 faciunt,
1518 2932 1735 3008 quidam

155 3025 386 3097 diligunt
421 3034 630 3083 tantum
674 3037 730 3085 et
762 3045 869 3085 non
908 3028 1133 3098 faciunt,
1181 3022 1421 3086 nonnulli
1457 3037 1735 3100 peccatum

152 3132 261 3173 non
292 3114 495 3195 faciunt
530 3128 586 3173 et
612 3124 791 3175 tamen
833 3118 1102 3193 justitiam
1131 3119 1322 3176 odiunt
1353 3136 1368 3188 ;
1401 3119 1619 3192 gravius
1642 3132 1738 3174 au-

151 3218 260 3265 tem
302 3220 489 3281 peccat
518 3209 609 3281 qui
648 3226 753 3267 non
789 3210 962 3267 solum
1004 3219 1288 3282 peccatum
1333 3206 1531 3282 diligit,
1557 3208 1651 3265 sed
1680 3216 1735 3265 et

2408 1689 2416 1697 ,
2520 1644 2752 1704 peccata.

1917 1744 2069 1818 Saepe
2096 1753 2378 1818 peccatum
2424 1745 2649 1803 alterius
2695 1742 2906 1819 peccati
2934 1756 3102 1804 causa
3130 1754 3234 1814 est,
3284 1748 3430 1819 quod

1847 1853 1971 1895 cum
2012 1836 2389 1903 committitur,
2430 1837 2576 1893 aliud
2626 1848 2695 1893 ex
2736 1837 2853 1908 ipso
2894 1836 3051 1909 quasi
3083 1834 3179 1893 sua
3214 1837 3430 1894 soboles

1767 1936 1817 2017 Β
1843 1914 2039 1995 Oritur,
2090 1924 2229 1985 sicut
2280 1926 2395 2017 lieri
2437 1926 2575 1985 solet
2640 1926 2787 1984 nasci
2836 1924 3122 1985 libidinem'
3165 1930 3234 1985 ex‘
3264 1929 3429 1985 nimia

1847 2019 2053 2074 ventris
2083 2018 2336 2089 ingluvie.
2362 2014 2530 2075 Poena
2552 2030 2681 2076 vero
2700 2018 2913 2091 peccati
2935 2026 3217 2091 peccatum
3238 2018 3428 2074 admit-

1846 2109 2000 2177 titur,
2022 2111 2238 2181 quando
2269 2122 2366 2182 pro
2400 2110 2605 2189 merito
2619 2109 2881 2183 cujusque
2913 2106 3122 2182 peccati
3144 2109 3257 2166 Deo
3277 2109 3432 2166 dese-

1844 2208 2015 2267 rente,
2041 2202 2095 2257 in
2110 2202 2253 2257 aliud
2274 2210 2557 2273 peceatum
2580 2202 2689 2258 itur
2717 2202 2983 2270 deterius,
2998 2204 3065 2259 de
3077 2208 3183 2273 quo
3200 2200 3431 2274 amplius

1840 2292 1937 2365 qui
1964 2290 2243 2350 admiserit
2273 2292 2597 2351 sordldetur.
2637 2288 2780 2368 Ergo
2805 2292 3117 2366 praecedens
3139 2303 3425 2367 peccatum

1845 2401 2004 2442 causa
2031 2394 2115 2442 est
2140 2387 2415 2456 sequentis
2436 2389 2669 2458 peccati,
2715 2400 2949 2458 sequens
2977 2394 3107 2442 vero
3140 2394 3424 2458 peccatum

1840 2491 2002 2549 poena
2049 2480 2134 2534 est
2182 2477 2539 2549 praecedentis
2587 2474 2788 2534 delicti.
2840 2472 3205 2534 Przeeedentia
3241 2477 3425 2546 itaque

1838 2576 2057 2641 peccata
2085 2570 2424 2640 sequentium
2446 2578 2573 2625 sunt
2592 2569 2882 2625 criminum
2902 2580 3088 2637 causa,
3111 2575 3172 2623 ut
3196 2567 3286 2623 illa
3310 2581 3433 2640 qua

1840 2670 2140 2734 sequuntur
2169 2664 2276 2719 sint
2304 2660 2726 2733 praeedentium
2771 2674 2953 2734 paena.
2997 2661 3426 2719 Praecedentium

1837 2760 2187 2826 peccatorum
2216 2764 2375 2827 ptena
2400 2754 2514 2825 ipsa
2550 2764 2777 2810 vocatur
2800 2751 3076 2809 induratio
3102 2753 3328 2808 veniens
3350 2752 3420 2806 de

1838 2843 2021 2899 divina
2042 2842 2253 2914 justitia
2279 2860 2293 2911 ;
2325 2844 2453 2900 hinc
2485 2846 2571 2900 est
2600 2840 2745 2915 quod
2776 2844 2853 2899 ait
2899 2843 3161 2913 propheta
3191 2856 3207 2896 :
3244 2840 3418 2896 Indu-

1838 2939 1970 2993 rasti
1993 2954 2084 2992 cor
2110 2946 2364 3003 nostrum,
2390 2952 2452 2993 ne
2481 2937 2779 2992 timeremus
2809 2934 2965 3009 (Isai.
2994 2948 3148 3000 um,
3173 2934 3299 3001 i7);
3324 2944 3418 2988 ne-

1838 3040 1944 3101 que
1965 3029 2110 3084 enim
2131 3022 2256 3083 dum
2285 3040 2593 3100 quicunque
2612 3026 2747 3100 justi
2782 3036 2909 3083 sunt
2934 3041 2965 3081 a
2995 3026 3106 3082 Deo
3134 3023 3418 3096 impellun-

1836 3128 1927 3177 tur
1974 3126 2034 3174 ut
2063 3118 2189 3174 mall
2217 3122 2370 3185 ﬂant,
2399 3120 2493 3175 sed
2519 3118 2645 3175 dum
2669 3117 2796 3173 mali
2818 3116 2930 3188 jam
2957 3124 3083 3173 sunt
3107 3117 3431 3172 induuntur

1836 3214 1897 3266 ut
1926 3209 2222 3267 deteriores
2235 3211 2489 3266 existant.
2507 3207 2624 3265 Huc
2642 3222 2812 3281 usque
2831 3207 3063 3280 quaiiter
3080 3207 3428 3280 cogitatione,

148 3299 301 3384 facit,
346 3296 507 3373 quam
551 3301 645 3374 qui
693 3317 800 3358 non
850 3298 981 3358 facit
1030 3313 1084 3358 et
1136 3300 1352 3374 diligit;
1408 3301 1809 3396 graviusquec
1838 3298 2111 3358 locutione
2138 3310 2193 3355 et
2244 3314 2409 3373 opere
2461 3308 2682 3371 peccata
2726 3306 3109 3371 perpetrantur
3133 3310 3200 3353 ex
3245 3296 3429 3396 multis

148 3390 442 3461 interdum,
471 3394 563 3466 qui
588 3392 760 3466 diligit
797 3400 852 3451 et
904 3408 1009 3452 non
1063 3394 1213 3461 facit,
1267 3408 1427 3466 quam
1471 3394 1561 3465 qui
1604 3392 1736 3450 facit
1768 3388 1808 3396 “
1842 3402 2155 3449 sanctorum
2205 3388 2429 3447 Patrum
2453 3390 2645 3448 edictis
2674 3402 2869 3463 pauca,
2912 3392 3147 3475 donante
3174 3389 3425 3453 bonum,

144 3493 202 3542 et
225 3484 338 3542 odit
363 3503 378 3553 ;
408 3487 785 3559 gravissimum
823 3494 909 3545 est
936 3500 1043 3545 non
1094 3490 1266 3546 solum
1304 3486 1502 3555 facere,
1540 3487 1639 3545 sed
1679 3494 1736 3544 et

146 3572 371 3648 diligere
426 3586 726 3649 peccatum.
786 3566 927 3635 Sunt
975 3580 1066 3650 qui
1102 3588 1323 3653 peracto
1364 3578 1568 3653 ﬂagitio
1601 3592 1731 3636 mox

1841 3484 2213 3556 excerpsimus
2256 3494 2382 3556 quae
2421 3478 2659 3540 forsitan
2698 3480 3121 3557 simpiicioribus
3162 3481 3426 3553 prodesse

1841 3586 2112 3648 poterunt.

145 3730 3415 3770 Ἦ

731 3844 1319 3988 πλέη
1402 3852 2137 4039 unum:
2210 3852 2831 4039 unum

850 4038 1236 4128 FULbENSls
1273 4062 1566 4125 ABBATIS
1604 4035 1693 4123 Ei
1730 4054 2116 4123 MOGUNTINI
2151 4035 2676 4121 sucumrlscom

933 4210 2071 4363 PCENITENTIUM
2162 4210 2639 4364 LIBER

1369 4446 1503 4527 AD
1578 4430 2155 4525 OTGABIUM.

1558 4596 1997 4619 ...ιιι-

744 4650 1135 4740 caerulo.

238 4768 469 4827 Domino
523 4769 576 4827 in
629 4768 858 4828 Domino
925 4773 1265 4830 dominorum
1331 4758 1721 4841 dilectissimo,

137 4855 390 4914 OTGABIO
418 4858 843 4934 archiepiscOpo,
871 4856 1121 4921 ῐίλωηοε
1149 4848 1404 4936 ρεοοειὶοιο
1428 4864 1481 4921 in
1508 4858 1726 4923 Cirris“)

137 4959 298 5021 optat
318 4946 566 5008 salutem.
726 4966 735 4971 '

214 5042 464 5113 Quandiu
511 5061 630 5115 vos,
678 5042 868 5105 sancte
895 5048 1075 5116 Pater,
1115 5049 1475 5121 sperabamus
1518 5052 1586 5107 ad
1626 5064 1726 5107 nos

136 5144 422 5203 venturos,
448 5136 607 5194 citius
635 5130 750 5195 fore
772 5140 1059 5195 adventum
1080 5144 1321 5197 vestrum
1361 5138 1717 5212 optabamus;

137 5227 238 5282 sed
265 5227 389 5297 quia
420 5236 704 5299 postquam
750 5230 959 5288 abiistis
986 5244 1016 5287 a
1062 5233 1241 5299 nobis,
1269 5236 1325 5287 et
1361 5238 1586 5289 mmstos
1624 5246 1724 5290 nos

138 5319 210 5374 de
235 5320 491 5376 abscessu
536 5326 718 5379 vestro
761 5318 1080 5394 reliquistis,
1110 5322 1374 5381 orandum
1400 5326 1556 5383 nobis
1604 5326 1725 5382 esse

138 5408 495 5465 ccnsebamus
508 5417 567 5465 ut
581 5408 758 5467 divina
776 5411 1050 5482 maiestas,
1066 5412 1360 5472 incolumes
1369 5429 1466 5472 vos
1477 5430 1723 5483 servans,

139 5498 406 5556 concedat
433 5496 590 5558 nobis
611 5501 806 5559 iterum
825 5518 921 5560 vos
950 5518 1113 5562 sanos
1134 5504 1336 5572 videre,
1360 5507 1487 5578 quia
1516 5508 1725 5564 sanitas

134 5597 322 5645 vestra
372 5590 608 5661 sospitas
655 5601 741 5650 est
769 5602 954 5649 nostra
998 5594 1093 5650 :si
1141 5600 1321 5651 autem
1349 5595 1552 5666 aliquid
1574 5597 1727 5653 vobis

139 5680 355 5737 adversi
397 5682 703 5755 contigerit,
748 5684 934 5741 tristes
975 5698 1075 5741 nos
1103 5701 1167 5741 ac
1213 5686 1568 5743 conturbatos
1607 5688 1724 5743 sine

139 5769 307 5828 dubio
336 5769 548 5828 efﬁciet.
579 5772 655 5828 De
698 5778 899 5830 caetero
937 5790 1154 5847 quoque
1195 5777 1322 5849 quia
1373 5778 1589 5848 quando
1633 5778 1721 5834 hic

134 5864 558 5935 pmmtialiter
591 5864 792 5932 fuistis,
834 5867 1040 5937 placuit
1062 5868 1337 5924 sanctitati
1367 5876 1563 5925 vestrae
1597 5884 1720 5925 cum

1747 4680 1803 4744 D
1828 4672 2871 4749 diversistransgressionibusiuquibu
2883 4674 3151 4747 fragilitas
3176 4676 3417 4735 humana

1832 4770 2013 4827 divina
2041 4780 2311 4841 praecepta
2350 4769 2765 4841 transgreditur,
2796 4769 3069 4840 quomodo
3098 4770 3198 4842 per
3240 4773 3415 4844 poeni-

1832 4861 2053 4916 tentiam
2080 4858 2377 4916 restaurarl
2406 4859 2617 4930 possint
2656 4858 2952 4929 atquebeo
2986 4861 3307 4918 reconcilari
3358 4864 3413 4919 hi

1832 4952 1925 5026 qui
1951 4954 2005 5009 iit
2028 4954 2256 5011 diversis
2282 4953 2578 5010 sedet-ibus
2613 4954 3041 5025 praeveniantur
3065 4955 3239 5029 lege!!!
3268 4958 3363 5015 Bel
3395 4979 3409 5015 :

1830 5045 2061 5115 ideoque
2094 5043 2336 5114 inssistis
2363 5043 2496 5099 mihi
2522 5050 2582 5099 ut
2627 5043 2695 5099 de
2750 5045 3051 5101 canonibus
3092 5053 3151 5102 et
3198 5058 3412 5104 sancto.

1832 5148 1953 5192 rum
1981 5135 2203 5193 Patrum
2236 5136 2518 5193 sententiis
2542 5136 2780 5193 breviter
2798 5151 3145 5209 excerpam"
3166 5146 3329 5210 atque
3355 5140 3411 5195 in

1826 5236 1993 5282 unum
2006 5227 2313 5300 colligerem
2333 5238 2495 5299 quas
2518 5227 2795 5297 magistris
2817 5227 3075 5285 Ecclesia:
3099 5227 3411 5299 hujumtodi

1824 5318 2070 5390 personis
2093 5320 2160 5374 ad
2181 5318 2611 5375 emendationem
2629 5317 2878 5375 vitiorum
2899 5319 3237 5392 promulgata
3259 5330 3405 5376 sunt.

1828 5410 1952 5467 Feci
1980 5411 2123 5482 quod
2156 5411 2473 5477 mandastis,
2504 5420 2562 5468 et
2582 5411 2639 5467 in
2666 5427 2774 5469 uno
2795 5412 2978 5470 libello
3002 5426 3071 5470 ea
3118 5413 3404 5487 descripsi,

1825 5520 1933 5576 quo
1963 5504 2234 5560 haberetis
2264 5504 2318 5559 in
2340 5513 2591 5576 promptu
2616 5511 2743 5561 ante
2777 5504 2964 5563 oculos
2984 5505 3055 5561 ad
3114 5504 3402 5578 legendum

1831 5595 1974 5665 quod
2002 5594 2137 5651 mihi
2176 5606 2399 5652 necesse
2445 5603 2563 5651 erat
2586 5611 2655 5652 ex
2677 5596 2909 5654 diversis
2953 5594 3111 5651 libris
3151 5596 3206 5652 in
3238 5610 3405 5652 unum
3490 5640 3495 5647 .

1829 5692 2181 5761 congregare,
2206 5696 2467 5779 mnester
2491 5688 2643 5745 labor
2669 5699 2866 5745 vestras
2902 5687 3167 5745 voluntati
3224 5688 3408 5761 alique

1829 5782 1988 5837 modo
2037 5780 2392 5837 satisfaceret.
2445 5781 2513 5837 Et
2545 5797 2615 5837 ne
2658 5781 2799 5837 forte
2848 5781 3217 5838 necessarium
3254 5780 3407 5839 vobis

1826 5871 1970 5927 foret
1988 5871 2042 5927 iu
2071 5872 2301 5928 diversis
2347 5871 2710 5929 voluminibus
2754 5869 2811 5928 id
2842 5887 3090 5945 querere
3108 5874 3253 5945 quod
3305 5886 3403 5931 vos

136 5954 413 6031 parvitate
448 5964 631 6012 nostra
674 5956 877 6031 aliquid
917 5965 1154 6017 tractare
1191 5968 1352 6035 atque
1381 5959 1631 6020 confarre
1652 5960 1719 6016 de
1813 5959 1928 6031 jam
1958 5969 2171 6021 constat
2190 5961 2246 6018 in
2267 5963 2420 6021 brevi
2439 5961 2765 6037 exquisitum
2791 5961 3012 6031 habere,
3040 5962 3169 6022 huic
3187 5976 3402 6043 quoque

3896 3189 3900 3331 Α

3894 3334 3897 3479 φ

3892 3554 3896 3635 1

3890 3684 3894 3791 Α
