3938 6334
425 379 563 437 1599

1100 375 1160 430 Β.
1201 371 1452 428 RABANI
1492 367 1714 426 MAURI
1749 363 2066 421 ARCHIEP.
2109 360 2418 420 MOGUNT.
2444 355 2730 414 OPERUM
2764 351 2946 410 PARS
2983 352 3072 408 Ill.

3563 349 3707 406 “00

419 498 602 558 libello
637 495 886 566 subjunxi
905 494 1159 558 alterum,
1188 507 1348 562 quem
1375 504 1546 560 nuper
1585 488 1651 542 de
1677 483 2004 553 consangui-
2032 485 2085 547 Α
2107 481 2306 546 verint,
2337 480 2389 534 in
2417 475 2788 548 apostolorum
2812 471 3031 529 Canone
3053 471 3128 526 ita
3153 469 3381 541 legitur:
3399 468 3712 541 Episcopus

419 607 643 651 neorum
675 587 908 660 nuptiis,
947 586 1091 642 etde
1118 597 1398 655 magorum
1426 577 1715 649 praestigiis
1743 574 2000 642 falsisque

422 681 842 741 divinationibus
889 676 1252 738 confeceram,
1285 682 1345 727 ut
1389 669 1664 726 haberetis
1703 682 1796 722 eos
1844 663 2003 721 simul

422 792 558 846 quos
603 773 738 830 ordo
787 771 1014 825 rationis
1072 765 1369 824 concordes
1427 762 1574 817 fecit.
1627 757 1817 829 Legite
1875 770 2005 827 ergo

421 868 739 939 opusculum
763 865 906 936 quod
934 862 1090 918 vobis
1114 861 1379 916 directum
1402 863 1506 920 est,
1538 863 1594 910 et
1638 853 1683 907 si
1710 851 1838 922 quid
1863 850 1918 904 in
1940 864 2006 904 eo

421 962 599 1016 minus
622 967 768 1014 recte
789 956 1022 1027 positum
1054 952 1318 1016 videatur,
1349 955 1531 1004 vestro
1561 959 1719 1001 sacro
1739 942 1917 998 studio
1937 940 2005 995 ad

424 1049 718 1104 utilitatem
750 1045 1042 1115 legentium
1069 1042 1398 1111 corrigatur.
1433 1039 1579 1092 Bene
1615 1035 1810 1097 valete,
1855 1040 1910 1088 et
1950 1031 2002 1085 in

423 1140 600 1196 sacris
620 1136 960 1193 orationibus
987 1136 1186 1189 vestris
1217 1131 1326 1187 mei
1350 1127 1657 1201 peccatoris
1683 1123 2005 1181 memoriam

421 1232 678 1290 habetote
701 1230 755 1286 in
779 1228 994 1285 nomine
1017 1224 1254 1282 Domini.

419 1388 546 1446 CAP.
571 1387 613 1442 l.
636 1418 708 1428 —
732 1385 810 1440 De
837 1385 917 1440 his
951 1383 1040 1454 qui
1075 1393 1189 1454 post
1210 1395 1419 1435 sacram
1448 1371 2005 1454 ordinationemgcap}

489 1460 619 1514 talia
666 1458 888 1511 crimina
927 1452 1316 1537 committunt,
1365 1458 1412 1504 et
1461 1463 1641 1504 eorum
1697 1452 2004 1515 pmmtentia

491 1548 582 1586 seu
611 1534 1166 1584 excommunicatione.

491 1674 545 1728 In
589 1672 779 1743 primis
811 1685 942 1742 ergo
981 1668 1158 1724 visum
1201 1674 1286 1722 est
1321 1663 1473 1720 vobis
1513 1660 1783 1718 conscribi
1815 1660 1882 1715 de
1922 1657 2008 1726 his

420 1767 511 1836 qui
539 1780 724 1819 sacros
753 1763 974 1817 ordines
1001 1759 1223 1826 habent,
1249 1765 1306 1812 et
1349 1764 1474 1811 ante
1487 1753 1585 1810 .vel
1628 1759 1752 1824 post
1787 1751 2006 1806 ordina-

2108 581 2201 628 aut
2237 571 2522 642 presbyter
2549 575 2642 621 aut
2672 565 2955 630 diaconus,
2989 562 3082 632 qui
3117 561 3174 616 in
3209 560 3582 617 fornicatione
3619 572 3714 618 aut

2107 661 2345 734 periurio
2393 669 2488 715 aut
2525 659 2669 714 furto
2715 665 2908 728 captus
2951 663 3053 718 est,
3095 654 3439 724 deponatur:
3468 669 3588 710 non
3633 663 3715 708 ta-

2109 769 2230 811 men
2270 753 2650 810 communione
2693 751 2960 822 privetur.
3010 748 3151 803 Dicit
3178 748 3322 802 enim
3362 746 3712 806 Scriptum:

2114 868 2133 900 ι
2162 848 2278 905 Non
2300 846 2598 903 vindicabit
2619 843 2884 900 Dominus
2903 843 2989 897 bis
3012 841 3066 896 in
3087 841 3316 911 idipsum
3343 838 3588 911 (Neam.
3617 841 3710 908 1).»

2177 941 2309 996 ltem
2337 940 2394 994 in
2415 939 2606 994 eodem
2633 934 2886 998 concilio,
2913 949 3035 1004 cap.
3050 931 3148 987 28:
3167 931 3224 986 Si
3246 932 3368 1001 quis
3389 933 3716 1002 episcopus,

2110 1043 2200 1090 aut
2233 1035 2539 1105 presbyter,
2577 1037 2674 1085 aut
2713 1028 3003 1091 diaconus,
3047 1027 3323 1096 depositus
3353 1025 3504 1095 juste
3549 1039 3718 1092 super

2107 1125 2274 1182 certis
2311 1123 2651 1187 criminibus,
2688 1133 2853 1175 ausus
2900 1115 3065 1172 fuerit
3116 1123 3412 1171 attrectare
3457 1114 3718 1168 ministe-

2113 1217 2252 1273 rium
2279 1215 2480 1272 dudum
2523 1212 2626 1268 sibi
2662 1209 3036 1271 commissum,
3079 1207 3170 1262 hic
3214 1207 3282 1260 ab
3319 1204 3578 1259 Ecclesia
3631 1217 3722 1273 pe-

2110 1311 2257 1366 nitus
2301 1306 2665 1363 abscindatur.
2721 1321 2740 1354 ‹
2775 1299 3195 1356 Accusationem
3221 1304 3411 1352 autem
3441 1295 3719 1348 adversus

2109 1403 2248 1458 sacri
2270 1400 2474 1456 ordinis
2503 1398 2650 1452 viros
2677 1394 2834 1450 facile
2857 1407 2963 1447 non
2994 1389 3388 1460 recipiendam,
3423 1386 3526 1442 sed
3562 1388 3718 1455 prius

2108 1509 2328 1551 causam
2357 1491 2645 1561 diligenter
2673 1483 3116 1546 examinandam,
3151 1489 3208 1534 et
3229 1489 3424 1550 postea
3443 1476 3718 1548 judicium

2110 1583 2476 1647 inferendum,
2539 1577 2828 1649 Apostolus
2877 1575 3035 1630 docet
3087 1571 3336 1628 scribens
3391 1569 3467 1623 ad
3524 1569 3718 1623 Timo-

2110 1679 2296 1733 theum
2323 1689 2338 1728 :
2368 1694 2387 1726 ι
2419 1671 2862 1732 Accusationem,
2899 1665 3095 1736 inquit,
3129 1664 3397 1719 adversus
3425 1662 3722 1732 presbyte-

2111 1787 2234 1827 rum
2263 1784 2370 1825 non
2408 1766 2661 1837 recipias,
2691 1763 2797 1818 nisi
2829 1762 2929 1818 sub
2970 1759 3178 1815 duobus
3211 1764 3309 1810 aut
3351 1755 3540 1810 tribus
3571 1755 3724 1808 testi-

423 1858 624 1911 tionem
673 1853 1071 1909 contaminatos
1112 1850 1168 1904 in
1217 1846 1537 1918 capitalibus
1577 1842 1896 1899 criminibus
1947 1857 2005 1896 se
2032 1853 2082 1915 Β
2107 1864 2229 1920 ωε,
2259 1853 2555 1918 peccantes
2591 1863 2774 1910 autem
2800 1867 2984 1909 coram
3015 1849 3268 1904 omnibus
3301 1862 3504 1916 argue,
3537 1855 3604 1899 ιιι
3623 1862 3725 1901 σε.

419 1960 539 2000 csse
565 1943 889 2016 proﬁtentur
913 1960 925 1995 :
953 1942 1008 1996 in
1031 1939 1244 2010 quibus,
1272 1946 1332 1993 ut
1360 1937 1493 1992 mihi
1521 1935 1756 2000 videtur,
1783 1933 1898 1989 baac
1926 1933 2006 1988 di-

421 2040 622 2094 stantia
654 2039 815 2094 debet
856 2051 997 2100 esse,
1052 2043 1113 2089 ut
1154 2033 1209 2088 hi
1235 2031 1327 2103 qui
1375 2027 1698 2102 deprehensi
1734 2025 1820 2080 vel
1865 2027 2007 2094 capti

422 2131 624 2185 fuerint
645 2129 862 2199 publice
892 2129 946 2183 in
995 2125 1256 2196 perjurio,
1285 2124 1434 2179 furto
1461 2131 1622 2192 atque
1651 2119 2010 2176 fornicatione

421 2234 475 2278 et
511 2222 721 2277 caeteris
767 2218 1072 2289 hujusmodi
1113 2217 1451 2280 criminibus,
1484 2212 1780 2270 secundum
1827 2223 2008 2266 sacro-

422 2329 542 2368 rum
586 2328 855 2368 canonum
901 2311 1170 2375 instituta,
1209 2324 1239 2363 a
1269 2309 1438 2380 gradu
1483 2306 1703 2376 proprio
1731 2305 2008 2373 deponan-
2034 2365 2049 2382 .

424 2417 526 2472 tur,
568 2407 693 2475 quia
738 2403 1050 2460 scandalum
1099 2411 1183 2457 est
1211 2401 1407 2472 populo
1436 2400 1530 2455 Dei
1575 2398 1708 2454 tales
1746 2411 2008 2467 personas

423 2514 587 2568 super
612 2514 671 2553 se
699 2499 903 2568 positas
928 2498 1150 2562 habere,
1185 2510 1320 2564 quas
1348 2493 1490 2548 ultra
1536 2491 1753 2546 modum
1781 2489 2007 2544 vitiosas

421 2597 802 2645 constetesse.
829 2587 1030 2659 Nempe
1052 2587 1175 2643 inde
1204 2586 1498 2642 detrahunt
1527 2583 1774 2639 homines
1801 2581 2008 2636 sacrifi-

421 2684 508 2738 cio
533 2683 628 2737 Dei
656 2700 668 2736 :
699 2689 755 2738 et
784 2681 1012 2737 rebelles
1047 2681 1176 2736 hinc
1220 2688 1381 2749 atque
1405 2676 1664 2733 contrarii
1690 2675 2006 2738 existentes,

421 2790 609 2830 eorum
635 2774 820 2845 pravis
849 2771 1110 2844 exemplis
1134 2771 1375 2842 quotidie
1414 2768 1624 2840 pejores
1671 2767 1830 2832 fiunt,
1867 2767 2010 2822 sicut

421 2867 695 2937 quondam
724 2864 848 2920 ﬁliis
871 2864 987 2920 Heli
1009 2862 1360 2934 peccantibus
1389 2860 1584 2917 fecisse
1607 2859 1878 2931 leguntur.
1904 2857 2008 2925 Qui

419 2969 599 3014 autem
629 2959 696 3013 de
722 2957 999 3030 praedictis
1027 2956 1162 3013 viris
1187 2972 1284 3028 per
1309 2955 1577 3012 occultam
1609 2952 2007 3009 confessionem

421 3051 561 3106 mule
609 3066 741 3114 a,se
790 3051 1054 3106 absconse
1107 3051 1417 3112 commissa,
1471 3062 1656 3104 coram
1705 3045 1877 3100 oculis
1912 3043 2009 3099 Dei

419 3155 688 3216 praesente
708 3146 873 3222 etiam
905 3145 1186 3201 sacerdote
1216 3145 1308 3216 qui
1340 3144 1420 3200 eis
1447 3143 1754 3198 indicturus
1781 3149 1870 3194 est
1893 3153 2010 3209 pte-

2110 1956 2212 2012 teri
2243 1962 2446 2009 metum
2478 1949 2711 2004 habeant
2740 1945 2789 2017 (1
2823 1943 2956 1998 Tim.
2993 1941 3069 2013 v).
3104 1960 3120 1992 ι
3163 1938 3369 2007 Quales
3398 1945 3598 1991 autem
3624 1937 3722 2005 ipsi

2109 2057 2280 2104 testes
2321 2059 2441 2101 esse
2482 2043 2736 2103 debeant,
2783 2038 2839 2092 in
2885 2033 3145 2089 Africano
3173 2030 3436 2096 concilio,
3474 2045 3604 2099 cap.
3633 2028 3720 2092 96,

2110 2137 2510 2201 manifestatur,
2539 2133 2632 2188 ubi
2658 2132 2731 2186 ita
2761 2128 3026 2198 scriptum
3046 2133 3130 2180 est
3155 2144 3167 2178 :
3195 2123 3411 2178 Placuit
3441 2131 3506 2176 ut
3527 2135 3724 2176 omnes

2111 2232 2254 2289 servi
2282 2230 2368 2286 vel
2413 2226 2620 2300 preprii
2659 2225 2862 2287 liberti,
2907 2222 2973 2275 ad
3009 2219 3418 2276 accusationem
3465 2231 3582 2270 non
3631 2217 3721 2268 ad-

2112 2323 2416 2384 mittantur,
2472 2316 2557 2371 vel
2597 2329 2787 2370 omnes
2835 2327 2970 2382 quos
3015 2312 3082 2366 ad
3127 2307 3443 2364 accusanda
3505 2307 3722 2378 publica

2111 2413 2339 2469 crimina
2375 2409 2519 2479 leges
2547 2405 2775 2478 publica:
2806 2419 2914 2458 non
2944 2402 3258 2457 admittunt.
3283 2398 3500 2454 Omnes
3553 2399 3718 2452 etiam

2112 2504 2349 2560 infamia:
2378 2499 2606 2556 maculis
2628 2497 2856 2568 aspersi,
2902 2495 2954 2550 id
2984 2503 3085 2557 est,
3121 2493 3423 2549 histriones
3451 2507 3522 2547 ac
3552 2491 3724 2560 turpi-

2113 2595 2391 2652 tudinibus
2422 2591 2676 2662 subjecta:
2698 2605 2965 2662 personae.
2993 2587 3249 2644 Haaretici
3280 2587 3454 2642 etiam
3479 2587 3603 2640 sive
3631 2601 3724 2656 pa-

2113 2688 2238 2760 gani
2269 2702 2364 2743 seu
2390 2685 2580 2741 Judaei.
2620 2682 2726 2738 Sed
2754 2691 2936 2736 tamen
2965 2679 3221 2735 omnibus
3248 2677 3456 2748 quibus
3493 2692 3722 2732 accusa-

2115 2779 2192 2834 tio
2221 2779 2519 2847 denegatur
2556 2775 2612 2830 in
2653 2773 2834 2829 causis
2870 2769 3126 2843 propriis,
3160 2768 3464 2825 accusandi
3495 2767 3720 2824 licentia

2114 2872 2425 2942 deneganda
2465 2876 2568 2925 est.

2182 2965 2316 3020 ltem
2355 2963 2409 3018 in
2454 2962 2643 3018 eodem
2689 2957 2938 3023 concilio,
2991 2972 3111 3029 cap.
3145 2956 3214 3012 98
3241 2972 3254 3009 :
3281 2955 3486 3010 Testes
3526 2964 3708 3010 autem

2115 3057 2182 3113 ad
2213 3055 2586 3112 testimonium
2625 3068 2733 3108 non
2777 3048 3159 3112 admittendos,
3193 3047 3283 3118 qui
3311 3062 3418 3101 nec
3451 3046 3522 3099 ad
3559 3061 3722 3100 accu-

2115 3148 2383 3203 sationem
2412 3145 2621 3201 admitti
2651 3142 2909 3214 praecepti
2937 3149 3085 3206 sunt,
3113 3138 3198 3194 vel
3235 3139 3406 3194 etiam
3432 3153 3581 3209 quos
3613 3139 3722 3207 ipse

423 3220 712 3293 nitentiam‘
753 3236 1104 3303 conﬁtentur,
1156 3245 1212 3292 et
1257 3235 1576 3304 semetipsos
1615 3232 1852 3302 graviter
1881 3230 2010 3286 deli-

2121 3248 2404 3296 accusator
2428 3241 2494 3294 de
2528 3253 2624 3293 sua
2651 3237 2812 3292 domo
2837 3233 3175 3306 produxerit.
3211 3233 3296 3287 Ad
3339 3234 3718 3288 testimonium

423 3332 606 3400 quisse
634 3339 912 3395 accusant,
947 3330 992 3384 si
1021 3328 1291 3383 veraciter
1319 3325 1674 3396 pcenituerint
1722 3332 1777 3380 et
1822 3339 1879 3380 se
1914 3338 2011 3394 per

424 3420 626 3489 iejunia
651 3429 708 3475 et
731 3421 1123 3490 eleemosynas,
1156 3417 1388 3490 vigilias,
1413 3425 1575 3486 atque
1603 3433 1788 3472 sacras
1814 3415 2012 3471 oratio—

423 3528 543 3578 nes,
595 3527 719 3566 cum
771 3511 1027 3583 lacrymis
1071 3526 1301 3582 purgare
1330 3510 1682 3572 certaverint,
1717 3510 1802 3564 his
1841 3509 2006 3564 etiam

425 3605 595 3678 gradu
627 3615 843 3660 servato
870 3619 994 3676 spes
1036 3604 1207 3660 veniae
1254 3604 1320 3660 de
1348 3601 1724 3658 misericordia
1765 3601 1861 3658 Dei
1891 3617 2013 3674 pro-

423 3699 685 3755 mittenda
724 3707 828 3764 est,
861 3698 956 3770 qui
994 3711 1185 3754 omnes
1214 3697 1462 3752 homines
1502 3695 1618 3750 vult
1661 3694 1842 3751 salvos
1889 3695 2009 3750 ﬁeri

425 3803 478 3850 et
519 3795 586 3850 ad
632 3793 964 3865 agnitionem
1022 3790 1272 3847 veritatis
1320 3789 1624 3860 pervenire,
1681 3803 1858 3859 neque
1897 3786 2013 3842 vult

424 3894 654 3941 mortem
685 3883 1008 3957 peccatoris,
1043 3882 1139 3938 sed
1167 3891 1229 3937 ut
1255 3889 1608 3937 convertatur
1634 3890 1692 3936 et
1715 3880 1882 3936 vivat.

499 3975 633 4031 Nam
667 3976 734 4030 de
758 3975 864 4031 illis
887 3974 980 4045 qui
1001 3974 1070 4029 ad
1102 3973 1360 4029 honorem
1386 3971 1709 4044 presbyterii
1738 3971 1855 4027 sine
1883 3985 2012 4026 exa-

428 4068 727 4150 minatione
750 4067 990 4139 provecti
1038 4073 1184 4130 sunt,
1233 4066 1290 4120 in
1327 4064 1546 4120 Nicaeno
1575 4063 1826 4127 concilio,
1863 4063 2012 4132 capi-

429 4163 540 4219 tqu
569 4162 626 4230 8,
671 4161 851 4217 taliter
880 4159 1143 4230 scriptum
1171 4168 1292 4216 est:
1327 4159 1385 4214 Si
1414 4159 1507 4230 qui
1552 4157 1853 4228 presbyteri
1894 4157 2012 4212 sine

427 4255 675 4312 examine
706 4262 831 4310 sunt
874 4253 1139 4324 provecti,
1175 4252 1260 4307 vel
1309 4267 1430 4308 cum
1461 4251 1860 4306 discutereutur
1886 4263 2010 4319 pec-

427 4353 548 4401 cata
586 4359 683 4400 sua
715 4341 948 4399 confessi
979 4351 1126 4406 sunt,
1167 4349 1222 4395 et
1259 4340 1507 4396 homines
1543 4347 1734 4394 contra
1772 4353 2010 4394 canones

427 4437 704 4503 commoti,
733 4450 926 4491 manus
950 4433 1212 4490 confessis
1238 4433 1517 4504 imponere
1539 4439 1903 4496 tentaverunt,
1931 4440 2012 4486 ta-

426 4531 506 4588 les
535 4530 718 4604 regula
745 4544 854 4585 non
889 4527 1124 4583 admittit
1149 4541 1163 4581 :
1193 4526 1318 4596 quia
1347 4526 1492 4598 quod
1533 4525 2010 4597 irrepreheusibile

427 4636 513 4684 est
537 4625 800 4681 catholica
829 4622 1070 4679 defendit
1092 4620 1352 4677 Ecclesia.

499 4718 632 4772 ltem
659 4717 715 4772 in
753 4713 1174 4771 Neocaesariensi
1199 4711 1449 4778 concilio,
1480 4726 1600 4782 cap.
1625 4710 1679 4777 8,
1713 4711 1780 4766 de
1809 4710 1912 4764 hoc
1937 4709 2013 4766 ita

429 4809 711 4865 definitum
737 4816 822 4864 est
845 4826 858 4862 :
881 4807 1176 4878 Presbyter
1208 4807 1254 4861 si
1301 4814 1712 4877 praeoccupatus
1744 4802 2013 4874 corporali

431 4907 656 4972 peccato
682 4899 1032 4969 provehatur,
1079 4906 1133 4952 et
1163 4896 1443 4952 confessus
1478 4895 1641 4950 fuerit
1677 4895 1743 4951 de
1780 4910 1840 4950 se
1868 4895 2014 4965 quod

431 4999 557 5048 ante
583 4990 978 5046 ordinationem
1007 4989 1314 5059 deliquerit,
1346 4989 1527 5044 oblata
1561 5003 1668 5044 non
1706 4996 2012 5055 consecret,

432 5100 660 5143 manens
687 5085 742 5138 in
773 5083 996 5154 reliquis
1026 5083 1216 5140 ofﬁciis
1256 5092 1479 5154 propter
1519 5084 1756 5138 studium
1785 5084 2008 5140 bonum.

433 5179 567 5236 Nam
605 5187 830 5250 peccata
863 5178 1071 5249 reliqua
1113 5173 1354 5249 plerique
1394 5177 1650 5234 dixerunt
1678 5192 1778 5248 per
1819 5194 2013 5234 manus

435 5282 834 5352 impositionem
862 5296 1024 5350 posse
1049 5279 1268 5335 dimitti.
1295 5277 1449 5346 Quod
1487 5277 1531 5333 si
1563 5276 1630 5331 de
1667 5290 1726 5331 se
1755 5289 1860 5330 non
1891 5273 2011 5328 fue-

435 5374 508 5428 rit
536 5375 649 5445 ipse
690 5372 988 5438 confessus,
1027 5379 1083 5426 et
1121 5371 1270 5440 argui
1300 5369 1586 5425 manifeste
1615 5382 1722 5423 non
1755 5366 2010 5437 quiverit,

431 5465 718 5537 potestatis
748 5480 858 5520 suae
892 5463 1097 5534 judicio
1127 5464 1479 5534 relinquatur.

506 5555 640 5612 Item
687 5558 740 5612 in
783 5559 972 5612 eodem
1020 5556 1264 5620 concilio,
1318 5572 1436 5626 cap.
1483 5554 1553 5609 10
1586 5571 1600 5609 :
1628 5553 1802 5610 Simili
1856 5552 2018 5608 modo

436 5646 602 5703 etiam
643 5648 921 5713 diaconus,
973 5648 1016 5702 si
1059 5648 1245 5702 eodem
1285 5655 1509 5716 peccato
1553 5646 1918 5711 succubuerit,
1951 5645 2016 5701 ab

439 5738 630 5793 ordine
659 5738 944 5792 ministerii
977 5739 1347 5792 subtrahatur.

511 5826 589 5881 De
614 5826 718 5883 illis
747 5843 960 5897 quoque
985 5829 1076 5898 qui
1106 5836 1227 5899 post
1265 5835 1544 5896 acceptum
1575 5828 1801 5900 gradum
1823 5843 2018 5899 pecca-

2117 3343 2319 3398 autem,
2351 3333 2492 3387 intra
2536 3344 2708 3384 annos
2734 3327 2802 3382 14
2832 3327 3008 3382 astatis
3047 3341 3185 3391 suae,
3224 3341 3338 3380 non
3370 3326 3716 3380 admittatur.

2185 3430 2318 3484 item
2347 3429 2400 3482 in
2429 3426 2618 3483 eodem
2661 3423 2892 3480 concilio
2926 3439 3048 3494 cap.
3088 3421 3158 3477 97
3185 3438 3198 3475 :
3224 3420 3472 3487 Placuit,
3507 3431 3568 3477 ut
3591 3438 3720 3492 quo-

2115 3522 2434 3590 tiescunque
2473 3517 2689 3574 clericis
2721 3517 2790 3572 ab
2827 3515 3238 3572 accusatoribus
3277 3514 3457 3569 multa
3493 3515 3714 3569 crimina

2114 3613 2460 3682 objiciuntur,
2513 3618 2569 3666 et
2617 3625 2783 3664 unum
2815 3624 2882 3664 ex
2928 3607 3061 3678 ipsis
3099 3607 3166 3662 de
3191 3622 3301 3677 quo
3347 3607 3514 3676 prius
3552 3608 3716 3679 egerit

2113 3706 2344 3777 probare
2374 3719 2482 3758 non
2509 3701 2757 3766 valuerit,
2786 3703 2854 3756 ad
2890 3708 3089 3755 etetera
3114 3713 3222 3754 non
3250 3697 3612 3753 admittatur.

2186 3797 2262 3852 De
2305 3795 2392 3850 his
2419 3801 2599 3849 autem
2627 3807 2860 3862 quorum
2893 3789 3107 3847 occulta
3145 3799 3377 3861 peccata
3422 3798 3584 3855 sunt,
3621 3805 3714 3844 nec

2114 3885 2403 3946 manifeste
2456 3885 2526 3939 ab
2567 3884 2747 3954 aliquo
2795 3884 2949 3956 argui
3001 3891 3259 3954 possunt,
3315 3882 3366 3937 si
3425 3882 3718 3938 salubriter

2115 3978 2426 4050 compuncti
2455 3993 2555 4048 pro
2589 3977 2827 4047 peccatis
2855 3975 2991 4043 suis,
3025 3974 3429 4043 confessionem
3456 3977 3716 4045 episcopo

2115 4073 2231 4128 sive
2270 4071 2592 4142 presbytero
2627 4067 2839 4124 occulte
2877 4066 3105 4135 faciunt,
3148 4067 3353 4122 bonum
3403 4068 3548 4122 mihi
3579 4067 3718 4121 vide-

2117 4173 2228 4230 tur,
2252 4171 2312 4216 ut
2348 4161 2646 4216 secundum
2691 4158 2746 4214 id
2775 4159 2919 4230 quod
2966 4159 3069 4215 sibi
3116 4158 3401 4214 decretum
3443 4158 3618 4214 fuerit
3654 4161 3718 4213 ab

2115 4255 2368 4326 episcopo
2413 4252 2528 4308 sive
2572 4252 2916 4324 presbytero,
2958 4251 3337 4322 paenitentiam
3385 4259 3582 4322 agant,
3615 4267 3716 4305 non

2115 4346 2294 4418 tepide
2328 4359 2428 4407 nec
2477 4345 2649 4408 tarde,
2684 4344 2781 4398 sed
2823 4342 3101 4398 ferventer
3122 4349 3179 4397 et
3223 4341 3468 4397 sollicite
3497 4361 3513 4395 :
3547 4359 3614 4398 ac
3642 4344 3719 4396 sic.

2117 4453 2175 4494 se
2217 4437 2431 4493 veniam
2473 4442 2820 4506 peccatorum
2871 4451 2902 4488 a
2948 4433 3177 4488 Domino
3226 4444 3630 4504 percepturos,
3671 4443 3724 4487 ct

2119 4533 2343 4604 gradum
2373 4546 2432 4588 se
2454 4538 2868 4600 recuperaturos
2895 4526 3190 4583 conﬁdant.
3217 4525 3374 4593 Quod
3399 4528 3575 4582 etiam
3599 4528 3722 4582 bc:-

2116 4633 2202 4680 tus
2228 4622 2522 4694 Gregorius
2545 4637 2703 4693 papa,
2737 4621 2791 4675 in
2811 4618 3039 4691 epistola
3061 4633 3223 4689 quam
3250 4618 3317 4672 ad
3339 4616 3720 4673 Secundinum

2117 4730 2332 4772 servum
2379 4713 2475 4769 Dei
2524 4712 2792 4768 inclusum
2827 4711 3066 4782 scripsit,
3116 4710 3190 4764 ita
3229 4710 3432 4781 probat
3481 4712 3717 4767 dicens:

2118 4805 2253 4860 Nam
2285 4813 2374 4859 tua
2404 4803 2666 4860 sanctitas
2700 4802 2823 4857 inde
2846 4817 2875 4855 a
2902 4801 3058 4856 nobis
3084 4800 3395 4871 requisivit,
3425 4811 3484 4857 ut
3516 4803 3620 4858 tibi
3647 4819 3726 4856 res

2118 4901 2412 4956 scriberem
2458 4899 2526 4954 de
2557 4897 2880 4954 sacerdotali
2907 4895 3081 4953 olIicio
3116 4905 3239 4967 post
3267 4897 3490 4968 lapsum
3547 4916 3724 4955 resur-

2119 4993 2315 5066 gendi,
2371 4993 2498 5048 dum
2542 4991 2677 5047 dicis
2729 4991 2796 5046 de
2846 4991 2952 5045 hoc
2995 5004 3201 5044 canone
3252 4989 3507 5045 diversas
3551 5002 3608 5047 te
3647 4992 3718 5046 leo

2121 5085 2266 5156 gisse
2303 5083 2612 5152 divisasque
2658 5081 2996 5138 sententias:
3023 5079 3158 5134 alias
3189 5083 3544 5150 resurgendi,
3592 5084 3726 5138 alias

2122 5192 2460 5249 nequaquam
2513 5189 2692 5246 posse.
2749 5173 2885 5230 Nam
2916 5189 3016 5229 nos
3057 5173 3390 5246 generaliter
3427 5191 3461 5228 a
3498 5173 3720 5229 Mearm

2121 5269 2458 5339 incipientes,
2486 5267 2628 5323 hanc
2659 5282 2782 5324 cum
2827 5266 3066 5337 reliquas
3088 5273 3326 5336 quatuor
3352 5281 3722 5328 veneramur,

2121 5376 2242 5433 quae
2273 5361 2444 5432 ipsam
2493 5369 2781 5430 sequentes
2825 5367 3034 5415 aeterm
3080 5358 3135 5412 in
3177 5359 3392 5414 cunctis
3425 5361 3726 5416 sententiis

2121 5454 2407 5510 unanimes
2461 5452 2813 5508 concordant.
2865 5450 2975 5506 Nos
3019 5465 3148 5522 ergo
3198 5451 3586 5520 pmcedentes
3631 5468 3728 5506 nos

2120 5557 2300 5618 patres
2349 5545 2628 5616 sequimur
2666 5563 2680 5600 :
2717 5545 2846 5615 quia
2890 5553 3110 5599 auctore
3159 5543 3293 5608 Deo,
3345 5559 3375 5596 a
3409 5558 3578 5599 sacra
3628 5545 3728 5598 do-

2122 5641 2295 5695 ctrina
2347 5639 2561 5693 illorum
2601 5653 2710 5692 non
2761 5637 3150 5692 discordamus.
3209 5634 3254 5688 A
3301 5635 3489 5703 capite
3538 5635 3730 5705 itaque

2121 5735 2460 5804 incipientes,
2519 5746 2690 5801 usque
2741 5731 2795 5784 in
2852 5737 3104 5800 quartum
3158 5728 3354 5782 altaris
3401 5730 3730 5784 ministrum

2122 5829 2265 5884 hanc
2291 5827 2518 5884 formam
2547 5825 2867 5882 servandam
2895 5823 3304 5895 cognoscimus:
3333 5831 3394 5877 ut
3419 5838 3596 5895 quem
3623 5823 3728 5877 mi~
