3938 6334
156 466 287 526 1601

1399 462 1908 520 ΡοΕΝιτΕΝτιωι
1948 464 2167 520 LIBER.

3267 469 3406 527 1402

153 595 341 638 norem
367 576 544 647 major
570 577 848 649 praecedit,
878 578 1040 646 sicut,
1058 579 1263 634 honore
1312 586 1396 634 est
1433 578 1628 648 major,
1658 580 1731 634 ita
1757 584 1807 645 Α
1837 589 1942 637 tem
1969 595 2246 637 reversum
2277 582 2523 652 despicit,
2554 581 2648 654 qui
2685 589 2999 654 peccatores
3020 583 3280 655 sanguine
3308 599 3406 640 suo

155 673 226 729 sit
249 672 303 727 in
331 668 579 725 crimine.
601 668 680 723 Et
723 683 882 738 quem
925 667 1100 739 major
1132 669 1378 739 sequitur
1401 669 1578 740 culpa,
1617 685 1730 724 ma-

149 766 236 836 jor
258 764 309 819 ei
339 761 643 831 implicetur
677 760 914 817 vindicta
942 779 954 815 :
978 769 1032 815 et
1073 761 1152 816 sic
1194 769 1382 831 postea
1411 763 1732 832 prenitentia

156 857 407 913 credatur
425 868 545 910 esse
577 851 871 908 fructuosa.
900 850 1038 920 Quid
1071 851 1216 908 enim
1245 853 1467 922 prodest
1493 854 1733 908 triticum

155 949 443 1014 seminare,
491 956 545 1003 et
583 947 819 1001 fructum
852 945 994 1001 illius
1038 961 1143 1001 non
1185 945 1478 1018 colligere?
1515 956 1609 1002 aut
1637 948 1735 1004 do-

155 1061 303 1101 mum
332 1051 667 1108 construere,
693 1049 875 1096 etnon
898 1040 1010 1095 illic
1044 1041 1324 1097 habitare?
1352 1042 1482 1097 Post
1516 1043 1733 1114 dignam

155 1137 299 1194 enim
335 1134 784 1199 satisfactionem,
819 1134 1092 1189 credimus
1130 1148 1288 1204 posse
1330 1134 1510 1190 redire
1545 1133 1610 1188 ad
1639 1135 1735 1190 ho-

158 1243 367 1294 norem,
403 1226 666 1298 propheta
695 1225 908 1281 dicente
935 1243 948 1279 :
981 1244 998 1276 ‹
1029 1224 1279 1296 Nunquid
1313 1225 1405 1297 qui
1436 1226 1600 1292 cadit,
1626 1241 1734 1281 non

157 1321 374 1392 adjiciet
397 1328 458 1375 ut
485 1320 768 1389 resurgat?
797 1318 935 1391 (Isa.
964 1334 1116 1385 xxrv,
1144 1319 1236 1390 20)
1283 1327 1340 1375 et
1381 1319 1474 1390 qui
1511 1334 1736 1376 aversus

157 1424 261 1482 est,
290 1430 398 1470 non
423 1412 760 1468 revertetur?
789 1431 807 1464 ›
843 1411 988 1467 Idem
1019 1412 1290 1481 peccatori
1321 1411 1430 1465 ait:
1463 1429 1480 1461 ι
1509 1410 1567 1465 In
1598 1425 1734 1482 qua-

159 1522 371 1579 cunque
413 1507 500 1562 die
529 1519 822 1562 conversus
856 1505 1204 1576 ingemueris,
1237 1514 1364 1560 tunc
1410 1504 1591 1560 salvus
1629 1504 1738 1559 eris

159 1597 374 1671 (Ezech.
397 1593 501 1667 ιιι).
533 1613 552 1645 ι
583 1592 737 1650 Unde
767 1602 822 1648 et
841 1592 1123 1649 Psalmista
1153 1593 1230 1647 ait
1255 1607 1269 1646 :
1297 1613 1315 1645 ί
1345 1591 1451 1648 Cor
1479 1593 1738 1648 mundum

158 1703 280 1745 crea
333 1687 388 1741 in
433 1700 543 1750 me,
601 1685 767 1750 Deus,
807 1691 864 1741 et
904 1684 1152 1755 Spiritum
1197 1691 1404 1739 rectum
1445 1684 1641 1739 innova
1683 1684 1738 1739 in

160 1777 454 1834 visceribus
497 1775 651 1830 meis.
706 1775 784 1831 Ne
831 1775 1086 1846 projicias
1133 1791 1221 1832 me
1269 1791 1300 1830 a
1352 1775 1492 1832 facie
1531 1785 1643 1843 tua,
1685 1784 1739 1832 et

159 1871 419 1942 Spiritum
449 1875 698 1924 sanctum
720 1876 871 1924 tuum
899 1883 968 1924 ne
996 1868 1212 1924 auferas
1235 1885 1267 1924 a
1296 1885 1382 1925 me
1403 1868 1576 1942 (Psal.
1605 1868 1657 1942 ι.)
1678 1910 1691 1924 .
1715 1889 1734 1921 ι

1835 675 2101 732 redimere
2125 675 2290 730 venit.
2333 676 2469 732 Hinc
2488 677 2651 731 etiam
2678 685 2734 733 et
2766 677 2956 732 beatus
2981 677 3311 751 Augustinus
3340 679 3409 734 ad

1832 769 2053 824 Petrum
2103 771 2389 825 diaconum
2433 771 2498 825 de
2536 768 2642 824 ﬁde
2687 770 2952 838 scribens,
2983 770 3059 825 ait
3087 770 3279 827 :Omni
3324 771 3413 826 ho-

1835 861 1966 917 mini
1993 862 2045 916 in
2079 862 2181 916 hac
2205 861 2320 918 vita
2338 877 2458 917 esse
2487 869 2664 932 potest
2686 861 2833 916 utilis
2859 863 3181 933 poenitentia
3209 878 3224 918 :
3248 877 3412 933 quam

1835 966 2156 1022 quocunque
2177 959 2419 1022 tempore
2455 951 2618 1008 homo
2644 952 2833 1022 egerit,
2850 951 3146 1022 quamlibet
3171 953 3406 1023 iniquus,

1834 1045 2128 1116 quamlibet
2156 1061 2410 1108 annosus,
2436 1046 2480 1100 si
2515 1053 2625 1101 toto
2652 1045 2815 1100 corde
2858 1029 3249 1101 renuntiaverit
3279 1061 3410 1115 pec--

1836 1137 1972 1193 catis
1994 1137 2302 1208 praeteritis,
2331 1147 2386 1193 et
2409 1154 2510 1209 pro
2531 1139 2613 1194 eis
2647 1138 2702 1193 in
2731 1149 3020 1210 conspectu
3051 1137 3145 1194 Dei
3187 1155 3293 1194 non
3325 1154 3412 1194 so-

1836 1228 1946 1283 lum
1989 1229 2228 1300 corporis
2253 1269 2268 1296 ,
2322 1229 2416 1284 sed
2467 1230 2629 1284 etiam
2668 1230 2848 1286 cordis
2883 1229 3151 1302 lacrymas
3189 1229 3412 1297 fuderit,

1836 1329 1890 1378 et
1915 1322 2178 1378 malorum
2208 1339 2430 1394 operum
2470 1322 2710 1378 maculas
2734 1323 2891 1378 bonis
2925 1323 3179 1393 operibus
3209 1323 3415 1380 diluere

1837 1416 2128 1480 curaverit,
2168 1416 2408 1469 omnium
2457 1423 2802 1484 peccatorum
2848 1415 3231 1486 indulgentiam
3287 1430 3414 1471 mox

1836 1507 2068 1562 habebit
2107 1507 2223 1563 Hoc
2252 1507 2396 1563 enim
2442 1507 2597 1564 nobis
2637 1508 2895 1563 Dominus
2935 1508 3248 1580 praphetico
3287 1523 3415 1578 pro-

1838 1597 2006 1652 mittit
2050 1597 2294 1668 eloquio,
2347 1597 2533 1653 dicens
2564 1615 2578 1652 :
2606 1597 2665 1653 Si
2705 1613 3000 1654 conversus
3045 1597 3411 1668 ingemueris,

1839 1689 2020 1745 salvus
2045 1690 2175 1744 eris.
2207 1690 2272 1745 Et
2301 1689 2408 1745 alio
2437 1690 2558 1746 loco
2583 1691 2780 1746 dicitur
2805 1708 2820 1744 :
2851 1711 2871 1742 ‹
2899 1690 3020 1757 Fili,
3059 1690 3313 1760 peccasti,
3345 1703 3414 1744 ne

1841 1781 2062 1852 adjicias
2092 1781 2324 1836 iterum:
2353 1782 2447 1836 sed
2485 1791 2541 1836 et
2583 1783 2650 1836 de
2679 1782 2967 1852 praeteritis
3006 1783 3316 1852 deprecare,
3355 1788 3416 1835 ut

1841 1871 1936 1928 tibi
1980 1873 2318 1928 dimittantur
2366 1871 2733 1944 (Eccli.:xx1).
2765 1892 2785 1925 ι
2833 1872 3116 1942 Nunquam
3175 1871 3419 1942 peccanti

156 1963 291 2018 Dum
344 1961 489 2017 enim
537 1960 693 2032 petiit
745 1976 814 2016 ne
856 1976 888 2016 a
927 1961 1037 2016 Deo
1071 1959 1426 2031 projiceretur
1455 1962 1739 2032 prolapsus
1767 1952 1815 2012 Β
1841 1973 1988 2022 esset
2011 1965 2211 2020 indicta
2235 1981 2330 2035 pro
2355 1965 2590 2035 peccatis
2615 1965 2943 2035 deprecatio,
2974 1965 3019 2019 si
3043 1964 3285 2034 peccanti
3313 1978 3420 2017 non

156 2055 331 2125 culpa,
361 2053 595 2108 alienam
639 2052 835 2124 quippe
864 2067 961 2108 rex
1008 2064 1064 2108 et
1095 2054 1357 2124 propheta
1407 2053 1652 2124 rapuisse
1680 2069 1740 2108 se

155 2161 376 2204 uxorem
403 2144 750 2201 tremefactus
773 2145 1010 2216 expavit,
1040 2147 1300 2216 prapheta
1336 2145 1608 2202 indicante
1639 2145 1738 2201 ﬂa-

157 2241 346 2312 gitium
396 2254 574 2305 suum,
627 2237 1005 2309 paenitentiam
1037 2253 1204 2308 agens
1231 2236 1473 2294 addidit:
1511 2257 1529 2289 ι
1555 2237 1741 2295 Redde

155 2332 287 2387 mihi
312 2331 557 2386 laetitiam
587 2330 843 2386 salutaris
867 2331 966 2396 tui,
1006 2338 1060 2386 et
1087 2330 1279 2401 spiritu
1302 2331 1591 2403 principali
1613 2347 1741 2387 con-

157 2421 309 2477 firma
340 2438 447 2478 me.
483 2443 500 2473 ι
531 2420 589 2477 Si
627 2422 775 2477 enim
822 2422 938 2493 ipse
979 2421 1193 2494 dignam
1227 2422 1337 2478 Deo
1367 2424 1740 2493 paenitentiam

156 2529 262 2568 non
293 2512 879 2584 fecissetnequaquam
906 2511 1024 2568 aliis
1060 2512 1400 2582 praedicaret.
1434 2514 1526 2568 Ait
1553 2515 1696 2570 enim
1723 2534 1734 2569 ;

153 2605 368 2660 Docebo
417 2605 632 2676 iniquos
675 2605 793 2660 vias
835 2611 972 2668 tuas,
1021 2613 1077 2659 et
1125 2605 1274 2675 impii
1319 2605 1386 2659 ad
1427 2614 1479 2660 te
1519 2622 1741 2662 conver-

155 2707 358 2753 tentur.
389 2697 526 2752 Dum
551 2697 695 2752 enim
733 2705 957 2768 peccata
1003 2713 1107 2754 sua
1155 2699 1432 2770 prospexit
1476 2701 1738 2771 propheta

154 2789 414 2846 mundata
442 2805 540 2860 per
564 2789 959 2860 paenitentiam,
985 2805 1095 2844 non
1118 2789 1384 2845 dubitavit
1401 2791 1741 2860 praedicando

155 2881 424 2951 castigare
451 2881 625 2937 aliena
653 2898 668 2948 ;
695 2890 750 2936 et
771 2881 850 2936 sic
871 2881 1196 2937 sacriﬁcium
1222 2883 1289 2938 de
1315 2885 1607 2954 semetipso
1633 2886 1742 2940 Deo

153 2975 352 3032 offerre
384 2977 608 3043 studuit,
641 2993 765 3034 cum
794 2980 1047 3036 dicebat:
1079 2998 1097 3031 ι
1134 2979 1472 3036 Sacrificium
1501 2980 1611 3037 Deo
1637 2982 1744 3051 spi-

154 3071 295 3127 ritus
343 3071 738 3128 contribulatus
785 3072 995 3146 (Ibid.).
1028 3093 1046 3125 ι
1096 3073 1178 3129 Ad
1227 3074 1340 3130 haec
1387 3075 1489 3129 ista
1535 3074 1744 3132 sullice-

154 3175 313 3230 rent;
347 3164 443 3221 sed
472 3165 650 3222 omnis
680 3167 946 3222 sententia
977 3183 1084 3238 quo
1133 3168 1255 3238 plus
1291 3184 1470 3224 sacrae
1500 3168 1742 3240 Scriptu-

152 3277 233 3316 rac
252 3261 581 3318 testimoniis
607 3245 981 3328 confirmatur,
1021 3261 1232 3318 facilius
1253 3263 1510 3318 creditur.
1541 3265 1616 3320 De
1638 3265 1740 3318 hoc

153 3355 303 3410 enim
323 3356 587 3427 propheta
621 3356 752 3412 dicit
779 3375 791 3410 :
828 3376 844 3408 ι
874 3355 1009 3412 Nolo
1037 3364 1266 3412 mortem
1293 3355 1613 3427 peccatoris,
1649 3355 1744 3411 sed
1771 3327 1816 3390 Ο

149 3453 220 3500 ut
241 3455 594 3502 convertatur
615 3454 671 3502 et
699 3447 847 3502 vivat
873 3446 1088 3520 (Ezech.
1119 3447 1296 3521 xvm).
1331 3469 1349 3502 ι
1386 3447 1462 3504 De
1484 3449 1588 3504 hoc
1613 3464 1742 3520 pec-

151 3538 410 3594 cantibus
452 3539 688 3594 dicitur:
721 3559 738 3591 ι
767 3539 1028 3596 Peccator
1055 3541 1110 3596 in
1136 3557 1458 3613 quacunque
1497 3542 1582 3598 die
1611 3559 1744 3599 con-

149 3646 350 3686 versus
381 3631 727 3700 ingemuerit,
749 3647 939 3688 omnes
967 3632 1281 3702 iniquitates
1303 3632 1421 3703 ejus
1444 3634 1500 3688 in
1522 3633 1746 3690 oblivio-

151 3734 288 3775 nem
339 3719 646 3775 traduntur.
681 3741 698 3774 ›
735 3719 793 3778 Si
836 3721 983 3776 enim
1021 3721 1349 3792 Redemptor
1393 3731 1579 3780 noster
1601 3765 1617 3791 ,
1654 3725 1747 3796 qui

150 3821 480 3884 peccatores
527 3827 634 3868 non
679 3813 928 3884 perdere,
979 3813 1072 3869 sed
1115 3811 1415 3882 justiticare
1463 3815 1633 3882 venit,
1691 3815 1749 3870 in

152 3905 434 3962 oblivione
469 3906 806 3978 peccantium
841 3905 1039 3962 delicta
1066 3906 1374 3978 dereliquit,
1405 3907 1527 3976 quis
1573 3907 1750 3964 homi-

152 4014 291 4054 num
319 3999 725 4055 condemnanda
772 4007 1036 4066 reservet,
1084 4014 1207 4055 cum
1252 3999 1525 4070 apostolus
1565 4000 1744 4055 dicat:

159 4091 219 4148 Si
251 4091 393 4148 Deus
414 4092 698 4164 justifieat,
723 4092 846 4164 quis
881 4100 967 4148 est
992 4092 1085 4163 qui
1125 4092 1487 4148 condemnet?
1514 4092 1596 4147 Ad
1624 4092 1748 4148 fon-

161 4191 273 4239 tem
319 4184 483 4238 etiam
529 4177 914 4239 misericOrdiaa
963 4191 1328 4250 recurrentes,
1385 4183 1749 4254 evangelicam

159 4277 506 4350 proferamus
551 4277 914 4334 sententiam:
964 4295 982 4328 ι
1013 4276 1293 4343 Gaudebo,
1337 4277 1531 4346 inquit,
1590 4291 1752 4346 super

162 4388 276 4426 uno
299 4378 586 4443 peccatore
615 4370 986 4442 paenitentiam
1014 4378 1226 4442 agente,
1254 4369 1375 4442 plus
1401 4385 1564 4441 quam
1591 4384 1753 4441 super

164 4465 462 4537 nonaginta
501 4478 696 4519 novem
715 4463 896 4534 justis,
937 4462 1027 4534 qui
1059 4477 1166 4518 non
1215 4462 1458 4534 indigent
1486 4461 1752 4532 pteniten-

164 4556 239 4610 tia
280 4553 433 4627 (Luc.
477 4557 609 4626 xv);
650 4575 668 4606 ι
722 4561 776 4610 et
821 4569 976 4609 ovem
1025 4554 1292 4625 perditam
1341 4553 1752 4622 nonagesimam

162 4667 385 4716 nonam,
415 4667 524 4707 non
549 4650 856 4706 errantibus
883 4649 1107 4715 relictis,
1142 4649 1368 4704 humero
1398 4649 1463 4704 ad
1498 4647 1638 4704 ovile
1668 4663 1754 4703 re-

161 4745 422 4816 portavit.
469 4743 528 4800 Si
558 4744 675 4800 ovis
703 4758 894 4800 errans
941 4750 1065 4813 post
1107 4742 1475 4797 inventionem
1505 4740 1573 4795 ad
1611 4737 1753 4796 ovile

164 4840 398 4894 humero
438 4845 763 4908 reportatur,
795 4851 893 4891 cur
920 4835 1022 4891 ista
1061 4843 1182 4905 post
1209 4849 1425 4906 poenam
1461 4833 1529 4888 ad
1571 4833 1754 4889 Eccle-

166 4929 266 4984 siae
297 4928 655 4983 ministerium
681 4942 790 4983 non
831 4927 1155 4982 revocetur?
1180 4924 1322 4992 Quid
1346 4933 1443 4995 ,est
1474 4939 1606 4996 ergo
1636 4939 1756 4996 gra-

167 5021 291 5075 vius
346 5020 563 5074 carnale
616 5019 870 5074 delictum
937 5018 1254 5083 admittere,
1307 5017 1425 5072 sine
1475 5031 1582 5088 quo
1646 5032 1756 5072 non

169 5114 326 5171 multi
358 5113 454 5171 sed
479 5115 639 5184 pauci
666 5114 1031 5180 inveniuntur,
1060 5121 1153 5167 aut
1175 5111 1272 5167 Dei
1295 5110 1492 5166 Filium
1517 5109 1757 5166 timendo

171 5209 410 5281 negare?
445 5206 504 5262 1n
550 5223 658 5278 quo
704 5216 928 5277 peccato
978 5206 1154 5276 ipsum
1200 5203 1418 5259 beatum
1457 5202 1758 5273 principem

173 5303 540 5375 apostolorum
580 5300 821 5366 Petrum,
857 5301 926 5355 ad
953 5298 1104 5369 cujus
1134 5313 1278 5353 nunc
1319 5312 1516 5368 corpus
1551 5295 1758 5368 indigni

175 5397 446 5462 sedemus,
477 5395 686 5466 lapsum
715 5406 836 5448 esse
878 5390 1256 5463 cognoscimus
1283 5407 1296 5442 :
1320 5389 1414 5444 sed
1444 5395 1564 5458 post
1590 5401 1758 5458 nega-

177 5490 378 5544 tionem
409 5487 727 5560 pamitentia
771 5493 954 5542 secuta
996 5493 1103 5550 est,
1152 5490 1207 5539 et
1234 5490 1360 5554 post
1385 5479 1759 5552 pcenitentiam

179 5581 551 5636 misericordia
575 5579 700 5634 data
725 5593 740 5633 :
765 5578 891 5648 quia
920 5576 1070 5632 illum
1104 5577 1172 5632 ab
1198 5573 1502 5646 apostolatu
1533 5589 1642 5628 non
1668 5572 1761 5628 de-

173 5669 327 5741 jecit,
347 5672 438 5743 qui
455 5681 579 5728 ante
600 5672 834 5743 seipsum
860 5684 1059 5742 negare
1086 5669 1352 5741 praedixit.
1382 5667 1500 5723 Tibi
1525 5669 1662 5736 haec,
1686 5666 1762 5723 fili

181 5763 524 5829 charissime,
546 5763 692 5818 dicta
716 5761 1003 5827 sufﬁciant,
1035 5772 1094 5818 ut
1119 5761 1268 5817 illum
1295 5776 1457 5833 quem
1490 5759 1761 5830 conspicis

184 5858 380 5915 delicta
404 5856 531 5914 ﬂetu
551 5845 749 5922 delere,
776 5856 830 5911 in
859 5863 1151 5926 conspectu
1192 5855 1490 5911 divinitatis
1516 5868 1623 5908 non
1659 5852 1760 5907 du-

185 5949 325 6009 bites
351 5950 777 6008 misericordiam
799 5950 1057 6022 consequi
1086 5965 1100 6005 :
1128 5949 1252 6020 quia
1293 5947 1496 6004 nullum
1535 5962 1764 6019 peccan-

1783 4697 1836 4760 D

1841 2069 1987 2118 esset
2033 2061 2281 2116 remissio
2333 2059 2694 2116 concedenda.
2744 2057 2851 2114 Sed
2893 2059 3058 2112 etiam
3101 2055 3421 2126 poenitentia

1839 2151 2112 2224 peccatori
2145 2159 2270 2206 tunc
2296 2151 2538 2222 prodest,
2567 2151 2613 2205 si
2639 2166 2757 2206 eam
2787 2150 2842 2204 in
2873 2148 3112 2204 Ecclesia
3156 2145 3422 2202 catholica

1840 2253 1994 2315 gerat
2019 2261 2032 2296 :
2059 2244 2143 2298 cui
2173 2245 2335 2308 Deus,
2365 2243 2419 2296 in
2446 2257 2676 2313 persona
2713 2242 2858 2296 beati
2878 2241 3048 2316 Petri,
3085 2240 3284 2312 ligandi
3314 2238 3424 2294 sol-

1840 2336 2107 2405 vendique
2146 2335 2335 2389 tribuit
2374 2342 2714 2404 potestatem,
2757 2333 2980 2389 dicens:
3011 2353 3028 2384 ι
3062 2333 3191 2401 Quae
3241 2333 3423 2404 alliga-

1837 2427 1984 2482 veris
2013 2441 2176 2496 super
2206 2437 2431 2492 terram,
2460 2434 2620 2479 erunt
2648 2424 2812 2494 ligata
2836 2433 2893 2479 et
2916 2425 2970 2480 in
2995 2423 3176 2486 caelis;
3213 2433 3268 2478 et
3301 2439 3423 2494 quae

1839 2518 2064 2575 solveris
2111 2533 2274 2589 super
2329 2525 2570 2582 terram,
2623 2527 2783 2569 erunt
2833 2515 3008 2570 soluta
3064 2523 3118 2568 et
3169 2514 3221 2568 in
3269 2512 3423 2569 cmlis

1840 2609 2056 2681 (Matth.
2094 2608 2270 2680 xvm).
2309 2629 2328 2660 ι
2370 2607 2428 2662 ln
2477 2623 2797 2678 quacunque
2852 2607 3016 2678 igitur
3065 2605 3228 2660 homo
3261 2610 3420 2660 aetate

1839 2719 2025 2758 veram
2068 2703 2412 2773 peccatorum
2468 2717 2688 2758 suorum
2720 2699 3098 2771 paenitentiam
3136 2698 3328 2769 egerit,
3369 2704 3426 2752 et

1842 2797 2006 2850 vitam
2039 2809 2190 2850 suam
2233 2795 2344 2849 Deo
2369 2793 2708 2850 illuminante
2740 2792 3061 2858 correxerit,
3099 2806 3208 2846 non
3248 2791 3429 2862 priva-

1841 2888 1990 2943 bitur
2027 2886 2372 2956 indulgentiae
2413 2900 2635 2942 munere
2659 2901 2673 2940 :
2696 2885 2821 2955 quia
2874 2885 3017 2940 Deus
3060 2883 3140 2940 sic
3171 2898 3269 2956 per
3299 2867 3454 2954 pro:

1842 2980 2062 3052 phetam
2093 2979 2223 3034 dicit
2249 2998 2262 3033 :
2303 2997 2322 3030 ι
2352 2978 2486 3034 Nolo
2515 2988 2748 3034 mortem
2791 2977 3095 3044 morientis,
3130 2985 3338 3032 tantum
3368 2985 3428 3032 ut

1846 3080 2150 3128 revertatur
2205 3087 2235 3126 a
2285 3071 2372 3126 via
2426 3087 2523 3127 sua
2573 3070 2715 3126 mala
2773 3079 2827 3126 et
2881 3077 3026 3124 vivat
3083 3068 3262 3124 anima
3311 3068 3428 3138 ejus

1847 3160 2063 3236 (Ezech.
2099 3163 2276 3234 xvm).
2309 3181 2328 3214 ι
2363 3164 2751 3219 Verumtamen
2803 3145 2982 3218 nullus
3024 3161 3304 3218 hominum
3329 3161 3424 3215 de-

1846 3256 1940 3311 bet
1966 3255 2065 3310 sub
2092 3270 2188 3324 spe
2213 3253 2594 3309 misericordiae
2630 3254 2744 3322 Dei,
2793 3253 2849 3308 in
2876 3253 2988 3309 suis
3026 3253 3231 3316 diutius
3256 3269 3432 3309 rema-

1848 3363 1980 3402 nere
2016 3346 2292 3418 peccatis:
2317 3361 2441 3401 cum
2469 3347 2634 3401 etiam
2663 3347 2718 3400 in
2749 3346 2865 3416 ipso
2894 3361 3121 3416 corpore
3154 3361 3315 3402 nemo
3339 3358 3431 3400 ve-

1846 3438 1908 3493 lit
1962 3437 2062 3492 sub
2103 3452 2198 3509 spe
2244 3435 2439 3491 futuraa
2483 3436 2672 3491 salutis
2708 3436 2909 3492 diutius
2945 3445 3228 3509 aegrotare.
3275 3435 3431 3492 Tales

1847 3531 1990 3586 enim
2017 3529 2109 3600 qui
2150 3529 2219 3586 ab
2266 3529 2644 3601 iniquitatibus
2680 3528 2795 3585 suis
2833 3529 3087 3586 recedere
3133 3527 3427 3600 negligunt,

1846 3632 1902 3680 et
1947 3623 2049 3680 sibi
2089 3639 2122 3677 a
2157 3625 2267 3678 Deo
2311 3622 2702 3694 indulgentiam
2743 3623 3150 3694 repromittunt,
3185 3636 3432 3677 nonnun-

1847 3733 2010 3789 quam
2042 3717 2116 3772 ita
2137 3717 2539 3788 praeveniantur
2572 3716 2853 3786 repentino
2882 3714 2979 3770 Dei
3007 3714 3212 3781 furore,
3237 3723 3299 3769 ut
3326 3729 3427 3770 nec

1851 3809 2222 3866 conversionis
2253 3816 2486 3878 tempus,
2519 3823 2622 3862 nec
2642 3795 2965 3862 beneficium
2991 3804 3328 3862 remissionis
3353 3805 3432 3859 in-

1850 3902 2086 3958 veniant.
2117 3899 2242 3954 Ideo
2281 3913 2720 3969 unumquemque
2754 3904 2997 3952 vestrum
3041 3903 3228 3951 sancta
3277 3892 3427 3950 Scri-

1850 4003 2009 4066 ptura
2039 3989 2268 4062 benigne
2295 3997 2590 4061 praemonet
2617 3987 2803 4043 dicens
2829 3986 2942 4041 :Ne
2972 3985 3268 4042 tardaveris
3303 4000 3432 4040 con-

1852 4089 1990 4145 verti
2020 4087 2087 4142 ad
2132 4085 2418 4142 Dominum
2450 4103 2463 4138 :
2490 4091 2546 4138 et
2589 4098 2657 4138 ne
2691 4080 2910 4139 differas
2952 4081 3018 4136 de
3057 4081 3143 4136 die
3178 4081 3234 4135 in
3263 4079 3427 4135 diem.

1855 4179 2046 4238 Subito
2062 4179 2205 4234 enim
2241 4177 2423 4232 veniet
2457 4176 2537 4231 ira
2572 4174 2688 4244 ejus
2716 4193 2729 4228 :
2753 4175 2884 4230 etin
2919 4182 3161 4246 tempore
3180 4172 3431 4228 vindicta:

1853 4273 2126 4344 disperdet
2163 4280 2236 4326 te.
2272 4271 2415 4326 Dicit
2463 4271 2627 4326 etiam
2663 4268 2854 4325 beatus
2885 4265 3095 4323 David:
3127 4284 3145 4318 ‹
3177 4265 3347 4322 Hodie
3384 4265 3432 4322 si

1855 4383 2042 4424 vocem
2076 4367 2194 4438 ejus
2219 4365 2523 4430 audieritis,
2563 4363 2731 4420 nolite
2765 4361 3032 4418 obdurare
3065 4361 3228 4417 corda
3254 4367 3431 4414 vestra

1857 4460 2031 4536 (Psal.
2059 4459 2224 4532 xcrv).
2261 4479 2280 4512 ι
2316 4458 2414 4514 Cui
2445 4473 2660 4528 quoque
2703 4457 2894 4512 beatus
2919 4454 3116 4510 Paulus
3143 4452 3435 4513 concordat

1858 4555 1943 4610 his
1970 4553 2184 4609 verbis:
2215 4570 2233 4604 ‹
2269 4551 2482 4617 Videte,
2522 4549 2745 4614 fratres,
2778 4564 2846 4604 ne
2879 4547 3018 4603 forte
3048 4547 3120 4602 sit
3161 4547 3214 4600 in
3255 4543 3435 4614 aliquo

1861 4655 2102 4704 vestrum
2139 4660 2235 4702 cor
2270 4644 2471 4699 malum
2500 4641 2898 4698 incredulitatis
2920 4637 3232 4696 discedendi
3261 4652 3294 4691 a
3323 4635 3434 4692 Deo

1860 4743 2034 4797 vivo:
2088 4740 2183 4795 sed
2226 4735 2589 4792 adhortamini
2643 4733 3000 4803 vosmetipsos
3048 4745 3149 4801 per
3197 4728 3438 4800 singulos

1861 4835 1998 4900 dics,
2030 4833 2201 4888 donec
2228 4831 2390 4886 hodie
2434 4826 2870 4899 cognominatur,
2911 4833 2970 4879 ut
3001 4839 3106 4878 non
3138 4821 3439 4878 obduretur

1859 4930 1982 5000 quis
2003 4944 2071 4985 ex
2100 4926 2253 4982 vobis
2293 4923 2505 4979 fallacia
2540 4921 2748 4993 peccati
2790 4918 2947 4990 (Heb.
2979 4916 3124 4989 ιιι).›
3160 4915 3436 4974 Obdurato

1861 5023 2024 5094 igitur
2053 5021 2217 5076 corde
2239 5017 2374 5072 vivit
2399 5016 2512 5072 sive
2535 5014 2627 5085 qui
2652 5027 2760 5068 non
2786 5011 3118 5068 convertitur
3143 5010 3438 5081 desperans

1864 5114 1930 5170 de
1963 5111 2296 5184 indulgentia
2329 5115 2698 5179 peccatorum,
2741 5103 2856 5158 sive
2883 5103 2976 5173 qui
3005 5102 3085 5159 sic
3132 5100 3440 5156 misericor-

1865 5205 2010 5260 diam
2040 5203 2136 5258 Dei
2174 5208 2376 5272 sperat,
2407 5208 2467 5253 ut
2497 5211 2667 5268 usque
2698 5195 2752 5250 in
2785 5193 2947 5250 linem
2996 5194 3121 5249 vitae
3157 5191 3440 5264 praesentis

1867 5296 1920 5352 in
1943 5310 2164 5353 suorum
2187 5292 2478 5349 criminum
2505 5288 2860 5361 perversitate
2885 5296 3180 5342 remaneat.
3206 5283 3440 5340 Proinde

1867 5389 2150 5460 diligentes
2195 5382 2631 5442 misericordiam
2679 5380 2796 5446 Dei,
2833 5385 3246 5446 metuentesque
3275 5373 3440 5443 justi»

1869 5482 2021 5548 tiam,
2065 5495 2165 5536 nec
2201 5479 2266 5536 de
2311 5476 2630 5533 remissione
2675 5481 3023 5544 peccatorum
3067 5469 3417 5538 desperemus

1868 5589 1969 5630 nec
2018 5587 2396 5629 remaneamus
2446 5571 2502 5624 in
2548 5567 2789 5639 peccatis
2829 5584 2842 5620 :
2895 5564 3132 5621 scientes
3175 5559 3304 5632 quia
3351 5559 3440 5617 illa

1870 5667 2112 5723 omnium
2147 5665 2428 5720 hominum
2473 5661 2657 5719 debita
2704 5661 2775 5716 sit
2804 5666 3061 5715 exactura
3104 5655 3333 5727 mquitas
3354 5652 3446 5724 ju-

1870 5757 2094 5814 stissimi
2134 5755 2356 5828 judicis,
2416 5769 2536 5826 quae
2592 5767 2703 5808 non
2751 5748 3018 5805 dimiserit
3072 5745 3446 5804 misericordia

1870 5849 2274 5907 clementissimi
2289 5845 2685 5918 Redemptoris.
2726 5842 2879 5898 Sicut
2897 5840 3042 5896 enim
3069 5837 3449 5895 misericordia

1871 5946 2095 6019 suscipit
2134 5943 2471 6016 absolvitque
2496 5951 2813 6004 conversos,
2861 5936 2939 5991 ita
2974 5931 3185 6005 justitia
3222 5930 3449 6004 repellet

3899 4465 3901 4540 4

3899 4613 3901 4668 4

3899 5245 3901 5344 4

3899 5435 3901 5476 ι
