3938 6334
445 475 585 534 4405
1117 474 1178 530 Β.
1219 474 1470 531 ΒΑΒΑΝΙ
1506 472 1723 531 MAURI
1761 469 2000 528 ARCHIE

2150 457 2430 528 locum.
2467 457 2751 530 opertum
2788 473 2968 529 PARS
3006 473 3094 529 ιιι.
3569 473 3705 530 wit

446 596 500 646 et
523 591 708 661 puniet
731 587 1042 643 obduratos.
1077 585 1142 642 Hi
1170 595 1298 642 sunt
1321 588 1414 659 qui
1439 591 1729 658 peCcantes
1753 586 1809 643 in
1839 583 2014 656 Spiri-
2042 586 2093 648 Α
2119 575 2211 640 tali
2233 585 2459 657 pollens,
2487 586 2712 655 iustitiae
2734 585 2983 644 claritate
3010 585 3264 658 fulgebat.
3298 575 3476 655 Quam
3498 592 3706 645 exsan-

449 689 561 735 tum
591 685 860 745 sanctum,
889 681 1064 749 neque
1091 679 1146 734 in
1174 679 1278 735 hoc
1303 679 1519 746 smeulo,
1545 693 1722 750 neque
1749 679 1804 735 in
1836 677 2018 735 futuro
2118 689 2260 735 ctam
2291 681 2548 752 propheta
2581 681 2801 748 asserit,
2835 680 2963 736 dum
2987 681 3056 736 ob
3101 681 3306 737 scelera
3334 680 3602 746 ﬁliorum,
3629 699 3712 738 sa-

447 773 824 829 remissionem
869 771 1137 842 accipient
1185 755 1555 842 peccatorum.
1609 770 1743 826 Nam
1801 773 1869 827 de
1915 767 2018 827 hoc
2119 771 2352 826 cerdotis
2405 780 2725 843 potestatem
2776 771 3204 843 meritorumque
3255 773 3448 828 lumen
3506 774 3711 828 amisit.

445 866 681 921 Isidorus
733 863 1066 936 Hispalensis
1113 865 1434 935 episcopus,
1487 862 1555 920 ad
1608 863 2015 934 inquisitionem
2120 859 2513 920 candelabrum
2543 881 2673 938 ergo
2697 859 2810 922 sive
2849 861 3068 921 lucerna
3100 865 3419 932 sacerdotis,
3453 883 3580 930 quae
3633 867 3714 921 iu-

445 955 730 1012 Massionis
784 955 1055 1028 episcopi,
1106 955 1180 1010 ita
1229 955 1508 1025 rescripsit
1559 954 1744 1011 dicens
1781 955 2018 1010 :Vcrum
2119 957 2433 1028 telliguntur
2468 957 2798 1013 charismata
2827 957 3070 1023 honoris,
3109 966 3236 1014 tunc
3258 960 3417 1030 juxta
3444 959 3714 1015 Joannem

447 1049 590 1119 quod
626 1056 912 1118 sequenter
959 1048 1012 1101 in
1053 1047 1294 1118 epistolis
1341 1045 1662 1102 venerabilis
1708 1045 2019 1102 fraternitas
2107 1049 2479 1118 exstinguitur
2496 1049 2581 1103 vel
2603 1045 2867 1116 movetur,
2893 1049 3110 1120 quando
3136 1059 3258 1120 post
3281 1041 3472 1106 delicti
3505 1049 3712 1116 casum,

448 1148 537 1194 tua
569 1138 820 1200 innotuit,
852 1137 992 1191 nulla
1020 1145 1104 1192 est
1150 1139 1203 1192 in
1251 1137 1557 1207 hujusmodi
1604 1137 1890 1193 sententiis
1928 1138 2021 1192 de-
2119 1139 2361 1210 neglecta
2389 1141 2731 1211 paenitentia,
2759 1139 2993 1198 admissa
3019 1143 3222 1198 scelera
3265 1155 3375 1198 non
3420 1143 3716 1199 deﬂentur.

446 1239 718 1284 cretorum
743 1228 1027 1282 diversitas
1071 1228 1433 1300 intelligenda,
1466 1229 1610 1299 quod
1663 1228 1788 1284 alibi
1824 1229 2020 1300 legitur
2117 1232 2236 1288 Non
2265 1233 2408 1288 enim
2439 1234 2576 1288 dixit
2602 1249 2618 1288 :
2649 1223 2754 1289 Pro
2791 1245 2855 1290 eo
2895 1235 3038 1304 quod
3064 1235 3308 1290 cecidisti
3353 1237 3720 1291 Commovebo

448 1317 502 1371 in
555 1317 707 1387 lapsu
758 1317 1026 1386 corporali
1075 1321 1489 1374 restaurandum
1530 1321 1750 1376 honoris
1792 1321 2017 1390 gradum
2119 1322 2500 1379 candelabrum
2552 1333 2738 1391 tuum;
2772 1325 2882 1389 sed,
2921 1325 3035 1382 Nisi
3069 1327 3452 1397 penitentiam
3493 1327 3714 1400 egeris,

449 1419 571 1479 post
611 1409 1004 1480 pwnitentiam,
1057 1410 1183 1464 alibi
1227 1421 1348 1482 post
1394 1412 1697 1480 hujusmodi
1743 1413 2014 1478 delictum,
2119 1415 2346 1471 movebo
2375 1415 2757 1472 candelabrum
2797 1423 2969 1472 tilum.
3009 1413 3151 1490 Ergo
3192 1433 3531 1489 quemquam
3557 1435 3700 1489 pra:-

446 1515 782 1571 nequaquam
829 1503 1187 1571 reparandum
1238 1505 1442 1575 antiqui
1492 1505 1700 1560 ordinis
1739 1505 2014 1560 meritum.
2119 1508 2351 1578 positum
2380 1518 2712 1578 peccantem,
2759 1509 2804 1565 si
2848 1513 3172 1580 praevenerit
3197 1514 3552 1583 poenitentia,
3588 1513 3720 1568 deli-

447 1591 571 1646 llarc
617 1593 758 1647 enim
801 1591 1090 1648 diversitas
1126 1594 1228 1649 hoc
1273 1595 1432 1649 modo
1481 1595 1868 1665 distinguitur:
1901 1593 2020 1650 illos
2121 1600 2193 1656 cti
2223 1601 2406 1671 utique
2432 1603 2678 1672 sequitur
2709 1603 2960 1659 etvenia.
2985 1603 3051 1658 Et
3095 1605 3150 1659 in
3195 1605 3528 1660 Proverbiis
3582 1607 3717 1660 scri-

448 1685 590 1738 enim
617 1685 684 1738 ad
711 1684 968 1755 pristinos
1015 1684 1175 1739 cilicii
1204 1686 1402 1754 gradus
1433 1687 1609 1741 redire
1658 1685 1842 1741 Canon
1878 1699 2018 1754 pras-
2120 1695 2271 1762 ptum
2300 1701 2419 1747 est:
2450 1713 2467 1743 ε
2501 1691 2601 1761 Qui
2632 1694 2914 1750 abscondit
2955 1695 3157 1750 scelera
3202 1685 3321 1762 sua,
3369 1711 3486 1750 non
3522 1695 3719 1766 dirige-

449 1776 608 1846 cepit,
640 1790 776 1846 quos
799 1776 1132 1846 posuite‘ntite
1174 1778 1451 1846 praecessit
1477 1777 1795 1843 satisfactio,
1829 1767 1914 1832 vel
1940 1775 2021 1831 di—
2122 1784 2362 1854 tur:qul
2413 1779 2697 1840 confesSus
2736 1777 2899 1841 fuerit
2928 1789 2982 1841 et
3026 1787 3309 1856 reliquerit
3353 1801 3450 1852 ea,
3509 1788 3722 1842 miseri-

447 1890 550 1945 gua
577 1884 919 1946 peccatorum
949 1875 1237 1930 confessio.
1271 1872 1341 1929 At
1371 1876 1617 1930 contrahi
1649 1876 1739 1947 qui
1781 1891 1957 1946 neque
1991 1891 2020 1931 a
2085 1945 2094 1958 t
2123 1873 2361 1929 cordiam
2388 1884 2749 1946 consequetur
2777 1857 2957 1947 (-Prov.
2992 1871 3207 1940 xxviii).
3239 1893 3258 1928 ι
3294 1867 3440 1930 Nam
3465 1883 3524 1930 et
3547 1877 3716 1947 ipsum

447 1969 577 2023 vitio
638 1969 1002 2040 corruptionis
1049 1967 1424 2035 emendantur,
1474 1977 1635 2040 atque
1682 1970 1785 2025 hoc
1843 1969 2017 2039 ipsum
2048 1957 2098 2026 Β
2123 1965 2264 2036 quod
2295 1982 2559 2021 canonum
2593 1961 2822 2022 censura
2860 1976 2980 2038 post
3007 1969 3212 2038 septem
3243 1963 3424 2022 annos
3473 1979 3718 2022 remeare

449 2059 662 2115 carnale
708 2059 959 2115 delictum
993 2061 1137 2130 quod
1181 2058 1489 2124 admittunt,
1535 2060 1696 2114 etiam
1741 2060 2016 2115 vindicare
2119 2059 2470 2128 pmnitentem
2499 2059 2550 2112 in
2581 2061 2779 2113 statum
2816 2057 3104 2128 pristinum
3136 2057 3422 2128 praecepit,
3464 2073 3578 2113 non
3621 2057 3714 2112 huc

449 2154 679 2224 quadam
709 2153 1081 2224 superstitiosa
1132 2147 1434 2210 temeritate
1484 2154 1749 2221 nituntur,
1780 2169 1879 2210 nec
1904 2169 2020 2226 gra-
2118 2146 2380 2202 eleclione
2425 2147 2631 2218 proprii
2670 2143 2882 2202 arbitrii
2925 2147 3343 2212 531106933ch.
3390 2147 3498 2203 8εᾶ
3542 2147 3718 2217 Potin!

449 2243 572 2299 dum
605 2245 790 2313 utique
817 2245 1058 2310 honoris,
1107 2261 1208 2301 nec
1231 2246 1459 2318 gratiam
1508 2246 1901 2302 communionis
1931 2261 2019 2302 ac-
2118 2245 2185 2294 ei
2215 2235 2480 2293 θοῐὶῑθΐιιὶίι
2511 2237 2675 2294 (“Villi
2724 2238 2913 2308 ,ἱυιῘῘοίῖ
2955 2243 3269 2295 Βδηιίεηιέιῑι
3334 2237 3482 2294 Nam
3521 2239 3713 2312 legitur

449 2335 676 2405 cipiunt.
704 2336 843 2406 Ergo
874 2337 947 2390 ita
978 2343 1061 2391 est
1100 2344 1326 2406 utraque
1368 2336 1670 2392 dirimenda
1710 2333 2014 2393 sententia:
2118 2329 2261 2398 (1110ίῖ
2296 2325 2461 2383 maria
2508 2341 2665 2384 50m"
2699 2328 2879 2384 Αποη
2927 2331 3285 2400 Ρτορῗιθίίεδθν
3318 2328 3460 2385 dum
3511 2331 3586 2383 ob
3632 2330 3717 2384 ἀε·

449 2433 507 2480 ιιι
547 2439 766 2481 necesse
807 2427 878 2480 sit
907 2427 1024 2482 illos
1055 2427 1354 2482 restaurari
1393 2428 1448 2482 in
1493 2427 1612 2484 loco
1655 2429 1896 2493 honoris,
1928 2428 2020 2498 qui
2119 2419 2414 2477 tmctiones
2467 2421 2726 2478 adversus
2775 2421 2992 2494 Moysen
3046 2423 3370 2477 incurrisset
3433 2422 3714 2486 delictum,

447 2535 543 2590 per
566 2521 942 2590 pmnitentiam
971 2519 1460 2578 reconciliationem
1488 2533 1806 2577 meruerunt
1826 2521 2002 2578 divina

2171 2513 2316 2568 illico
2341 2514 2593 2584 stigmate
2628 2513 2792 2584 lepra:
2827 2511 3046 2585 perfusa
3077 2521 3182 2568 est.
3219 2512 3478 2583 Cumque
3511 2522 3718 2583 peteret

449 2609 683 2682 pietatis.
726 2609 789 2666 Hi
819 2627 917 2668 nec
955 2608 1229 2669 immerito
1267 2623 1670 2685 consequuntur
1709 2615 1914 2685 adeptae
1941 2601 2021 2670 di-
2119 2606 2332 2678 Moyses
2359 2615 2417 2660 ιιι
2443 2606 2850 2672 θιηιιηάπθιυνν
2879 2609 3132 2678 Prw—cel)it
3154 2623 3271 2663 eam
3298 2607 3578 2663 Dominus
3617 2625 3708 2662 θι-

449 2702 670 2772 gnitatis
700 2709 921 2768 statum,
952 2703 1042 2774 qui
1098 2717 1196 2776 per
1227 2703 1659 2760 emendationem
1692 2707 2022 2777 ptenitentiae
2121 2709 2205 2755 tl'a
2246 2707 2425 2755 castra
2460 2708 2664 2770 septem
2712 2699 2902 2755 diebus
2941 2701 3144 2772 egredi,
3195 2697 3252 2756 ct'
3293 2711 3423 2772 post
3455 2702 3716 2756 emunda-

443 2794 716 2880 gecepisse
765 2802 1061 2848 noscuntur
1111 2797 1236 2849 vita:
1284 2795 1600 2850 remedium.
1651 2795 1707 2850 id
1755 2797 1898 2851 enim
1954 2811 2021 2851 ne
2122 2795 2324 2849 tionem
2377 2807 2565 2848 rursus
2598 2807 2716 2847 eam
2765 2793 2816 2848 in
2847 2804 3021 2849 castra
3065 2781 3276 2850 admitti
3303 2793 3509 2864 (Nam.
3547 2796 3708 2867 xii).-

449 2875 586 2940 forte
613 2886 782 2957 magis
813 2887 1120 2958 ambiguum
1159 2889 1250 2953 sit,
1284 2889 1478 2942 diviiiae
1526 2875 1868 2944 auctoritatis
1898 2903 2016 2944 sen-
2122 2883 2288 2938 Maria
2313 2897 2444 2953 ergo
2469 2896 2623 2938 soror
2657 2883 2840 2939 Aaron
2869 2891 2997 2939 caro
3025 2884 3342 2956 intelligitur
3369 2887 3712 2941 sacerdotis:

448 2978 614 3031 tentia
636 2971 1004 3034 conﬁrmetﬁr.
1036 2978 1280 3036 Ezechiel
1301 2980 1444 3034 enim
1470 2981 1748 3050 propheta,
1775 2979 1874 3034 sub
1895 2987 2022 3052 typo
2123 2988 2245 3044 quae
2280 2974 2405 3028 dum
2454 2973 2720 3044 superbia?
2763 2975 2940 3031 dedita
2986 2975 3386 3032 sordidissimis
3422 2979 3712 3049 cogitatio-

451 3068 898 3136 prtevaricatricis
944 3068 1265 3136 Jerusalem,
1315 3072 1550 3126 ostendit
1598 3077 1720 3141 post
1761 3071 2022 3142 pteniten-
2123 3083 2253 3122 num
2284 3069 2552 3140 contagiis
2587 3070 2908 3137 maculatur,
2941 3077 3093 3128 extra
3134 3083 3312 3127 castra
3343 3081 3562 3144 septem
3593 3073 3705 3127 die-

452 3160 539 3215 tite
581 3161 1001 3218 satisfactidnem
1027 3163 1310 3233 pristinam
1354 3163 1648 3219 restaurari
1673 3178 1833 3232 posse
1863 3161 2024 3219 horio-
2124 3158 2249 3226 bus,
2283 3159 2386 3214 hoc
2415 3169 2520 3226 est,
2563 3169 2718 3216 extra
2767 3149 3068 3237 collegium.
3093 3175 3296 3219 sancta
3333 3163 3606 3220 Ecclesia:
3635 3178 3712 3219 se-

451 3268 584 3306 reni.
623 3272 639 3304 ι
680 3253 1039 3319 Confundere,
1085 3255 1274 3324 inquit,
1305 3271 1337 3310 ο
1372 3251 1530 3320 Juda,
1577 3263 1632 3311 et
1672 3265 1826 3325 porta
1873 3255 2022 3325 igno-
2063 3321 2094 3328 Α
2124 3261 2274 3323 ptem
2305 3255 2463 3309 annis
2482 3253 2832 3324 projiciatur:
2863 3257 2952 3312 ubi
3001 3257 3123 3328 post
3161 3260 3618 3315 emendationem
3643 3261 3716 3313 vi-

454 3345 674 3399 miniam
705 3354 850 3401 tuam
879 3347 1091 3421 (Eucti.
1117 3321 1251 3416 xvi).
1281 3367 1298 3399 ι
1337 3348 1402 3402 Et
1427 3355 1547 3418 post
1565 3321 1835 3418 paululum
1865 3321 1925 3402 τι
1957 3347 2023 3403 Et
2049 3321 2096 3388 α
2126 3321 2347 3412 iiorum,
2381 3321 2498 3402 loci
2522 3321 2608 3402 vel
2659 3347 2899 3416 pristina:
2936 3321 3213 3419 dignitatis
3268 3353 3508 3424 recipiet
3557 3355 3714 3408 nteri-

459 3443 536 3497 tu,
578 3437 772 3506 inquit,
799 3445 854 3491 et
881 3437 1001 3492 filia:
1031 3445 1134 3492 tuae
1161 3439 1492 3493 revertimini
1521 3441 1588 3494 ali
1623 3441 1907 3511 iniquitate
1935 3457 2024 3495 te
2125 3445 2258 3492 tum.
2294 3437 2432 3493 Ecce
2460 3437 2512 3492 in
2552 3446 2812 3507 quantum
2853 3439 3139 3506 valuimus,
3178 3443 3402 3498 concilii
3438 3443 3714 3514 antiquam

461 3533 592 3579 stra.
629 3547 646 3576 ›
682 3528 904 3594 Quando
947 3528 1102 3594 dixit,
1151 3545 1169 3580 ε
1199 3528 1547 3597 confundere,
1586 3551 1602 3584 ι
1634 3532 1870 3587 ostendit
1900 3541 2021 3602 post
2123 3529 2282 3600 plane
2313 3538 2369 3584 et
2405 3529 2561 3600 plena
2600 3533 2923 3588 auctoritate
2971 3535 3290 3590 sententiam
3332 3539 3518 3592 sacris
3569 3539 3712 3590 testi-

455 3617 824 3673 conl‘essiones
869 3617 921 3673 id
967 3633 1090 3674 esse
1141 3619 1350 3691 peccati
1394 3625 1547 3691 opus,
1593 3622 1789 3678 debere
1834 3635 2019 3693 quem-
2125 3623 2325 3679 montis
2377 3623 2683 3694 explanavi,
2715 3627 3005 3683 ostendens
3051 3643 3173 3682 eum
3203 3643 3369 3702 posse
3414 3631 3712 3685 restaurari

454 3723 614 3780 quam
639 3711 958 3768 erubescere
982 3728 997 3768 :
1019 3721 1073 3769 et
1103 3729 1200 3786 pro
1239 3715 1489 3770 admissis
1517 3717 1831 3784 sceleribus,
1868 3734 2020 3774 vere-
2124 3713 2348 3784 proprio
2381 3714 2609 3781 Ιιοηοτϐ,
2639 3717 2731 3786 (illi
2763 3731 2856 3788 De!
2883 3718 3217 3788 ρωηίιεηεὶεε
3261 3720 3712 3784 satisfaclimeﬂl.

454 3804 682 3859 cundam
729 3805 962 3862 frontem
1012 3808 1158 3862 humi
1191 3817 1514 3878 prostratam
1551 3811 1895 3883 demergere:
1921 3827 2020 3884 pro
2126 3805 2278 3859 ηονίι
2317 3806 2533 3875 propria
2563 3805 2756 3861 delicta
2804 3799 3022 3876 deﬂere.
3075 3807 3212 3864 Eum
3251 3825 3388 3865 vero
3419 3827 3536 3866 non
3569 3827 3716 3882 posse

453 3910 518 3950 eo
577 3897 718 3965 quod
773 3899 992 3970 dignum
1036 3899 1366 3956 confusionis
1413 3903 1816 3973 perpetravcrat
1863 3905 2017 3975 opus.
2124 3899 2443 3964 restaurari.
2467 3899 2558 3969 qui
2606 3901 2706 3956 neti
2749 3901 2894 3972 luget
2926 3917 3046 3972 qua;
3082 3905 3212 3975 egit,
3237 3913 3292 3960 et
3333 3905 3578 3977 lugenda
3613 3909 3716 3961 sive

455 3991 656 4046 Deinde
685 3991 939 4063 praecepit
995 4002 1053 4048 ut
1083 4001 1258 4065 portet
1287 3995 1634 4066 ignominiam
1673 3997 2021 4067 depositiOnis
2125 3993 2236 4048 11110
2262 3994 2469 4063 ρυᾶονθ
2493 3993 2786 4065 religionis.
2818 3993 2904 4051 Vel
2933 3997 3126 4066 timore
3153 3997 3346 4066 iudicii
3381 4000 3556 4054 divini
3583 4015 3718 4054 com-

457 4097 591 4147 sua:,
621 4081 812 4153 lugens
859 4099 980 4138 cum
1018 4071 1320 4140 humilitate
1361 4087 1503 4156 quod
1546 4097 1884 4156 peccaverat.
1931 4087 2022 4146 Sic
2126 4083 2312 4137 mittil.
2354 4079 2411 4137 in
2459 4083 2565 4138 ﬁne
2592 4092 2774 4138 autem
2817 4085 3060 4156 epistola
3093 4085 3196 4142 hoc
3220 4087 3598 4156 adiiCiendum
3621 4105 3714 4160 pu-

457 4187 671 4244 quoque
714 4176 958 4231 revocari
999 4177 1288 4231 secundum
1324 4180 1639 4248 prophetam
1688 4181 1754 4235 ad
1788 4183 2022 4251 priorem
2127 4177 2257 4241 tavi,
2286 4184 2346 4229 ut
2368 4175 2796 4246 quotiescunque
2821 4177 2876 4231 in
2912 4178 3079 4250 gestis
3108 4179 3478 4235 conciliorum
3509 4183 3714 4236 discors

457 4273 656 4320 statum
707 4267 924 4336 poterit.
976 4265 1106 4321 item
1162 4265 1398 4324 Joannes
1459 4271 1787 4342 evangelista
1835 4274 2027 4345 angelo
2127 4266 2393 4321 sententia
2432 4266 2726 4334 invenitur,
2767 4267 2909 4324 illius
2949 4269 3118 4340 magis
3163 4277 3420 4326 teneatur
3447 4273 3716 4326 sententia

455 4357 648 4428 Ephesi
678 4357 954 4425 Ecclesia,
995 4360 1136 4414 inter
1174 4370 1365 4416 caetera
1405 4362 1578 4418 simile
1607 4364 1860 4435 quiddam
1892 4367 2026 4422 scri-
2128 4357 2282 4428 cuius
2315 4357 2591 4426 antiquior
2621 4366 2676 4414 el
2703 4359 2882 4428 Ροῑίον
2903 4361 3113 4415 exstitit
3137 4363 3462 4417 auctoritas.

454 4448 596 4518 psit:
627 4466 646 4500 ι
675 4449 880 4504 Memor
902 4458 1040 4516 esto,
1079 4451 1270 4521 inquit,
1318 4453 1459 4508 unde
1504 4455 1788 4522 cecideris,
1830 4466 1885 4512 et
1928 4459 2009 4530 agt

2197 4447 2256 4502 ιιι
2293 4449 2520 4504 concilio
2568 4449 2732 4520 igitur
2773 4450 3098 4518 Hilerdensi,
3126 4467 3248 4523 cap.
3279 4453 3332 4517 5,
3363 4455 3436 4510 de
3487 4455 3584 4512 his
3632 4458 3717 4528 qui

456 4537 856 4609 paenitentiam,
882 4549 936 4596 et
975 4541 1147 4612 prima
1187 4556 1349 4613 opera
1391 4544 1509 4600 fac:
1543 4545 1783 4616 alioquin
1812 4549 2011 4604 veniam

2162 4539 2321 4594 ltario
2358 4540 2626 4605 serviunt,-
2651 4541 2698 4595 si
2725 4541 2904 4596 subito
2927 4542 3106 4597 carnis
3152 4541 3451 4614 fragilitate
3493 4558 3717 4599 corrue-

460 4629 576 4693 tibi,
627 4640 682 4686 et
731 4631 957 4686 movebo
1007 4632 1388 4688 candelabrum
1431 4642 1580 4690 tuum
1626 4637 1693 4692 de
1732 4638 1849 4694 loco
1908 4655 2015 4710 ejus

2164 4631 2260 4696 int,
2287 4638 2340 4684 et
2388 4631 2615 4688 Domino
2663 4632 2984 4701 respiciente
3023 4633 3182 4704 digne
3225 4636 3612 4704 pmnituerint,
3651 4639 3719 4690 ita

460 4683 651 4790 (Αμόεξ
668 4683 756 4791 ιι).
837 4683 914 4777 liii
929 4683 1142 4794 angelo:
1433 4683 2015 4803 piae—positu

2164 4728 2194 4776 it
2239 4723 2562 4779 mortiﬁcato
2609 4737 2835 4794 corpore
2879 4725 3059 4782 cordis
3114 4729 3334 4783 contriti
3385 4730 3719 4785 sacriﬁcium

461 4809 512 4864 id
550 4819 653 4876 est,
695 4793 1029 4868 sacerdotem
1069 4816 1325 4881 ostendit,
1357 4793 1510 4883 juxta
1559 4793 2016 4894 Malachiamiqu‘

2164 4817 2244 4869 Deo
2264 4814 2510 4879 offerant,
2536 4793 2792 4872 maneant
2813 4817 2866 4872 in
2890 4825 3161 4886 potestate
3191 4819 3492 4888 pontiﬁcis,
3527 4821 3612 4875 vel
3635 4837 3719 4873 vc-

459 4902 670 4957 dicitu
700 4903 862 4959 Labia
913 4907 1211 4961 sacerdotis
1263 4909 1572 4964 custodiunt
1615 4911 1917 4978 scientiam,
1975 4923 2030 4970 et
2135 4909 2331 4963 raciter
2356 4907 2582 4964 aﬂlictos
2624 4925 2731 4963 non
2776 4910 2868 4964 diu
2912 4910 3252 4980 suspendere,
3283 4909 3369 4964 vel
3418 4912 3718 4966 desidiosus

459 4991 628 5062 legem
663 4995 952 5065 exquirunt
990 4996 1058 5050 de
1085 5012 1178 5052 ore
1218 4997 1356 5068 ejus,
1385 5001 1509 5070 quia
1544 5002 1768 5074 angelus
1812 5005 2032 5062 Domini.
2130 4999 2407 5070 proliXiOTi
2437 5008 2676 5070 tempore
2725 5001 2792 5055 ab
2823 5000 3076 5056 Εεθιεεῖεε
3101 5016 3327 5071 corpore
3373 5016 3669 5073 δεεηῼτε
3703 5019 3714 5051 ³

458 5093 543 5139 est
570 5084 822 5156 (Malach.
849 5087 933 5158 ιι).
965 5107 983 5140 ι
1020 5087 1345 5159 Ρτωροεὶιιιε
1371 5106 1500 5162 ergo
1526 5092 1708 5164 lapsus
1736 5094 1788 5148 in
1813 5096 2013 5163 vitium1

2161 5101 2203 5145 ta
2234 5101 2436 5156 tamen,
2460 5100 2520 5146 ut
2568 5092 2645 5146 sic
2672 5090 2972 5147 officiorum
3021 5093 3132 5147 loca
3173 5094 3464 5164 recipiant,
3501 5111 3573 5148 ne

457 5195 554 5250 per
579 5179 962 5250 evangelistam
996 5193 1262 5251 monetur,
1291 5195 1352 5240 ut
1379 5201 1587 5243 memor
1616 5191 1686 5244 sit
1717 5191 1856 5245 unde
1887 5192 2028 5247 ceci—
2129 5183 2236 5238 Sint
2264 5184 2332 5238 ad
2380 5183 2574 5239 altiora
2622 5182 2795 5239 ofﬁcia
2842 5183 3066 5240 ulterius
3091 5186 3421 5254 promoveri.
3469 5185 3628 5251 Quod
3673 5186 3715 5237 si

460 5270 618 5335 derit,
648 5279 702 5325 et
744 5271 1116 5340 paenitentiam
1143 5285 1288 5346 agat,
1328 5286 1380 5331 ei
1418 5279 1592 5348 prima
1629 5277 1787 5334 faciat
1821 5296 2024 5352 opera;
2128 5273 2322 5329 iterato
2348 5274 2492 5328 velut
2523 5290 2685 5330 canes
2725 5274 2791 5328 ad
2825 5275 3086 5330 vomitum
3112 5277 3311 5331 reversi
3357 5275 3590 5340 fuerint,
3615 5295 3716 5330 uoti

461 5370 520 5414 ut
547 5377 650 5416 non
693 5370 969 5417 moveatur
1012 5365 1390 5423 candelabrum
1438 5369 1572 5438 ejus.
1606 5370 1740 5425 Nam
1779 5373 2028 5428 candelas
2128 5361 2300 5417 50'1"“
2326 5363 2585 5432 dignitate
2625 5362 2786 5419 OmCii
2831 5373 3074 5427 caream.
3120 5366 3214 5421 38d
3256 5366 3426 5419 etiam
3469 5376 3714 5421 salicum

460 5452 616 5506 brum
653 5454 861 5526 Angeli,
895 5456 1138 5512 doctrina
1181 5469 1263 5514 est
1312 5462 1662 5518 sacerdotalis
1690 5483 1702 5517 :
1729 5464 1810 5518 vel
1857 5465 2015 5521 honor

1908 5480 2030 5521 πιοιο
2127 5453 2584 5520 communionem,
2609 5454 2712 5508 nisi
2746 5454 2797 5508 in
2832 5454 2979 5510 exitu
3004 5470 3110 5509 non
3137 5455 3463 5524 percipiant.

459 5549 743 5615 potestatis
765 5564 924 5618 quam
954 5559 1148 5620 gestat,
1181 5551 1514 5620 intelligitur,
1539 5553 1692 5623 juxta
1723 5557 1864 5626 quod
1894 5559 2028 5612 scri-
2204 5563 2336 5619 Item
2363 5564 2415 5618 in
2439 5563 2668 5619 concilio
2696 5564 3147 5636 Carthaginiensi,
3173 5581 3295 5621 can.
3327 5566 3422 5631 27,
3451 5568 3714 5637 scripturn

460 5647 607 5706 ptum
655 5647 738 5694 est
790 5642 930 5710 apud
982 5641 1286 5696 Samuelem
1333 5643 1384 5696 in
1433 5644 1828 5702 damnationem
1863 5648 2024 5706 Heli:
2133 5660 2215 5708 est
2243 5654 2384 5724 quod
2411 5655 2710 5726 presbyteri
2737 5664 2792 5711 et
2820 5656 3030 5712 diaconi
3057 5657 3109 5711 in
3131 5656 3366 5727 graviori
3393 5657 3554 5727 culpa
3583 5675 3712 5712 coa-

467 5745 484 5777 ι
513 5727 662 5781 Oculi
697 5729 813 5798 ejus
843 5732 1221 5800 raligaverant,
1269 5744 1609 5812 neclpoterat
1646 5739 1826 5794 videre
1854 5740 2027 5797 lucer-
2133 5745 2280 5810 victi,
2307 5762 2496 5801 manus
2519 5747 2912 5817 impositionem
2935 5757 3192 5820 tanquam
3215 5749 3336 5804 laici
3363 5763 3712 5820 nequaquam

463 5835 585 5872 nam
612 5820 1036 5914 Dei,antequam
1061 5823 1495 5894 exstingueretur
1517 5828 1568 5898 (ι
1593 5827 1714 5900 Reg.
1741 5832 1843 5902 ιιι).
1877 5853 1894 5883 ι
1919 5835 2026 5889 Lu—
2134 5839 2448 5907 suscipiant.
2474 5838 2861 5894 Confirmatum
2888 5850 2993 5907 est,
3019 5852 3080 5895 ut
3101 5843 3146 5896 si
3169 5843 3385 5912 quando
3405 5843 3710 5914 presbyteri

461 5925 626 5966 ceina
651 5913 846 5984 quippe
875 5914 970 5968 Dei
1001 5915 1197 5980 fuerat,
1235 5918 1448 5986 quando
1477 5919 1733 5989 dignitate
1775 5928 2024 5982 sacerdo-
2133 5929 2215 5982 vel
2245 5927 2457 5984 diaconi
2485 5929 2538 5983 in
2577 5929 2755 6000 aliqua
2781 5931 3014 6004 graviori
3044 5931 3200 6008 culpa
3223 5933 3460 5991 convicti
3485 5913 3704 5996 fuerint.
