3938 6334
199 528 341 587 μοις

1433 527 1938 589 PCENITENTIUM
1968 532 2194 591 LIBER.

3314 543 3454 601 1406

199 661 307 718 qua
336 657 436 701 eos
472 657 509 699 a
538 641 841 699 ministerio
868 655 1092 698 necesse
1134 640 1209 697 sit
1238 641 1524 711 removeri,
1552 656 1661 699 non
1698 644 1779 701 eis
1801 648 1851 710 Α
1880 645 2076 702 mulier
2122 647 2259 705 duos
2282 647 2501 719 fratres,
2532 660 2624 709 aut
2672 654 2717 710 si
2762 654 2884 723 quis
2924 651 3012 711 vir
3060 652 3195 711 duas
3241 669 3459 710 sorores

198 751 396 795 manus
420 743 679 805 tanquam
710 732 1100 805 penitentibus
1126 732 1281 790 laicis
1305 733 1614 805 imponatur
1643 752 1780 793 :ne-

198 841 306 901 que
322 823 742 898 permittendum
785 831 845 878 ut
872 820 1193 894 rebaptizati
1242 822 1311 879 ad
1338 823 1626 882 clericatus
1648 840 1778 899 gra-

200 918 331 977 dum
352 923 794 992 pmmoveantur.

400 1049 532 1108 Car.
562 1048 631 1106 Π.
652 1074 725 1091 -ιι-
743 1047 824 1106 De
848 1049 1063 1106 incestis
1090 1050 1563 1124 conjunctionibus.

270 1189 349 1246 De
371 1188 594 1245 incestis
617 1185 1088 1259 coniunctionibus
1115 1188 1170 1243 in
1203 1187 1439 1247 concilio
1458 1189 1777 1263 Agatbensi,

202 1296 320 1353 cap.
353 1279 546 1347 Gi,ita
590 1279 851 1350 scriptum
896 1287 1021 1335 est:
1069 1279 1299 1336 incestis
1342 1280 1606 1354 coniugiis
1646 1280 1782 1339 nihil

200 1388 427 1443 prorsus
446 1371 616 1427 veniae
646 1384 1010 1437 reservamus,
1034 1370 1143 1426 nisi
1182 1386 1303 1427 cum
1334 1371 1661 1429 adulterium
1690 1389 1779 1430 se-

201 1462 480 1532 paratione
524 1460 852 1519 sanaverint.
894 1458 1136 1516 incestos
1180 1476 1310 1516 vero
1356 1458 1501 1516 nullo
1549 1461 1778 1537 coniugii

204 1552 418 1609 nomine
441 1551 792 1624 deputandos,
818 1567 955 1623 quos
1002 1552 1164 1609 etiam
1194 1552 1479 1626 designare
1506 1552 1778 1613 funestum

200 1652 304 1699 est.
336 1641 445 1699 Hos
473 1644 619 1700 enim
645 1659 767 1701 esse
794 1642 1076 1701 censemus
1106 1663 1119 1699 :
1151 1644 1208 1700 Si
1238 1645 1358 1718 quis
1396 1646 1639 1703 relictam
1665 1646 1781 1703 fra-

203 1736 322 1805 tris,
343 1750 462 1807 quaz-
484 1751 622 1807 pene
646 1736 798 1808 prius
819 1752 973 1793 soror
995 1738 1299 1804 exstiterat,
1323 1739 1526 1795 carnali
1555 1738 1780 1809 coniun-

201 1828 380 1883 ctione
417 1826 714 1885 violaverit.
742 1827 803 1884 Si
832 1829 953 1900 quis
981 1829 1167 1886 fratris
1194 1846 1509 1902 germanam
1554 1848 1779 1890 uxorem

201 1918 490 1988 acceperit.
520 1916 575 1973 Si
603 1918 725 1987 quis
760 1935 1054 1977 novercam
1087 1921 1321 1977 duxerit.
1352 1920 1410 1977 Si
1446 1922 1567 1993 quis
1590 1939 1781 1982 conso-

1875 735 2110 803 duxerit,
2138 752 2170 793 a
2196 742 2903 800 communionaabstineant
2922 758 3093 814 usque
3109 744 3179 799 ad
3204 753 3453 801 mortem.

1876 828 1935 889 In
1964 838 2139 887 morte
2181 831 2264 889 eis
2307 835 2615 891 communio
2638 851 2740 907 pro
2780 836 3153 895 misericordia
3177 838 3351 895 detur.
3396 837 3455 893 Si

1880 929 2007 977 vero
2034 920 2434 992 supervixerint
2474 926 2852 982 communione
2894 934 3138 997 accepta,
3166 934 3221 985 et
3262 925 3330 982 de
3360 929 3447 983 in-

1875 1005 2135 1067 firmitate
2166 1012 2562 1081 convaluerint,
2614 1023 2778 1087 agant
2816 1014 3035 1089 plenam
3078 1012 3455 1089 paenitentiam

1876 1105 2138 1170 tempore
2149 1102 2462 1158 constituto.

1945 1188 2079 1246 item
2129 1191 2183 1246 in
2232 1191 2451 1249 Canone
2493 1193 2873 1265 apostolorum,
2907 1208 3025 1265 cap.
3056 1190 3165 1263 l9,’
3194 1195 3455 1267 scriptum

1877 1291 1960 1339 est
1989 1302 2002 1339 :
2031 1283 2134 1353 Qui
2161 1280 2294 1343 duas
2331 1286 2385 1342 in
2413 1285 2722 1359 coniugium
2747 1303 2961 1345 sorores
2993 1287 3284 1361 acceperit,
3310 1296 3372 1345 ut
3394 1288 3455 1344 li-

1876 1372 2007 1430 liam
2040 1373 2245 1443 fratris,
2269 1375 2501 1433 clericus
2526 1392 2646 1435 esse
2673 1394 2779 1437 non
2804 1378 3026 1455 poterit.

1973 1506 2101 1564 Cap.
2137 1508 2225 1565 iii.
2249 1538 2321 1552 —
2338 1510 2420 1567 De
2438 1511 2521 1567 Itis
2546 1513 2639 1584 qui
2673 1511 2991 1569 adulterium
3012 1513 3360 1569 Mum.

1948 1632 2285 1696 Adulterium
2334 1649 2516 1698 autem
2566 1658 2675 1700 non
2726 1642 2901 1701 solum
2942 1644 3029 1701 tea
3074 1643 3319 1712 deamat,
3362 1643 3460 1701 sed

1879 1731 2045 1787 etiam
2067 1732 2375 1803 evangelica
2397 1734 2693 1790 auctoritas
2708 1736 2930 1791 omnino
2957 1734 3073 1790 ﬁeri
3103 1742 3271 1792 vetat.
3306 1735 3465 1791 Unda

1880 1830 1936 1878 et
1976 1823 2155 1879 sancti
2181 1822 2391 1890 Patres,
2422 1823 2630 1881 scelesti
2658 1822 2973 1898 magimerio
3016 1825 3230 1891 imbui,
3254 1823 3322 1881 de
3358 1825 3463 1882 hoc

1881 1913 2009 1986 quid
2052 1914 2379 1970 servaan
2422 1915 2496 1970 sit
2538 1917 2904 1971 sancivel'unt.
2934 1915 3069 1970 Nam
3096 1912 3151 1971 in
3176 1915 3463 1987 Ancyram

200 2010 371 2067 brime
400 2026 509 2066 suae
548 2024 605 2067 se
637 2012 944 2069 sociaverit.
973 2013 1125 2082 Quod
1152 2015 1229 2070 ita
1250 2016 1506 2087 praesenti
1535 2025 1780 2089 tempore
1806 2004 1854 2069 B
1882 2007 2133 2074 concilio,
2163 2022 2284 2079 cap.
2320 2007 2406 2072 18,
2454 2009 2529 2064 ita
2576 2010 2840 2080 scriptum
2870 2017 2955 2065 est
2983 2026 2998 2064 :
3028 2007 3089 2065 Si
3124 2008 3279 2081 cuius
3325 2020 3463 2064 uxor

200 2100 563 2172 prohibemus,
593 2111 650 2159 ut
672 2103 744 2159 ita
769 2120 831 2161 ea
857 2120 977 2176 quae
1019 2114 1147 2162 sunt
1172 2115 1298 2163 ante
1338 2123 1436 2164 nos
1480 2110 1777 2165 constituta

201 2209 304 2249 non
328 2190 702 2253 dissolvamus.
739 2195 796 2253 Si
825 2198 948 2268 quis
974 2197 1176 2253 relictae
1217 2198 1300 2254 vel
1336 2199 1460 2255 ﬁliae
1488 2208 1578 2255 aut
1607 2217 1780 2257 avun—

201 2282 311 2341 culi
331 2284 642 2355 misceatur,
665 2298 758 2344 aut
783 2289 953 2361 patris
975 2289 1097 2345 filice
1122 2290 1207 2346 vel
1227 2291 1488 2364 privignae
1512 2308 1623 2350 suae
1651 2310 1785 2350 con-

201 2372 382 2433 cubitu
406 2378 691 2448 polluatur.
725 2378 867 2437 Sane
896 2381 1091 2453 quibus
1137 2380 1443 2452 coniunctio
1474 2382 1658 2441 illicita
1693 2384 1779 2440 in-

202 2468 500 2537 terdicitur,
529 2470 810 2557 babebunt
835 2472 1057 2529 ineundi
1085 2473 1320 2540 melioris
1348 2473 1581 2553 coniugii
1609 2475 1777 2534 liber-

204 2570 388 2619 tatem.

269 2654 402 2711 Item
447 2655 514 2711 de
539 2654 740 2712 eisdem
782 2656 835 2712 in
865 2657 1097 2713 concilio
1119 2656 1515 2726 Aurelianensi,
1540 2675 1660 2733 cap.
1690 2661 1777 2729 ii,

203 2748 462 2817 scriptum
492 2756 576 2803 est
607 2767 619 2803 :
649 2744 726 2804 Ne
754 2748 921 2804 frater
957 2765 1119 2820 super
1160 2751 1375 2807 thorum
1402 2750 1642 2808 defuncti
1667 2751 1779 2809 fra-

203 2841 298 2896 tris
323 2840 596 2897 ascendat.
626 2840 703 2896 Ne
723 2842 1027 2912 quisquam,
1050 2841 1245 2898 amissa
1273 2858 1460 2910 uxore,
1489 2843 1663 2899 sorori
1684 2859 1781 2898 au-

203 2932 327 2988 deat
358 2928 578 2988 soclari.
610 2928 762 3003 Quod
788 2931 832 2989 si
858 2926 1066 3001 fecerit,
1095 2930 1165 2990 ab
1193 2933 1563 2990 ecclesiastica
1593 2935 1778 2991 distri-

203 3024 378 3082 ctione
407 3018 654 3079 ibriatur.

271 3118 401 3173 item
428 3118 494 3173 de
520 3114 725 3172 eisdem
752 3113 805 3172 in
835 3114 1066 3175 concilio
1092 3104 1417 3182 iiiierdensi,
1461 3122 1583 3187 cap.
1612 3114 1666 3182 4,
1707 3116 1782 3173 ita

203 3207 403 3263 dictum
429 3215 513 3264 est
537 3226 550 3263 :
577 3207 676 3276 Qui
719 3223 778 3264 se
820 3207 1011 3264 incesti
1040 3205 1333 3277 pollutione
1358 3206 1779 3277 commaculant,

1880 2099 2177 2157 adulterata
2206 2100 2389 2170 fuerit,
2422 2102 2508 2159 vel
2535 2104 2581 2158 si
2608 2104 2722 2175 ipse
2758 2103 3079 2159 adulterium
3111 2103 3459 2167 commiserit,

1879 2196 2085 2263 septern
2117 2202 2382 2248 annorum
2402 2194 2780 2265 pmnitentiam
2810 2202 3080 2265 agentem,
3102 2201 3316 2267 oportet
3338 2204 3462 2249 eum

1878 2284 2129 2356 persequi
2157 2284 2453 2340 secundum
2477 2285 2738 2355 pristinos
2765 2276 2983 2357 gradus.
3318 2285 3325 2293 ’

1944 2376 2084 2431 item
2115 2372 2169 2431 in
2195 2376 2453 2433 Africano
2471 2377 2721 2445 concilio,
2750 2390 2871 2449 cap.
2900 2378 2993 2444 69',
3019 2378 3087 2435 de
3108 2377 3195 2434 his
3214 2377 3305 2448 qui
3330 2390 3465 2434 uxo-

1880 2480 1971 2527 res
1996 2474 2092 2525 aut
2124 2480 2246 2541 quas
2280 2471 2427 2527 viros
2468 2471 2767 2540 dimittunt,
2802 2479 2863 2527 ut
2906 2472 2986 2528 sic
3014 2478 3292 2539 maneant;
3325 2470 3465 2526 scri-

1878 2570 2031 2634 ptum
2057 2570 2142 2619 est
2164 2580 2179 2618 :
2202 2560 2432 2630 Placuit,
2456 2570 2517 2619 ut
2543 2564 2838 2621 secundum
2863 2563 3229 2636 evangelicum
3254 2570 3312 2619 et
3335 2576 3469 2634 apo-

1881 2652 2128 2709 stolicam
2156 2654 2521 2735 disciplinain,
2549 2668 2725 2726 neque
2751 2653 3007 2712 dimissus
3048 2653 3118 2710 ab
3144 2669 3334 2721 uxore,
3364 2668 3465 2709 ne-

1881 2746 1989 2815 que
2030 2744 2258 2801 dimissa
2306 2758 2340 2801 a
2387 2747 2605 2812 marito,
2653 2745 2813 2802 alteri
2863 2745 3244 2817 coniungatur,
3292 2753 3355 2800 ut
3390 2743 3465 2798 ita

1882 2843 2157 2902 maneant,
2189 2843 2285 2891 aut
2328 2836 3011 2895 sibimet'reconcilientur.
3043 2836 3199 2905 Quod
3243 2836 3289 2893 si
3337 2848 3491 2895 con-o

1884 2928 2222 2998 manserint.
2243 2928 2313 2984 ad
2337 2929 2714 2999 paenitentiam
2736 2926 3051 3000 redigantur
3066 2948 3079 2985 :
3094 2929 3150 2985 in
3168 2940 3279 3001 qua
3296 2940 3465 2987 ausa

1805 3029 1817 3039 °
1882 3018 2057 3091 legem
2089 3018 2427 3090 imperiale-1
2453 3019 2736 3089 petendam
2758 3019 3113 3091 promulgari.

1952 3110 2089 3167 item
2134 3110 2190 3167 in
2218 3112 2455 3168 decretis
2502 3112 2798 3170 Innocentii
2842 3128 3015 3185 papa,
3065 3129 3187 3186 cap.
3212 3111 3304 3181 ﬂ,
3332 3112 3470 3169 scri-

1882 3210 2034 3275 ptum
2064 3211 2148 3260 est
2198 3204 2343 3275 quod
2381 3203 2482 3259 viri
2514 3218 2638 3260 cum
2669 3202 2932 3260 adulteris
2972 3219 3080 3259 non
3094 3202 3464 3260 mvenlant.

200 3299 400 3372 placuit
425 3312 705 3373 quousque
736 3300 791 3356 in
820 3300 939 3372 ipso
958 3300 1276 3357 detestanda
1299 3308 1355 3356 et
1380 3300 1570 3357 illicito
1598 3302 1780 3359 carnis
1816 3366 1852 3373 _
1882 3296 1953 3355 Et
1995 3297 2128 3354 illud
2176 3297 2539 3354 desideratum
2569 3303 2653 3354 est
2678 3297 2807 3354 sciri
2856 3312 2960 3355 cur
3001 3296 3466 3354 communicantes

202 3366 553 3459 contubernio
591 3366 957 3465 perseverant,
985 3406 1156 3464 usque
1196 3393 1263 3449 ad
1299 3394 1520 3449 missam
1569 3398 1778 3450 tantum
1805 3366 1853 3431 θ
1883 3390 1986 3447 viri
2035 3402 2159 3445 cum
2208 3388 2473 3445 adulteris
2514 3388 2776 3444 uxoribus
2808 3404 2915 3445 non
2963 3386 3307 3452 conveniant,
3339 3400 3465 3442 cum
3529 3373 3536 3383 ’

204 3483 711 3539 catechumeuorum
744 3482 801 3539 in
820 3482 1049 3539 ecclesia
1070 3482 1476 3555 permittuntur.
1500 3483 1633 3540 cum
1661 3486 1781 3556 qui.

200 3576 302 3633 bus
319 3578 483 3632 etiam
510 3586 608 3633 nec
636 3578 815 3634 cibum
835 3590 1050 3633 sumere
1071 3577 1164 3632 ulli
1186 3577 1643 3635 Christianorum.
1670 3579 1780 3635 sic-

200 3676 261 3726 ut
288 3669 577 3740 Apostolus
595 3670 756 3737 iussit
783 3664 835 3742 (l
866 3668 990 3723 Cor.
1015 3668 1089 3739 ν),
1116 3677 1347 3739 Oportet.

274 3760 407 3816 item
463 3760 531 3815 de
576 3760 663 3816 his
714 3758 768 3815 in
802 3759 1091 3831 'Ancyrano
1134 3759 1380 3824 concilio,
1413 3772 1534 3830 cap.
1574 3756 1665 3825 21,
1706 3758 1783 3816 ita

203 3852 465 3922 scriptum
484 3859 569 3906 est
593 3869 607 3905 :
629 3850 858 3919 Quidam
879 3864 1132 3923 sponsam
1152 3849 1375 3915 habens,
1400 3862 1646 3906 sororem
1667 3849 1785 3920 eius

202 3943 442 4011 violarit,
469 3952 523 3999 et
549 3942 827 4013 gravidam
869 3941 1104 3998 reddidit
1131 3960 1143 3995 :
1175 3942 1518 4012 postmodum
1554 3941 1787 4013 despon-

204 4044 383 4092 satam
404 4035 506 4092 sibi
531 4035 690 4091 dunt
712 4046 957 4089 uxorem.
980 4033 1074 4088 illa
1119 4047 1248 4088 vero
1272 4048 1392 4104 quae
1420 4038 1674 4105 corrupta
1700 4041 1789 4088 est

202 4128 395 4200 laqueo
422 4143 482 4185 se
526 4126 773 4199 peremit.
806 4126 870 4181 lii
898 4126 990 4196 qui
1020 4123 1237 4182 fuerunt
1268 4125 1492 4191 conscii,
1523 4132 1646 4195 post
1685 4124 1784 4179 de-

205 4236 427 4279 cennem
458 4218 883 4277 satisfactionem
922 4217 1061 4288 iussi
1091 4226 1219 4275 sunt
1263 4218 1538 4290 suscipere
1583 4219 1787 4291 gradus

202 4314 535 4389 paenitentiae
560 4313 905 4369 constitutos.

272 4403 401 4460 item
433 4404 489 4460 in
528 4402 949 4461 Neocresariensi
968 4400 1214 4469 concilio,
1245 4416 1366 4471 cap.
1392 4399 1451 4467 ἢ,
1480 4402 1556 4457 ita
1580 4402 1783 4458 dictum

203 4506 289 4554 cst
336 4500 403 4553 de
432 4497 517 4553 bis
540 4511 661 4567 qua
700 4496 910 4552 duobus
949 4493 1203 4550 fratribus
1245 4495 1544 4564 nupserim,
1571 4494 1657 4551 vel
1690 4496 1785 4567 qui

203 4592 341 4646 duas
384 4602 602 4647 sorores
642 4598 841 4644 uxores
877 4586 1226 4659 acceperint:
1256 4582 1446 4642 Mulier
1485 4587 1530 4643 si
1572 4587 1785 4644 duobus

202 4682 463 4742 fratribus
482 4682 746 4755 nupserit,
770 4680 1056 4752 abiiciatur
1092 4692 1264 4751 usque
1301 4679 1369 4735 ad
1395 4688 1647 4736 mortem.
1679 4680 1784 4735 Ve-

203 4782 511 4832 rumtamen
536 4773 593 4828 in
614 4770 767 4828 Exitu
797 4779 1018 4842 propter
1040 4769 1487 4834 misericordiam,
1505 4768 1551 4824 si
1576 4770 1783 4839 promi-

164 4888 172 4892 ·
201 4866 336 4923 serit
388 4864 535 4937 quod
557 4862 702 4919 facta
732 4860 1016 4917 incolumis
1054 4860 1214 4929 huius
1249 4859 1645 4929 coniunctionis
1668 4859 1787 4914 vin-

200 4957 327 5013 cuia
379 4954 636 5013 dissolvat
659 4984 677 5020 ,-
727 4954 962 5010 fructum
1017 4952 1351 5023 penitentisc
1397 4959 1781 5023 consequatur.

201 5051 357 5121 Quod
406 5050 450 5107 si
483 5048 745 5107 defecerit
769 5047 962 5103 mulier
989 5055 1082 5102 aut
1120 5046 1207 5104 vir
1238 5046 1294 5101 in
1321 5046 1518 5102 talibus
1559 5047 1785 5118 nuptiis;

203 5141 439 5200 difﬁcilis
460 5141 567 5197 erit
591 5138 907 5213 ptenitcntia
930 5137 987 5192 in
1009 5137 1121 5192 vita
1146 5136 1501 5208 permanenti.

277 5234 411 5291 Item
437 5234 502 5289 de
544 5232 633 5289 his
653 5232 744 5303 qui
776 5229 987 5286 duabus
1029 5227 1306 5286 sororibus
1334 5228 1675 5299 copuiantur,
1725 5244 1780 5283 .n

203 5326 605 5383 Heliberritano
623 5322 873 5389 concilio,
901 5336 1019 5391 cap.
1051 5320 1140 5386 61,
1171 5320 1246 5377 ita
1274 5320 1533 5391 scriptum
1569 5329 1695 5377 est:
1726 5321 1785 5377 Si

205 5417 329 5490 quis
350 5426 472 5487 post
495 5415 699 5471 obitum
724 5412 914 5469 uxoris
933 5426 1045 5469 sum
1065 5422 1304 5469 sororem
1332 5410 1447 5479 eius
1470 5410 1707 5480 duxerit,
1731 5420 1787 5469 et

206 5508 324 5580 ipsa
378 5505 536 5562 fuerit
584 5504 797 5569 ﬁdelis,
855 5500 1278 5572 quinquennium
1329 5516 1359 5555 a
1408 5502 1785 5559 communione

114 5580 123 5589 ’
205 5600 412 5675 placuit
438 5597 723 5664 abstineri,
751 5594 853 5651 nisi
885 5591 1024 5649 forte
1068 5588 1304 5648 velocius
1327 5593 1441 5649 dari
1476 5609 1664 5666 pacem
1692 5610 1787 5651 ne-

207 5692 442 5749 cessitas
463 5690 702 5760 coegerit
730 5685 1081 5743 inﬁrmitatis.

279 5783 413 5839 item
446 5782 513 5837 de
541 5781 764 5835 muliere
793 5790 913 5850 qua:
942 5777 1077 5831 duos
1107 5773 1306 5831 fratres
1334 5776 1499 5832 sumit
1524 5779 1578 5832 in
1604 5776 1788 5849 coniu-

209 5874 323 5950 gio,
370 5872 455 5931 vel
498 5872 582 5928 vir
623 5871 715 5942 qui
757 5870 891 5925 duas
932 5880 1147 5924 sorores
1180 5868 1449 5936 habuerit,
1477 5870 1531 5925 in
1558 5870 1787 5928 concilio

212 5966 427 6024 Martini
466 5962 728 6037 episcopi,
757 5976 877 6035 cap.
910 5956 994 6021 78,
1027 5958 1101 6013 ita
1143 5958 1402 6033 scriptum
1426 5968 1548 6019 est:
1580 5956 1638 6018 Si
1679 5962 1787 6039 qua’

1882 3490 2072 3539 contra
2097 3484 2295 3538 uiores
2316 3483 2371 3537 in
2396 3479 2673 3537 consortio
2691 3479 3061 3537 adulterorum
3085 3479 3324 3536 virorum
3350 3493 3467 3534 ma-

1880 3588 2012 3629 nere
2038 3573 2343 3629 videantur.
2378 3571 2553 3644 Super
2576 3572 2682 3628 hoc
2710 3570 3019 3651 Christiana
3049 3571 3240 3642 religio
3266 3571 3469 3627 adulte-

1882 3665 2023 3719 rium
2059 3664 2117 3719 in
2146 3673 2378 3735 utroque
2402 3678 2537 3719 sexu
2578 3662 2696 3733 pari
2728 3663 2939 3719 ratione
2980 3663 3323 3718 condemnat.
3357 3661 3466 3718 Sed

1881 3755 2029 3810 viros
2069 3768 2198 3810 suos
2234 3753 2491 3809 mulieres
2527 3768 2636 3808 non
2673 3752 2831 3809 facile
2879 3752 2946 3808 de
2994 3751 3261 3807 adulterio
3305 3758 3468 3806 accn-

1884 3852 2027 3909 sant,
2050 3851 2106 3899 et
2130 3859 2239 3900 non
2276 3844 2476 3899 habent
2498 3843 2722 3900 latentia
2756 3851 2978 3914 peccata
3000 3842 3317 3898 vindictam.
3348 3839 3465 3899 Viri

1885 3946 2066 3994 autem
2094 3936 2317 3993 liberius
2341 3951 2540 3992 uxores
2568 3936 2843 3992 adulteras
2868 3936 3007 4007 apud
3036 3934 3346 3992 sacerdotes
3373 3934 3468 3990 de-

1884 4027 2027 4084 ferre
2054 4034 2450 4083 consueverunt
2476 4040 2491 4081 :
2520 4034 2576 4083 et
2618 4026 2741 4083 ideo
2769 4025 3103 4091 mulieribus,
3125 4025 3340 4097 prodito
3376 4039 3469 4082 ea-

1886 4134 2007 4173 rum
2036 4117 2283 4183 crimine,
2316 4117 2624 4173 communio
2646 4117 2961 4189 denegatur.
2996 4113 3245 4172 Virorum
3283 4124 3465 4172 autem

1884 4211 2088 4267 latente
2116 4209 2427 4276 commisso,
2468 4224 2577 4266 non
2607 4208 2764 4266 facile
2789 4208 3073 4280 quisquam
3104 4222 3171 4264 ex
3200 4208 3464 4279 suspicio-

1885 4303 2047 4361 nibus
2090 4301 2411 4359 abstinetur.
2440 4300 2544 4370 Qui
2585 4303 2770 4372 utique
2818 4300 3242 4364 submovebitur,
3276 4300 3321 4355 si
3348 4297 3464 4367 eius

1884 4394 2148 4468 ﬂagitium
2193 4393 2496 4465 delegatur.
2551 4392 2684 4450 Cum
2733 4407 2863 4465 ergo
2902 4408 3004 4465 par
3050 4406 3211 4449 causa
3243 4391 3334 4459 sit,
3379 4391 3456 4445 in-

1885 4488 2099 4547 terdum
2126 4487 2446 4559 probatione
2468 4494 2737 4555 cessante,
2758 4487 3011 4546 vindicta:
3040 4487 3181 4543 ratio
3209 4486 3464 4557 conquie-

1887 4582 2011 4639 scit.

1956 4673 2093 4733 item
2120 4673 2175 4729 in
2214 4671 2455 4743 eiusdem
2485 4670 2737 4737 decretis,
2761 4684 2880 4741 cap.
2909 4669 3001 4738 27,
3034 4670 3293 4742 scriptum
3334 4676 3418 4727 est
3446 4687 3460 4725 :

1808 4714 1860 4800 Ῐ)
1887 4714 2042 4834 Ωιιῶ
2065 4764 2122 4820 hi
2150 4714 2635 4836 qui’intercedente
2662 4714 2886 4834 repudio
2911 4714 3201 4819 divortium
3226 4760 3463 4834 pertule-

1884 4868 2035 4922 runt,
2087 4855 2133 4912 si
2181 4870 2242 4911 se
2269 4852 2390 4911 aliis
2430 4854 2635 4925 nuptiis
2680 4853 3041 4925 adiunxerint,
3082 4853 3305 4909 adulteri
3343 4869 3464 4911 esse

1884 4954 2280 5005 monstrentur.
2316 4944 2394 5001 De
2440 4945 2526 5001 his
2552 4946 2718 5002 etiam
2766 4944 3048 5016 requisivit
3090 4944 3304 5002 dilectio
3350 4953 3463 5013 tua,

1885 5044 2000 5115 qui,
2030 5041 2427 5098 interveniente
2455 5039 2697 5110 repudio,
2728 5039 2818 5095 alii
2841 5055 2901 5097 se
2926 5039 3269 5097 matrimonio
3295 5054 3463 5110 copu-

1884 5136 2067 5193 larunt
2096 5154 2109 5190 :
2136 5148 2274 5206 quos
2310 5133 2366 5190 in
2402 5142 2633 5204 utraque
2678 5140 2831 5203 parte
2864 5132 3138 5189 adulteros
3178 5148 3299 5190 esse
3345 5148 3463 5188 ma-

1882 5225 2140 5283 nifestum
2166 5231 2269 5278 est.
2313 5223 2416 5291 Qui
2443 5238 2573 5279 vero
2621 5220 2707 5277 vel
2748 5236 2915 5278 uxore
2943 5222 3179 5290 vivente,
3215 5223 3465 5294 quamvis

1883 5319 2233 5377 dissociatum
2262 5317 2511 5373 videatur
2556 5330 2676 5372 esse
2722 5315 3054 5388 coniugium,
3082 5316 3150 5371 ad
3184 5316 3341 5371 aliam
3373 5330 3465 5371 co-

1882 5411 2064 5485 pulam
2112 5408 2462 5476 festinarunt,
2503 5421 2678 5479 neque
2707 5415 2933 5479 possunt
2981 5407 3208 5463 adulteri
3240 5421 3346 5462 non
3386 5408 3463 5463 vi-

1884 5504 2001 5562 deri
2035 5522 2049 5559 :
2080 5503 2368 5561 intentum
2400 5502 2585 5569 etiam,
2606 5508 2666 5556 ut
2690 5502 2774 5559 hae
2814 5516 3061 5573 personae
3096 5499 3293 5569 quibus
3331 5500 3467 5559 tales

1888 5595 2159 5667 coniuncti
2202 5602 2345 5659 sunt,
2392 5594 2555 5661 etiam
2591 5593 2723 5665 ipsa:
2769 5593 3092 5650 adulterium
3130 5593 3466 5652 commisisse

1886 5689 2174 5745 videantur
2203 5707 2215 5743 :
2251 5687 2544 5745 secundum
2576 5687 2704 5742 illud
2748 5686 2891 5757 quod
2936 5685 3159 5755 legimus
3201 5687 3253 5741 in
3282 5687 3458 5743 Evan-

1886 5780 2064 5853 gelio:
2104 5800 2122 5833 ‹
2158 5778 2258 5848 Qui
2287 5776 2550 5835 dimiserit
2587 5774 2809 5834 nitorem
2833 5788 3007 5841 suam,
3027 5774 3084 5831 et
3116 5772 3274 5832 aliam
3299 5778 3464 5833 duxe-

1885 5875 1977 5942 rit,
2008 5875 2328 5959 mceelgatur.
2372 5870 2636 5927 Similiter
2677 5877 2734 5925 et
2772 5869 2865 5939 qui
2915 5867 3191 5925 dimissam
3227 5870 3461 5938 duxerit,

1885 5952 2190 6025 mtechatur
2210 5952 2426 6035 (ΗααΙι.
2448 5959 2525 6033 v').
2555 5978 2573 6013 ι
2604 5954 2672 6015 Et
2690 5954 2812 6015 ideo
2831 5962 3020 6018 omnes
3040 5973 3073 6016 a
3089 5972 3466 6021 communione
