3938 6334
445 444 584 505 ιιοτ

1052 438 1116 495 Β.
1163 437 1416 495 BABANI
1457 437 1679 495 MAURI
1712 435 2031 492 ARCHIEP.
2073 433 2382 491 MOGUNT.
2413 433 2704 492 OPEBUM
2755 433 2934 489 PARS
2972 433 3056 489 III.

3599 435 3732 491 M08

448 564 832 620 abstiimuuogtr
864 561 942 618 De
996 559 1312 633 parentibus
1362 568 1542 614 autem
1585 565 1678 613 aut
1721 556 2044 628 propinquis
2062 558 2117 621 Α
2141 567 2199 611 se
2219 554 2388 611 sacris
2417 553 2716 624 virginibus
2743 552 2978 618 sociant,
3000 560 3056 606 et
3093 548 3300 606 foedera
3335 550 3552 608 incesta
3583 567 3732 607 com-

447 671 636 714 eorum
657 655 794 712 nihil
822 655 928 711 tale
953 654 1122 710 statui
1146 661 1346 726 potest,
1374 650 1480 708 nisi
1527 651 1836 706 incentores
1862 647 2036 704 illiciti

452 747 716 806 consortii
739 746 908 802 fuisse
931 747 1270 817 detegantur.
1324 731 1372 768 ⁸

516 839 573 894 In
597 837 828 895 concilio
853 851 1068 908 quoque
1097 835 1518 900 Heliberritano,
1560 848 1680 905 cap.
1709 833 1764 900 9,
1794 832 1861 887 de
1883 831 2036 886 femi-

448 931 535 988 nis
560 947 682 1002 quae
725 929 1002 985 adulteros
1035 929 1261 984 maritos
1299 927 1657 997 reliquerunt,
1692 933 1747 980 et
1790 923 1910 979 aliis
1939 938 2040 977 nu-

453 1021 613 1088 bunt,
657 1023 919 1092 scriptum
949 1029 1034 1077 est
1063 1019 1328 1076 :Femina
1370 1017 1544 1073 ﬁdelis
1580 1033 1700 1088 qua:
1734 1015 2039 1072 adulterum

447 1115 707 1170 maritum
753 1113 1035 1184 reliquerit
1078 1112 1314 1179 ﬁdelem,
1341 1120 1396 1166 et
1442 1111 1673 1167 alterum
1716 1109 1879 1173 ducit,
1915 1123 2039 1179 pro-

447 1206 700 1262 hibeatur
744 1220 814 1259 ne
844 1205 1024 1260 ducat.
1077 1202 1136 1258 Si
1188 1203 1422 1268 duxerit,
1473 1218 1579 1258 non
1624 1202 1776 1272 prius
1811 1201 2043 1270 accipiat

451 1297 909 1363 communionem,
937 1296 1039 1352 nisi
1077 1311 1240 1366 quem
1262 1294 1480 1366 reliquit
1501 1295 1567 1349 de
1587 1294 1786 1349 saeculo
1808 1293 2034 1348 exierit:

448 1389 555 1446 nisi
583 1389 723 1446 forte
751 1388 1048 1444 necessitas
1077 1387 1409 1443 inﬁrmitatis
1431 1388 1561 1442 dare
1597 1385 1938 1456 compulerit.

702 1499 829 1556 CAP.
871 1499 960 1556 IV.
991 1529 1062 1540 -—
1085 1499 1163 1555 De
1199 1500 1280 1554 his
1314 1501 1405 1570 qui
1441 1499 1784 1553 masc/tantur.

518 1614 652 1672 Item
683 1615 739 1670 in
767 1615 996 1672 concilio
1019 1613 1441 1680 Heliberritano,
1464 1627 1583 1682 cap.
1603 1610 1694 1678 50,
1718 1609 1786 1664 de
1810 1608 2038 1666 moechis

449 1708 709 1779 scriptum
731 1716 849 1763 est:
878 1707 1252 1762 Subdiaconos
1280 1719 1374 1760 eos
1409 1702 1650 1758 ordinari
1681 1716 1787 1756 non
1817 1699 2036 1766 debere,

449 1800 542 1871 qui
585 1801 640 1855 in
690 1799 1050 1855 adolescentia
1093 1813 1191 1853 sua
1229 1796 1432 1852 fuerint
1471 1793 1768 1850 moscbati:
1801 1807 1866 1848 eo
1894 1793 2039 1863 quod

451 1905 550 1962 per
574 1890 982 1962 subreptionem
1016 1888 1082 1945 ad
1110 1889 1356 1944 altiorem
1385 1887 1611 1957 gradum
1639 1884 2036 1954 promoveban-

449 1991 574 2038 tur:
603 1985 650 2039 si
679 1985 773 2055 qui
801 1993 928 2040 sunt
957 1985 1012 2038 in
1043 1992 1284 2053 tempore
1308 1981 1586 2053 praeterito
1605 1978 1861 2044 ordinati,
1888 1992 2012 2033 amo

451 2085 701 2131 veantur.

518 2167 652 2239 Item
683 2168 737 2222 in
764 2167 955 2224 eodem
981 2167 1228 2230 concilio,
1259 2181 1377 2237 cap.
1403 2165 1493 2232 51,
1515 2165 1580 2220 de
1607 2159 2040 2218 adolescentibus

449 2259 540 2327 qui
571 2265 694 2328 post
721 2258 995 2314 lavacrum
1025 2259 1386 2323 mmchantur,
1429 2258 1690 2327 scriptum
1729 2261 1852 2310 est:
1889 2253 2037 2308 Ado-

450 2355 716 2410 lescentes
748 2356 838 2426 qui
860 2363 983 2425 post
1005 2354 1167 2410 ﬁdem
1181 2353 1381 2408 lavacri
1407 2351 1661 2408 salutaris
1681 2349 1882 2404 fuerint
1903 2362 2038 2404 mm-

446 2449 617 2517 chati,
646 2465 771 2505 cum
818 2451 1074 2518 duxerint
1101 2463 1318 2512 uxores,
1349 2455 1470 2502 acta
1493 2443 1732 2516 legitima
1765 2441 2037 2512 poeniten-

453 2538 549 2604 tia,
580 2539 783 2608 placuit
807 2540 875 2594 ad
903 2539 1335 2596 communionem
1357 2552 1451 2593 eos
1482 2535 1713 2591 admitti.

522 2631 654 2686 Item
678 2632 733 2686 in
760 2631 951 2686 eodem
973 2631 1222 2698 concilio,
1247 2647 1368 2701 cap.
1397 2631 1489 2695 42,
1520 2630 1587 2684 de
1609 2642 1674 2684 eo
1691 2627 1783 2698 qui
1813 2640 2037 2682 uxorem

448 2722 655 2778 habens
705 2723 901 2794 saepius
930 2723 1257 2786 moechatur,
1281 2722 1545 2793 scriptum
1571 2730 1653 2775 est
1682 2737 1695 2774 :
1721 2719 1778 2774 Si
1821 2718 1945 2788 quis
1974 2717 2039 2772 ﬁ-

447 2812 584 2870 delis
639 2815 846 2871 habens
903 2830 1150 2883 uxorem,
1181 2832 1285 2872 non
1324 2813 1511 2879 semel,
1558 2811 1652 2880 sed
1697 2826 1838 2882 saepe
1872 2810 2040 2867 fuerit

447 2907 774 2974 mmchatus,
805 2907 863 2963 in
901 2907 1008 2964 ﬁne
1053 2909 1244 2965 mortis
1289 2915 1374 2964 est
1425 2905 1844 2964 conveniendus.
1883 2904 2037 2972 Quod

447 2998 492 3054 si
522 3000 837 3070 promiserit
863 3017 923 3057 se
949 3013 1309 3068 cessaturum,
1354 3002 1512 3057 detur
1537 3001 1587 3055 ei
1616 2998 1942 3055 communio.
1977 2996 2036 3052 Si

448 3095 802 3151 resuscitatus
831 3111 1019 3152 rursus
1042 3095 1206 3151 fuerit
1233 3096 1555 3159 moechatus,
1584 3093 1786 3164 placuit
1811 3090 2037 3149 ulterius

448 3197 553 3238 non
583 3183 768 3242 ludere
795 3201 920 3241 eum
951 3187 1017 3242 de
1044 3188 1430 3243 communione
1450 3187 1619 3257 Pacis.

517 3275 648 3332 Item
667 3278 724 3331 in
750 3279 938 3334 eodem
964 3280 1213 3346 concilio,
1243 3296 1362 3350 cap.
1389 3280 1475 3344 l3,
1509 3280 1574 3333 de
1599 3277 1901 3348 virginibus
1923 3279 2035 3334 Deo
2063 3310 2108 3374 ο

446 3371 676 3425 sacratis
701 3372 748 3426 si
775 3372 1198 3428 adulteraverint
1228 3390 1241 3426 :
1274 3372 1523 3442 Virgines
1549 3387 1669 3442 qua:
1715 3387 1774 3427 se
1806 3371 1916 3425 Deo
1955 3371 2035 3426 di-

446 3471 726 3526 caverunt,
771 3464 816 3517 si
866 3471 1084 3533 pactum
1115 3462 1450 3534 perdiderint
1491 3463 1837 3534 virginitatis,
1873 3470 2036 3533 atque

446 3551 622 3606 eidem
650 3551 861 3608 libidini
890 3554 1194 3620 servierint,
1239 3570 1346 3609 non
1378 3553 1744 3626 intelligentes
1780 3555 1909 3625 quid
1935 3554 2034 3609 ad-

448 3641 716 3709 miserint,
745 3643 948 3714 placuit
972 3661 1072 3701 nec
1098 3647 1151 3700 in
1191 3645 1353 3701 ﬁnem
1376 3646 1455 3702 eis
1482 3646 1717 3701 dandam
1743 3661 1866 3702 esse
1886 3662 2034 3704 com-

447 3733 778 3790 munionem.
831 3735 983 3804 Quod
1011 3737 1056 3793 si
1098 3738 1266 3794 semel
1307 3752 1569 3810 persuasu
1595 3753 1694 3794 suo
1723 3739 1791 3795 ab
1827 3740 2032 3796 inﬁrmi

447 3826 689 3896 corporis
710 3827 860 3899 lapsu
887 3836 1010 3900 post
1035 3831 1324 3886 commissa
1347 3831 1478 3885 vitia
1509 3839 1752 3902 tempore
1770 3832 1895 3886 vitze
1923 3848 2034 3888 sua:

447 3919 753 3988 huiusmodi
804 3921 1022 3978 femina:
1071 3924 1282 3996 egerint
1326 3924 1723 3994 paenitentiam,
1762 3935 1823 3980 ut
1867 3925 2035 3980 absti-

451 4021 614 4068 neant
633 4029 692 4070 se
715 4031 745 4069 a
775 4017 940 4084 coitu,
964 4017 1169 4088 placuit
1189 4032 1283 4074 eas
1308 4017 1362 4073 in
1386 4017 1552 4073 ﬁnem
1596 4019 2032 4074 communionem

453 4107 700 4176 accipere
726 4107 943 4163 debere.

513 4200 646 4256 Item
678 4202 732 4256 in
757 4202 943 4258 eodem
973 4203 1221 4270 concilio,
1253 4219 1374 4276 cap.
1410 4203 1495 4270 M,
1520 4203 1587 4259 de
1608 4204 1909 4276 virginibus
1933 4219 2032 4260 sae-

447 4293 740 4360 cularibus,
759 4295 804 4350 si
828 4297 1111 4352 mmcbatze
1137 4295 1355 4363 fuerint,
1373 4298 1630 4369 scriptum
1649 4306 1759 4354 est:
1781 4298 2031 4370 Virgines

447 4403 565 4459 quae
593 4387 960 4459 virginitatem
991 4405 1145 4445 suam
1193 4406 1300 4446 non
1328 4391 1703 4457 custodierint,
1734 4391 1777 4446 si
1819 4406 1914 4447 eos
1937 4392 2030 4462 qui

443 4481 659 4537 easdem
693 4479 1012 4536 violaverint
1058 4481 1331 4548 duxerint,
1361 4491 1415 4538 et
1461 4483 1733 4538 tenuerint
1781 4485 2024 4551 maritos,

441 4588 506 4628 eo
545 4572 685 4642 quod
713 4571 856 4628 solas
879 4573 1095 4644 nuptias
1133 4573 1474 4638 violaverint,
1503 4581 1624 4644 post
1667 4589 1870 4628 annum
1911 4574 2029 4629 sine

2137 646 2379 712 mittunt,
2414 643 2558 716 quod
2598 643 2999 699 communicare
3032 660 3142 700 non
3170 643 3409 714 possint,
3451 643 3562 698 nisi
3603 644 3738 701 forte

2137 735 2409 809 publicam
2437 736 2813 807 pmnitentiam
2840 737 3127 807 gesserint,
3157 736 3363 791 dictum
3403 745 3534 792 est:
3565 736 3740 807 Virgi-

2138 831 2296 885 nibus
2315 830 2486 885 sacris
2513 836 2718 884 temere
2743 844 2801 885 se
2826 830 3090 900 quosdam
3112 830 3326 886 sociare
3351 830 3738 900 cognovimus,

2140 931 2336 993 etpost
2371 921 2611 977 dicatum
2637 921 2748 976 Deo
2773 921 3137 992 propositum,
3175 921 3380 976 incesta
3415 919 3638 976 fmdera
3662 937 3742 977 sa-

2139 1015 2450 1085 crilegaque
2475 1013 2704 1067 miscere
2737 1031 2748 1066 :
2774 1028 2910 1082 quas
2935 1013 3184 1082 protinus
3221 1029 3445 1084 aequum
3472 1025 3564 1067 est
3594 1029 3628 1067 a
3657 1027 3741 1068 sa-

2139 1122 2231 1162 cra
2255 1106 2635 1160 communione
2661 1105 2875 1160 detrudi
2902 1123 2915 1159 :
2941 1114 2998 1161 et
3041 1105 3143 1160 nisi
3182 1121 3284 1176 per
3305 1106 3596 1177 publicam
3619 1122 3743 1178 pro-

2138 1199 2431 1268 batamque
2458 1197 2832 1268 pmnitentiam
2853 1199 3078 1253 omnino
3107 1214 3213 1252 non
3261 1200 3440 1270 recipi
3477 1217 3492 1252 :
3522 1210 3622 1254 aut
3665 1201 3746 1256 his

2139 1298 2287 1346 certe
2333 1290 2592 1344 viaticum
2637 1290 2704 1345 de
2744 1290 2941 1345 sa:culo
2991 1292 3425 1356 transeuntibus,
3465 1291 3517 1346 si
3567 1302 3744 1347 tamen

2137 1381 2514 1452 poenituerint,
2548 1397 2656 1437 non
2681 1390 2928 1452 negetur.

2207 1472 2338 1526 Item
2383 1473 2438 1526 in
2460 1471 2692 1528 decretis
2719 1471 3019 1528 Innocentii
3047 1488 3221 1544 papas,
3247 1489 3372 1545 cap.
3406 1474 3510 1539 20,
3546 1476 3617 1532 de
3639 1479 3744 1532 vir—

2137 1563 2352 1636 ginibus
2396 1579 2506 1618 non
2545 1563 2738 1618 velatis
2785 1565 2832 1618 si
2887 1565 3243 1630 deviaverint,
3283 1568 3569 1636 scriptum
3619 1579 3744 1624 est:

2139 1655 2233 1710 Hae
2275 1670 2402 1710 vero
2445 1671 2565 1726 qua:
2595 1656 2827 1712 necdum
2857 1671 3017 1714 sacro
3044 1658 3318 1713 velamine
3348 1669 3537 1724 tecta,
3571 1671 3744 1717 tamen

2139 1748 2192 1803 in
2214 1749 2490 1819 proposito
2509 1748 2758 1819 virginali
2783 1765 2997 1822 semper
3021 1766 3080 1806 se
3108 1751 3516 1809 simulaverant
3537 1771 3746 1825 perma-

2140 1857 2290 1906 nere,
2337 1841 2462 1896 licet
2507 1841 2700 1896 velatae
2748 1859 2855 1898 non
2902 1841 3126 1909 fuerint,
3153 1845 3200 1899 si
3235 1845 3382 1900 forte
3437 1849 3740 1918 nupserim,

2063 1939 2112 2001 Β
2140 1935 2224 1991 his
2266 1936 2471 2007 agenda
2501 1935 2775 2006 aliquanto
2806 1945 3046 2008 tempore
3093 1939 3428 2010 pmnitentia
3466 1952 3556 1996 est
3583 1963 3596 1996 :
3625 1945 3742 2012 quia

2141 2028 2362 2098 sponsio
2389 2043 2578 2082 earum
2611 2044 2640 2081 a
2673 2028 2902 2084 Domino
2951 2031 3255 2085 tenebatur.
3305 2030 3364 2087 Si
3407 2035 3568 2089 enim
3615 2037 3740 2091 inter

2139 2118 2386 2174 homines
2437 2118 2574 2174 solet
2606 2119 2761 2174 bonae
2811 2119 2936 2176 ﬁdei
2980 2131 3297 2178 contractus
3332 2123 3492 2178 nulla
3541 2128 3739 2182 ratione

2139 2211 2379 2277 dissolvi,
2425 2220 2626 2282 quanto
2659 2212 2830 2283 magis
2875 2213 2975 2267 ista
3026 2213 3373 2284 pollicitatio,
3421 2231 3598 2286 quam
3628 2235 3738 2273 cum

2139 2305 2249 2360 Deo
2295 2305 2515 2375 pepigit,
2569 2305 2840 2376 quomodo
2879 2303 3012 2361 solvi
3061 2305 3178 2361 sine
3216 2307 3471 2363 vindicta
3519 2312 3738 2378 poterit!

2139 2393 2273 2450 Nam
2303 2396 2348 2450 si
2392 2395 2664 2465 apostolus
2698 2395 2916 2462 Paulus,
2956 2395 3075 2451 illas
3113 2411 3233 2466 qua:
3257 2413 3292 2451 a
3340 2401 3640 2469 proposito
3667 2402 3736 2454 vi-

2138 2487 2362 2542 duitatis
2389 2485 2776 2555 discesserunt,
2814 2489 3026 2544 dixerat
3052 2488 3253 2544 [rabere
3301 2490 3736 2557 damnationem,

2137 2580 2266 2650 quia
2316 2579 2546 2650 primam
2602 2580 2764 2636 ﬁdem
2822 2580 3030 2636 irritam
3082 2580 3332 2636 fecerunt
3382 2581 3437 2653 (ι
3476 2582 3618 2638 Tini.
3653 2587 3736 2657 v),

2138 2679 2340 2741 quanto
2373 2671 2554 2741 potius
2589 2671 2842 2742 virgines,
2871 2687 2990 2742 quae
3032 2671 3230 2743 prioris
3258 2674 3657 2744 promissionis
3679 2675 3740 2730 ε-

2138 2764 2258 2821 dem
2283 2763 2534 2836 frangere
2556 2774 2681 2820 sunt
2695 2766 2932 2820 conataa!

2175 2875 2302 2933 CAP.
2333 2874 2421 2934 VI.
2452 2908 2520 2919 —
2549 2877 2626 2933 De
2659 2878 2740 2933 his
2766 2879 2857 2951 qui
2883 2880 3320 2936 irrationabiliter
3346 2882 3709 2951 fornicamur.

2209 2991 2268 3046 In
2309 2992 2539 3048 concilio
2569 2993 2877 3065 Ancyrano,
2909 3010 3029 3066 cap.
3075 2995 3161 3062 I5,
3199 2998 3267 3052 de
3309 2997 3405 3052 his
3434 2999 3538 3068 qui
3581 2998 3740 3054 forni-

2139 3091 2335 3138 cantur
2358 3083 2820 3151 irrationabiliter,
2852 3085 2903 3139 id
2932 3094 3033 3152 est,
3074 3086 3165 3157 qui
3192 3087 3514 3144 miscentur
3541 3093 3740 3158 pecori-

2138 3174 2261 3242 bus,
2289 3185 2382 3232 aut
2409 3192 2530 3233 cum
2556 3177 2811 3234 masculis
2840 3179 3172 3250 polluuntur,
3206 3183 3490 3254 scriptum
3519 3193 3604 3238 est
3635 3185 3738 3240 :De

2140 3268 2246 3325 illis
2273 3271 2364 3340 qui
2391 3270 2836 3326 irrationabiliter
2873 3273 3074 3328 versati
3103 3283 3250 3340 sunt,
3275 3277 3400 3332 sive
3427 3289 3732 3340 versantur,

2139 3373 2405 3436 quotquot
2447 3373 2572 3420 ante
2600 3365 2922 3422 vicesimum
2949 3383 3152 3423 annum
3195 3370 3303 3425 tale
3336 3373 3562 3430 crimen
3600 3392 3738 3430 com-

2139 3455 2406 3523 miserint,
2457 3456 2763 3526 quindecim
2812 3458 2966 3514 annis
3016 3460 3224 3516 exactis
3277 3462 3339 3517 in
3391 3467 3734 3534 pmnitenlia,

2139 3539 2576 3603 cemmunionem
2615 3557 2930 3606 mereantur
2968 3551 3296 3609 orationum.
3325 3553 3546 3614 Deinde
3591 3561 3736 3630 quin-

2138 3641 2375 3711 quennio
2396 3641 2453 3696 in
2487 3641 2592 3698 hac
2616 3645 2996 3702 communione
3039 3647 3324 3716 durantes,
3359 3657 3500 3706 tunc
3527 3653 3732 3707 demum

2136 3733 2427 3792 oblationis
2453 3747 2795 3794 sacramenta
2827 3739 3163 3812 contingant.
3191 3741 3544 3800 Discutiatur
3563 3757 3730 3800 aute

2137 3835 2191 3883 et
2219 3828 2330 3882 vita
2367 3843 2580 3895 eorum,
2612 3831 2800 3900 quales
2829 3840 3074 3904 tempore
3103 3835 3472 3904 paenitudinis
3515 3840 3734 3893 exstite-

2137 3921 2366 3976 rint:et
2418 3922 2493 3977 ita
2543 3923 2971 3981 misericordiam
3016 3938 3440 3998 consequantur.
3492 3931 3650 4000 Quod
3693 3933 3730 3987 si

2136 4012 2538 4084 inexplebiliter
2585 4015 2671 4070 his
2715 4016 2920 4072 haesere
2967 4017 3303 4086 criminibus,
3347 4023 3414 4076 ad
3470 4025 3730 4096 agenda

2133 4106 2511 4178 paenitentiam
2550 4107 2814 4179 prolixius
2869 4119 3078 4182 tempus
3117 4111 3418 4170 insumant.
3459 4116 3726 4188 Quotquot

2134 4205 2313 4252 autem
2334 4208 2555 4269 peracta
2581 4199 2770 4270 viginti
2793 4216 3057 4257 annorum
3078 4209 3263 4269 :ntate,
3298 4214 3360 4259 et
3407 4223 3616 4264 uxores
3643 4209 3720 4263 ha-

2133 4291 2324 4345 bentes
2351 4292 2452 4346 hoc
2475 4303 2698 4362 peccato
2725 4293 2960 4366 prolapsi
2987 4303 3132 4360 sunt,
3150 4297 3344 4368 viginti
3362 4300 3612 4371 quinque
3637 4317 3728 4355 an-

2133 4381 2220 4436 nis
2257 4381 2648 4452 paenitudinem
2673 4394 2942 4455 gerentes,
2971 4385 3024 4440 in
3071 4388 3523 4444 communionem
3567 4393 3726 4446 susci—

2131 4472 2352 4543 piantur
2374 4473 2702 4529 orationum.
2726 4474 2784 4529 In
2813 4492 2919 4546 qua
2943 4477 3312 4546 quinquennio
3339 4482 3728 4551 perdurantes,

2132 4570 2262 4619 tunc
2281 4563 2495 4620 demum
2525 4564 2815 4620 oblationis
2845 4577 3183 4623 sacramenta
3209 4573 3553 4642 percipiant.
3583 4573 3730 4639 Quod

444 4663 761 4734 pmnitemia
793 4664 1132 4719 reconciliari
1160 4663 1450 4720 debebunt.
1472 4663 1567 4720 Vel
1596 4666 1640 4721 si
1667 4665 1801 4721 alios
1829 4682 2026 4738 cogno-
2051 4681 2106 4743 ι)
2132 4659 2177 4713 Si
2212 4658 2304 4729 qui
2347 4666 2404 4714 ει
2446 4673 2644 4716 uxores
2675 4660 2956 4727 habentes,
2985 4670 3040 4717 cl
3069 4666 3530 4722 transcendentes
3573 4670 3728 4739 quin—

447 4755 620 4810 verint
667 4758 833 4823 viros,
863 4773 929 4813 eo
969 4757 1112 4828 quod
1148 4759 1434 4812 mtechala:
1483 4768 1626 4825 sunt,
1670 4759 1872 4830 placuit
1906 4761 2056 4830 post"

443 4850 794 4919 quinquennii
820 4859 1081 4923 tempora,
1125 4861 1245 4907 aeta
1271 4851 1510 4923 legitima
1547 4853 1886 4923 pmnitentia,
1933 4851 2027 4906 ad-

442 4940 580 4995 mitti
605 4955 698 4996 eas
725 4943 791 4997 ad
816 4944 1249 5000 communionem
1287 4953 1557 5016 oportere.

507 5029 639 5085 Item
671 5031 727 5085 in
754 5033 1040 5105 Ancyrano
1061 5035 1310 5102 concilio,
1339 5051 1456 5106 cap.
1491 5035 1575 5103 18,
1599 5035 1667 5093 de
1687 5037 1774 5093 his
1798 5038 1891 5108 qui
1916 5037 2015 5092 vir-

441 5125 724 5195 ginitatem
753 5125 984 5197 professi
1015 5137 1158 5194 sunt,
1197 5137 1254 5182 et
1305 5129 1372 5185 dc
1423 5128 1508 5184 his
1550 5129 1643 5199 qui
1683 5131 1784 5186 sub
1814 5131 2021 5187 sororis

440 5220 626 5276 habitu
680 5236 802 5277 cum
861 5221 1130 5292 aliquibus
1179 5231 1708 5289 commemorantur,
1758 5224 2020 5294 scriptum

437 5318 522 5366 est
560 5328 572 5364 :
611 5309 887 5384 Quotquot
922 5312 1286 5386 virginitatem
1335 5313 1714 5386 promittentes
1739 5355 1754 5380 ,
1811 5314 2022 5370 irritam

439 5401 641 5459 faciunt
667 5406 1032 5476 sponsionem,
1065 5406 1206 5461 inter
1231 5406 1476 5477 bigamos
1515 5414 1858 5462 censeantur.
1893 5408 2018 5463 Vir-

437 5495 590 5564 gines
615 5505 794 5553 autem
822 5511 942 5568 qua:
975 5499 1441 5553 conveniuntcum
1468 5497 1738 5574 aliquibus
1759 5509 2016 5572 tanquam

438 5605 650 5648 sorores
669 5592 916 5648 habitare
940 5591 1306 5664 prohibemus.

437 5719 566 5775 CAP.
608 5721 674 5793 ν,
702 5752 776 5763 -
799 5723 874 5776 De
901 5725 980 5793 Itis
1000 5723 1089 5793 qui
1128 5724 1292 5778 sacris
1327 5724 1610 5792 virginibus
1640 5743 1695 5780 se
1720 5728 1939 5793 sociant,
1972 5739 2020 5784 et

630 5791 693 5844 de
719 5791 1212 5860 virginibus'vclatis
1239 5794 1283 5846 si
1310 5791 1578 5849 mwdtatrr
1607 5795 1820 5862 fuerint.

508 5895 644 5952 Item
673 5897 727 5952 in
749 5898 980 5954 decretis
999 5899 1197 5956 Gelasii
1243 5916 1416 5966 natm,
1443 5916 1560 5966 cap.
1596 5903 1688 5965 20.
1713 5905 1780 5961 de
1813 5907 1897 5963 bis
1926 5907 2018 5964 aui

2133 4749 2504 4820 quagesimum
2549 4766 2748 4806 annum
2793 4753 2986 4820 astatis,
3029 4754 3102 4808 ita
3148 4755 3508 4827 deliquerint,
3543 4763 3613 4816 ad
3639 4777 3732 4816 cx-

2133 4840 2266 4894 itum
2295 4842 2419 4898 vita:
2449 4843 2846 4901 communionis
2871 4847 3102 4917 gratiam
3137 4863 3585 4920 consequantur.

2199 4934 2334 4990 Item
2359 4937 2413 4991 in
2435 4938 2625 4993 eodem
2652 4938 2718 4993 de
2747 4939 2832 4994 his
2852 4940 2944 5010 qui
2967 4941 3018 4996 in
3047 4942 3281 5013 pecudes
3304 4945 3394 5000 vel
3427 4947 3484 5002 in
3520 4965 3728 5005 mascu-

2130 5026 2210 5083 los
2231 5036 2323 5083 aut
2349 5029 2476 5085 olim
2508 5030 2697 5102 polluti
2724 5041 2868 5101 sunt,
2901 5044 2994 5090 aut
3030 5036 3298 5093 hactenus
3321 5039 3433 5096 hoc
3463 5043 3605 5098 vitio
3647 5056 3728 5098 ta-

2127 5123 2372 5189 bescunt,
2407 5139 2522 5194 cap.
2565 5125 2651 5190 16,
2693 5127 2955 5198 scriptum
2993 5138 3116 5183 est:
3151 5129 3255 5184 Eos
3302 5133 3400 5200 qui
3435 5135 3726 5190 irrationa-

2126 5213 2309 5269 biliter
2336 5215 2546 5282 vixere,
2568 5224 2623 5271 et
2663 5216 2808 5288 lepra
2843 5218 3028 5289 injusti
3067 5220 3311 5276 criminis
3337 5221 3484 5278 alios
3525 5226 3727 5297 pollue-

2125 5316 2273 5372 runt,
2310 5311 2566 5382 praecepit
2601 5321 2786 5368 sancta
2815 5315 3050 5386 synodus
3101 5316 3242 5372 inter
3288 5333 3389 5375 eos
3429 5335 3598 5378 orare
3633 5325 3722 5394 qui

2124 5398 2314 5469 spiritu
2340 5401 2718 5470 periclitantur
2748 5404 3046 5461 immundo.

2123 5535 2251 5593 CAP.
2295 5535 2405 5594 VII.
2425 5569 2495 5578 —
2513 5537 2593 5593 De
2615 5539 3001 5624 conjugatishsi.
3015 5543 3140 5624 quis
3167 5560 3352 5599 eorum
3389 5547 3588 5602 ductus
3605 5550 3722 5617 [αε-

2640 5621 2705 5664 rit
2733 5621 2786 5666 in
2815 5621 3184 5683 captivitatem.

2191 5723 2250 5779 In
2275 5724 2507 5780 decretis
2533 5739 2746 5794 quoque
2766 5724 3060 5781 Innocentii
3105 5741 3282 5798 papae,
3307 5743 3430 5802 cap.
3461 5731 3558 5798 57,
3587 5734 3720 5789 scri-

2120 5827 2272 5888 ptum
2302 5826 2422 5873 est:
2452 5815 2602 5884 Quod
2632 5817 2677 5871 si
2702 5816 2854 5886 cujus
2879 5834 3018 5876 uxor
3061 5819 3114 5874 in
3142 5822 3520 5890 captivitatem
3553 5824 3712 5880 fuerit

2121 5911 2374 5972 abducta,
2414 5918 2470 5966 et
2495 5909 2736 5978 alteram
2788 5910 3015 5968 maritus
3052 5913 3344 5980 acceperit,
3399 5927 3710 5971 revertente
