3938 6334
141 338 277 394 1409

1372 337 1880 398 PGSNITENTIUM
1915 337 2135 394 LIBER.

3263 335 3405 394 ωο

136 456 338 528 prima,
383 454 616 511 secunda
662 455 858 512 mulier
901 456 1059 513 debet
1095 457 1328 514 excludi.
1373 458 1718 514 Innocentius
1743 460 1797 522 Α
1821 457 1950 514 CAP.
1990 456 2083 512 IX.
2111 487 2178 498 —-
2209 455 2287 510 De
2318 471 2376 509 eo
2404 456 2494 527 qui
2521 468 2754 528 uxorem
2803 456 2940 526 capti
2974 455 3212 511 sortitus
3233 464 3309 512 est
3352 455 3409 512 iu

138 547 313 603 Probo
343 547 559 617 scripsit
590 562 603 601 :
635 547 989 605 Conturbatio
1015 549 1264 620 procella:
1289 547 1591 605 barbaricae
1639 549 1718 605 fa-

139 639 325 695 cultati
373 639 552 712 legum
603 641 785 696 intulit
825 658 1032 698 casum.
1071 643 1205 698 Nam
1257 644 1392 700 bene
1425 643 1720 700 constituto

139 731 489 787 matrimonio
527 732 673 788 inter
722 732 1043 789 Fortunium
1083 742 1137 790 et
1165 733 1359 790 Ursam
1392 735 1721 806 captivitatis

141 825 390 878 incursus
417 822 620 878 faceret
639 839 872 890 naevum,
895 824 1000 879 nisi
1029 841 1199 880 sacrm
1222 825 1498 898 religionis
1519 834 1722 882 statuta

138 917 504 989 providerent.
534 917 670 974 Cum
694 919 839 974 enim
865 919 918 973 in
946 920 1257 989 captivitate
1297 920 1554 992 praedicta
1585 920 1722 977 Ursa

142 1009 336 1064 mulier
363 1017 658 1075 teneretur,
676 1008 818 1064 aliud
835 1009 1143 1082 eonjugium
1169 1027 1292 1067 cum
1307 1010 1574 1068 Restitute
1588 1010 1723 1066 For-

143 1100 326 1154 tunius
373 1107 702 1155 memoratus
748 1099 937 1156 iniisse
985 1101 1326 1172 cognoscitur
1357 1117 1372 1156 :
1399 1103 1494 1158 sed
1539 1102 1724 1158 favore

142 1192 355 1248 Domini
396 1209 613 1248 reversa
645 1192 782 1248 Ursa
817 1208 916 1248 nos
966 1194 1120 1260 adiit,
1167 1202 1221 1250 et
1255 1195 1401 1250 nullo
1431 1193 1719 1259 diﬁidente,

142 1300 364 1339 uxorem
392 1299 450 1339 se
480 1284 762 1340 memorati
798 1299 920 1340 esse
943 1285 1244 1354 perdocuit.
1279 1284 1475 1353 Quare,
1509 1285 1724 1341 domine

141 1374 218 1430 ﬁli
243 1375 436 1429 merito
479 1375 724 1441 illustris,
750 1376 1058 1442 statuimus,
1085 1375 1190 1431 ﬁde
1229 1375 1493 1432 catholica
1534 1374 1728 1430 suffra-

141 1478 319 1539 gante,
353 1469 482 1525 illud
511 1485 631 1526 esse
659 1470 966 1542 conjugium
995 1469 1137 1540 quod
1184 1479 1304 1526 erat
1350 1471 1601 1542 primitus
1646 1470 1726 1527 di-

139 1564 266 1618 vina
291 1563 464 1635 gratia
508 1562 810 1618 fundatum.
840 1562 1287 1633 Conventumque
1314 1564 1562 1619 secundae
1601 1581 1723 1619 mu-

139 1657 289 1712 lieris
314 1657 495 1728 priore
533 1659 840 1729 superstite,
886 1674 988 1714 nec
1034 1658 1268 1716 divortio
1314 1659 1549 1730 rejectze,
1579 1660 1726 1716 nullo

139 1759 300 1821 pacto
327 1766 486 1822 posse
512 1766 632 1809 esse
657 1751 977 1825 legitimum.

139 1928 269 1987 CAP.
308 1931 439 1987 VIII.
464 1963 534 1973 —-
562 1931 717 2000 Quod
746 1931 895 1988 aliud
934 1933 1002 1987 sit
1051 1950 1204 1998 uxor,
1234 1932 1383 1988 aliud
1413 1933 1725 2000 concubina,

211 2004 420 2076 etquod
449 2021 552 2058 non
586 2005 654 2058 sit
677 2004 913 2076 conjugii
943 2003 1252 2075 duplicatio,
1270 2005 1506 2076 quando,
1531 2003 1726 2060 ancilla

216 2075 428 2145 rejecta,
455 2091 592 2130 uxor
624 2075 931 2130 assumitur.

209 2232 267 2288 In
313 2233 547 2290 decretis
573 2235 772 2291 Leonis
808 2250 980 2306 papae,
1032 2251 1154 2306 cap.
1201 2237 1283 2302 I9,
1335 2238 1594 2308 scriptum
1644 2248 1728 2295 est

134 2326 281 2395 quod
315 2326 461 2380 aliud
494 2327 565 2382 sit
608 2342 768 2394 uxor,
792 2338 846 2384 et
889 2327 1035 2383 aliud
1080 2331 1401 2386 concubina.
1431 2331 1541 2388 Nec
1584 2342 1732 2389 erret

132 2415 384 2487 quisquis
412 2415 578 2471 ﬁliam
609 2432 762 2472 suam
801 2417 856 2471 in
896 2418 1302 2475 matrimonium
1349 2421 1635 2477 tradiderit
1677 2422 1726 2478 ei

133 2510 229 2580 qui
262 2507 452 2564 habuit
472 2507 850 2563 concubinam.
876 2507 994 2564 Non
1027 2511 1203 2566 omnis
1245 2511 1440 2567 mulier
1460 2513 1576 2568 viro
1598 2513 1726 2583 jun-

131 2609 246 2666 cta,
275 2615 414 2656 uxor
436 2609 520 2656 est
549 2600 649 2656 Viri
681 2619 694 2656 :
729 2601 855 2671 quia
893 2617 994 2658 nec
1037 2603 1218 2658 omnis
1249 2602 1392 2659 ﬁlius
1434 2605 1607 2659 haeres
1645 2611 1729 2660 est

129 2691 330 2763 patris.
359 2691 680 2763 Nuptiarum
708 2699 890 2746 autem
915 2693 1122 2748 ftedera
1148 2693 1289 2748 inter
1317 2694 1578 2765 ingenuos
1600 2702 1727 2749 sunt

130 2782 401 2854 legitima,
424 2791 480 2838 et
507 2782 652 2837 inter
670 2782 924 2853 aequales.
949 2783 1017 2838 Et
1042 2783 1214 2838 multo
1241 2783 1394 2854 prius
1426 2783 1530 2839 hoc
1552 2784 1728 2854 ipsum

129 2874 368 2929 Domino
403 2874 784 2938 constituente,
837 2890 1001 2944 quam
1054 2875 1268 2930 initium
1316 2874 1546 2930 Romani
1589 2873 1728 2944 juris

127 2965 417 3020 existeret.
464 2964 650 3036 Itaque
693 2964 838 3020 aliud
893 2975 976 3020 est
1004 2981 1160 3031 uxor,
1191 2965 1337 3020 aliud
1374 2964 1676 3021 concubina
1709 2979 1724 3019 :

128 3056 281 3111 sicut
303 3055 446 3111 aliud
470 3057 687 3123 ancilla,
729 3056 874 3110 aliud
901 3055 1091 3116 libera.
1122 3055 1349 3127 Propter
1375 3059 1521 3129 quod
1562 3058 1727 3113 etiam

125 3147 426 3218 Apostolus
491 3149 558 3204 ad
622 3148 1074 3204 manifestandam
1126 3151 1320 3205 harum
1375 3165 1726 3221 personarum

1754 1825 1805 1887 B

2407 525 2822 580 matrimonium.

1887 641 2021 697 Item
2059 641 2112 696 in
2160 638 2395 696 decretis
2438 637 2633 694 Leonis
2661 653 2834 709 papae,
2864 653 2988 710 cap.
3023 639 3115 707 45,
3145 641 3409 712 scriptum

1820 739 1926 798 est,
1960 731 2103 801 quod
2126 747 2234 786 non
2263 723 2673 785 videatur‘esse
2714 728 2997 800 culpabilis
3043 732 3135 802 qui
3181 748 3408 788 uxorem

1821 824 1968 895 capti
1995 824 2216 880 sortitus
2243 830 2348 890 est,
2389 837 2492 878 nec
2521 831 2702 878 tamen
2729 822 3015 894 culpabilis
3031 821 3325 892 judicetur,
3350 835 3408 882 et

1824 923 2082 986 tanquam
2125 915 2287 970 alieni
2308 915 2449 986 juris
2488 929 2750 985 pervasor
2775 915 3058 979 habeatur,
3093 916 3186 987 qui
3219 932 3410 987 perso-

1823 1020 1952 1060 nam
1980 1005 2098 1075 ejus
2124 1006 2329 1071 mariti,
2362 1005 2454 1076 qui
2499 1003 2613 1074 jam
2654 1020 2764 1061 non
2810 1020 2931 1062 esse
2974 1006 3411 1075 existimabatur,

1824 1097 2134 1168 assumpsit.
2170 1095 2261 1152 Sic
2281 1097 2427 1151 enim
2465 1095 2632 1151 multa
2658 1112 2780 1167 qua:
2801 1097 2868 1152 ad
2895 1113 2990 1153 eos
3031 1099 3124 1169 qui
3152 1098 3208 1153 in
3239 1099 3414 1169 capti-

1801 1189 2049 1244 ‘vitatem
2074 1188 2218 1244 ducti
2242 1196 2370 1244 sunt
2393 1186 2759 1259 pertinebant,
2786 1188 2840 1242 in
2860 1187 2951 1258 jus
2973 1189 3208 1246 alienum
3236 1199 3412 1248 trans-

1825 1282 1908 1338 ire
1944 1290 2240 1353 potuerunt
2284 1299 2298 1336 :
2337 1289 2394 1336 et
2447 1288 2626 1336 tamen
2662 1280 2884 1350 plenum
2928 1281 3155 1351 justitiaa
3205 1291 3308 1345 est,
3356 1288 3419 1337 ut

1827 1372 2023 1428 iisdem
2082 1371 2317 1427 reversis
2364 1371 2584 1442 propria
2633 1370 3016 1428 reformentur.
3063 1371 3216 1440 Quod
3267 1374 3312 1430 si
3361 1374 3417 1430 in

1826 1463 2112 1534 mancipiis
2138 1463 2225 1518 vel
2259 1463 2404 1535 agris
2432 1472 2527 1518 aut
2553 1463 2719 1519 etiam
2749 1463 2804 1518 in
2835 1464 3081 1520 domibus
3116 1481 3179 1522 ac
3202 1481 3418 1536 posses-

1828 1554 2069 1610 sionibus
2095 1555 2196 1610 rite
2221 1564 2491 1621 servatur,
2527 1564 2730 1626 quanto
2751 1557 2924 1628 magis
2950 1558 3004 1612 in
3046 1558 3418 1629 conjugiorum

1829 1646 2288 1718 redintegratione
2329 1645 2637 1702 faciendum
2671 1656 2775 1715 est,
2811 1656 2872 1702 ut
2903 1649 3046 1718 quod
3089 1633 3282 1705 bellica
3325 1666 3421 1707 ne-

1829 1741 2084 1797 cessitate
2114 1740 2389 1796 turbatum
2415 1749 2518 1808 est,
2539 1741 2692 1812 pacis
2729 1741 2970 1798 remedio
3000 1740 3345 1799 reformetur.

1832 1874 1960 1932 CAP.
2001 1876 2070 1932 Χ.
2107 1907 2177 1918 --
2219 1875 2298 1932 De
2315 1875 2423 1932 .illo
2467 1877 2558 1950 qui
2605 1876 2952 1950 concubinam
2997 1894 3156 1950 super
3202 1895 3420 1936 uxorem

2537 1947 2708 2002 habet.

1898 2062 1958 2118 In
1985 2062 2248 2120 Toletano
2293 2061 2542 2129 concilio,
2574 2077 2693 2133 cap.
2720 2062 2777 2130 7,
2821 2062 3084 2134 scriptum
3113 2071 3198 2119 est
3247 2065 3313 2120 de
3353 2079 3421 2121 eo

1830 2154 1923 2224 qui
1965 2170 2190 2211 uxorem
2235 2153 2419 2220 habet,
2473 2155 2520 2210 si
2561 2153 2918 2211 concubinam
2953 2154 3229 2222 habuerit,
3278 2155 3421 2226 quod

1830 2263 1938 2304 non
1970 2247 2353 2304 communicet.
2383 2245 2441 2302 Si
2485 2247 2607 2318 quis
2650 2246 2854 2302 habens
2880 2262 3106 2305 uxorem
3136 2246 3332 2314 ﬁdelis,
3377 2249 3422 2304 si

1831 2344 2192 2400 concubinam
2223 2345 2443 2410 habeat,
2489 2361 2596 2400 non
2642 2345 3026 2402 communicet.
3057 2345 3323 2402 Caeterum
3375 2347 3424 2403 is

1830 2437 1922 2508 qui
1973 2454 2079 2494 non
2123 2439 2287 2494 habet
2330 2453 2573 2502 uxorem,
2609 2447 2666 2494 et
2709 2454 2810 2510 pro
2850 2454 3021 2496 uxore
3063 2441 3422 2496 concubinam

1830 2535 2012 2601 habet,
2047 2552 2078 2592 a
2116 2535 2500 2592 communione
2545 2549 2652 2591 non
2701 2535 2997 2606 repellatur
3042 2554 3054 2590 :
3103 2544 3310 2591 tantum
3363 2544 3425 2592 ut

1831 2629 1991 2686 unius
2020 2630 2263 2687 mulieris
2304 2637 2397 2685 aut
2431 2630 2618 2686 uxoris
2645 2638 2740 2685 aut
2762 2628 3096 2694 concubinae,
3131 2637 3191 2684 ut
3225 2631 3274 2685 ei
3303 2629 3423 2700 pla-

1831 2722 2025 2785 cuerit,
2041 2722 2112 2778 sit
2135 2722 2515 2792 conjunctione
2544 2729 2848 2777 contentus.
2882 2720 3032 2777 Alias
3057 2737 3190 2777 vero
3209 2721 3421 2787 vivens,

1831 2810 2118 2882 abjiciatur
2138 2813 2310 2870 donec
2337 2812 2551 2869 desinat
2577 2830 2592 2880 ;
2640 2820 2696 2869 et
2729 2811 2797 2869 ad
2818 2812 3197 2884 paenitentiam
3240 2827 3424 2870 rever-

1832 2914 1996 2962 tatur.

1831 3039 1959 3098 CAP.
2004 3039 2094 3095 XI.
2118 3070 2190 3082 —
2217 3039 2298 3095 De
2323 3040 2628 3112 parricidio,
2656 3048 2706 3165 ft
2730 3039 2812 3096 his
2835 3040 2926 3112 qui
2953 3050 3137 3112 partus
3173 3058 3296 3098 suos
3334 3057 3424 3098 ne-

2557 3129 2656 3165 can
2685 3151 2700 3165 .

2557 3129 2700 3166 cant.

127 3240 540 3307 discretionem,
571 3240 942 3296 testimonium
965 3242 1118 3312 ponit
1157 3259 1221 3298 ex
1263 3242 1483 3308 Genesi,
1513 3243 1604 3298 ubi
1643 3244 1727 3298 di-

1902 3223 2261 3280 Parricidium
2293 3232 2475 3278 autem
2504 3238 2668 3294 quam
2717 3223 2790 3279 sit
2829 3223 3149 3280 detestabile
3191 3225 3420 3291 crimen,

125 3333 282 3388 citur
306 3332 538 3389 Abrahaz
571 3351 584 3389 :
619 3355 638 3386 ‹
668 3333 817 3403 Ejice
861 3335 1114 3390 ancillam
1159 3343 1213 3390 et
1242 3334 1410 3389 ﬁlium
1441 3336 1578 3406 ejus.
1611 3335 1726 3391 Non

123 3424 284 3478 enim
327 3424 502 3480 haeres
527 3425 632 3480 erit
675 3425 816 3481 ﬁlius
845 3425 1058 3480 ancillae
1103 3441 1226 3481 cum
1263 3425 1372 3482 ﬁlio
1411 3442 1533 3482 meo
1578 3426 1730 3482 Isaae

125 3511 296 3587 (Gen.
311 3515 450 3586 XXI).
475 3535 493 3568 ι
515 3515 668 3571 Unde
685 3531 806 3571 cum
822 3517 1057 3572 societas
1078 3516 1387 3586 nuptiarum
1403 3517 1477 3570 ita
1493 3518 1560 3572 ab
1577 3517 1729 3572 initio

124 3608 439 3663 constituta
465 3608 559 3674 sit,
591 3617 649 3661 ut
671 3619 868 3678 praeter
905 3624 1132 3664 sexuum
1166 3609 1602 3680 conjunctionem
1630 3611 1729 3665 ba-

121 3702 296 3755 beret
322 3699 374 3752 in
406 3714 463 3754 se
485 3698 686 3754 Christi
709 3707 762 3754 et
785 3699 1042 3754 Ecclesia:
1065 3708 1485 3765 sacramentum,
1509 3701 1729 3756 dubium

123 3806 251 3848 non
297 3797 382 3847 est
411 3806 532 3845 eam
579 3789 858 3844 mulierem
889 3806 996 3843 non
1025 3789 1300 3860 pertinere
1332 3796 1398 3843 ad
1446 3792 1731 3846 matrimo-

123 3885 316 3950 nium,
358 3885 412 3940 in
464 3901 568 3956 qua
591 3867 829 3940 .docetur
883 3883 1120 3955 nuptiale
1159 3900 1265 3939 non
1313 3883 1481 3940 fuisse
1533 3896 1733 3956 myste-

129 3979 310 4034 rium.
348 3979 515 4050 Igitur
540 3978 826 4050 cujuslibet
855 3977 958 4033 loci
997 3977 1251 4044 clericus,
1281 3978 1326 4033 si
1374 3978 1536 4033 ﬁliam
1579 3994 1730 4034 suam

127 4070 262 4126 viro
313 4070 532 4126 babenti
573 4071 930 4126 concubinam
980 4070 1034 4124 in
1064 4071 1470 4127 matrimonium
1500 4072 1729 4141 dederit,

128 4180 253 4220 non
285 4164 356 4220 ita
383 4164 758 4235 accipiendum
789 4173 891 4230 est,
921 4165 1080 4235 quasi
1105 4181 1225 4220 eam
1255 4163 1540 4238 conjugato
1566 4167 1731 4222 dede—

129 4259 239 4325 rit,
269 4259 370 4315 nisi
403 4259 540 4316 forte
569 4259 658 4314 illa
688 4260 884 4316 mulier
909 4269 964 4317 et
989 4262 1218 4333 ingenua
1257 4262 1422 4329 facta,
1467 4271 1522 4318 et
1548 4264 1733 4319 dotata

129 4353 407 4423 legitime,
430 4363 484 4408 et
510 4353 738 4424 publicis
760 4355 963 4425 nuptiis
1006 4355 1286 4411 bonestata
1317 4356 1565 4412 videatur
1591 4375 1604 4412 :
1639 4374 1734 4429 pa-

129 4455 302 4501 terno
331 4447 562 4503 arbitrio
589 4448 721 4503 viris
739 4448 942 4519 juncta:
983 4458 1174 4506 carent
1195 4450 1370 4521 culpa,
1404 4451 1449 4507 si
1477 4452 1733 4509 mulieres

127 4555 264 4610 qua:
289 4556 318 4594 a
351 4541 480 4596 viris
526 4541 828 4598 habeantur
873 4544 927 4598 in
970 4544 1317 4601 matrimonio
1341 4562 1448 4602 non
1490 4546 1704 4602 fuerunt

128 4631 282 4701 quia.
303 4632 450 4687 aliud
471 4641 555 4687 est
578 4643 764 4705 nupta,
798 4635 942 4689 aliud
965 4636 1286 4692 concubina.

211 4723 347 4777 Item
377 4725 430 4778 in
450 4723 711 4794 'ejusdem
741 4726 993 4791 decretis,
1024 4741 1142 4796 cap.
1177 4727 1268 4792 20,
1302 4729 1563 4799 scriptum
1604 4737 1685 4784 est
1711 4747 1725 4784 :

131 4819 296 4887 Quod
329 4833 433 4874 non
459 4818 529 4874 sit
557 4818 790 4890 conjugii
820 4819 1128 4890 duplicatio,
1155 4821 1389 4890 quando,
1414 4821 1603 4876 ancilla
1639 4837 1728 4877 re-

122 4911 304 4981 jecta,
335 4927 471 4966 uxor
492 4911 806 4965 assumitur.
832 4911 1097 4966 Ancillam
1139 4929 1169 4966 a
1203 4913 1359 4968 thoro
1397 4912 1653 4982 abjieere,
1675 4923 1731 4970 et

135 5020 370 5060 uxorem
401 5012 563 5059 certa:
594 5005 936 5074 ingenuitatis
977 5005 1242 5075 accipere,
1289 5021 1394 5060 non
1441 5006 1730 5077 duplicatio

137 5094 405 5168 conjugii,
435 5096 529 5152 sed
552 5095 826 5167 profectus
867 5103 952 5152 est
986 5096 1304 5152 honestatis.
1355 5097 1630 5169 Culpamla
1665 5099 1737 5154 sit

139 5205 282 5247 sane
311 5189 498 5244 talium
540 5189 861 5261 negligentia
890 5208 902 5244 :
928 5191 1021 5246 sed
1062 5207 1166 5247 non
1194 5193 1407 5264 penitus
1447 5193 1736 5266 desperano

140 5283 220 5340 da
248 5301 262 5336 :
296 5291 353 5338 ut
377 5282 585 5340 crebris
629 5282 1097 5339 exhortationibus
1125 5284 1353 5351 incitati,
1379 5287 1522 5357 quod
1551 5301 1737 5342 neces-

143 5377 299 5432 sarie
327 5376 722 5448 expetiverunt,
746 5373 974 5430 ﬁdeliter
996 5387 1377 5446 exsequantur.
1404 5376 1571 5433 Nemo
1591 5378 1734 5432 enim

143 5467 522 5538 desperandus
541 5475 645 5532 est,
663 5465 789 5522 dum
822 5467 876 5521 in
901 5468 1002 5524 hoc
1025 5483 1250 5539 corpore
1276 5470 1602 5525 constitutus
1621 5480 1733 5526 est:

141 5565 278 5636 quia
308 5580 690 5635 nonnunquam
739 5565 882 5634 quod
916 5564 1207 5620 difﬁdentia
1247 5567 1421 5621 :etalis
1470 5565 1734 5634 differtur,

141 5648 380 5713 c‘onsilio
423 5655 705 5713 maturiori
737 5655 1034 5726 perﬁcitur,
1061 5655 1114 5710 in
1149 5658 1495 5715 matrimonio
1527 5657 1738 5714 videtur

146 5768 296 5810 ι’δδθ.

1713 4587 1809 4651 ’1)

1831 3317 1888 3373 in
1925 3316 2131 3387 judicio
2176 3318 2319 3372 facto
2370 3318 2513 3371 inter
2551 3315 2684 3372 Cain
2713 3324 2768 3373 et
2795 3317 2930 3374 Abel
2967 3318 3190 3374 fratrem
3242 3335 3422 3384 suum,

1831 3409 2086 3465 Dominus
2112 3409 2227 3479 ipse
2253 3408 2511 3474 ostendit,
2542 3425 2666 3464 cum
2695 3409 2763 3464 ad
2787 3408 2920 3466 Cain
2946 3411 3277 3480 parricidam
3308 3414 3414 3468 ait:

1835 3522 1854 3556 ι
1885 3503 2198 3559 Maledictus
2249 3502 2360 3557 eris
2409 3517 2571 3572 super
2633 3511 2876 3570 terram,
2925 3518 3045 3573 quae
3097 3503 3316 3574 aperuit
3361 3519 3424 3560 os

1831 3610 2008 3660 suum,
2046 3602 2099 3650 et
2152 3593 2389 3662 suscepit
2431 3592 2748 3663 sanguinem
2797 3592 2984 3648 fratris
3032 3594 3108 3648 tui
3158 3595 3224 3650 de
3254 3609 3418 3649 manu

1832 3695 1945 3742 tua.
1979 3685 2093 3741 Non
2129 3686 2278 3742 dabit
2321 3684 2418 3738 tibi
2453 3684 2661 3740 fructus
2686 3701 2833 3740 suos.
2862 3686 3040 3756 Vagus
3076 3693 3132 3740 et
3157 3684 3418 3756 profugus

1833 3779 1942 3834 eris
1971 3792 2133 3848 super
2175 3786 2373 3830 terram
2403 3773 2555 3846 (Gen.
2588 3775 2684 3848 ιν).
2723 3795 2741 3828 ›
2777 3777 2833 3830 In
2877 3792 2985 3846 quo
3030 3775 3193 3831 etiam
3243 3777 3424 3846 posuit

1834 3870 2068 3942 signum,
2095 3870 2198 3924 hoc
2217 3879 2298 3924 est
2321 3876 2380 3922 ut
2403 3876 2642 3924 tremens
2671 3877 2726 3924 et
2756 3885 2978 3941 gemens
3002 3870 3263 3940 profugus
3288 3884 3428 3926 sem-

1836 3982 1934 4038 per
1957 3965 2188 4031 viveret,
2231 3979 2334 4020 nec
2377 3963 2596 4019 auderet
2622 3963 2736 4033 jam
2784 3963 2994 4033 uspiam
3038 3965 3195 4020 sedes
3225 3964 3428 4020 habere

1834 4059 2065 4129 quietas.
2101 4057 2208 4113 Sed
2231 4055 2357 4126 quia
2383 4056 2439 4110 in
2465 4054 2740 4110 modernis
2781 4055 3116 4125 temporibus
3143 4055 3428 4126 parricida:

1833 4151 2048 4226 profugi
2087 4151 2398 4206 discurrunt
2439 4162 2538 4218 per
2571 4147 2785 4202 diversa
2816 4146 2956 4214 loca,
2981 4155 3038 4202 et
3064 4147 3232 4203 variis
3280 4147 3427 4203 vitiis

1836 4257 1998 4318 atque
2023 4246 2160 4319 gula:
2203 4244 2471 4300 illecebris
2502 4243 2840 4309 deserviunt,
2887 4242 3079 4299 melius
3111 4243 3246 4300 mihi
3270 4243 3426 4300 vide-

1836 4350 1946 4408 tur,
1973 4348 2034 4394 ut
2062 4339 2114 4393 in
2162 4353 2270 4393 uno
2314 4336 2434 4393 loco
2477 4343 2778 4400 manentes,
2815 4335 3132 4407 paenitentia
3180 4335 3426 4392 districta

1837 4431 2156 4502 semctipsos
2183 4430 2470 4501 castigent,
2509 4428 2554 4482 si
2597 4426 2735 4483 forte
2765 4443 2795 4482 a
2821 4427 3036 4482 Domini
3067 4425 3309 4482 bonitate
3340 4427 3426 4482 in-

1835 4521 2164 4594 dulgentiam
2193 4519 2450 4576 facinoris
2482 4519 2565 4574 sui
2614 4519 2893 4590 percipere
2936 4526 3268 4574 mereantur.
3311 4517 3425 4574 Non

1837 4615 1981 4670 enim
2009 4613 2090 4670 eis
2131 4613 2315 4669 licebit
2344 4612 2485 4667 ultra
2519 4611 2727 4668 militia:
2772 4611 3046 4683 cingulum
3092 4628 3329 4678 sumere,
3374 4621 3428 4667 et

1837 4705 2041 4776 nuptiis
2070 4714 2232 4774 atque
2264 4701 2499 4775 conjugii
2529 4702 2721 4772 copula
2767 4702 2845 4757 uti
2874 4719 2888 4756 :
2917 4701 3045 4771 quia
3083 4703 3223 4758 sacri
3253 4702 3427 4758 Cano-

1835 4813 1932 4853 nes
1964 4798 2066 4853 hoc
2093 4796 2172 4852 eis
2199 4812 2305 4851 non
2356 4795 2706 4850 consentiunt
2737 4809 2750 4847 :
2789 4793 2930 4849 sicut
2960 4795 3118 4850 modo
3149 4795 3215 4850 de
3244 4795 3423 4866 paeni-

1837 4888 2076 4945 tentibus
2105 4904 2203 4958 pro
2226 4887 2396 4956 culpis
2424 4887 2665 4958 gravium
2693 4886 2982 4942 criminum
3012 4888 3230 4943 decreta
3257 4903 3419 4960 syno-

1836 4981 1977 5038 dalia
2009 4982 2298 5036 decernere
2319 4979 2587 5036 ostensuri
2617 4993 2822 5036 sumus.

1908 5079 2100 5150 Itaque
2151 5079 2204 5132 iu
2241 5077 2530 5149 Ancyrano
2573 5075 2828 5144 concilio,
2872 5089 2989 5146 cap.
3024 5074 3115 5140 20,
3163 5073 3422 5145 scriptum

1839 5178 1925 5226 est
1964 5171 2029 5226 de
2063 5169 2149 5224 his
2178 5169 2269 5238 qui
2311 5175 2498 5239 partus
2533 5182 2659 5223 suos
2685 5181 2752 5222 ex
2798 5164 3152 5221 fornicatione
3195 5163 3424 5220 diversis

1840 5261 2014 5316 modis
2040 5260 2389 5314 interimunt:
2413 5259 2487 5313 De
2516 5256 2832 5313 mulieribus
2852 5271 2971 5328 qua:
2993 5256 3352 5321 fornicamur,
3371 5263 3426 5309 et

1840 5362 2030 5427 partus
2072 5368 2199 5408 suos
2239 5360 2456 5418 necant,
2492 5351 2576 5406 vel
2607 5366 2728 5422 qua:
2755 5359 2918 5424 agunt
2953 5366 3137 5406 secum
3182 5357 3244 5402 ut
3269 5355 3425 5404 utero

1843 5453 2134 5517 conceptos
2173 5444 2471 5510 excutiant,
2500 5443 2720 5513 antiqua
2745 5443 2962 5514 quidem
2990 5439 3231 5496 deﬁnitio
3256 5452 3427 5508 usque

1842 5539 1910 5595 ad
1940 5539 2143 5595 exitum
2175 5539 2302 5594 vita:
2338 5553 2432 5594 eas
2465 5538 2534 5593 ab
2567 5537 2808 5592 Ecclesia
2836 5541 3096 5592 removet.
3124 5531 3428 5589 Humanius

1843 5642 2022 5689 autem
2048 5649 2192 5689 nunc
2211 5631 2520 5699 deﬁnimus,
2535 5640 2594 5687 ut
2613 5630 2694 5688 eis
2715 5630 2902 5685 decem
2929 5641 3191 5683 annorum
3214 5633 3429 5695 tempus

1841 5729 2139 5784 secundum
2161 5727 2413 5798 praeﬁxos
2433 5727 2632 5798 gradus
2650 5722 2984 5797 poenitentia:
3003 5721 3319 5791 largiamur.

1908 5823 2041 5878 Item
2083 5821 2138 5879 in
2180 5821 2409 5880 concilio
2435 5817 2854 5882 Heliberritano,
2886 5828 3008 5886 cap.
3045 5809 3133 5879 63,
3161 5812 3426 5884 scriptum
