3938 6334
483 377 633 442 ἨΜ

1168 376 1228 431 Β.
1270 373 1523 432 RABANI
1561 371 1781 434 MAURl
1817 359 2136 433 ARCHIEP.
2177 361 2486 423 MOGUNT.
2527 353 2814 420 OPERUM
2850 357 3032 417 PARS
3069 350 3154 414 lli.

3641 355 3777 411 illi

501 505 586 550 est
614 494 678 548 de
701 492 787 546 his
811 505 931 560 qua:
951 487 1090 544 ﬁlios
1116 502 1179 545 ex
1212 487 1478 542 adulterio
1499 495 1694 542 necant
1719 505 1731 540 :
1769 485 1826 541 Si
1852 501 1957 556 qua
1986 497 2084 554 per
2111 480 2160 540 Α
2186 477 2240 531 in
2265 475 2517 532 omnibus
2541 473 2798 544 operibus
2823 471 2937 528 suis
2969 489 2982 525 :
3017 470 3109 540 qui
3137 467 3349 538 judicat
3390 466 3594 560 orbem
3621 473 3776 522 terra

503 584 825 639 adulterium
871 581 1094 636 absente
1132 580 1331 635 marito
1377 579 1709 648 conceperit,
1755 579 1916 648 idque
1963 584 2086 662 post

505 676 713 731 facinus
754 673 1032 736 occiderit,
1080 671 1283 742 placuit
1328 671 1417 746 vix
1447 671 1501 724 in
1551 669 1657 724 ﬁne
1686 670 1916 725 dandam
1965 684 2083 724 esse

503 764 962 828 communionem,
990 777 1056 816 eo
1085 760 1228 831 quod
1254 760 1607 831 geminaverit
1638 759 1832 815 scelus.

575 856 707 911 Item
736 855 789 908 in
813 853 1043 910 concilio
1088 852 1412 917 Hilerdensi,
1455 867 1575 923 cap.
1610 851 1665 917 2,
1698 852 1957 922 scriptum
2003 856 2088 906 est

505 947 574 1001 de
615 946 700 1002 his
728 945 820 1016 qui
865 945 1112 999 abortum
1143 941 1369 1008 faciunt,
1405 943 1488 998 vel
1521 951 1678 998 natos
1726 959 1851 998 suos
1882 943 2087 998 exstin-

506 1044 713 1108 guunt:
743 1035 807 1089 lli
849 1049 977 1090 vero
1019 1034 1114 1104 qui
1159 1034 1302 1088 male
1351 1042 1664 1106 conceptos,
1707 1051 1773 1090 ex
1821 1033 2086 1089 adulterio

508 1127 682 1184 factos
707 1127 792 1182 vel
823 1126 997 1182 editos
1023 1139 1219 1181 necare
1244 1125 1568 1191 studuerint,
1597 1126 1680 1182 vel
1728 1127 1780 1181 in
1807 1125 2087 1181 ventribus

511 1227 768 1283 matrum,
797 1218 1106 1288 potionibus
1149 1217 1419 1288 aliquibus
1447 1217 1745 1274 colliserint
1775 1219 1829 1273 in
1855 1226 2087 1289 utroque

508 1328 642 1367 sexu
697 1311 988 1375 adulteris,
1042 1319 1166 1381 post
1211 1319 1417 1380 septem
1465 1326 1728 1366 annorum
1775 1311 2082 1377 curricula,

506 1402 814 1458 communio
863 1402 1164 1457 tribuatur:
1192 1402 1264 1457 ita
1320 1410 1500 1456 tamen
1547 1411 1606 1457 ut
1643 1403 1790 1459 omni
1847 1411 2088 1474 tempore

504 1493 629 1547 vitae
658 1507 770 1550 sua:
791 1491 1004 1548 fletibus
1025 1500 1080 1548 et
1105 1493 1390 1548 humilitati
1421 1493 1696 1550 insistant.

528 1651 540 1662 .
560 1604 688 1662 Car.
730 1603 843 1660 XII.
875 1634 945 1644 —
967 1604 1045 1660 De
1068 1606 1362 1664 homicidiis
1394 1607 1687 1662 voluntarie
1716 1609 2026 1664 commissis.

573 1721 632 1775 ln
661 1720 890 1778 concilio
929 1719 1371 1788 Neocmsariensi,
1405 1738 1526 1793 cap.
1553 1723 1644 1790 2|,
1677 1723 1746 1782 de
1783 1724 2088 1784 homicidiis

506 1813 767 1883 scriptum
809 1821 926 1868 est:
955 1813 1056 1879 Qui
1083 1813 1386 1869 voluntarie
1435 1815 1787 1869 homicidium
1837 1813 2066 1870 fecerint

505 1910 836 1981 poenitentia
861 1910 1076 1979 quidem
1098 1909 1301 1981 jugiter
1330 1926 1388 1965 se
1425 1911 1764 1975 submittant,
1790 1909 2085 1981 perfectio-

506 2017 629 2057 nem
655 2018 785 2058 vero
818 2003 966 2058 circa
1000 2003 1203 2058 exitum
1232 2012 1654 2074 consequantur.

634 2115 762 2171 CAP.
804 2113 940 2170 Xlll.
960 2145 1033 2156 —
1061 2114 1134 2170 De
1168 2113 1442 2170 homicidia
1477 2124 1524 2169 et
1551 2114 1702 2186 falsis
1731 2115 1962 2168 testibus.

581 2224 708 2290 ltem
737 2225 792 2282 in
816 2225 1045 2294 concilio
1081 2225 1400 2300 Agathensi,
1426 2241 1544 2298 cap.
1571 2226 1660 2291 54,
1690 2225 1754 2282 de
1804 2223 2088 2290 homicidis

507 2327 562 2374 et
611 2318 760 2373 falsis
806 2318 1034 2386 testibus
1063 2319 1324 2396 scriptum
1370 2317 1706 2388 est:ltaque
1755 2317 2086 2382 censuimus,

509 2413 811 2468 homicidas
838 2422 892 2467 et
938 2411 1104 2467 falsos
1129 2420 1298 2467 testes
1335 2427 1365 2464 a
1409 2411 1785 2470 communione
1828 2409 2088 2470 ecclesia-

511 2503 646 2559 stica
669 2504 1083 2568 submovendas,
1105 2503 1207 2557 nisi
1233 2503 1566 2576 pmnitentim
1587 2501 1953 2558 satisfactione
1980 2501 2088 2560 cri-

512 2595 654 2649 mina
689 2594 925 2658 admissa
949 2592 1225 2650 diluerint.

511 2707 638 2766 Car.
679 2708 817 2770 XIV.
842 2739 915 2750 —
936 2708 1014 2780 De
1051 2709 1132 2763 his
1169 2710 1258 2780 qui
1299 2725 1472 2766 servos
1513 2725 1636 2780 suos
1668 2718 1819 2780 extra
1854 2708 2090 2780 judicent

582 2789 787 2903 secant,
820 2789 869 2835 et
922 2777 1278 2852 dominoque:
1319 2797 1410 2851 per
1451 2779 1617 2834 zelum
1658 2777 1909 2834 ancillam
1950 2778 2088 2834 occi-

618 2861 735 2904 erit.

582 2963 714 3018 ltem
738 2963 792 3018 in
819 2963 1050 3020 concilio
1083 2962 1399 3034 Agathensi,
1449 2977 1568 3032 cap.
1603 2961 1692 3028 62,
1720 2961 1980 3032 scriptum
2010 2968 2094 3014 est

512 3057 581 3114 de
604 3056 690 3114 his
709 3056 803 3126 qui
823 3071 1011 3112 servos
1031 3071 1159 3116 suos
1187 3063 1337 3110 extra
1361 3053 1597 3124 judicem
1623 3060 1821 3107 necant
1845 3068 1858 3103 :
1884 3049 1944 3104 Si
1969 3049 2090 3119 quis

516 3163 732 3202 servum
764 3148 1042 3217 proprium
1074 3146 1190 3202 sine
1235 3143 1562 3200 conscientia
1589 3142 1784 3211 judicis
1805 3139 2086 3205 occiderit,

2188 569 2241 624 in
2265 568 2517 638 aequitate
2538 574 2591 620 et
2611 565 2838 636 populos
2874 564 2926 618 in
2965 563 3195 618 veritate
3218 576 3347 626 sua;
3377 558 3504 614 sine
3542 575 3660 630 quo
3691 574 3782 614 nec

2185 676 2376 732 passer
2409 660 2554 716 cadit
2583 672 2750 728 super
2773 665 2974 712 terram
2997 653 3169 726 (ΡεαΙ.
3197 651 3405 724 cxuv).
3441 671 3462 702 ι
3489 649 3608 706 Sed
3631 667 3780 705 nemo

2187 753 2369 810 omnia
2390 751 2595 821 judicia
2642 751 2737 806 Dei
2772 757 3062 820 penetrare
3108 755 3305 817 potest,
3335 744 3610 815 quoniam
3659 745 3781 799 scri-

2187 855 2339 918 ptum
2361 853 2475 901 est:
2498 864 2516 896 ι
2540 842 2749 899 Iudicia
2777 843 2872 897 Dei
2895 840 3124 912 abyssus
3149 839 3318 893 multa
3335 836 3518 908 (Ρωι.
3543 837 3736 898 xxxv).
3761 857 3776 889 ι

2189 939 2345 995 Unde
2371 943 2585 1008 oportet
2610 951 2704 991 eos
2730 933 3100 996 considerare,
3132 930 3226 1002 qui
3267 930 3418 984 hanc
3469 943 3669 982 necem
3696 942 3782 981 ne-

2187 1029 2383 1084 fariam
2412 1028 2702 1083 defendere
2726 1025 2970 1096 cupiunt,
3002 1032 3184 1077 utrum
3233 1021 3357 1076 illos
3383 1035 3593 1075 coram
3622 1019 3784 1072 Oculis

2188 1122 2283 1178 Dei
2333 1121 2489 1192 quasi
2541 1120 2794 1176 innoxios
2841 1129 3106 1174 excusare
3153 1114 3391 1186 possint,
3421 1113 3522 1184 qui
3573 1123 3784 1183 propter

2188 1213 2471 1269 avaritiam
2500 1227 2622 1282 qua:
2651 1211 2892 1266 omnium
2925 1208 3193 1264 malorum
3237 1207 3394 1261 radix
3452 1215 3564 1270 est,
3599 1216 3654 1260 et
3685 1207 3784 1259 ido-

2187 1301 2363 1358 lorum
2413 1303 2663 1358 servituti
2689 1307 3057 1371 comparatur,
3085 1307 3246 1369 atque
3284 1307 3522 1368 propter
3549 1296 3783 1351 favorem

2189 1394 2529 1450 dominorum
2573 1409 2796 1450 suorum
2843 1389 3240 1462 temporalium,
3295 1401 3580 1444 aeternum
3619 1387 3786 1442 Domi-

2188 1501 2318 1540 num
2356 1495 2825 1557 contempserunt,
2851 1493 2907 1539 et
2947 1484 3201 1539 mandata
3249 1482 3400 1538 illius
3445 1493 3783 1552 spernentes,

2189 1591 2297 1632 non
2325 1591 2456 1632 casu
2493 1577 2587 1631 sed
2633 1591 2732 1648 per
2777 1575 3100 1631 industriam
3143 1571 3517 1628 homicidium
3557 1572 3786 1642 perit-ee-

2190 1680 2333 1726 runt.
2360 1670 2492 1725 Nam
2525 1671 2593 1726 de
2622 1671 2707 1725 his
2742 1669 2971 1741 legimus
3009 1667 3100 1738 qui
3146 1666 3405 1721 homines
3451 1681 3572 1720 non
3611 1679 3782 1736 sponte

2191 1759 2600 1826 interfecerunt,
2635 1761 2806 1815 Deum
2847 1774 2945 1829 per
2970 1757 3106 1827 legis
3131 1756 3366 1812 latorem
3395 1755 3578 1810 urbes
3605 1756 3780 1826 refugi

2069 1854 2084 1880 ’
2114 1847 2164 1908 B
2191 1853 2478 1922 deputasse
2512 1871 2524 1905 :
2564 1853 2629 1906 ad
2677 1867 2816 1922 quas
2881 1849 3252 1920 confugientes
3320 1848 3682 1902 salvarentur
3723 1849 3780 1902 ab

2189 1945 2370 2000 ultore
2412 1942 2688 2014 sanguinis
2733 1940 2965 2012 proximi
3017 1941 3118 2003 sui,
3149 1947 3206 1995 et
3249 1955 3362 1994 non
3417 1949 3777 1994 morerentur.

2190 2037 2318 2093 lude
2347 2039 2400 2092 in
2431 2034 2848 2091 Deuteronomio
2883 2033 3143 2104 scriptum
3169 2040 3253 2088 est
3287 2051 3301 2085 :
3338 2053 3356 2082 ι
3399 2031 3538 2087 Haec
3567 2033 3668 2087 erit
3707 2032 3778 2084 lex

2191 2130 2495 2193 homicidio,
2520 2129 2675 2199 cujus
2701 2128 2810 2181 vita
2857 2128 3121 2182 servanda
3163 2134 3267 2179 est.
3299 2124 3406 2192 Qui
3461 2125 3776 2194 percusserit

2191 2223 2496 2295 proximum
2539 2236 2695 2276 suum
2738 2219 3090 2282 nesciens,et
3134 2216 3254 2272 heri
3299 2224 3358 2272 et
3383 2216 3774 2272 nudiustertius

2191 2315 2396 2384 nullum
2436 2321 2623 2369 contra
2675 2327 2798 2368 eum
2834 2309 3090 2374 habuisse
3368 2307 3772 2377 comprobatur,

2193 2409 2292 2466 sed
2335 2407 2536 2466 abiisse
2583 2405 2904 2476 simpliciter
2940 2419 3062 2464 cum
3089 2416 3160 2460 eo.
3200 2401 3256 2460 in
3302 2399 3509 2458 silvam
3552 2400 3620 2454 ad
3654 2401 3792 2470 tigna:

2195 2501 2467 2566 radenda,
2513 2509 2568 2560 et
2602 2500 2657 2556 in
2690 2497 2997 2554 succisione
3035 2495 3330 2566 lignorum.
3379 2495 3608 2550 securis
3643 2491 3772 2563 fuge-

2196 2591 2266 2647 rit
2286 2591 2354 2648 de
2375 2607 2562 2655 manu,
2590 2595 2683 2646 aut
2715 2587 2916 2644 ferrum
2943 2587 3150 2656 lapsum
3192 2586 3258 2640 de
3299 2585 3626 2648 manuario,
3655 2586 3774 2638 ani-

2193 2702 2320 2746 cum
2345 2685 2468 2756 ejus
2490 2684 2820 2756 percusserit
2859 2691 2916 2738 et
2939 2680 3222 2745 occiderit,
3251 2679 3350 2736 hic
3385 2680 3464 2736 ad
3511 2695 3678 2734 unam
3701 2695 3776 2732 Ir-

2192 2778 2343 2836 hium
2373 2777 2808 2848 supradictarum
2850 2773 3124 2844 confugiet
3161 2781 3220 2828 et
3257 2771 3414 2827 vivet
3445 2785 3466 2824 :-
3497 2787 3568 2826 ne
3613 2771 3776 2840 pmi-

2194 2886 2316 2930 mus
2353 2869 2472 2939 ejus
2497 2868 2652 2938 cujus
2679 2867 2900 2938 sanguis
2926 2864 3128 2922 effusus
3167 2872 3276 2929 est,
3320 2862 3560 2919 stimulo
3593 2861 3778 2917 dilatis

2193 2963 2466 3035 percutiat
2485 2963 2720 3017 animam
2760 2960 2876 3029 ejus
2901 2959 3078 3031 (Deut.
3111 2959 3248 3025 xix).
3285 2977 3308 3008 δ
3339 2956 3420 3011 De
3449 2971 3520 3010 eo
3547 2955 3774 3021 venui

2194 3070 2294 3126 per
2317 3054 2638 3112 industriam
2662 3053 2900 3122 aliquem
2927 3050 3208 3113 occiderit,
3234 3049 3292 3103 in
3323 3048 3528 3104 Ειοὼ
3555 3049 3632 3103 ia
3659 3064 3778 3118 pr;-

2197 3156 2414 3218 ceptttm
2455 3155 2537 3204 est
2571 3166 2582 3199 :
2619 3167 2638 3199 ‹
2669 3145 2730 3201 Si
2771 3144 2897 3214 quis
2935 3144 3004 3199 de
3032 3141 3295 3197 industria
3349 3151 3408 3196 et
3431 3158 3540 3211 per

517 3211 1078 3298 “communicatione
1108 3239 1193 3294 vel
1229 3237 1548 3308 pmniteatia
1593 3234 1831 3301 biennii,
1884 3241 2090 3289 reatum

2197 3240 2459 3298 occiderit
2479 3239 2806 3310 proximum,
2848 3237 2917 3294 ab
2947 3236 3102 3290 altari
3148 3249 3272 3290 meo
3301 3234 3520 3289 evellas
3563 3251 3706 3297 eum.
3725 3243 3770 3287 α

516 3334 796 3406 sanguinis
825 3331 1159 3389 emundabit.

586 3426 720 3481 Item
769 3426 826 3480 in
854 3423 1086 3480 concilio
1135 3421 1548 3484 Heliherritano,
1585 3434 1704 3490 cap.
1739 3419 1794 3484 5,
1832 3417 2093 3488 scriptum

515 3525 614 3578 est,
665 3517 714 3572 si
755 3516 975 3571 domina
1017 3530 1115 3585 per
1163 3513 1338 3568 zelum
1388 3513 1639 3568 ancillam
1690 3511 1952 3567 occiderit
1985 3528 1998 3563 :
2035 3509 2093 3564 Si

515 3621 622 3676 qua
649 3603 870 3670 femina,
899 3605 1082 3662 furore
1111 3604 1213 3660 zeli
1241 3619 1491 3670 accensa,
1515 3602 1699 3674 ﬂagris
1726 3601 2096 3656 verberaverit

517 3698 768 3758 suculam
800 3715 974 3766 suam,
1015 3701 1090 3755 ita
1119 3709 1178 3754 ut
1233 3699 1372 3754 intra
1418 3699 1632 3753 tertium
1679 3698 1822 3752 diem
1856 3697 2092 3751 animam

516 3805 642 3848 cum
661 3789 904 3845 cruciatu
936 3788 1196 3854 effundat,
1233 3804 1300 3845 eo
1324 3789 1470 3858 quod
1511 3789 1774 3843 incertqu
1813 3788 1884 3842 sit
1914 3786 2096 3841 volun-

520 3889 630 3940 tate
655 3895 728 3940 an
754 3896 884 3938 casu
910 3879 1174 3936 occiderit
1204 3897 1217 3934 :
1247 3880 1294 3935 si
1318 3880 1613 3945 voluntate,
1645 3887 1852 3948 septem
1899 3892 2091 3942 annos,

518 3973 566 4030 si
591 3988 740 4038 casu,
764 3986 860 4043 per
881 3971 1242 4046 quinquennii
1269 3979 1529 4042 tempora,
1563 3978 1682 4026 acta
1718 3969 1952 4040 legitima
1981 3983 2096 4038 pm-

519 4065 769 4130 nitentia,
801 4065 869 4120 ad
899 4065 1332 4124 communionem
1371 4062 1573 4132 placuit
1598 4061 1832 4118 admitti.
1865 4059 2018 4126 Quod
2048 4059 2094 4114 si

519 4154 660 4210 infra
681 4164 924 4224 tempora
943 4155 1240 4214 constituta
1261 4152 1424 4214 fuerit
1446 4154 1682 4218 infirma,
1699 4151 1932 4222 accipiat
1948 4165 2096 4210 com-

519 4247 852 4312 munionem.

519 4355 651 4429 Cn.
692 4356 806 4412 XV.
837 4387 908 4399 -—
931 4355 1010 4411 De
1032 4355 1328 4414 homicidiis
1367 4375 1470 4413 non
1496 4367 1677 4429 sponte
1699 4361 2006 4425 commissis,
2048 4367 2097 4413 et

593 4428 812 4500 illisqui
849 4445 903 4484 se
929 4439 1178 4500 excusant
1202 4430 1352 4500 quasi
1381 4428 1607 4484 insontes
1637 4431 1702 4484 ab
1730 4431 2013 4486 homicidio
2041 4431 2097 4484 in

589 4499 770 4571 prwlio
793 4501 1065 4560 commisso
1086 4499 1238 4568 jussu
1263 4502 1574 4570 principum.

592 4611 648 4666 la
693 4612 923 4668 concilio
970 4611 1410 4677 Neocaesariensi,
1441 4627 1562 4682 cap.
1586 4611 1676 4678 22,
1708 4611 1970 4682 scriptum
2013 4619 2096 4668 est

525 4701 592 4760 de
639 4704 724 4757 bis
762 4703 855 4774 qui
896 4719 1003 4764 non
1047 4711 1237 4772 sponte
1277 4703 1630 4760 homicidium
1667 4704 2093 4759 commiserunt:

527 4794 604 4849 De
637 4795 938 4854 homicidiis
981 4811 1090 4852 non
1129 4805 1320 4866 sponte
1341 4783 1668 4860 commissis,
1699 4796 1849 4864 prior
1877 4795 2098 4866 quidem

528 4885 787 4952 definitio,
807 4896 927 4957 post
952 4893 1268 4958 septennem
1293 4886 1688 4956 pcenitentiam,
1713 4885 2099 4956 perfectionem

528 4979 784 5046 consequi
814 4978 1095 5048 prmcepit;
1123 4979 1362 5040 secunda
1387 4994 1534 5043 vero,
1581 4978 1931 5048 quinquennii
1959 4986 2097 5034 tem-

529 5084 629 5140 pus
655 5068 888 5140 explere.

600 5161 754 5229 Quod
794 5170 976 5219 autem
1014 5165 1235 5234 quidam
1281 5163 1629 5222 homicidium
1656 5165 1798 5234 quod
1844 5181 2016 5234 nuper
2047 5166 2100 5220 in

529 5254 794 5314 seditione
821 5261 877 5309 et
909 5255 1093 5324 praelia
1132 5256 1434 5326 prhicipum
1473 5264 1778 5314 nostrorum
1825 5264 2102 5326 perpetra-

533 5354 645 5402 tum
675 5355 779 5412 est,
810 5356 1090 5412 excusant,
1123 5348 1280 5417 quasi
1311 5363 1530 5406 necesse
1558 5349 1628 5403 sit
1669 5363 1768 5418 pro
1811 5348 1912 5404 hoc
1948 5348 2104 5406 cuili-

529 5440 618 5496 bet
655 5457 814 5513 agere
857 5442 1252 5512 pmniteutiam,
1301 5457 1366 5502 eo
1411 5442 1558 5512 quod
1599 5442 1751 5511 jussu
1798 5443 2098 5513 principum

533 5543 810 5604 peractum
866 5535 960 5600 sit,
1002 5543 1060 5590 et
1109 5535 1206 5598 Dei
1236 5533 1440 5603 judicio
1488 5537 1560 5591 ita
1611 5537 1842 5592 finitum.
1890 5536 2102 5593 Scimus

530 5625 676 5704 enim
698 5625 846 5696 quod
879 5626 972 5680 Dei
995 5625 1262 5695 judicium.
1280 5642 1492 5699 semper
1516 5627 1718 5697 justum
1745 5636 1846 5694 est,
1877 5637 1933 5684 et
1955 5628 2101 5684 nulla

531 5717 949 5786 reprehensione
975 5717 1227 5787 dignum;
1260 5717 1328 5772 de
1354 5733 1463 5787 quo
1491 5719 1656 5776 etiam
1681 5721 1940 5789 scriptum
1969 5729 2052 5776 est
2083 5741 2095 5775 :

539 5826 556 5856 ι
587 5805 770 5862 Justus
820 5807 1077 5862 Dominus
1106 5808 1159 5862 in
1203 5809 1454 5870 omnibus
1494 5810 1596 5864 viis
1635 5811 1766 5877 suis,
1800 5821 1850 5868 et
1882 5820 2100 5870 sanctus

2194 3333 2459 3390 moriatur
2484 3329 2679 3403 (Exod.
2725 3330 2860 3401 xxi).
2896 3350 2916 3382 ι
2947 3329 3013 3384 Et
3062 3331 3118 3384 in
3163 3329 3604 3392 Deuterononio
3629 3347 3645 3380 :
3677 3348 3696 3378 σ
3723 3326 3770 3380 Si

2193 3429 2338 3499 quis,
2367 3426 2559 3497 inquit,
2600 3425 2728 3481 odio
2765 3425 2966 3480 habens
3006 3425 3314 3494 proximum
3350 3439 3544 3484 suum,
3571 3423 3772 3476 insidia-

2197 3530 2282 3575 tus
2312 3519 2474 3574 fuerit
2502 3518 2628 3572 vitae
2653 3517 2792 3587 ejus,
2821 3525 2876 3571 et
2901 3531 3130 3586 surgens
3159 3516 3506 3585 percusserit
3539 3514 3700 3567 illum.
3726 3521 3770 3565 ct

2196 3621 2442 3667 mortuus
2485 3609 2669 3672 fuerit,
2698 3617 2753 3663 et
2801 3607 3000 3678 fugerit
3037 3607 3104 3662 ad
3149 3621 3316 3660 unam
3347 3607 3414 3662 de
3462 3604 3768 3674 sapientiai:

2195 3703 2441 3768 urbibus,
2475 3701 2690 3756 mittent
2711 3700 2954 3754 seniores
2980 3698 3220 3753 civitatis
3260 3697 3434 3761 illius,
3471 3706 3532 3751 et

2196 3809 2318 3848 eum
2343 3793 2410 3848 de
2437 3792 2555 3846 loco
2583 3791 2772 3860 refugii
2804 3810 2816 3844 :
2843 3799 2894 3845 et
2919 3791 3132 3844 tradent
3156 3804 3282 3843 eum
3305 3789 3363 3842 in
3387 3803 3592 3842 manus
3613 3789 3768 3857 pmi-

2197 3884 2270 3938 mi
2306 3883 2440 3952 ejus,
2471 3883 2624 3953 cujus
2649 3883 2870 3952 sanguis
2895 3879 3100 3937 eﬂusus
3137 3887 3238 3940 est.
3274 3889 3332 3933 et
3375 3881 3668 3938 morietur.
3689 3893 3770 3932 ne:

2197 3975 2543 4030 misereberis
2589 3972 2707 4041 ejus
2751 3972 2932 4043 (Deut.
2963 3971 3098 4042 nx).
3131 3991 3150 4024 ι
3185 3970 3244 4027 Si
3288 3983 3428 4039 ergo
3475 3987 3602 4025 eum
3634 3986 3772 4040 qua

2197 4066 2457 4122 Dominus
2506 4065 2726 4135 dignum
2776 4072 2947 4120 morte
2993 4077 3114 4120 esse
3160 4061 3446 4130 judicavit.
3483 4078 3637 4117 reum
3683 4077 3772 4116 ιω

2198 4173 2318 4214 esse
2363 4157 2484 4228 quis
2531 4156 2680 4220 (ﬁcit,
2725 4153 2994 4224 quomodo
3034 4151 3346 4210 contrarius
3385 4151 3500 4222 legi
3549 4151 3644 4207 Dei
3681 4169 3774 4204 uel

2199 4249 2402 4314 existit,
2426 4248 2520 4318 qui
2540 4247 2643 4302 hoc
2669 4246 2816 4316 quod
2839 4245 3100 4308 Dominus
3121 4243 3405 4312 praecepit,
3429 4258 3654 4298 cassum
3675 4256 3772 4294 esse

2199 4339 2505 4398 contendit?
2556 4337 2864 4400 Videndum.
2890 4352 3018 4408 ergo
3063 4336 3142 4391 illi
3173 4344 3256 4390 est
3291 4351 3364 4389 nc
3413 4335 3564 4392 forte
3593 4338 3646 4389 in
3681 4335 3776 4388 ιὼν

2201 4447 2318 4486 rum
2371 4446 2596 4486 numero
2645 4431 2735 4494 sit,
2774 4430 2974 4500 quibus
3021 4445 3117 4499 per
3161 4428 3494 4497 prophetam
3546 4429 3772 4482 dicitur:

2209 4546 2226 4578 ι
2263 4525 2355 4580 Va:
2387 4524 2538 4580 vobis
2565 4523 2658 4593 qui
2688 4523 2948 4579 COllSlliliS
2990 4519 3236 4592 pulvillos
3267 4519 3373 4574 sub
3397 4521 3556 4574 (inani
3594 4519 3772 4574 cubitu.

2200 4625 2255 4671 et
2292 4615 2578 4671 cervicalia
2611 4614 2677 4670 ad
2722 4613 3062 4686 decipiendus
3088 4612 3297 4666 animas
3325 4611 3556 4682 (Ezech.
3587 4623 3720 4666 mn.
3755 4629 3770 4658 ι

2200 4710 2268 4766 Et
2291 4709 2416 4765 alibi
2447 4724 2460 4762 :
2493 4729 2510 4761 ‹
2545 4709 2636 4763 Va:
2658 4709 2832 4774 vobis,
2866 4706 3064 4777 inquit,
3088 4706 3176 4774 qui
3221 4704 3408 4758 dicitis
3436 4705 3644 4758 bonum
3679 4717 3772 4755 m-

2205 4802 2332 4866 lum,
2361 4812 2414 4856 et
2445 4800 2644 4876 malum
2697 4800 2920 4864 bonum,
2953 4793 3211 4868 ponentes
3243 4795 3428 4850 lucem
3459 4797 3774 4850 tenebrasrt

2206 4894 2455 4950 tenebras
2501 4892 2698 4956 lucem,
2737 4890 2980 4946 dicentes
3026 4903 3270 4941 amarum
3306 4886 3492 4952 dulce,
3541 4896 3600 4941 et
3643 4887 3773 4938 duit:

2205 4999 2468 5040 amarum.
2523 4981 2681 5037 Tales
2721 4997 2850 5052 ergo
2887 4979 3212 5038 mortificant
3263 4979 3488 5034 animus
3534 4993 3654 5048 qua:
3686 4990 3772 5028 niis

2204 5076 2528 5139 moriuntur,
2557 5083 2612 5130 et
2638 5073 2914 5128 vivificant
2936 5086 3056 5144 qua:
3096 5086 3202 5128 non
3242 5070 3442 5124 vivunt
3479 5068 3620 5138 (1³η.
3658 5075 3724 5132 τ),
3757 5083 3768 5113 ι

2205 5165 2463 5236 Quisquis
2487 5180 2616 5238 ergo
2641 5164 2906 5220 malorum
2926 5177 3160 5234 operum.
3199 5162 3319 5216 sine
3359 5162 3636 5233 condigna
3673 5175 3774 5230 ptr-

2205 5257 2434 5314 nitentia
2461 5271 2786 5326 quemquam
2812 5255 3027 5310 veniam
3083 5268 3114 5314 a
3164 5252 3274 5308 Deo
3321 5252 3776 5321 percipe-reposui:

2207 5349 2426 5413 dixerit,
2453 5349 2669 5418 penitus
2692 5354 2858 5402 errat.
2892 5346 2956 5402 Et
2977 5361 3098 5404 cum
3127 5344 3390 5412 deceptus
3411 5327 3554 5398 alios
3577 5343 3778 5410 decipe-

2208 5458 2265 5496 re
2295 5441 2534 5506 fcstinat,
2567 5440 2762 5510 duplici
2791 5455 2930 5494 noxa
2956 5436 3372 5504 constringitur,
3401 5436 3508 5492 hoc
3532 5445 3640 5498 est,
3665 5450 3778 5502 pru-

2206 5536 2306 5606 prii
2329 5535 2531 5590 erroris
2560 5544 2614 5588 et
2673 5534 2863 5588 aliena:
2911 5528 3262 5600 deceptionis.
3320 5527 3432 5582 Sed
3481 5530 3631 5583 inter
3679 5529 3776 5581 lus:

2205 5626 2499 5695 spiendum,
2535 5625 2676 5694 quod
2706 5638 2900 5692 magna
2930 5620 3181 5676 distantia
3205 5628 3290 5674 est
3316 5619 3464 5672 inter
3491 5620 3776 5690 legitimum

2205 5720 2500 5788 principem
2521 5727 2576 5773 et
2601 5719 2912 5773 seditiosum
2969 5725 3278 5786 tyrannum.
3325 5713 3478 5767 Inter
3525 5728 3649 5768 eum
3697 5709 3776 5780 qui

2209 5810 2522 5864 subvertere
2551 5811 2738 5864 nititur
2770 5807 3092 5862 Christianae
3127 5803 3280 5872 pacis
3307 5805 3772 5872 tranquillitatem.
