3938 6334
164 337 310 406 HIS

1387 341 1893 420 PfENlTENTlUM
1932 345 2157 422 Lmen.
2225 295 2232 300 ⁸

3271 352 3408 424 tttt

153 473 203 524 et
233 463 382 524 illum
405 462 498 536 qui
538 461 703 520 armis
727 470 914 518 contra
946 461 1306 532 iniquitatem,
1337 470 1509 518 certat
1537 461 1720 518 defen-
1747 467 1800 534 Α
1892 463 2026 522 Item
2056 463 2109 530 in
2143 461 2335 520 eodem
2364 462 2614 532 concilio,
2641 477 2761 538 cap.
2789 465 2881 536 26,
2913 467 3170 546 scriptum
3197 478 3281 530 est
3307 491 3317 525 :
3347 472 3404 538 Si

158 556 278 612 dere
304 554 636 632 aequitatem.
661 555 736 618 De
771 568 878 626 quo
909 553 1139 624 plurima
1166 553 1264 609 sub
1301 552 1417 624 lege
1459 561 1638 614 vetere
1669 561 1724 612 ct

152 649 245 720 sub
279 647 626 716 Testamento
658 661 816 713 novo,
857 645 1073 702 fortium
1111 646 1350 704 virorum
1379 646 1725 702 inveniuntur

150 739 390 810 exempla
421 757 435 794 :
463 753 584 809 qua:
625 754 723 796 nos
748 747 975 808 possunt
1004 739 1274 810 instruere
1295 736 1424 826 quid
1447 738 1514 794 de
1540 738 1724 822 hujus-

150 830 353 888 cemodi
386 829 531 884 facto
555 829 812 886 debemus
847 829 1066 884 sentire.

147 943 271 1017 Cir.
305 941 442 1016 XVI.
476 973 548 984 —
573 941 652 998 De
679 941 1193 1017 administratoribur
1233 951 1280 1004 ct
1311 942 1392 996 his
1433 943 1523 1012 qui
1547 957 1724 1011 preces

535 1021 537 1023 ’
672 1011 969 1066 criminales
991 1011 1211 1067 dictant.

216 1105 292 1160 De
322 1103 854 1161 administratoribus
885 1112 1065 1158 autem
1091 1105 1184 1174 qui
1206 1104 1412 1175 judicia
1446 1104 1725 1160 saecularia

145 1198 441 1270 secundum
487 1197 661 1268 legem
703 1196 968 1267 majorum
1011 1212 1231 1264 suorum
1275 1205 1549 1264 exercent,
1597 1196 1727 1267 quid

143 1289 284 1345 sacri
308 1302 547 1344 canones
567 1286 692 1342 inde
717 1287 976 1352 sentiant,
1004 1287 1164 1342 facile
1189 1295 1275 1342 est
1297 1286 1559 1350 invenire.
1593 1285 1726 1340 Nam

143 1383 195 1436 in
248 1382 482 1437 decretis
528 1381 824 1436 Innocentii
880 1395 1052 1450 papze,
1083 1396 1201 1450 cap.
1233 1380 1329 1443 25,
1361 1381 1435 1435 ita
1485 1378 1680 1450 legitur
1711 1395 1723 1431 :

141 1473 439 1544 Quaesitum
467 1481 551 1528 est
599 1487 730 1543 ergo
783 1486 946 1541 super
986 1472 1071 1528 his
1109 1471 1200 1542 qui
1247 1479 1369 1542 post
1401 1470 1729 1557 baptismum

145 1563 688 1626 administraverunt,
715 1570 770 1618 et
793 1571 887 1616 aut
913 1570 1183 1618 tormenta
1212 1563 1324 1617 sola
1347 1567 1725 1630 exercuerunt,

89 1721 94 1728 ι
140 1666 233 1714 aut
263 1658 430 1714 etiam
463 1655 750 1730 capitalem
782 1654 1122 1727 protulerunt
1159 1651 1504 1716 sententiam,
1534 1650 1601 1706 de
1646 1649 1730 1705 bis

138 1748 270 1802 nihil
327 1749 554 1820 legimus
605 1764 635 1802 a
688 1746 985 1818 majoribus
1035 1745 1334 1800 definitum.
1375 1743 1731 1808 Meminerant

136 1839 284 1893 enim
315 1854 345 1893 a
381 1838 491 1894 Deo
519 1821 814 1912 potesiatcs
845 1837 943 1898 ltas
974 1833 1141 1891 fuisse
1171 1849 1480 1900 concessas,
1509 1843 1564 1888 et
1605 1848 1730 1904 pro—
1757 1838 1804 1912 Β

136 1939 257 2002 pter
278 1931 576 1986 vindictam
604 1930 889 1986 noxiorum
910 1927 1148 2000 gladium
1173 1926 1337 1982 fuisse
1366 1927 1692 2000 promissum
1709 1969 1724 1993 ,

133 2031 188 2076 et
219 2009 314 2077 Dei
346 2021 654 2078 ministrum
684 2035 806 2094 esse
837 2021 1044 2086 datum,
1073 2019 1343 2074 vindicem
1387 2034 1506 2074 esse
1552 2018 1606 2073 in
1633 2019 1730 2073 bu-

130 2114 391 2185 jusmodi.
427 2115 891 2183 Quemadmodum
945 2114 1110 2187 igitur
1159 2114 1616 2186 reprehenderent
1651 2114 1731 2170 fa-

132 2215 287 2264 ctum
339 2207 481 2278 quod
515 2216 738 2262 auctore
787 2206 1013 2272 Domino
1056 2204 1308 2259 viderunt
1342 2221 1463 2260 esse
1509 2219 1733 2262 conces-

133 2297 298 2352 sum?
339 2297 415 2354 De
448 2297 535 2353 his
561 2312 691 2370 ergo
719 2297 794 2352 ita
835 2306 892 2351 ut
923 2298 1183 2350 hactenus
1213 2304 1485 2352 servatum
1524 2305 1626 2360 est,
1652 2296 1732 2351 sic

130 2391 406 2448 habemus
438 2409 450 2446 :
483 2408 551 2446 ne
599 2399 693 2446 aut
735 2388 1072 2460 disciplinam
1109 2398 1376 2454 evertere,
1408 2398 1499 2444 aut
1541 2399 1732 2445 contra

128 2483 520 2537 auctoritatem
581 2480 795 2537 Domini
841 2481 1024 2535 venire
1066 2479 1364 2536 videamur.
1401 2480 1503 2552 Ipsi
1549 2490 1732 2537 autem

129 2573 190 2628 in
233 2574 443 2630 ratione
469 2571 740 2628 reddenda
771 2580 920 2644 gesta
949 2588 1044 2627 sua
1070 2573 1252 2628 omnia
1283 2574 1594 2628 servabunt.

205 2665 342 2721 Item
392 2665 446 2720 in
471 2663 730 2735 ejusdem
760 2665 1012 2731 decretis,
1039 2680 1158 2736 cap.
1193 2665 1282 2734 30,
1315 2665 1576 2734 scriptum
1623 2675 1728 2733 est,

124 2758 282 2829 quod
310 2757 403 2829 qui
435 2772 624 2828 preces
661 2756 972 2812 criminales
1017 2757 1246 2822 dictant,
1290 2757 1594 2812 habeantur
1625 2757 1728 2813 im-

125 2864 378 2905 munes:
421 2847 551 2903 illud
600 2856 780 2904 autem
824 2848 1092 2904 sciscitari
1137 2848 1374 2914 voluisti,
1423 2864 1493 2902 an
1539 2864 1731 2919 preces

125 2943 468 3000 dictantibus
497 2942 727 2998 liberum
764 2943 1109 2998 concedatur.
1146 2942 1342 3012 Utique.
1373 2952 1597 3014 propter
1636 2944 1731 2998 ba-

121 3037 321 3108 ptismi
366 3035 830 3106 regenerationem
876 3051 905 3090 a
949 3035 1284 3106 principibus
1325 3051 1549 3106 poscere
1585 3051 1732 3092 mor-

123 3137 244 3183 tem
293 3127 545 3197 alicujus,
589 3127 674 3182 vel
718 3129 1037 3200 sanguinem
1079 3115 1145 3182 de
1189 3137 1361 3194 reatu.
1410 3128 1582 3195 Quam
1613 3143 1730 3183 rem

1831 555 1922 635 qui
1953 569 2084 618 vero
2107 553 2288 610 clerici
2320 554 2636 610 documenta
2660 555 2854 636 quibus
2875 559 3116 622 ecclesia:
3140 565 3410 634 possessio

1833 646 2100 714 firmatur,
2137 655 2227 702 aut
2264 648 2621 720 supprimere,
2655 657 2749 704 aut
2782 665 3000 728 negare,
3038 661 3131 708 aut
3158 655 3410 712 adversa-

1827 739 1926 794 riis
1955 738 2187 796 fortasse
2218 739 2436 794 tradere
2463 739 2755 796 damnabili
2787 749 2841 808 et
2861 743 3126 814 punienda
3162 745 3408 801 obstina-

1831 830 1971 888 tione
1993 841 2475 904 prtesumpserunt,
2501 831 2765 906 quidquid
2791 847 2888 904 per
2908 835 3288 902 abstinentiam
3317 839 3410 894 do-

1824 932 2198 986 cumentorum
2226 923 2406 992 damni
2441 923 2685 980 ecclesiae
2714 924 2918 992 illatum
2947 935 3052 994 est,
3099 937 3156 988 et
3183 930 3248 992 de
3279 947 3408 1002 pro-

1824 1017 1962 1088 priis
1988 1015 2335 1076 facultatibus
2360 1017 2610 1086 reddant,
2632 1025 2688 1074 et
2704 1020 3082 1086 communione
3102 1021 3403 1092 priveutur,

1825 1109 1990 1164 etiam
2013 1109 2102 1180 qui
2133 1108 2186 1166 in
2209 1109 2407 1166 damno
2456 1107 2701 1168 ecclesia:
2741 1109 2908 1190 impie
2939 1111 3212 1182 sollicitati
3240 1129 3274 1174 ει
3304 1122 3411 1172 tra-

1829 1199 2096 1268 ditoribus
2117 1199 2477 1270 susceperint.

1873 1314 2002 1374 CAP.
2039 1313 2179 1372 XIX.
2221 1345 2291 1356 —
2327 1313 2405 1375 De
2444 1313 2814 1385 conjurationc
2849 1315 2928 1378 ad
2955 1317 3358 1389 conspiratione.

1900 1423 1976 1478 De
2031 1423 2406 1494 coniuratione
2468 1424 2551 1480 vel
2608 1426 3010 1497 conspiratione
3066 1428 3122 1482 in
3183 1429 3412 1484 concilio

1829 1511 2280 1579 Chalcedonensi,
2305 1528 2424 1584 cap.
2451 1514 2538 1580 14,
2570 1517 2830 1586 scriptum
2857 1525 2976 1572 est:
3007 1515 3409 1587 Conjurationis

1834 1601 1921 1656 vel
1957 1603 2379 1672 conspirationis
2403 1605 2632 1669 crimen,
2661 1615 2714 1662 et
2745 1607 2813 1662 ab
2841 1608 3045 1668 exteris
3086 1608 3294 1681 legibus
3331 1619 3412 1666 est

1831 1696 2056 1752 omnino
2080 1695 2434 1766 prohibitum,
2467 1698 2638 1753 multo
2661 1701 2834 1770 magis
2870 1701 2976 1756 hoc
3003 1701 3057 1756 in
3090 1701 3183 1757 Dei
3228 1702 3414 1758 Eccle-

1833 1788 1916 1844 sia
1946 1803 2013 1844 ne
2044 1789 2139 1844 ﬁat
2163 1790 2458 1845 admonere
2500 1792 2803 1846 conveniet.
2837 1791 2896 1846 Si
2946 1794 3040 1864 qui
3073 1808 3203 1863 ergo
3234 1794 3416 1849 clerici

1831 1878 1916 1934 vel
1949 1879 2198 1936 monachi
2242 1880 2443 1950 reperti
2473 1879 2674 1936 fuerint
2701 1879 3047 1950 conjurantes
3075 1891 3170 1938 aut
3205 1884 3405 1954 conspi-

1831 1980 2030 2038 rantes,
2058 1981 2151 2030 aut
2175 1973 2399 2030 insidias
2427 1982 2692 2044 ponentes
2713 1974 2980 2045 episcopis
3006 1983 3099 2030 aut
3125 1974 3361 2042 clericis,
3388 1990 3416 2029 ο

1829 2066 1998 2136 gradu
2035 2065 2258 2137 proprio
2286 2065 2500 2135 penitus
2536 2065 2883 2136 abjiciantur.
3109 2049 3116 2056 .

1829 2173 1960 2230 CAP.
2000 2175 2120 2230 XX.
2159 2207 2230 2216 —
2265 2176 2341 2231 De
2379 2177 2459 2254 his
2501 2178 2592 2248 qui
2629 2190 2958 2254 sacramento
2993 2196 3048 2236 se
3085 2180 3314 2254 obligant
3357 2197 3418 2238 ne

2363 2248 2432 2304 ad
2479 2265 2661 2319 pacem
2714 2252 2946 2316 redeant.

1903 2365 1978 2420 De
2016 2365 2102 2420 bis
2147 2381 2281 2422 vero
2322 2367 2414 2437 qui
2441 2378 2796 2438 sacramento
2835 2384 2894 2424 se
2928 2367 3188 2440 obligant,
3235 2384 3302 2424 ne
3349 2367 3418 2424 ad

1829 2472 2017 2530 pacem
2067 2460 2316 2525 redeant,
2359 2461 2412 2515 in
2455 2461 2690 2517 concilio
2730 2461 3050 2521 Hilerdensi.
3102 2477 3220 2532 cap.
3255 2462 3310 2526 7,
3347 2462 3422 2516 ita

1831 2551 2092 2620 scriptum
2122 2560 2205 2606 est
2237 2570 2249 2604 :
2283 2551 2386 2619 Qui
2415 2561 2758 2608 sacramento
2784 2569 2844 2608 se
2872 2552 3190 2625 obligaverit
3215 2593 3228 2618 ,
3270 2563 3329 2607 ut
3358 2551 3423 2607 li-

1832 2641 1964 2711 tiget
1994 2656 2116 2696 cum
2157 2642 2418 2712 quolibet,
2459 2658 2527 2698 ne
2549 2643 2617 2698 ad
2660 2659 2852 2714 pacem
2879 2644 2988 2700 ullo
3016 2645 3174 2699 modo
3213 2645 3419 2706 redeat,

1829 2746 1930 2802 pro
1977 2732 2239 2802 periurio,
2277 2748 2386 2787 uno
2409 2748 2553 2788 anno
2585 2750 2615 2788 a
2657 2734 3040 2788 communione
3082 2733 3326 2802 corporis
3368 2739 3423 2788 et

1832 2822 2112 2894 sanguinis
2143 2822 2353 2878 Domini
2387 2833 2724 2895 segregatus,
2761 2833 2971 2879 reatum
3004 2839 3160 2879 suum
3184 2823 3421 2879 elecmo-

1831 2915 1983 2986 synis
2011 2921 2067 2968 et
2094 2913 2329 2980 fletibus,
2357 2925 2411 2970 et
2444 2924 2706 2984 quantum
2733 2917 2972 2987 potuerit
2989 2916 3210 2988 jejuniis
3237 2916 3416 2972 absol-

1830 3014 1942 3060 vat.
1989 3005 2070 3061 Ad
2102 3007 2430 3062 charitatem
2474 3023 2628 3073 vero,
2660 3024 2782 3079 quae
2810 3010 2986 3080 operit
3018 3009 3421 3067 multitudinem

1831 3109 2214 3170 peccatorum,
2253 3101 2504 3158 celeriter
2533 3105 2722 3160 venire
2751 3103 2986 3162 festinet.

118 3218 411 3289 principes
439 3233 718 3288 nunquam
757 3217 876 3273 sine
922 3218 1231 3290 cognitione
1274 3221 1596 3285 concedunt,
1627 3218 1722 3274 sed
1748 3203 1795 3270 C
1825 3209 1952 3267 Car.
1989 3211 2129 3267 XXI.
2154 3243 2223 3254 —
2247 3212 2326 3267 De
2361 3213 2442 3290 his
2477 3215 2567 3284 qui
2601 3216 2760 3290 noxia
2781 3215 3086 3285 juramento
3112 3215 3415 3286 conﬁciunt,

118 3311 194 3364 ad
225 3308 446 3378 judiees
471 3309 761 3365 commissa
786 3310 902 3380 ipsa
931 3309 1014 3364 vel
1045 3310 1272 3364 crimina
1304 3325 1520 3381 semper
1542 3311 1726 3366 remit-

119 3407 276 3464 tunt,
303 3407 362 3454 ut
377 3416 537 3456 causa
565 3400 775 3471 cognita
799 3399 1120 3456 vindicetur.
1145 3400 1274 3469 Quae
1295 3418 1418 3457 cum
1445 3403 1720 3475 quazsitori

119 3491 339 3548 fuerint
384 3491 648 3563 delegata,
693 3501 784 3546 aut
828 3491 1116 3557 absolutio,
1165 3501 1262 3546 aut
1309 3493 1585 3550 damnatio
1625 3510 1723 3566 pro

115 3587 338 3657 negotii
369 3586 630 3654 qualitate
666 3583 958 3654 profertur.
989 3585 1054 3640 Et
1082 3585 1209 3640 dum
1235 3586 1408 3658 legum
1440 3588 1494 3642 in
1518 3587 1720 3658 impro-

112 3681 233 3736 bos
259 3686 546 3734 exercetur
573 3677 892 3743 auctoritas,
916 3677 1023 3732 erit
1049 3677 1280 3733 dictator
1302 3678 1580 3734 immunis.

237 3792 370 3848 CAP.
413 3789 571 3845 XVII.
604 3819 672 3830 —-
699 3789 774 3844 De
799 3788 977 3860 populi
1005 3789 1296 3843 necessario
1327 3791 1626 3844 commissa.

200 3911 285 3965 De
317 3905 498 3980 populi
539 3914 721 3961 autem
765 3902 1072 3960 necessario
1128 3904 1421 3972 commissu
1455 3906 1724 3975 quomodo

115 3988 370 4063 indltum
397 3999 571 4068 soleat
605 3996 894 4070 praeteriri,
920 3997 1063 4066 idem
1091 4012 1232 4069 papa
1258 3998 1582 4069 quibusdam
1604 3999 1722 4069 epi-

114 4092 319 4168 scopis
351 4092 417 4150 de
448 4088 760 4158 Macedonia
788 4089 856 4160 ad
897 4088 1232 4160 interrogata
1261 4091 1619 4160 respondens,
1649 4092 1726 4148 ita

113 4189 377 4264 scripsit,
410 4188 596 4250 dicens
621 4205 634 4242 :
660 4185 962 4256 Prscvideat
988 4201 1118 4257 ergo
1144 4184 1366 4254 dilectio
1393 4191 1576 4248 vestra
1601 4184 1726 4240 bae-

115 4294 298 4342 tenus
323 4282 450 4338 talia
476 4281 773 4336 mansisse:
798 4288 852 4338 et
875 4279 1160 4346 advertite,
1178 4278 1322 4349 quod
1338 4277 1525 4360 utique
1552 4285 1611 4334 ut
1642 4277 1724 4334 di-

111 4380 286 4444 citis,
315 4375 612 4442 necessitas
659 4373 946 4444 imperavit
980 4391 992 4426 :
1027 4373 1080 4430 in
1107 4387 1242 4444 pace
1270 4371 1436 4426 etiam
1463 4369 1723 4426 ecclesias

113 4471 465 4529 constitutas
496 4483 600 4522 non
649 4481 806 4536 posse
849 4480 1198 4538 praesumere.
1233 4462 1341 4519 Sed
1376 4471 1435 4518 ut
1464 4476 1604 4534 saepe
1635 4477 1723 4516 ac-

111 4565 272 4622 cidit
308 4561 521 4632 quoties
554 4575 586 4614 a
614 4557 825 4629 p0pulis
862 4565 918 4611 et
945 4573 974 4612 a
1015 4556 1167 4618 turba
1206 4564 1480 4628 peccatur,
1505 4554 1632 4624 quia
1665 4553 1717 4606 in
1749 4570 1802 4632 ι)

111 4669 329 4714 omnes
371 4661 591 4728 propter
635 4649 1034 4714 multitudinem
1086 4663 1192 4704 non
1231 4656 1409 4720 potest
1429 4646 1719 4711 vindicari,

112 4750 368 4808 inultum
396 4747 568 4804 solere
590 4744 840 4802 transire.
872 4742 1064 4798 Priora
1090 4758 1218 4814 ergo
1249 4742 1568 4808 dimittenda
1600 4742 1722 4798 dico

111 4845 228 4902 Dei
251 4841 477 4914 judicio,
508 4839 572 4896 de
599 4837 806 4910 reliquo
835 4835 1069 4890 maxima
1115 4834 1480 4894 sollicitudine
1521 4849 1724 4906 przeca-

111 4937 394 4996 vendum.
424 4932 540 4988 Non
576 4931 721 4987 enim
749 4930 857 4996 hic,
898 4938 957 4984 ut
984 4928 1120 4986 mihi
1148 4928 1375 4992 videtur,
1409 4929 1510 4984 iste
1536 4929 1724 4984 doctor

113 5028 471 5102 apostolicus
517 5026 651 5082 dicit
679 5039 786 5080 non
834 5023 1207 5079 necessarium
1250 5037 1370 5080 esse
1402 5023 1598 5094 pepulo
1626 5038 1725 5093 pro

111 5117 282 5177 male
311 5115 616 5174 commissis
653 5128 812 5186 agere
849 5111 1224 5182 ptenitentiam
1254 5152 1268 5176 ,
1334 5111 1430 5168 sed
1476 5113 1618 5182 quod
1671 5114 1726 5168 in

112 5225 332 5267 ()ttlllCS
371 5216 594 5280 propter
642 5203 1038 5260 multitudinem
1084 5218 1192 5258 non
1217 5211 1397 5274 potest
1439 5204 1727 5271 vindicari,

111 5304 324 5378 priora
365 5300 686 5366 dimittenda
732 5299 827 5354 Dei
849 5297 1096 5370 judicio:
1133 5299 1200 5354 de
1241 5297 1448 5370 reliquo
1488 5297 1728 5368 maxima

108 5395 505 5455 sollicitudine
530 5392 944 5478 prrecavcndum
962 5407 1030 5448 ne
1055 5390 1209 5462 fiant.

541 5505 669 5564 CAP.
703 5504 885 5560 XVltl.
926 5535 996 5546 -
1031 5504 1110 5560 De
1152 5505 1312 5575 furto.

201 5620 290 5676 De
327 5619 472 5676 furto
499 5635 628 5676 vero
671 5620 724 5675 in
750 5617 980 5675 concilio
1025 5617 1320 5691 Agathensi
1344 5659 1359 5687 ,
1395 5633 1496 5689 cap
1535 5619 1588 5686 5,
1647 5619 1720 5674 ita

103 5710 406 5779 scriptum
437 5721 525 5768 est
555 5754 568 5765 .
603 5711 662 5767 Si
707 5711 942 5769 clericus
980 5709 1182 5766 furtum
1218 5711 1468 5768 ecclesiae
1506 5710 1716 5778 fecerit,

103 5804 426 5878 peregrina
453 5805 503 5860 ei
531 5804 843 5860 communio
872 5804 1161 5862 tribuatur.

1551 5945 1610 5953 -—.

2215 3284 2475 3356 quomodo
2500 3287 2746 3356 paenitere
2771 3284 3023 3356 oporteat.

1898 3398 1974 3455 De
2003 3399 2191 3470 iniquo
2237 3415 2370 3470 ergo
2407 3399 2720 3471 juramento
2751 3409 2806 3455 et
2841 3401 2907 3456 ad
2947 3402 3180 3473 proximi
3223 3418 3423 3460 noxam

1824 3491 2160 3564 pertinente,
2194 3493 2248 3547 in
2300 3491 2558 3547 Toletana
2591 3493 2818 3564 synodo,
2847 3507 2969 3564 cap.
3019 3493 3124 3560 26,
3149 3493 3250 3568 ¹ἱιίι
3289 3495 3422 3550 scri-

1825 3595 1975 3656 ptum
2031 3585 2338 3640 continetur
2379 3603 2391 3639 :
2437 3572 2648 3640 Etenim
2695 3585 2820 3640 dum
2863 3585 3142 3658 perjurare
3188 3587 3425 3666 omnch

1824 3675 2008 3743 limur,
2037 3676 2350 3734 Creatorem
2373 3677 2588 3746 quidem
2612 3675 2932 3732 olfendimus
2962 3693 2976 3731 :
3011 3680 3105 3734 sed
3152 3695 3252 3734 nos
3301 3688 3421 3733 tan-

1825 3772 2103 3825 tummodo
2155 3770 2510 3825 maculamus.
2568 3770 2702 3824 Cum
2750 3785 2880 3824 vero
2930 3771 3090 3828 noxia
3151 3771 3419 3842 promissa

1826 3862 2159 3932 complemus
2184 3903 2198 3927 ,
2225 3871 2280 3916 et
2328 3861 2422 3915 Dei
2464 3859 2615 3930 jussa
2649 3862 2878 3931 superbe
2905 3863 3302 3918 contemnimus
3321 3904 3336 3928 ,
3366 3873 3424 3920 ut

1825 3955 2089 4025 proximis
2145 3954 2307 4024 impia
2357 3954 2676 4008 crudelitate
2738 3968 3048 4019 noceamus,
3074 3963 3128 4010 et
3179 3957 3424 4027 nosipsos

1825 4048 2112 4104 crudeliori
2150 4048 2341 4102 mortis
2376 4047 2554 4120 gladio
2594 4049 2949 4104 trucidamus.
2987 4049 3102 4106 lllic
3139 4051 3284 4106 enim
3327 4054 3423 4107 du—

1824 4141 1951 4214 plici
2005 4140 2288 4211 culparum
2344 4139 2450 4194 telo
2495 4141 2872 4209 percutimur:
2907 4141 2996 4197 hic
3027 4142 3314 4213 tripliciter
3335 4143 3423 4214 ju-

1825 4232 2094 4304 gulamur.
2147 4229 2336 4285 Restat
2386 4245 2536 4302 ergo,
2565 4241 2623 4286 ut
2665 4248 2728 4288 eo
2778 4239 2962 4287 nostra
2993 4243 3424 4306 pcrgatsenten-

1826 4326 1898 4381 tia
1919 4367 1934 4391 ,
1959 4341 2066 4395 quo
2097 4324 2484 4380 miscricordim
2511 4326 2748 4395 patuerit
2793 4327 2899 4380 via.
2935 4326 3064 4394 Quae
3091 4329 3163 4386 ila
3195 4328 3423 4386 Domino

1823 4417 2084 4487 probatur
2118 4424 2368 4486 accepta,
2397 4424 2456 4471 ut
2493 4419 2611 4486 plus
2642 4433 2761 4474 eam
2788 4419 2972 4488 cupiat
2999 4436 3161 4490 quam
3210 4423 3420 4476 sacriﬁ-

1825 4511 1908 4566 cia
1943 4510 2277 4574 veneranda,
2305 4510 2519 4566 dicente
2559 4512 2674 4581 ipso
2703 4529 2717 4567 :
2751 4534 2768 4565 ι
2806 4513 3235 4572 Misericordiam
3279 4518 3418 4573 volui

1823 4610 1877 4656 et
1927 4616 2036 4662 non
2084 4598 2409 4656 sacrificium
2469 4600 2680 4672 (Matth.
2737 4603 2844 4675 ιι).
2884 4623 2901 4655 ι
2940 4603 3050 4659 Hac
3078 4606 3420 4677 indulgentiae

1825 4706 2082 4746 concessa
2133 4692 2381 4759 licentia,
2423 4693 2790 4749 miserationis
2833 4695 3001 4764 ipsius
3039 4711 3172 4765 opus
3218 4697 3269 4750 in
3309 4698 3420 4770 glo-

1829 4785 1957 4839 riosi
1988 4784 2246 4855 principis
2272 4793 2596 4854 potestatem
2645 4787 2938 4853 redigimus
2965 4804 2977 4841 :
3009 4797 3069 4841 ut
3124 4789 3250 4858 quia
3278 4790 3420 4845 Deus

1827 4879 1902 4936 illi
1931 4879 2224 4933 miserandi
2251 4879 2454 4934 aditum
2481 4879 2755 4950 patefecit,
2784 4882 3019 4936 remedia
3050 4883 3263 4958 pietatis
3306 4886 3419 4956 ipse

1830 4989 2044 5045 quoque
2069 4987 2176 5026 non
2208 4971 2467 5043 deneget,
2496 4986 2618 5042 qua:
2664 4972 2738 5026 ita
2775 4972 3056 5043 principali
3093 4975 3418 5034 discretione

1827 5066 2106 5120 moderata
2127 5065 2442 5135 persistant,
2468 5073 2529 5119 ut
2553 5072 2608 5119 et
2634 5064 2739 5120 illis
2765 5065 2840 5119 ita
2883 5065 2970 5131 sit,
3003 5075 3268 5137 quatenus
3311 5070 3415 5125 mi-

1829 5156 2126 5212 sericordia
2178 5157 2483 5212 contributa
2505 5197 2519 5222 ,
2552 5163 2612 5211 ut
2645 5152 2913 5228 nusquam
2959 5145 3091 5231 gens
3121 5170 3214 5216 aut
3242 5165 3416 5233 patria

1827 5265 1928 5321 per
1977 5249 2198 5305 eosdem
2256 5258 2349 5304 aut
2413 5250 2711 5320 periculum
2775 5253 3131 5324 quodcunque
3181 5255 3420 5326 perferat

1831 5350 1924 5396 aut
1948 5341 2214 5410 iacturam
2236 5383 2250 5408 ,
2289 5343 2407 5397 haec
2438 5343 2803 5401 miserationis
2835 5347 3058 5402 obtentu
3087 5356 3419 5417 temperasse

1831 5431 2080 5488 sufficiat.
2115 5431 2381 5488 Caeterum
2410 5435 2535 5502 quia
2557 5433 2864 5505 juramenta
2911 5452 3009 5508 pro
3056 5437 3218 5504 regia:
3261 5445 3416 5506 pote-

1831 5527 1988 5583 statis
2031 5525 2222 5590 salute,
2251 5527 2335 5581 vel
2365 5528 2746 5584 constitutione
2789 5529 2968 5601 gentis
2997 5535 3053 5584 et
3088 5530 3307 5598 patriaa,
3335 5528 3418 5584 vel

1830 5618 2092 5674 hactenus
2120 5627 2248 5672 sunt
2273 5627 2484 5687 exacta,
2515 5619 2598 5674 vel
2625 5621 2879 5692 deinceps
2922 5622 3250 5677 exstiterunt
3299 5621 3416 5678 exi—

1828 5711 2023 5780 genda,
2055 5711 2202 5766 omni
2251 5711 2497 5767 custodia
2525 5712 2780 5783 omnique
2813 5712 3088 5784 vigilantia
3132 5711 3418 5769 indissolu-

1825 5803 2008 5858 biliter
2057 5803 2400 5860 decernimus
2449 5803 2805 5868 observanda,
2843 5805 3216 5861 membrorum
3263 5812 3416 5863 trun-
