3938 6334
481 358 625 417 1415

1122 355 1188 412 Β.
1200 409 1212 421 ,
1227 351 1482 409 RABANI
1519 349 1742 410 MAURI
1777 347 2074 408 ARCHIEP

2183 344 2453 406 IOGUNT.
2494 343 2782 402 OPERUM
2819 343 3002 401 PARS
3034 341 3124 402 III.

3647 343 3773 398 ωε

478 474 695 534 catione
718 469 1017 541 mortisque
1051 469 1338 533 sententia,
1369 467 1631 538 religione
1663 465 1877 538 penitus
1903 466 2065 521 abso-
2093 466 2140 528 A
2170 480 2272 520 nus
2293 478 2418 519 eum
2439 462 2532 532 qui
2556 461 2914 531 assumpserit
2938 475 3137 516 nomen
3178 457 3392 514 Domini
3429 459 3528 514 Dei
3557 461 3648 514 sui
3673 461 3776 515 frn-

477 565 622 625 lnta.-
663 565 772 622 Sed
809 579 879 620 ne
908 578 1198 634 pravarum
1250 560 1516 616 mentium
1568 567 1784 614 versuta
1831 557 2068 628 nequitia

478 666 694 717 nosmet
713 657 781 713 ad
803 654 1025 728 perjurii
1047 654 1337 724 aliquando
1351 662 1610 724 provocet
1629 652 1866 723 culpam,
1881 666 2015 707 neve
2038 666 2069 704 a

479 763 684 813 sancta:
714 752 840 808 ﬁdei
869 751 1050 824 regula
1079 751 1221 806 hanc
1248 757 1459 804 asserat
1489 748 1678 804 venire
1721 747 2066 810 sententiam,

481 855 593 902 tam
643 846 839 902 divinae
890 843 1230 899 auctoritatis
1256 841 1496 907 oracula,
1552 856 1713 910 quam
1757 838 2069 910 praeceden-

479 939 616 994 tium
637 936 860 993 Patrum
892 936 1018 991 huic
1053 933 1354 988 narrationi
1386 932 1697 988 curavimus
1727 930 2066 986 innectenda.

481 1028 574 1086 Sic
601 1028 746 1084 enim
778 1043 876 1098 per
906 1025 1198 1082 Jeremiam
1227 1025 1397 1080 dixit:
1435 1044 1453 1075 ι
1487 1023 1728 1093 Repente
1751 1022 1942 1092 loquar
1971 1021 2069 1076 ad-

477 1136 671 1178 versus
693 1129 926 1192 gentem,
949 1119 1208 1174 adversus
1231 1131 1476 1189 regnum,
1504 1123 1562 1170 ut
1582 1115 1851 1170 eradicem
1878 1123 1933 1169 et
1963 1114 2073 1169 dis-

477 1211 701 1284 perdam
747 1211 894 1267 illud.
950 1209 1009 1266 Si
1059 1210 1434 1281 paenitentiam
1487 1209 1660 1278 egerit
1717 1221 1849 1279 gens
1906 1207 1994 1262 illa
2040 1221 2072 1261 a

479 1303 624 1358 malo
654 1317 752 1358 suo
787 1301 929 1372 quod
953 1300 1164 1357 locutus
1208 1316 1327 1356 sum
1355 1302 1618 1355 adversus
1659 1315 1800 1365 eam,
1831 1313 1985 1372 agam
2017 1307 2074 1355 et

480 1411 580 1468 ego
606 1394 983 1466 ptenitentiam
1008 1409 1172 1464 super
1191 1393 1334 1448 malo
1360 1393 1505 1464 quod
1532 1393 1795 1464 cogitavi,
1835 1403 1892 1448 ut
1922 1392 2070 1449 face-

467 1505 594 1546 .rem
646 1490 697 1544 ei
743 1487 898 1560 (Jer.
957 1488 1156 1558 xvm).
1195 1506 1213 1538 ι
1274 1487 1340 1542 Et
1387 1502 1485 1557 per
1529 1475 1869 1542 Ezechielem
1905 1504 1918 1540 :
1954 1506 1971 1537 ι
2013 1483 2070 1540 Si

479 1585 700 1649 dixero,
728 1581 923 1654 inquit,
959 1582 1107 1653 justo
1135 1581 1279 1651 quod
1307 1581 1417 1636 vita
1463 1581 1642 1647 vivat,
1669 1590 1724 1636 et
1751 1580 1989 1635 conlisus
2017 1579 2071 1632 in

472 1673 686 1745 iustitia
716 1690 814 1730 sua
843 1674 1033 1730 fecerit
1061 1674 1402 1745 iniquitatem
1423 1714 1438 1740 ,
1479 1689 1668 1730 omnes
1699 1673 1924 1745 justitiae
1958 1670 2072 1740 ejus

478 1768 738 1824 oblivioni
767 1768 1074 1833 tradentur,
1115 1776 1170 1824 et
1217 1769 1270 1822 in
1302 1767 1588 1838 iniquitate
1617 1783 1714 1822 sua
1749 1783 1911 1837 quam
1949 1780 2073 1836 ope-

2173 566 2285 615 stra
2335 556 2534 627 (Exod.
2577 563 2692 630 xx).
2736 577 2754 609 ι
2796 557 2864 612 Et
2908 557 2966 612 in
2999 555 3290 611 Levitieo:
3343 574 3363 604 ε
3421 553 3547 610 Non
3604 557 3778 626 periu-

2173 653 2320 708 rabis
2359 653 2411 708 in
2467 652 2691 707 nomine
2727 667 2870 716 meo,
2911 667 3012 706 nec
3063 649 3271 721 pollues
3325 663 3534 705 nomen
3569 648 3777 704 Domini

2173 746 2280 802 Dci-
2318 747 2393 802 tui
2446 764 2460 800 :
2515 762 2616 818 ego
2675 746 2935 802 Dominus
2970 745 3115 816 (Leo.
3171 743 3309 814 xu).
3349 762 3367 794 ι
3413 741 3633 797 Tamen
3675 758 3778 796 ma-

2173 840 2280 896 lmn
2324 841 2468 912 quod
2511 840 2781 898 facturum
2822 856 2880 896 se
2919 847 3262 896 sacramento
3311 839 3646 901 devoverat,
3679 853 3778 893 om-

2172 933 2302 988 nino
2358 949 2466 989 non
2516 932 2710 1002 faciat,
2770 933 3028 1004 quoniam
3083 932 3246 989 stulta
3301 941 3432 987 vota
3485 929 3777 1004 frangenth

2173 1030 2315 1078 sunt.

2172 1180 2302 1237 CAP.
2345 1180 2510 1236 XXII.
2553 1213 2621 1222 -ν
2652 1181 2726 1236 De
2769 1183 2851 1237 Itis
2895 1184 2988 1254 qui
3015 1184 3085 1237 ad
3130 1184 3368 1239 ecclesiae
3425 1189 3777 1252 patrocini:-

2245 1254 2594 1392 Fozfugiunt,
2629 1271 2692 1308 ne
2737 1255 3021 1310 tradantur
3070 1255 3515 1328 persequentibus
3569 1273 3628 1312 se
3683 1263 3778 1315 sine

2268 1340 2311 1377 ω
2349 1340 2434 1379 ere
2455 1334 2614 1392 pacti.

2268 1334 2434 1379 aedere
2455 1334 2614 1394 pacti.

2245 1475 2321 1531 De
2355 1476 2442 1532 his
2471 1491 2604 1548 ergo
2639 1477 2729 1548 qui
2763 1477 2827 1532 ad
2862 1478 3105 1535 ecclesia:
3155 1483 3544 1552 patrocinium
3607 1485 3782 1542 confit.

2173 1569 2329 1642 giunt
2363 1586 2430 1626 ne
2479 1571 2791 1638 tradantur,
2842 1573 2896 1626 in
2934 1574 3167 1630 concilio
3220 1576 3618 1645 Arausicano,
3673 1597 3775 1652 cap.

2172 1661 2226 1729 5,
2291 1664 2366 1718 ita
2422 1664 2684 1734 scriptum
2747 1674 2830 1720 est
2863 1684 2874 1719 :
2915 1666 3022 1722 Eos
3050 1677 3232 1723 autem
3272 1670 3369 1740 qui
3395 1670 3472 1725 ad
3505 1671 3778 1727 ecclesiam

2176 1753 2540 1825 confugerint,
2572 1756 2712 1810 tradi
2753 1774 2861 1812 non
2893 1759 3174 1828 oportere,
3193 1763 3289 1817 sed
3321 1763 3432 1819 loci
3490 1768 3665 1822 sancti
3713 1784 3780 1820 re.

479 1870 633 1917 ratus
659 1869 762 1928 est,
787 1861 842 1916 in
871 1847 988 1932 ipsa
1021 1861 1306 1916 morietur.
1342 1859 1399 1916 Si
1431 1870 1613 1916 autem
1657 1860 1850 1916 dixero
1879 1860 2064 1930 impio,
2097 1844 2144 1904 B
2172 1848 2420 1903 verentia
2454 1856 2509 1902 et
2537 1847 2930 1905 intercessione
2958 1850 3194 1907 defendi.
3247 1854 3307 1909 In
3347 1857 3602 1911 concilio
3627 1857 3780 1914 Aure-

478 1950 654 2007 Morte
681 1951 950 2044 mo.rieris,
980 1959 1037 2006 et
1058 1952 1228 2024 egerit
1248 1952 1620 2022 paenitentiam
1640 1995 1654 2018 ,
1685 1952 1794 2006 vita
1831 1951 1976 2006 vivet
2017 1961 2074 2006 et

477 2061 585 2100 non
611 2047 873 2101 morietur
901 2044 1119 2116 (EzecIt.
1148 2044 1358 2115 XVIII).D
1381 2045 1438 2099 Si
1463 2060 1594 2116 ergo
1622 2052 1810 2100 nostra
1842 2058 2071 2099 conver-

477 2137 561 2192 sio
592 2137 671 2192 sic
709 2136 949 2192 divinam
995 2144 1169 2192 mutat
1215 2137 1566 2204 sententiam,
1605 2152 1703 2192 cur
1748 2135 2072 2191 miserorum

479 2237 642 2285 tanta:
672 2229 926 2302 lacrymte
951 2229 1035 2285 vel
1063 2245 1339 2299 pressura,
1373 2239 1484 2284 tam
1511 2228 1737 2285 crudam
1781 2243 1886 2282 non
1937 2235 2075 2281 tem-

476 2330 669 2393 perent
689 2338 756 2378 ex
783 2322 1134 2378 miseratione
1157 2322 1490 2378 vindictam?
1520 2321 1656 2376 Hinc
1683 2319 1880 2391 populo
1907 2319 2074 2374 etiam

477 2415 776 2471 Israelitico
828 2431 970 2484 saepe
1016 2415 1148 2470 ultio
1183 2415 1450 2485 promissa
1498 2412 1864 2484 suspenditur,
1895 2419 1950 2465 et
1991 2409 2078 2462 Ni-

411 2512 414 2516 ’
479 2508 772 2562 nivitarum
823 2507 1057 2579 perditio
1104 2507 1301 2561 divinae
1350 2505 1632 2562 sententia:
1678 2503 2076 2574 permutatione

479 2600 722 2654 sedatur.
772 2597 906 2652 Nam
937 2604 1158 2651 sanctus
1195 2594 1516 2650 Ambrosius
1558 2593 1616 2648 iu
1651 2593 1790 2648 libro
1819 2593 1980 2650 tertio
2008 2591 2076 2647 de

412 2667 415 2676 ’
478 2689 700 2756 Oiliciis,
738 2705 857 2760 cap.
893 2687 982 2756 12,
1015 2689 1087 2743 ita
1119 2689 1197 2743 ait
1225 2707 1237 2741 :
1269 2687 1473 2742 Purum
1503 2686 1668 2758 igitur
1697 2701 1760 2741 ac
1802 2685 2074 2740 sincerum

478 2792 692 2856 oportet
735 2799 855 2840 esse
908 2782 1183 2850 allectum,
1234 2791 1296 2837 ut
1347 2781 1722 2852 unusquisque
1775 2781 2075 2852 simplicem

477 2894 783 2936 sermonem
822 2877 1104 2949 proferat:
1138 2893 1233 2933 vas
1285 2893 1444 2933 suum
1475 2877 1530 2932 in
1567 2878 1857 2933 sanctitate
1899 2877 2074 2947 possi-

475 2970 622 3038 deat,
655 2987 723 3028 ne
770 2971 994 3027 fratrem
1048 2972 1535 3042 circumspectione
1576 2972 1866 3028 verborum
1912 2971 2072 3026 indu-

476 3071 567 3120 cat
613 3079 629 3118 :
684 3064 815 3119 nihil
847 3065 1128 3136 promittat
1162 3067 1530 3121 inhonestum.
1556 3064 1626 3119 At
1664 3065 1708 3120 si
1739 3065 2070 3136 promiserit,

478 3156 809 3212 tolerabilius
835 3166 920 3213 est
949 3158 1278 3229 promissum
1317 3173 1424 3212 non
1455 3157 1653 3223 facere,
1697 3173 1859 3228 quam
1896 3157 2072 3213 facere

477 3251 622 3322 quod
659 3259 814 3322 torpe
861 3253 953 3308 sit.
985 3251 1138 3323 Saepe
1167 3252 1411 3322 plerique
1438 3252 1818 3324 constringunt
1865 3253 2072 3323 seipsos

473 3343 825 3416 jurisjurandi
880 3353 1224 3400 sacramento
1273 3363 1285 3396 :
1334 3352 1388 3399 et
1437 3360 1560 3399 cum
1589 3345 1690 3416 ipsi
1722 3347 2074 3418 cognoverint

476 3435 900 3507 promittendum
932 3451 1041 3492 non
1067 3434 1234 3490 fuisse
1264 3445 1697 3502 sacramentum,
1729 3447 1908 3493 tamen
1939 3453 2070 3494 con-

479 3523 828 3592 templatione
873 3523 1078 3579 faciunt
1135 3525 1278 3594 quod
1333 3527 1756 3596 spoponderunt.
1807 3527 1959 3583 Sicut
2008 3529 2075 3584 de

480 3612 692 3671 Herode
754 3631 915 3686 supra
973 3617 1306 3687 scripsimus,
1341 3619 1434 3688 qui
1479 3618 1738 3676 saltatrici
1793 3622 2072 3690 praemium

481 3710 710 3781 turpiter
754 3710 1034 3780 promisit,
1089 3711 1380 3768 crudeliter
1433 3713 1594 3768 solvit
1648 3713 1877 3782 (Matth.
1936 3715 2070 3788 xxv).

480 3799 660 3874 Turpe
680 3803 824 3874 quod
851 3820 1074 3875 regnum
1104 3821 1205 3875 pro
1235 3806 1521 3863 saltatione
1543 3808 1881 3878 promittitur
1910 3828 1922 3864 :
1953 3825 2076 3864 cru-

483 3895 621 3961 dele,
644 3886 786 3965 quod
815 3912 960 3952 mors
995 3899 1274 3969 prophetm
1303 3915 1400 3969 pro
1425 3901 1782 3972 jurisjurandi
1817 3902 2074 3974 religione

481 3986 738 4044 donatur!
774 3988 986 4058 Quanto
1012 3991 1347 4049 tolerabilius
1376 3993 1483 4048 tale
1510 3993 1702 4050 fuisset
1731 3996 2069 4066 perjurium:

483 4089 846 4136 sacramento.
905 4081 974 4136 Et
1003 4090 1126 4152 post
1159 4099 1332 4153 pauca
1383 4085 1449 4139 de
1495 4081 1690 4156 Jephte
1735 4086 2073 4154 discernens,

481 4168 804 4228 Miserabilis
818 4174 1136 4241 necessitas,
1152 4191 1272 4246 quae
1299 4175 1532 4231 solvitur
1549 4178 1864 4248 parricidio.
1885 4179 2074 4236 Melius

485 4274 571 4321 est
599 4281 705 4320 non
729 4281 929 4323 vovere
957 4267 1011 4322 id
1047 4269 1189 4339 quod
1237 4268 1338 4324 sibi
1374 4269 1421 4324 is
1451 4270 1540 4325 cui
1568 4271 1905 4342 promittitur
1941 4273 2077 4329 nolit

485 4360 710 4414 cxsolvi.
743 4359 812 4415 Et
835 4369 958 4432 post
986 4361 1261 4432 paululum
1295 4380 1308 4416 :
1342 4362 1459 4418 Non
1489 4379 1704 4436 semper
1749 4365 1916 4436 igitur
1945 4383 2074 4438 pro-

486 4451 650 4506 missa
700 4451 954 4508 solvenda
983 4452 1166 4507 omnia
1200 4461 1343 4509 sunt.
1373 4454 1614 4527 Denique
1649 4457 1765 4529 ipse
1795 4458 2072 4530 Dominus,

486 4543 627 4599 sicut
655 4542 935 4614 Scriptura
964 4544 1184 4612 indicat,
1216 4547 1529 4618 frequenter
1563 4566 1716 4606 suam
1746 4562 1920 4608 mutat
1948 4572 2072 4611 sen-

488 4637 732 4690 tentiam.
770 4635 864 4690 Vir
901 4653 1116 4708 quoque
1138 4640 1513 4695 sanctissimus
1537 4642 1888 4715 Augustinus,
1923 4647 2073 4702 inve-

488 4728 793 4799 stigationis
814 4731 1063 4784 acumine
1093 4739 1284 4786 acutus
1315 4750 1327 4786 :
1356 4731 1667 4788 Inveniendi
1697 4736 1878 4792 aditus
1903 4747 2072 4807 patet,

489 4819 699 4872 minora
753 4834 966 4891 semper
1017 4821 1307 4893 eligantur.
1361 4823 1498 4891 Quia
1546 4835 1602 4880 ct
1651 4828 1743 4896 qui
1797 4845 2074 4886 murorum

490 4911 696 4967 ambitu
723 4929 788 4970 ne
819 4914 989 4988 fugiat
1016 4917 1306 4984 clauditur,
1335 4919 1406 4973 ibi
1432 4935 1493 4976 se
1519 4921 1571 4975 in
1619 4922 1800 4995 fugam
1832 4929 2079 5000 praecipi-

491 5012 591 5071 tat,
639 5006 728 5060 ubi
765 5007 981 5064 brevior
1029 5027 1217 5066 murus
1247 5011 1538 5069 invenitur.
1582 5014 1719 5072 Hinc
1753 5028 1809 5072 et
1841 5020 2079 5077 Isidorus

495 5098 571 5152 ait
613 5115 626 5153 :
688 5096 1040 5158 Tolerabilius
1067 5112 1152 5159 est
1179 5104 1324 5159 enim
1354 5120 1462 5160 non
1511 5107 1736 5178 implere
1767 5127 2081 5171 sacramen-

496 5197 610 5244 tum
652 5207 814 5261 quam
861 5208 1180 5262 permanere
1209 5196 1263 5252 in
1294 5199 1464 5268 stupri
1490 5197 1710 5270 ﬂagitio.
1739 5202 1999 5262 Similiter
2027 5207 2082 5262 in

497 5283 826 5359 Synouymis
859 5307 870 5342 :
911 5289 967 5343 In
997 5290 1156 5346 malis
1181 5293 1462 5361 promissis
1515 5296 1763 5353 rcscinde
1791 5298 1948 5355 ﬁdem
1983 5317 1996 5355 :
2030 5302 2084 5357 in

499 5379 642 5448 turpi
695 5389 820 5434 voto
873 5390 1022 5435 muta
1069 5382 1386 5438 decretum:
1425 5386 1566 5455 quod
1611 5387 1823 5445 incaute
1867 5393 2084 5462 vovisti,

498 5485 569 5524 ne
593 5469 781 5526 facias.
847 5472 1014 5542 Impia
1041 5481 1128 5529 est
1169 5476 1480 5545 promissio,
1507 5495 1626 5548 qua:
1674 5482 1880 5539 scelere
1919 5485 2090 5541 adim-

498 5563 698 5632 pletur.
735 5563 886 5622 Unde
922 5583 1146 5624 necesse
1191 5580 1277 5624 est
1331 5581 1390 5626 ut
1439 5572 1578 5628 male
1624 5574 1816 5644 iurans
1871 5578 2087 5652 dignam

493 5654 868 5723 paenitentiam
920 5668 1066 5731 agat,
1113 5662 1346 5731 eoquod
1389 5679 1584 5720 nomen
1633 5669 1849 5724 Domini
1897 5683 2086 5730 contra

496 5754 821 5814 praeceptum
871 5748 1012 5804 illius
1059 5752 1290 5820 sumpsit
1335 5751 1389 5806 in
1445 5769 1621 5810 vano:
1663 5759 1790 5828 quia
1821 5760 1876 5816 in
1899 5761 2086 5821 Exodo

497 5834 733 5902 criptum
774 5848 894 5893 est:
933 5859 951 5891 ι
988 5840 1096 5898 Nec
1145 5844 1289 5899 enim
1323 5843 1589 5902 insontem
1630 5849 1850 5909 habebit
1882 5855 2015 5912 Dom
2032 5857 2066 5913 i-

2100 4593 2152 4654 D

2174 1940 2405 1995 lianensi
2426 1981 2441 2007 ,
2470 1956 2590 2010 cap.
2640 1942 2690 2008 I,
2725 1942 2793 1998 de
2821 1943 3126 2012 homicidis,
3157 1958 3213 2001 et
3248 1947 3557 2010 adulteris,
3585 1961 3638 2004 et
3665 1952 3780 2005 furi-

2174 2032 2298 2097 bus,
2331 2033 2377 2086 si
2417 2033 2484 2086 ad
2511 2032 2797 2088 ecclesiam
2849 2034 3215 2105 confugerint,
3259 2039 3340 2094 ita
3369 2042 3652 2112 scripturn
3671 2055 3772 2098 est:

2173 2121 2232 2178 Id
2257 2125 2638 2182 constituimus
2669 2127 3064 2183 observandum
3096 2130 3240 2200 quod
3282 2133 3664 2191 ecclesiastici
3695 2153 3772 2191 ca-

2175 2234 2348 2275 nones
2387 2220 2770 2289 decreverunt,
2813 2231 2867 2277 et
2914 2223 3001 2278 lex
3050 2223 3296 2280 Romana
3371 2231 3688 2296 constituit,
3727 2244 3775 2284 ut

2177 2313 2245 2368 ab
2279 2315 2524 2370 ecclesiae
2555 2315 2710 2370 atriis
2735 2315 2819 2370 vel
2851 2317 3011 2373 domo
3035 2319 3279 2390 episcopi
3329 2336 3434 2377 eos
3477 2323 3772 2379 abstrahere

2177 2409 2400 2462 omnino
2439 2425 2546 2464 non
2600 2409 2782 2475 liceat,
2824 2410 2919 2466 sed
2953 2427 3054 2466 nec
3087 2410 3246 2467 altari
3278 2415 3636 2486 consignari,
3689 2419 3772 2471 nisi

2177 2500 2244 2555 ad
2279 2499 2566 2572 Evangelia
2604 2500 2745 2557 datis
2793 2504 3170 2570 sacramentis,
3204 2505 3273 2559 de
3328 2517 3522 2563 morte
3558 2518 3616 2564 et
3649 2510 3776 2563 debi-

2174 2593 2327 2650 litate
2358 2604 2414 2649 et
2437 2594 2584 2650 omni
2612 2611 2894 2666 poenarum
2927 2613 3124 2668 genere
3153 2599 3264 2654 sint
3298 2601 3524 2665 securi,
3552 2602 3628 2656 ita
3643 2601 3716 2656 'ut
3733 2604 3774 2655 ei

2177 2688 2262 2743 cui
2299 2703 2425 2743 reus
2471 2687 2636 2742 fuerit
2675 2689 3002 2746 criminosus
3039 2691 3106 2746 de
3144 2692 3544 2750 satisfactione
3596 2712 3773 2751 conre-

2175 2780 2307 2835 niat.
2345 2779 2496 2846 Quod
2537 2780 2582 2834 si
2634 2792 2975 2837 sacramenta
3005 2799 3099 2839 sua
3153 2787 3458 2843 convictus
3493 2789 3657 2844 fuerit
3683 2792 3780 2844 vio—

2175 2869 2321 2926 lasse
2352 2885 2477 2925 reus
2507 2869 2754 2942 periurii,
2794 2890 2902 2930 non
2952 2875 3124 2930 solum
3175 2893 3205 2932 a
3242 2882 3646 2937 communione
3695 2882 3780 2936 Ec-

2174 2965 2352 3021 clesiae
2383 2965 2464 3021 vel
2488 2967 2730 3022 omnium
2756 2967 3075 3024 clericorum
3103 3011 3118 3036 ,
3142 2986 3340 3026 verum
3377 2976 3556 3029 etiam
3577 2985 3632 3030 et
3650 2992 3678 3029 a
3705 2993 3776 3030 cz-

2177 3061 2501 3117 tholicorum
2533 3062 2782 3117 convivio
2806 3073 3110 3132 separetur.
3144 3064 3305 3132 Quod
3343 3068 3390 3122 si
3419 3070 3515 3123 cui
3555 3086 3677 3125 reus
3709 3083 3774 3122 et:

2176 3157 2412 3212 noluerit
2467 3157 2570 3214 sibi
2624 3157 2928 3214 intentione
2969 3158 3206 3216 faciente
3241 3165 3536 3232 componi,
3579 3175 3634 3218 ct
3683 3167 3776 3231 ipse

2179 3267 2304 3307 reus
2326 3253 2391 3306 de
2426 3251 2658 3307 ecclesia
2696 3262 2851 3308 actus
2896 3253 3092 3310 timore
3135 3253 3490 3324 discesserit,
3526 3257 3598 3312 ab
3626 3258 3776 3312 culc-

2177 3345 2270 3400 size
2300 3343 2520 3402 clericis
2548 3360 2654 3400 non
2685 3353 2983 3416 quaeratur.

2247 3437 2379 3493 Item
2415 3437 2472 3492 in
2523 3439 2712 3494 eodem
2739 3439 2995 3504 concilio,
3043 3455 3161 3512 cap.
3195 3441 3252 3504 2,
3281 3443 3565 3513 scriptum
3613 3453 3694 3498 est
3717 3444 3772 3497 de

2176 3530 2504 3600 raptoribus,
2537 3529 2582 3584 si
2620 3529 2689 3584 ad
2732 3529 3015 3585 ecclesiam
3061 3531 3460 3604 confugerint:
3500 3537 3576 3590 De
3617 3549 3774 3606 rapto-

2179 3623 2330 3678 ribus
2359 3631 2545 3678 autem
2589 3622 2644 3677 id
2668 3623 3106 3679 constituendum
3135 3640 3257 3681 esse
3283 3629 3638 3692 censuimus,
3661 3640 3713 3683 ut
3737 3629 3772 3682 si

2177 3715 2244 3770 ad
2291 3714 2575 3770 ecclesiam
2603 3724 2787 3786 raptor
2814 3732 2938 3771 curn
2967 3725 3122 3786 rapta
3151 3721 3520 3784 convenerit,
3549 3731 3606 3775 et
3639 3721 3772 3775 {Cilli-

2177 3825 2302 3864 nam
2335 3809 2511 3879 ipsam
2557 3808 2871 3864 violentiam
2909 3809 3200 3880 pertulisse
3227 3813 3578 3876 constiterit,
3607 3814 3769 3868 statim

2177 3900 2438 3955 liberetur
2463 3901 2530 3955 de
2551 3909 2817 3971 potestate
2844 3903 3078 3972 raptoris
3109 3921 3122 3955 :
3157 3912 3214 3957 et
3245 3914 3443 3974 raptor
3479 3909 3674 3960 mortis
3703 3907 3772 3958 vei

2175 4007 2458 4064 ptenarum
2489 3993 2809 4062 impunitate
2831 3998 3193 4062 concessa,atl
3221 3999 3586 4054 serviendum
3615 3999 3775 4066 subje-

2177 4094 2297 4138 ctus
2319 4083 2409 4149 sit,
2435 4091 2529 4138 aut
2555 4082 2856 4139 redimendi
2880 4100 2938 4140 se
2967 4085 3196 4141 liberam
3214 4086 3422 4143 habeat
3449 4089 3772 4144 facultatum

2179 4174 2238 4230 Si
2286 4191 2414 4232 vero
2457 4191 2577 4246 quae
2616 4176 2827 4248 rapitur
2864 4187 3076 4250 patrem
3110 4179 3319 4236 habere
3365 4184 3706 4246 constiterit,
3729 4191 3776 4234 et

2177 4269 2356 4342 puella
2382 4268 2586 4340 raptori
2626 4272 2986 4335 consenserit,
3010 4274 3266 4342 potestati
3317 4283 3504 4345 patris
3532 4287 3776 4333 excusata

2177 4362 2478 4418 reddatur:
2513 4371 2568 4418 et
2599 4372 2787 4434 raptor
2822 4380 2854 4418 a
2888 4375 3044 4436 patre
3099 4366 3406 4435 superioris
3455 4371 3776 4425 conditionis

2179 4457 2550 4514 satisfactione
2580 4467 2830 4515 teneatur
2853 4461 3138 4518 obnoxius.

2247 4551 2379 4606 Item
2424 4553 2479 4606 in
2518 4553 2709 4628 eodem
2751 4555 2982 4612 concilio
3004 4598 3016 4622 ,
3050 4573 3168 4628 cap.
3204 4559 3260 4624 5,
3295 4561 3574 4631 scriptum
3614 4573 3696 4618 est
3721 4563 3776 4616 de

2178 4643 2371 4712 servis,
2420 4645 2465 4699 si
2494 4646 2561 4700 ad
2615 4645 2898 4703 ecclesiam
2950 4649 3297 4722 confugerint
3332 4667 3348 4706 :
3382 4655 3597 4711 Servus
3639 4659 3686 4711 si
3719 4657 3778 4710 ad

2179 4737 2464 4792 ecclesiam
2495 4738 2800 4810 confugerit
2815 4757 2913 4812 pro
2933 4743 3172 4813 qualibet
3200 4745 3360 4817 culpa
3381 4789 3398 4813 ,
3428 4751 3536 4804 sia
3573 4751 3778 4806 domino

2181 4832 2382 4887 omissa
2425 4833 2581 4904 culpa
2635 4846 3036 4892 sacramentum
3084 4843 3419 4911 susceperit,
3475 4848 3670 4900 statim
3721 4843 3776 4898 ad

2183 4924 2462 4978 servititsn
2492 4926 2692 4981 domini
2729 4928 2810 4983 sui
2843 4930 3021 4985 redire
3044 4941 3288 5004 cogatur.
3319 4934 3392 4990 Et
3423 4949 3778 5009 posteaquam

2187 5018 2314 5073 dato
2361 5033 2704 5078 sacramento
2741 5024 2960 5082 domino
2987 5044 3085 5083 suo
3116 5028 3279 5085 fuerit
3319 5037 3706 5106 consignatus,
3739 5037 3776 5088 si

2191 5110 2393 5180 aliquid
2433 5127 2606 5183 poma:
2648 5131 2746 5185 pro
2775 5119 2962 5174 eadem
2999 5121 3152 5192 culpa
3180 5139 3283 5191 qua
3329 5139 3638 5184 excusatur
3669 5145 3780 5200 pru-

2191 5202 2349 5257 batus
2392 5203 2554 5259 fuerit
2602 5209 2918 5277 pertulisse,
2949 5226 3050 5281 pro
3079 5224 3400 5286 contemptu
3439 5224 3691 5278 ecclesia
3735 5233 3784 5276 et

2191 5298 2637 5365 praevaricatione
2660 5301 2808 5368 ﬁdei,
2839 5318 2870 5356 a
2897 5307 3281 5362 communione
3309 5319 3371 5365 et
3409 5317 3668 5370 coorivio
3697 5334 3778 5370 ca-

2194 5389 2542 5459 tholicorum,
2559 5396 2698 5450 sicut
2724 5398 2975 5466 superius
2999 5403 3455 5472 comprehensum
3479 5419 3589 5476 est,
3609 5425 3782 5467 extra-

2193 5499 2328 5540 neus
2373 5486 2663 5543 habeatur.
2704 5489 2760 5545 Si
2782 5505 2912 5549 vero
2959 5509 3170 5561 servus,
3197 5515 3296 5559 pro
3349 5502 3517 5573 culpa
3568 5523 3664 5560 sua
3721 5507 3780 5559 ab

2192 5578 2422 5634 ecclesia
2465 5580 2814 5650 defensatus,
2864 5601 3204 5644 sacramenta
3257 5593 3477 5650 Domini
3503 5639 3520 5662 ,
3577 5599 3782 5654 cleris:

2191 5671 2552 5743 exigentibus,
2591 5673 2658 5728 de
2699 5676 3020 5746 impunitate
3061 5685 3391 5753 perceperit,
3419 5689 3580 5745 exire
3603 5689 3780 5750 ωει-

2193 5773 2299 5820 tem
2326 5779 2358 5820 a
2388 5765 2608 5824 domino
2630 5767 2791 5826 liceat
2823 5774 3095 5843 occupari.
