3938 6334
207 423 328 481 un
1443 416 1779 476 ΜΕΝΙΤΕΝ

1907 415 1953 471 Μ
1992 415 2212 473 LIBER.
3301 419 3436 476 HIS

205 535 317 589 CAP.
358 530 542 587 XXlll.
569 559 639 569 —
673 528 754 601 De
796 530 898 601 his
921 529 1009 600 qui
1052 529 1396 601 divinationes
1429 538 1693 601 expetunt,
1717 538 1765 583 et
1793 533 1844 594 Α
1871 529 2015 585 tione
2037 529 2311 601 colligere.
2350 530 2468 588 Non
2509 530 2668 585 liceat
2706 527 2762 583 in
2795 527 3113 586 collectione
3151 530 3438 586 herbarum

389 600 830 656 incantationibus
856 599 962 655 sive
983 600 1219 671 auguriis
1243 599 1559 654 deserviunt.

1899 637 1984 692 uuae
2022 621 2372 678 medicinales
2394 629 2520 678 sunt
2562 619 2770 690 aliquas
2798 619 3205 677 observationes
3231 630 3326 676 aut
3358 622 3442 676 in-

1868 714 2208 770 cantationes
2260 714 2576 779 intendere,
2629 710 2735 767 nisi
2783 718 2994 767 tantum
3035 729 3158 768 cum
3199 713 3442 784 symbolo

1868 806 2052 862 divino
2071 815 2128 863 et
2151 807 2398 862 oratione
2425 804 2704 861 Dominica
2733 821 2747 858 :
2774 812 2834 859 ut
2861 811 3070 860 tantum
3117 805 3258 862 Deus
3283 821 3441 864 crea-

264 715 317 770 lu
341 713 630 785 Ancyrano
662 712 912 780 concilio,
939 728 1130 784 cap....
1157 712 1224 768 de
1245 712 1330 768 his
1353 711 1446 784 qui
1485 712 1767 770 divinatio-

203 819 290 862 nes
341 813 624 877 expetunt,
673 813 728 860 et
767 821 974 861 morem
1001 805 1281 876 gentilium
1339 805 1762 876 subsequuntur,

201 906 286 953 aut
313 897 367 951 in
393 897 582 952 domos
609 909 737 950 suas
773 893 1077 964 huiusmodi
1116 892 1366 950 homines
1392 894 1762 959 introducunt,
1867 905 1952 954 tor
1977 898 2218 954 omnium
2236 906 2293 954 et
2318 898 2578 954 Dominus
2633 897 2946 953 honoretur.

200 990 506 1062 exquirendi
536 989 741 1060 aliquid
770 996 888 1044 arte
916 987 1190 1054 maleﬁca,
1222 995 1318 1042 aut
1359 987 1613 1057 expiandi
1640 1002 1766 1044 cau-
1936 989 1995 1044 In
2047 989 2277 1046 concilio
2325 988 2684 1055 Laodicensi,-
2700 1003 2817 1058 cap.
2849 988 2939 1057 59,
2968 990 3225 1062 scriptum
3253 998 3338 1048 est
3377 993 3444 1050 de

199 1101 271 1151 sa,
300 1085 398 1140 sub
439 1082 620 1156 regula
661 1079 1253 1152 quinquenniijaeeant
1296 1081 1592 1138 secundum
1645 1097 1768 1153 gra-
1865 1078 1952 1134 his
2012 1078 2338 1135 Christianis
2408 1080 2501 1150 qui
2568 1079 2845 1136 celebrant
2899 1079 3035 1137 festa
3095 1083 3376 1152 gentilium
3427 1103 3440 1139 :

199 1177 291 1230 dus
314 1173 647 1246 paenitentiae
670 1170 941 1228 deﬁnitos.
1868 1171 2024 1239 Quod
2067 1187 2174 1228 non
2207 1180 2452 1243 oporteat
2501 1187 2626 1228 cum
2663 1172 2953 1244 gentilibus
2982 1172 3120 1230 festa
3150 1176 3444 1244 celebrare,

261 1264 319 1318 ln
347 1263 577 1320 concilio
599 1262 950 1329 Laodicensi,
975 1277 1093 1334 cap.
1118 1261 1217 1328 56,
1249 1263 1317 1320 de
1342 1263 1428 1319 his
1457 1263 1551 1334 qui
1582 1263 1765 1319 incan-
1868 1271 1923 1319 et
1971 1265 2374 1321 communicare
2420 1263 2782 1336 pravitatibus
2826 1279 3016 1321 eorum
3059 1266 3153 1338 qui
3182 1269 3300 1325 sine
3330 1270 3440 1326 Deo

197 1356 482 1413 tationibus
500 1364 558 1412 et
575 1355 926 1428 phylaeteriis
951 1363 1202 1421 utuntur,
1233 1355 1309 1410 ita
1337 1357 1600 1427 scriptum
1640 1362 1760 1409 est:
1867 1365 2012 1411 sunt.

197 1450 346 1517 Quod
372 1463 483 1505 non
514 1455 766 1518 oporteat
803 1447 976 1503 sacris
1022 1446 1212 1504 ofﬁciis
1243 1447 1456 1504 deditos
1482 1446 1566 1502 vel
1609 1445 1765 1502 cleri-

194 1558 301 1609 cos,
331 1556 515 1614 magos
534 1549 628 1595 aut
647 1540 1012 1596 incantatores
1035 1537 1292 1607 existere,
1315 1548 1409 1594 aut
1429 1539 1610 1596 facere
1632 1540 1767 1610 phy-

192 1634 430 1699 lacteria,
461 1648 584 1704 quae
616 1632 921 1687 animarum
957 1646 1176 1687 suarum
1201 1631 1417 1687 vincula
1453 1645 1578 1688 esse
1617 1645 1767 1686 com-

191 1729 650 1828 p'f’l’anmrffos
685 1735 867 1782 amem
899 1725 994 1798 qui
1018 1725 1104 1782 his
1135 1732 1383 1791 "mnu",
1419 1724 1488 1780 ab
1523 1722 1765 1780 Εθθιθδίδ
1867 1767 2131 1823 ganorum
2177 1753 2439 1808 conviviis
2479 1722 2788 1808 auferendis
2819 1722 2845 1807 τε
2878 1722 3014 1810 illud
3057 1756 3221 1812 etiam
3264 1722 3450 1828 peten-

189 1821 313 1892 pelli
337 1820 704 1891 praecipimus.

1899 1843 2017 1909 lum,
2046 1851 2107 1898 ut
2155 1843 2434 1914 quoniam,
2461 1853 2651 1899 contra
2675 1854 2947 1916 praecepta
2975 1847 3178 1916 divina,
3203 1849 3447 1905 convivia

259 1913 316 1968 1n
352 1911 581 1969 concilio
611 1911 929 1984 Agathensi,
953 1911 1021 1968 de
1041 1911 1314 1983 sortilegis
1358 1911 1443 1966 vel
1481 1909 1766 1984 augurium

1899 1935 2056 1992 uultis
2107 1936 2162 1992 in
2206 1936 2342 1992 locis
2388 1945 2732 2004 exercentur,
2766 1953 2886 2008 quae
2929 1940 2998 1994 ab
3027 1955 3214 2012 errore
3259 1942 3448 2012 gentili

189 2008 565 2074 δθτνθηιίδυεν
597 2004 1038 2100 υιέδᾼΕεθῙθείθ
1081 2012 1404 2100 δθβπβξηυτ
1420 2045 1437 2071 ν
1655 2003 1726 2058 ‘5
1749 2043 1762 2068 ’
1869 2025 2114 2082 adtracta
2157 2036 2304 2093 sunt,
2346 2027 2422 2082 ita
2447 2035 2507 2081 ut
2543 2042 2688 2082 nunc
2719 2003 2761 2083 7a
2783 2003 3016 2100 paganis
3045 2003 3340 2085 Cbﬁstiani
3383 2031 3450 2086 ad

185 2102 446 2174 scripuli“
480 2108 565 2157 θεῖ
595 2115 610 2154 ε
647 2097 726 2155 Ne
751 2098 817 2154 de
845 2115 911 2155 θο
946 2099 1178 2156 fortasse
1203 2099 1448 2191 νίᾴθέιωέ
1477 2097 1762 2191 omissum,
1869 2115 1986 2170 haec
2042 2114 2365 2172 celebranda
2419 2123 2699 2188 cogantur,
2749 2097 2814 2174 es
2865 2097 2971 2188 qua
3014 2134 3074 2174 re
3124 2121 3454 2191 temporibus

185 2195 330 2266 quod
374 2193 610 2249 maxime
663 2191 823 2248 ﬁdem
865 2191 1157 2282 Catholicae
1200 2190 1474 2262 religionis
1521 2188 1764 2256 infestat,

1899 2207 2303 2265 lhristiauorum
2348 2208 2742 2280 lmperatorum
2775 2213 3080 2281 persecutio
3136 2188 3306 2269 altera
3337 2215 3454 2270 fieri

185 2286 331 2358 quod
358 2284 618 2356 aliquanti
647 2284 830 2341 clerici
859 2280 982 2340 sive
1008 2283 1132 2339 laici
1163 2283 1382 2338 student
1420 2280 1685 2354 auguriis,
1712 2288 1770 2336 et

1899 2300 2080 2357 >cculte
2117 2300 2392 2368 videatur,
2422 2311 2592 2358 vetari
2623 2302 2750 2358 talia
2777 2280 3005 2372 iubeant
3031 2323 3044 2358 :
3077 2314 3133 2362 et
3161 2305 3226 2362 de
3255 2307 3447 2363 civita-

183 2379 288 2437 su’u
325 2379 542 2434 nomine
569 2378 710 2434 ﬁcta:
748 2376 1029 2449 religionis
1076 2392 1184 2448 qua
1232 2385 1546 2432 sanctorum
1591 2381 1766 2430 sortes

1899 2393 2012 2448 ibus
2066 2401 2120 2449 e‘t
2162 2394 2597 2464 possessionibus
2644 2394 2898 2467 imposita
2930 2412 3088 2467 paena
3126 2398 3402 2469 prohiberi
3435 2413 3449 2452 :

182 2469 534 2528 divinationis
577 2468 862 2526 scientiam
895 2468 1243 2539 proﬁtentur,
1280 2476 1374 2523 aut
1399 2481 1768 2540 quarumcun-

1899 2483 2105 2539 naxime
2147 2499 2272 2540 cum
2300 2485 2466 2540 etiam
2505 2485 2774 2541 natalibus
2827 2468 3264 2543 beatissimorum
3307 2503 3448 2544 mar-

181 2579 293 2634 que
339 2562 674 2634 inspectione
720 2559 904 2617 futura
931 2560 1282 2633 promittunt,
1307 2559 1410 2615 hoc
1453 2559 1766 2629 quicunque

1899 2586 2049 2643 yrum
2069 2589 2166 2644 per
2191 2573 2480 2631 nonnullas
2508 2575 2780 2644 civitates,
2801 2583 2859 2632 et
2879 2576 2936 2632 in
2963 2577 3096 2648 ipsis
3122 2577 3256 2635 locis
3283 2579 3454 2634 sacris

180 2653 418 2708 clericus
470 2651 556 2706 vel
603 2650 773 2706 laicus
817 2651 1062 2707 delectus
1105 2650 1297 2716 fuerit,
1329 2649 1415 2704 vel
1460 2647 1763 2717 consulere,
1872 2663 2002 2719 talia
2045 2665 2390 2722 committere
2432 2682 2542 2722 ηοη
2585 2665 2948 2725 reformident
2977 2647 2996 2722 ξ
3025 2670 3223 2739 quibus
3267 2670 3456 2726 diebus

1865 1473 1998 1530 CAP.
2036 1471 2201 1532 XXV.
2245 1506 2315 1517 —
2347 1475 2502 1544 Quod
2551 1493 2656 1534 non
2711 1477 2776 1532 sit
2837 1494 2954 1533 cum
2999 1481 3220 1550 paganis
3269 1481 3446 1538 convi-

2529 1547 2779 1602 nandum.

2529 1565 2779 1602 uanaum.

1938 1658 1998 1713 In
2027 1659 2256 1716 concilio
2279 1658 2536 1716 Africano
2555 1700 2570 1727 ,
2596 1676 2717 1731 cap.
2745 1660 2833 1727 27,
2866 1663 3131 1733 scriptum
3153 1663 3324 1720 estde
3352 1679 3446 1734 pa-

180 2743 274 2798 vel
294 2743 507 2809 docere,
529 2742 595 2798 ab
617 2740 860 2798 Ecclesia
884 2740 1147 2796 habeatur
1172 2747 1484 2796 extraneas.

257 2835 319 2890 In
340 2833 569 2891 concilio
591 2833 958 2899 Toletanensi,
979 2849 1100 2904 cap.
1127 2832 1227 2900 ἓξ),
1250 2831 1327 2888 ita
1355 2831 1616 2902 scriptum
1641 2840 1727 2888 est
1752 2850 1764 2886 :

183 2928 247 2984 Si
280 2928 402 2998 quis
445 2927 730 2999 episcopus
774 2934 867 2981 aut
894 2927 1181 2998 presbyter
1218 2925 1333 2981 sive
1359 2925 1651 2991 diaconus,
1684 2923 1772 2979 vel

179 3020 420 3093 quilibet
447 3035 512 3076 ex
549 3019 740 3075 ordine
783 3018 1125 3086 clericorum,
1155 3032 1342 3088 magos
1379 3028 1474 3072 aut
1497 3015 1773 3086 aruspices

179 3124 289 3172 aut
311 3114 508 3170 ariolos
542 3113 626 3169 vel
648 3113 952 3184 sortilegos,
974 3118 1068 3166 aut
1094 3125 1190 3167 eos
1217 3110 1309 3181 qui
1330 3110 1653 3182 proﬁtentur
1685 3123 1774 3164 ar-

177 3217 301 3263 tem
357 3206 591 3278 aliquam
644 3205 938 3271 curiosam,
970 3212 1065 3260 aut
1115 3201 1310 3273 aliquis
1343 3216 1535 3258 eorum
1575 3199 1773 3257 similia

175 3307 508 3355 exercentes
537 3297 826 3354 consulens
847 3296 1010 3352 fuerit
1030 3297 1431 3367 deprehensus,
1463 3294 1532 3349 ab
1570 3294 1776 3351 honore

174 3392 471 3466 dignitatis
518 3407 630 3447 SINE
673 3390 972 3462 depositus,
1026 3387 1342 3444 monasterii
1398 3401 1588 3442 curam
1628 3384 1776 3441 exci-

169 3486 306 3556 piat
329 3501 344 3539 :
373 3483 555 3553 ibique
577 3489 850 3553 perpetuae
869 3479 1203 3551 poenitentiae
1225 3477 1458 3544 deditus,
1486 3475 1663 3533 scelus
1688 3475 1777 3531 ad-

169 3577 418 3632 missum
441 3573 712 3642 sacrilegii
737 3573 932 3628 solvat.

259 3667 324 3720 ln
349 3665 555 3736 synodo
583 3663 819 3729 Martini,
847 3679 969 3734 cap.
994 3662 1086 3728 59,
1125 3663 1204 3717 ita
1223 3663 1486 3733 scriptum
1507 3669 1629 3716 est:
1659 3660 1778 3716 Non

169 3761 358 3817 liceat
397 3757 770 3814 sacerdotibus
797 3754 884 3810 vel
913 3754 1126 3810 clericis
1176 3754 1546 3808 incantatores
1575 3769 1696 3809 esse
1726 3763 1782 3807 et
1824 3773 1832 3779 τ

167 3857 458 3927 ligaturas
501 3849 716 3904 facere:
745 3845 890 3917 quod
921 3853 1005 3901 est
1047 3843 1316 3915 colligatio
1346 3844 1671 3899 animarum.
1722 3839 1780 3897 Si

167 3948 318 4019 quis
339 3946 457 4000 haec
487 3942 635 4008 facit,
659 3941 726 3997 de
744 3939 988 3996 Ecclesia
1014 3936 1353 4009 projiciatur.

168 4067 326 4123 Cap.
367 4060 557 4119 XXIV.
585 4089 658 4102 —-
690 4058 844 4126 Quod
885 4074 989 4112 non
1029 4057 1181 4112 liceat
1229 4055 1543 4111 Christianis
1581 4070 1784 4126 servare

262 4134 576 4190 traditiones
609 4123 880 4202 gentilium
905 4143 924 4181 :
957 4145 1050 4184 nec
1083 4126 1206 4183 uilis
1237 4126 1684 4182 observationibus
1709 4123 1785 4194 fe-

260 4207 362 4261 stis
386 4219 564 4260 eorum
585 4202 993 4258 communicare.

261 4317 402 4374 Item
429 4315 485 4372 in
510 4313 698 4371 eadem
717 4313 944 4385 synodo,
977 4327 1095 4384 cap.
1121 4310 1210 4380 72,
1235 4311 1498 4382 scriptum
1522 4317 1605 4366 est
1630 4327 1642 4364 :
1666 4307 1782 4365 Non

168 4412 360 4467 liceat
384 4406 709 4463 Christianis
731 4413 916 4460 tenere
945 4403 1264 4459 traditiones
1288 4401 1590 4474 gentilium,
1611 4409 1665 4456 et
1688 4401 1784 4455 ob-

165 4519 242 4559 se
255 4516 420 4556 rvare
443 4499 582 4554 luna:
605 4505 699 4554 aut
723 4496 998 4553 stellarum
1027 4508 1265 4550 cursum.
1301 4493 1419 4550 Non
1443 4493 1606 4550 liceat
1630 4491 1786 4550 Chri-

166 4591 393 4650 stianis
429 4591 722 4647 observare
750 4587 834 4643 vel
862 4587 1041 4644 colere
1067 4586 1358 4651 elementa,
1387 4593 1479 4640 aut
1526 4585 1666 4640 lunae
1693 4590 1787 4639 aut

165 4682 480 4740 stellarum
525 4695 760 4746 cursum,
797 4685 892 4733 aut
933 4677 1151 4731 inanem
1195 4675 1473 4746 signorum
1519 4673 1786 4728 fallaciam

167 4793 302 4850 pro
323 4775 482 4831 domo
507 4773 772 4838 facienda,
800 4770 883 4826 vel
907 4769 1202 4840 segetibus,
1221 4769 1306 4824 vel
1326 4766 1612 4824 arboribus
1639 4766 1791 4835 plan-

170 4866 414 4933 tandis,
445 4865 530 4919 vel
557 4862 820 4935 coniugiis
847 4860 1136 4918 sociandis.
1166 4859 1442 4928 Scriptum
1472 4865 1557 4913 est
1596 4857 1738 4912 enim
1773 4871 1786 4910 :

174 4981 198 5012 α
261 4956 462 5014 Omnia
485 4972 605 5028 qua:
628 4956 824 5022 facitis,
855 4962 946 5010 aut
976 4954 1029 5008 in
1065 4952 1232 5008 verbo
1255 4961 1348 5005 aut
1376 4951 1430 5005 in
1461 4964 1644 5020 opere,
1675 4964 1794 5004 om-

169 5052 296 5108 nia
327 5050 382 5104 in
407 5049 628 5106 nomine
651 5047 867 5104 Domini
894 5045 1066 5102 nostri
1094 5043 1222 5100 Jesu
1243 5042 1445 5100 Christi
1463 5041 1645 5108 facite,
1671 5055 1794 5113 gra-

171 5143 312 5198 tias
341 5149 563 5212 agentes
589 5142 702 5196 Deo
725 5137 778 5212 (Ι
803 5136 926 5193 Cor.
957 5136 1034 5209 χ).
1075 5155 1094 5189 ι

274 5229 414 5286 ltem
449 5230 503 5285 in
532 5230 726 5286 eodem
754 5225 1004 5294 concilio,
1039 5240 1160 5296 cap.
1186 5225 1272 5293 72,
1296 5225 1372 5280 ita
1403 5225 1664 5296 scriptum
1693 5231 1794 5288 est,

168 5322 354 5395 quod
410 5338 516 5378 non
566 5321 727 5377 liceat
772 5319 1041 5376 Kalendas
1079 5318 1370 5374 observare
1420 5336 1433 5372 :
1483 5317 1600 5375 Non
1638 5319 1800 5375 liceat

173 5414 428 5484 iniquas
475 5413 884 5471 observationes
935 5425 1095 5484 agere
1128 5409 1513 5479 Kalendarum,
1557 5418 1613 5466 et
1655 5411 1796 5466 otio-

169 5505 288 5562 sis
329 5519 526 5561 vacare
566 5505 772 5561 rebus:
812 5517 987 5574 neque
1015 5501 1167 5558 lauro
1197 5510 1290 5557 aut
1322 5503 1595 5558 viriditate
1635 5501 1796 5558 arbo-

171 5611 338 5653 rum
371 5597 606 5654 circuire
637 5596 847 5653 domos.
886 5593 1074 5652 Omnis
1113 5593 1231 5651 haec
1277 5595 1586 5653 observatio
1635 5611 1800 5667 paga-

167 5690 379 5748 nismi
400 5699 504 5746 est.

279 5781 420 5839 Item
469 5786 522 5840 in
574 5785 764 5840 eodem
815 5781 1066 5850 concilio,
1091 5781 1341 5862 cap.r75,
1383 5783 1644 5856 scriptum
1694 5795 1802 5851 est,

165 5877 362 5950 ιῖιιιοά
393 5892 496 5933 non
533 5876 692 5931 liceat
726 5873 1074 5931 medicinales
1103 5875 1303 5931 herbas
1333 5876 1511 5946 aliqua
1543 5877 1798 5933 observa-

461 5967 733 6030 Pnaot.
780 5965 978 6028 CXII.

1872 2756 2056 2821 etiam,
2091 2758 2235 2828 quod
2279 2757 2504 2829 pudoris
2531 2769 2615 2814 est
2643 2758 2846 2828 dicere,
2875 2759 3192 2816 saltationes
3231 2761 3460 2818 scelera-

1873 2847 2114 2903 tissimas
2140 2861 2238 2917 per
2262 2848 2415 2905 vicos
2435 2857 2597 2918 atque
2611 2850 2822 2920 plateas
2839 2859 3148 2918 exerceant,
3172 2861 3234 2907 ut
3257 2861 3460 2908 matro-

1873 2938 2014 2994 nalis
2057 2938 2234 2994 honor
2267 2947 2324 2995 et
2364 2939 2841 2997 innumerabilium
2885 2941 3208 2998 feminarum
3252 2944 3457 3016 pudor,

1875 3030 2067 3086 devote
2119 3031 2450 3087 venientium
2489 3033 2557 3088 ad
2586 3033 3014 3090 sacratissimum
3042 3035 3183 3092 diem
3204 3077 3220 3103 ,
3252 3037 3464 3108 injuriis

1874 3122 2275 3180 lascivientium
2295 3134 2616 3197 appetatur:
2652 3134 2712 3182 ut
2730 3127 2893 3183 etiam
2923 3126 3094 3200 ipsius
3118 3138 3318 3186 sanctae
3340 3131 3465 3188 reli-

1803 3265 1849 3328 C
1881 3216 2053 3288 gionis
2076 3232 2214 3287 pene
2241 3216 2484 3289 fugiatur
2503 3233 2780 3275 accessus.

1951 3309 2005 3328 ι,
2049 3307 2273 3328 Lm”-
2299 3307 2321 3328 ι
2516 3309 2670 3328 πω,
2738 3326 2780 3328 -_

1951 3309 2009 3363 In
2042 3307 2277 3364 decretis
2299 3307 2494 3364 Leonis
2516 3309 2698 3380 Papae,
2726 3325 2847 3381 cap.
2881 3311 2972 3378 50,
2998 3311 3256 3384 scriptum
3287 3314 3463 3370 estde

1881 3398 1968 3454 his
2015 3397 2110 3470 qui
2153 3399 2403 3456 convivio
2433 3401 2717 3472 gentilium
2745 3410 2800 3458 et
2822 3385 2966 3458 escis
2999 3403 3357 3461 immolatitiis
3381 3405 3480 3460 usi‘

1881 3501 2008 3548 sunt
2033 3510 2046 3547 :
2077 3491 2135 3548 Si
2164 3493 2256 3564 qui
2281 3495 2529 3551 convivio
2561 3495 2678 3551 solo
2705 3496 2984 3567 gentilium
3019 3506 3074 3552 et
3101 3499 3244 3555 escis
3273 3499 3466 3554 immo—

1880 3584 2068 3641 latitiis
2113 3584 2200 3640 usi
2229 3595 2384 3652 sunt,
2435 3595 2662 3656 possunt
2681 3585 2900 3657 ieiuniis
2928 3597 2983 3644 et
3013 3605 3206 3647 manus
3247 3590 3470 3662 imposi-

1884 3678 2031 3733 tione
2074 3677 2328 3749 purgari,
2378 3677 2446 3732 ab
2503 3677 2816 3748 idolothytis
2874 3679 3226 3746 abstinentes,
3283 3696 3467 3738 sacra-

1883 3777 2194 3824 mentorum
2221 3768 2426 3824 Christi
2454 3776 2682 3838 possunt
2708 3785 2826 3825 esse
2850 3770 3162 3841 participes.
3202 3770 3260 3826 Si
3292 3781 3470 3828 autem

1887 3868 1980 3914 aut
2031 3857 2174 3914 idola
2212 3858 2612 3927 adoraverunt,
2659 3867 2752 3914 aut
2807 3859 3114 3917 homicidiis
3159 3870 3252 3918 aut
3305 3861 3473 3918 forni-

1888 3952 2192 4008 cationibus
2258 3952 2616 4008 contaminati
2675 3960 2836 4017 sunt,
2901 3953 2972 4009 ad
3039 3956 3472 4011 communionem

1888 4058 1982 4099 eos
2010 4043 2116 4098 nisi
2142 4058 2240 4116 per
2265 4041 2646 4114 paenitentiam
2670 4041 2943 4113 publicam
2971 4058 3081 4100 non
3121 4053 3335 4115 oportet
3383 4047 3474 4102 ad-

1887 4135 2047 4190 mitti.

1887 4252 2018 4308 CAP.
2060 4250 2452 4336 XXVl.—De
2476 4251 2793 4336 Christianis
2840 4252 2934 4336 qui
2976 4267 3102 4336 cunt
3135 4250 3346 4336 Jud‘ceis.
3386 4269 3476 4336 ue-

1961 4333 2200 4390 scuntur,
2223 4335 2271 4378 et
2300 4323 2441 4396 quod
2459 4323 2664 4396 Judazis
2694 4338 2799 4376 non
2832 4321 2986 4378 liceat
3011 4323 3200 4396 habere
3221 4321 3478 4396 Christia-

1963 4411 2056 4476 nas
2115 4392 2411 4450 uxoresvel
2449 4392 2785 4461 concubinas,
2830 4410 2922 4449 seu
2957 4393 3277 4465 mancipium
3328 4392 3479 4449 Cltri-

1960 4476 2210 4520 sttanum.

1960 4583 2018 4636 ιιι
2046 4580 2279 4637 concilio
2307 4579 2734 4648 Heliberritano,
2759 4595 2880 4652 cap.
2911 4579 3004 4647 55,
3024 4579 3288 4651 scriptum
3309 4579 3480 4636 estde

1892 4675 2219 4732 Christianis
2241 4675 2333 4745 qui
2364 4690 2487 4730 cum
2513 4674 2715 4730 Judzeis
2735 4683 3065 4730 vescuntur:
3100 4673 3160 4730 Si
3186 4689 3315 4730 vero
3357 4675 3480 4745 quis

1893 4769 2126 4826 clericus
2173 4768 2259 4824 vel
2295 4767 2473 4824 ﬁdelis
2519 4783 2645 4824 cum
2691 4765 2893 4823 Judtris
2932 4767 3113 4822 cibum
3154 4768 3479 4839 sumpserit,

1893 4863 2098 4934 placuit
2141 4875 2264 4916 eum
2310 4875 2341 4915 a
2382 4860 2764 4917 communione
2811 4859 3119 4926 abstinere,
3171 4868 3232 4928 ut
3291 4859 3484 4916 debeat

1894 4953 2196 5010 emundari.

1967 5047 2024 5102 In
2049 5046 2278 5103 concilio
2321 5046 2689 5112 Toletanensi,
2723 5061 2842 5118 cap.
2875 5033 2974 5113 {4,
3003 5047 3263 5118 scriptum
3303 5055 3386 5103 est
3401 5047 3482 5102 “de

1900 5140 2100 5197 Judaais
2127 5159 2139 5195 :
2173 5139 2509 5211 Suggerente
2555 5139 2817 5204 Concilio,
2849 5138 2903 5194 id
2931 5139 3351 5212 gloriosissimus
3379 5139 3480 5192 Do-

1902 5234 2083 5289 minus
2129 5243 2315 5288 noster
2348 5233 2658 5288 Canonibus
2712 5231 3057 5286 inserendum
3107 5229 3382 5302 praecepit,
3425 5238 3486 5281 ut

1903 5327 2102 5384 Judaais
2149 5343 2256 5382 non
2310 5325 2472 5382 liceat
2519 5324 2858 5381 Christianas
2907 5324 3110 5380 habere
3154 5335 3353 5378 uxores
3398 5319 3481 5372 vel

1905 5419 2265 5485 concubinas,
2292 5433 2470 5488 neque
2500 5416 2829 5487 mancipium
2856 5415 3225 5472 Christianum
3259 5413 3314 5467 in
3353 5426 3484 5466 usus

1907 5509 2153 5581 proprios
2175 5521 2514 5578 comparare.
2541 5503 2649 5561 Sed
2668 5513 2723 5560 et
2752 5503 2846 5560 ﬁlii
2873 5504 2962 5574 qui
2997 5517 3066 5558 ex
3101 5501 3196 5556 tali
3234 5497 3486 5570 coniugio

1908 5601 2022 5658 nati
2057 5609 2201 5666 sunt,
2230 5597 2582 5655 assumendus
2606 5611 2726 5652 esse
2751 5596 2816 5651 ad
2836 5595 3162 5665 baptismum
3195 5607 3208 5647 :
3235 5589 3380 5646 nulla
3406 5589 3489 5646 of-

1909 5695 2028 5749 ﬁcia
2048 5691 2263 5762 publica
2289 5705 2384 5746 eos
2415 5703 2549 5760 opus
2573 5696 2656 5744 est
2693 5703 2875 5759 agere,
2897 5701 2998 5756 per
3021 5699 3142 5756 quae
3170 5683 3250 5740 eis
3274 5682 3489 5740 occasio

1911 5785 2180 5839 tribuatur
2225 5797 2440 5854 poenam
2491 5778 2817 5836 Christianis
2871 5774 3090 5832 inferre.
3133 5773 3190 5830 Si
3235 5773 3326 5845 qui
3356 5788 3488 5828 vero

1909 5875 2202 5932 Christiani
2249 5873 2317 5931 ab
2345 5873 2424 5932 cis
2452 5873 2650 5930 inda-is
2679 5871 2732 5926 in
2761 5871 2866 5925 ritu
2915 5878 3042 5925 sunt
3087 5866 3362 5936 macuiati,
3404 5870 3491 5924 vel

2937 5957 3013 6019 [ιῦ
