3938 6334
252 355 382 416 Mil

1450 349 1453 360 ’
1476 347 1981 412 PCENITENTIUM
2021 355 2246 410 LIBER.

3360 358 3496 414 14°22

249 463 556 523 conditores
583 460 945 528 basilicarum,
981 457 1038 517 in
1067 461 1230 518 rebus
1259 475 1392 532 quas
1413 461 1615 517 eisdem
1640 462 1812 518 eccle-
1840 464 1898 524 Α
1918 461 2151 522 fessione
2177 466 2424 520 monachi
2454 482 2466 518 :
2502 465 2820 522 Monachum
2863 477 2956 522 aut
2985 478 3211 540 paterna
3248 470 3482 534 devotio,

253 561 348 616 siis
373 556 675 621 conferunt,
705 557 904 612 nullam
929 566 1248 628 potestatem
1277 559 1512 614 habere:
1541 559 1634 614 sed
1665 558 1821 627 juxta

251 653 529 709 Canonum
576 650 822 705 instituta
869 651 1008 705 sicut
1055 651 1360 716 ecclesiam,
1411 652 1486 706 ita
1541 660 1596 706 et
1641 653 1823 709 dotem

252 747 369 818 ejus
402 745 468 798 ad
493 744 886 798 ordinationem
913 742 1148 814 episcopi
1179 745 1469 813 pertinere.
1628 741 1630 744 ’

322 837 382 892 In
427 836 660 891 concilio
709 833 941 899 Nicaeno,
979 849 1100 906 cap.
1136 835 1225 902 i7,
1263 837 1330 891 de
1365 835 1585 890 clericis
1633 847 1825 889 usuras

258 929 664 1001 accipientibus,
691 929 950 998 scriptum
972 937 1088 984 est:
1120 929 1274 996 Quod
1306 928 1457 983 multi
1505 929 1604 983 sub
1635 926 1821 998 regula

257 1021 550 1085 constituti,
587 1019 866 1075 avaritiam
890 1028 945 1075 et
979 1021 1151 1090 turpia
1179 1021 1329 1075 lucra
1354 1027 1652 1084 sectantur,
1695 1017 1832 1073 obli-

260 1116 406 1184 tique
456 1113 650 1168 divinae
697 1111 990 1181 Scriptum
1037 1111 1267 1167 dicentis
1311 1129 1325 1165 ε
1377 1111 1479 1180 Qui
1545 1110 1829 1180 pecuniam

260 1219 408 1260 suam
441 1217 547 1258 non
585 1203 731 1258 dedit
767 1203 834 1258 ad
867 1219 1109 1269 usuram,
1139 1215 1383 1260 mutuum
1437 1205 1648 1269 dantes,
1701 1217 1832 1258 cen-

261 1296 482 1351 tesimos
517 1295 758 1362 exigunt,
789 1294 936 1364 juste
963 1295 1174 1351 censuit
1198 1304 1384 1350 sancta
1415 1301 1472 1350 et
1504 1307 1696 1364 magna
1735 1307 1828 1365 sy-

261 1387 449 1450 nodus,
477 1393 534 1440 ut
563 1387 607 1440 si
627 1387 750 1456 quis
779 1386 1028 1442 inventus
1053 1387 1217 1443 fuerit
1243 1396 1364 1459 post
1385 1389 1524 1444 hanc
1559 1387 1835 1444 diflinitio-

260 1493 382 1533 nem
406 1489 599 1533 usuras
627 1478 916 1548 accipiens,
942 1487 1036 1534 aut
1060 1495 1128 1536 ex
1171 1480 1478 1536 inventione
1520 1481 1700 1551 aliqua
1748 1479 1832 1536 vel

261 1567 499 1638 quolibet
551 1569 711 1623 modo
749 1571 1022 1640 negotium
1061 1570 1388 1641 transigens,
1435 1580 1529 1626 aut
1573 1571 1830 1638 hemiola,

262 1659 312 1715 id
342 1667 447 1724 est,
471 1659 715 1730 sescupla
734 1660 976 1731 exigens,
1011 1659 1096 1715 vel
1124 1661 1327 1730 aliquid
1359 1659 1464 1714 tale
1486 1671 1708 1732 prorsus
1737 1675 1834 1717 ex-

261 1752 504 1819 cogitans
555 1752 729 1822 turpis
767 1751 904 1808 lucri
939 1753 1133 1822 gratia,
1191 1752 1477 1824 dejiciatur
1503 1767 1534 1809 a
1559 1753 1727 1820 clero,
1777 1762 1834 1809 et

263 1843 470 1899 alienus
497 1845 697 1898 existat
721 1859 753 1898 a
789 1844 991 1918 regula.

329 1933 388 1989 In
427 1935 662 1990 decretis
704 1935 901 1992 Leonis
944 1951 1119 2007 papa,
1171 1949 1291 2006 cap.
1329 1935 1384 2002 3,
1427 1936 1687 2006 scriptum
1723 1944 1831 2004 est,

271 2029 416 2098 quod
460 2043 682 2084 usuram
727 2043 834 2084 non
879 2029 1052 2085 solum
1098 2029 1283 2106 clerici
1327 2030 1540 2100 exigere
1589 2041 1697 2085 non
1743 2031 1839 2086 de-

263 2122 450 2186 beant,
479 2122 572 2176 sed
600 2137 698 2178 nec
723 2123 844 2178 laici
869 2121 1181 2178 Christiani.
1211 2123 1323 2180 Nec
1343 2125 1444 2178 hoc
1463 2139 1680 2194 quoque
1695 2137 1837 2195 prai-

230 2207 232 2210 ’
264 2215 579 2270 tereundum
608 2229 729 2270 esse
747 2216 1014 2282 duximus,
1053 2215 1317 2285 quosdam
1354 2213 1488 2271 lucri
1521 2219 1692 2286 turpis
1743 2231 1835 2271 cu-

259 2307 486 2379 piditate
511 2319 718 2377 captos,
747 2323 940 2362 usuras
973 2307 1084 2378 jam
1109 2319 1398 2363 exercere:
1438 2307 1581 2378 quod
1609 2323 1708 2363 nos
1731 2323 1837 2363 non

263 2398 437 2455 dicam
462 2400 515 2454 in
559 2414 652 2454 eos
682 2401 774 2470 qui
816 2409 942 2455 sunt
987 2401 1040 2454 in
1069 2399 1520 2469 clericali/ofﬁcio
1565 2401 1830 2457 constitu-

263 2497 367 2556 tos,
401 2491 494 2547 sed
519 2501 575 2546 et
597 2493 652 2546 in
699 2492 869 2548 laicos
895 2492 1091 2548 cadere
1116 2494 1209 2563 qui
1254 2493 1594 2550 Christianos
1639 2511 1697 2550 se
1731 2494 1838 2550 dici

263 2585 503 2651 cupiunt,
533 2584 916 2641 condolemns:
950 2587 1095 2655 quod
1132 2588 1397 2643 vindicari
1439 2590 1620 2646 acrius
1644 2589 1699 2643 in
1737 2604 1834 2644 eos

264 2675 356 2746 qui
396 2674 598 2730 fuerint
637 2675 924 2742 confutati,
972 2679 1348 2736 decernimus:
1380 2688 1440 2736 ut
1485 2682 1662 2736 omnis
1711 2697 1839 2752 pec-

264 2767 421 2824 candi
459 2769 833 2840 opportunitas
862 2769 1150 2825 adimatur.

612 2881 738 2938 CAP.
781 2881 1014 2938 XXXIII.
1035 2883 1198 2938 -—De
1224 2885 1494 2954 apostatis.

344 2996 400 3052 In
449 2997 679 3052 decretis
733 2997 913 3053 Siricii
961 3012 1128 3069 papas,
1181 3013 1302 3068 cap.
1346 2997 1402 3064 ὅ,
1453 2998 1518 3053 de
1571 2997 1837 3069 apostatis

265 3091 522 3159 scriptum
557 3098 641 3145 est
671 3111 684 3144 :
713 3089 994 3155 Adjectnm
1025 3098 1108 3146 est
1135 3091 1298 3146 etiam
1321 3131 1336 3156 ,
1363 3091 1625 3160 quosdam
1672 3090 1832 3145 Chri-

1925 565 2019 608 aut
2043 555 2256 626 propria
2288 553 2548 626 professio
2577 555 2726 611 facit.
2767 557 3036 629 Quidquid
3087 560 3278 613 horum
3329 559 3487 614 fuerit

1927 646 2222 717 alligatum,
2255 648 2475 702 tenebit.
2523 647 2756 703 Proinde
2785 649 2868 703 liis
2897 651 2964 703 ad
2994 651 3252 703 mundum
3296 651 3492 720 reverti

1927 738 2296 795 interdicimus
2337 741 2574 795 aditum:
2615 751 2670 796 et
2717 757 2904 797 omnes
2933 743 3001 798 ad
3033 742 3286 798 saeculum
3325 741 3494 798 inter-

1928 829 2155 885 dicimus
2184 845 2482 902 regressus.

1929 957 2055 1016 Car.
2113 960 2412 1038 XXX_V.-—-
2462 963 2896 1038 Deprcnitentire
2951 977 3397 1038 temperamento:
3447 985 3496 1029 et

2091 1034 2302 1104 quando
2349 1034 2721 1090 reconciliandi
2747 1047 2864 1090 sunt
2891 1038 2986 1108 ipsi
3011 1034 3334 1110 pienitentes.

2001 1151 2058 1206 In
2087 1150 2340 1207 Africano
2369 1153 2618 1218 concilio,
2650 1165 2770 1223 cap.
2795 1155 2882 1220 i0,
2917 1157 2982 1211 de
3011 1159 3398 1227 paenitentibus
3448 1171 3502 1216 ta

1932 1245 2190 1316 scriptum
2221 1253 2341 1300 est:
2377 1243 2448 1301 Ut
2474 1247 2863 1318 paenitentibus
2906 1251 3199 1304 secundum
3239 1251 3494 1307 differen-

1933 1340 2064 1395 tiam
2093 1345 2459 1410 peccatorum,
2491 1339 2726 1411 episcopi
2758 1341 2983 1394 arbitrio
3009 1343 3335 1412 pauitantia;
3363 1353 3501 1399 tem-

1932 1445 2064 1502 pora
2110 1432 2491 1497 decernuntur,
2529 1439 2586 1486 et
2623 1439 2681 1486 ut
2721 1433 3002 1504 presbyter
3048 1435 3350 1492 inconsulto
3391 1438 3504 1508 epi-

1934 1538 2097 1592 scopo
2120 1537 2225 1578 non
2246 1524 2556 1580 reconciliet
2574 1525 2949 1592 ptenitentem,
2979 1526 3081 1579 nisi
3113 1527 3357 1581 absentia
3393 1529 3506 1598 epi-

1934 1615 2086 1684 scopi
2125 1615 2445 1670 necessitate
2476 1624 2720 1684 cogente.
2773 1614 3154 1686 Cujuscunque
3176 1627 3354 1672 autem
3387 1635 3502 1690 pm-

1933 1709 2154 1765 nitentis
2171 1709 2441 1780 publicum
2459 1719 2514 1764 et
2535 1709 2959 1780 vulgatissimum
2987 1711 3192 1766 crimen
3227 1721 3330 1776 est,
3357 1714 3503 1782 quod

1859 1824 1909 1886 Β
1935 1803 2245 1856 universam
2303 1797 2599 1855 Ecclesiam
2649 1801 3020 1860 commoverit.
3074 1810 3202 1856 ante
3255 1803 3500 1858 absidam

1936 1909 2128 1950 manus
2151 1893 2202 1948 ei
2231 1894 2560 1963 imponatur.

2005 1987 2064 2042 In
2093 1987 2322 2042 decretis
2357 1985 2654 2042 Innocentii
2685 2001 2856 2058 papae,
2881 2003 2998 2058 cap.
3034 1989 3088 2053 7,
3109 1988 3175 2045 de
3203 1989 3512 2059 paenitenti-

1936 2080 2037 2137 bus
2066 2081 2326 2148 scriptum
2351 2088 2465 2134 est:
2496 2079 2570 2134 De
2608 2081 2996 2150 pmnitentibus
3038 2089 3236 2144 autem,
3271 2081 3364 2151 qui
3396 2082 3511 2138 sive

1938 2187 2002 2230 ex
2030 2173 2362 2245 gravioribus
2389 2174 2715 2237 commissis,
2745 2175 2859 2228 sive
2886 2190 2952 2228 ex
2986 2173 3278 2230 levioribus
3329 2176 3510 2244 pinni-

1939 2270 2160 2324 tentiam
2207 2276 2418 2339 gerunt,
2447 2268 2492 2322 si
2519 2266 2661 2320 nulla
2693 2266 2980 2322 intervenit
3009 2266 3293 2337 aegritudo,
3323 2267 3511 2336 quinta

1939 2360 2075 2416 feria
2121 2371 2247 2416 ante
2299 2360 2505 2414 Pascha
2529 2358 2609 2413 eis
2661 2358 3059 2422 remittendum,
3100 2357 3355 2412 Romana:
3409 2357 3510 2411 Ec-

1939 2453 2116 2509 clesiae
2145 2451 2473 2507 consuetudo
2505 2451 2854 2504 demonstrat.
2885 2447 3149 2503 Caeterum
3175 2449 3240 2502 de
3280 2449 3514 2518 pondere

1939 2541 2256 2599 aestimando
2297 2541 2636 2605 delictorum,
2683 2539 2976 2593 sacerdotis
3018 2547 3101 2593 est
3134 2539 3419 2609 judicare:
3454 2546 3514 2592 ut

1941 2635 2187 2689 attendat
2213 2634 2280 2687 ad
2310 2631 2707 2688 confessionem
2737 2630 3071 2700 ptenitentis,
3103 2639 3160 2684 et
3187 2629 3252 2684 ad
3285 2627 3440 2683 fletus
3460 2636 3514 2680 et

1940 2725 2208 2797 lacrymas
2244 2722 2606 2792 corrigentis:
2642 2735 2706 2775 ac
2738 2731 2850 2774 tum
2902 2718 3095 2787 jubere
3140 2718 3358 2782 dimitti,
3387 2732 3510 2772 cum

1947 2817 2135 2872 viderit
2172 2812 2612 2870 satisfactionem,
2668 2810 2810 2866 Sane
2843 2809 3090 2880 quisquis
3123 2809 3175 2862 in
3229 2806 3510 2877 aegritudi-

1943 2922 2066 2962 nem
2121 2906 2391 2969 inciderit,
2444 2915 2608 2974 atque
2657 2917 2827 2971 usque
2867 2901 2934 2956 ad
2965 2900 3393 2971 desperationem
3418 2898 3510 2954 de-

1943 2998 2169 3063 venerit,
2206 2998 2254 3052 ei
2279 3006 2360 3051 est
2387 3004 2512 3049 ante
2540 3003 2748 3056 tempus
2777 2991 2994 3046 Paschze
3023 2991 3374 3047 relaxandum
3399 3003 3414 3044 κ
3441 3003 3512 3045 ne

1945 3092 2011 3146 de
2043 3089 2237 3145 saeculo
2265 3089 2466 3157 absque
2491 3085 2868 3142 communione
2896 3083 3154 3140 discedat.

266 3181 468 3235 stianos
493 3180 559 3234 ad
585 3182 908 3250 apostasiam
931 3181 1091 3251 quod,
1121 3182 1224 3237 dici
1255 3179 1406 3237 nefas
1434 3189 1536 3248 est,
1564 3191 1834 3236 transeun-

1947 3202 2069 3258 CAP.
2102 3199 2420 3256 XXXVI.—
2443 3199 2514 3255 De
2552 3201 2631 3254 his
2673 3199 2762 3270 qui
2787 3199 2842 3252 in
2876 3197 3174 3269 pauitantia
3203 3197 3360 3268 positi
3407 3204 3512 3252 tnta

267 3278 369 3336 tes,
393 3275 449 3327 et
498 3272 741 3326 dolorum
785 3272 932 3330 cultu
979 3289 1041 3329 ac
1071 3273 1462 3330 sacrificiorum
1502 3275 1835 3329 contamina-

265 3361 420 3418 tione
449 3363 777 3433 profanatos,
807 3379 943 3434 quos
990 3363 1188 3420 Christi
1211 3379 1438 3435 corpore
1477 3373 1531 3420 et
1571 3367 1835 3436 sanguine

264 3469 372 3525 quo
402 3453 599 3508 dudum
631 3455 891 3525 redempti
930 3454 1145 3512 fuerant
1187 3457 1539 3521 renascendo,
1579 3457 1834 3528 jubemus

265 3543 527 3599 abscindi.
561 3544 628 3598 Et
656 3545 701 3598 si
729 3545 1106 3615 resipiscentes
1141 3545 1280 3601 forte
1306 3547 1596 3617 aliquando
1628 3548 1835 3604 fuerint

265 3635 336 3690 ad
370 3635 603 3688 lamenta
651 3638 928 3702 conversi,
970 3639 1055 3692 bis
1102 3639 1337 3706 quandiu
1370 3639 1580 3705 vivunt,
1629 3641 1835 3710 agenda

263 3725 582 3796 paenitentia
611 3731 714 3781 est.
753 3726 820 3782 Et
846 3727 902 3780 in
924 3727 1112 3783 ultimo
1150 3728 1258 3782 fine
1292 3744 1410 3792 suo,
1441 3731 1838 3786 reconciliatio-

263 3815 351 3872 iiis
373 3817 542 3888 gratia
583 3818 900 3874 tribuenda:
935 3819 1062 3888 quia
1089 3820 1318 3876 docente
1351 3821 1620 3876 Domino:
1653 3842 1671 3874 ι
1703 3821 1836 3878 Nolo

265 3917 496 3963 mortem
547 3909 878 3978 peccatoris:
930 3918 1141 3965 tantum
1190 3918 1539 3967 convertatur
1582 3920 1639 3967 et
1691 3913 1840 3968 vivat

268 3999 486 4072 (Ezech.
515 3999 694 4072 mu).
735 4020 754 4054 ι
1485 4000 1509 4016 ‘

336 4091 395 4146 In
420 4091 646 4146 concilio
669 4091 994 4159 Arelatensi,
1031 4108 1148 4164 cap.
1175 4092 1276 4158 92,
1307 4093 1378 4148 de
1413 4094 1674 4163 apostatis
1713 4094 1840 4148 scri-

267 4191 417 4254 ptum
447 4191 533 4238 est
565 4201 578 4237 :
616 4183 720 4251 Qui
753 4185 958 4240 tardius
984 4194 1347 4250 revertuntur,
1378 4186 1481 4242 nisi
1505 4201 1602 4254 per
1623 4187 1838 4256 dignam

266 4277 636 4347 paenitentiam
668 4292 776 4332 non
806 4278 1152 4348 recipiantur.
1182 4278 1257 4334 De
1283 4279 1367 4334 his
1387 4279 1480 4348 qui
1510 4287 1836 4350 apostatant,

265 4378 322 4425 et
359 4385 626 4440 nunquam
659 4385 719 4424 se
748 4370 816 4424 ad
841 4371 1123 4426 ecclesiam
1153 4381 1564 4443 repraesentant,
1603 4387 1702 4427 nec
1720 4373 1839 4442 qui-

267 4460 389 4516 dem
423 4460 793 4530 poenitentiam
825 4476 987 4531 agere
1012 4471 1278 4531 quierunt,
1307 4471 1362 4517 et
1389 4473 1576 4532 postea
1615 4463 1841 4518 inﬁrmi-

269 4559 380 4606 tate
433 4554 659 4623 arrepti,
718 4561 908 4623 petunt
969 4555 1426 4621 communionem,

270 4645 501 4701 dandam
549 4647 629 4702 eis
685 4648 1138 4713 communionem,
1209 4649 1314 4704 nisi
1373 4649 1731 4705 revelaverint
1787 4658 1845 4705 et

265 4741 477 4813 egerint
503 4738 708 4797 fructus
734 4742 924 4813 dignos
952 4743 1301 4812 paenitentiae.

336 4831 470 4887 item
517 4833 572 4888 in
601 4833 790 4888 eodem
840 4833 1090 4899 concilio,
1125 4847 1244 4903 cap.
1272 4832 1366 4897 25.
1392 4832 1462 4888 de
1483 4833 1764 4905 apostatis,
1794 4835 1840 4890 si

279 4938 384 4977 non
413 4932 774 4990 revertantur,
813 4925 1074 4995 scriptum
1103 4932 1226 4980 est:
1261 4925 1324 4980 lii
1365 4926 1458 4994 qui
1493 4935 1617 4996 post
1640 4935 1842 4982 sancta:

269 5012 542 5085 religionis
588 5013 973 5085 professionem
1022 5021 1350 5085 apostatant,
1397 5025 1450 5070 et
1478 5017 1546 5070 ad
1584 5015 1839 5072 sacculum

267 5106 511 5170 redeunt,
565 5115 620 5160 et
669 5107 1008 5177 postmodum
1065 5109 1394 5177 paenitentia:
1442 5111 1679 5165 remedia
1730 5127 1838 5166 non

267 5194 570 5262 requirunt,
610 5195 728 5250 sine
778 5196 1094 5263 pmnitentia
1141 5198 1572 5252 communionem
1623 5199 1839 5267 penitus

265 5299 373 5340 non
410 5285 708 5355 accipiant:
751 5301 887 5354 quos
933 5287 1094 5341 etiam
1141 5286 1391 5354 jubemus
1430 5289 1496 5342 ad
1549 5289 1837 5346 clericatus

264 5371 494 5428 cilicium
523 5388 627 5428 non
665 5373 897 5429 admitti.
937 5375 1000 5429 Et
1048 5376 1353 5446 quicunque
1403 5377 1508 5442 ille,
1561 5388 1683 5448 post
1725 5396 1837 5450 pce-

265 5462 551 5517 uitentiam
587 5463 829 5517 habitum
860 5464 1170 5519 smcularem
1201 5483 1306 5521 non
1340 5477 1666 5536 praesumat:
1695 5472 1838 5542 quod

265 5552 309 5609 si
341 5555 765 5624 praesumpserit,
805 5556 874 5610 ab
896 5557 1125 5612 ecclesia
1147 5558 1357 5614 alienus
1383 5560 1672 5618 habeatur.

433 5669 559 5726 Car.
591 5669 828 5725 XXXIV.
845 5701 915 5712 -—
940 5673 1017 5726 De
1037 5671 1355 5742 professione
1385 5677 1643 5730 monachi.

335 5784 389 5838 in
423 5785 626 5858 synodo
652 5785 926 5850 Toletana,
952 5802 1070 5856 cap.
1095 5786 1183 5852 59,
1219 5789 1476 5852 scriptum
1507 5801 1588 5846 est
1618 5793 1682 5848 de
1712 5810 1836 5864 pro-

2564 3280 2912 3326 excesserunt.

2009 3389 2067 3445 In
2108 3388 2337 3444 concilio
2372 3385 2699 3451 Arelatensi,
2743 3399 2862 3454 cap.
2905 3382 2994 3448 12,
3029 3383 3290 3453 scriptum
3327 3385 3413 3438 est
3450 3381 3516 3438 de

1939 3481 2025 3538 his
2054 3482 2144 3552 qui
2173 3483 2226 3535 in
2263 3479 2578 3551 paenitentia
2608 3476 2766 3547 positi
2793 3475 2903 3529 vita
2937 3479 3288 3530 excesserunt
3335 3489 3348 3526 :
3393 3471 3518 3527 Pla-

1938 3579 2046 3635 cuit
2077 3578 2278 3632 nulium
2319 3575 2695 3630 communione
2735 3584 2962 3627 vacuum
3013 3569 3229 3632 dimitti,
3271 3569 3366 3624 sed
3407 3583 3504 3638 pro

1937 3683 2002 3723 eo
2032 3669 2171 3736 quod
2197 3667 2372 3720 oravit
2396 3663 2727 3735 paenitendo,
2758 3661 2957 3716 oblatio
2983 3659 3127 3714 illius
3159 3658 3466 3728 recipiatur.

2009 3759 2064 3812 in
2080 3759 2306 3813 concilio
2322 3757 2672 3820 Arausicano,
2689 3769 2806 3823 cap.
2825 3753 2878 3816 3,
2895 3751 3152 3820 scriptum
3166 3749 3326 3805 estde
3337 3750 3514 3819 poeni-

1941 3851 2194 3915 tentibus,
2221 3851 2309 3919 qui
2343 3850 2407 3903 de
2444 3861 2667 3917 corpore
2715 3853 2942 3899 exeunt:
2987 3843 3091 3910 Qui
3140 3843 3398 3897 recedunt
3445 3842 3510 3897 de

1942 3957 2166 4012 corpore
2223 3939 2541 4010 pmnitentia
2601 3944 2843 4007 accepta,
2900 3933 3104 4005 placuit
3151 3934 3270 3988 sine
3323 3947 3516 3987 recon-

1947 4035 2208 4091 ciliatoria
2268 4049 2461 4088 manus
2517 4031 2880 4102 impositionc,
2933 4029 3010 4084 eis
3061 4027 3507 4084 communicare:

1942 4126 2083 4197 quod
2127 4124 2377 4180 morienti
2425 4124 2618 4180 suilicit
2641 4121 3044 4186 consolationis,
3085 4119 3377 4176 secundum
3427 4115 3518 4172 de-

1940 4219 2242 4276 finitionem
2299 4226 2704 4288 congruentem,
2769 4216 3027 4270 viaticum
3083 4214 3515 4268 nominaverunt.

1945 4313 2013 4370 Ut
2065 4313 2108 4368 si
2159 4311 2574 4383 supervixerint,
2627 4316 2768 4365 stent
2821 4308 2874 4362 in
2904 4307 3090 4362 ordine
3124 4305 3518 4376 pmnitentium,

1940 4413 2000 4461 ut
2027 4404 2258 4460 ostensis
2296 4402 2615 4458 necessariis
2641 4399 2973 4472 ptenitentiaa
3021 4395 3309 4462 fructibus,
3344 4394 3521 4465 legiti-

1942 4514 2084 4553 mam
2150 4489 2582 4552 communionem
2646 4509 2768 4550 cum
2822 4488 3259 4548 reconciliatoria
3329 4503 3519 4544 manus

1480 4557 1683 4661 Ῑξ¹³⁰¹¹ίοί
1713 4571 1840 4661 Am"?
1867 4569 1920 4630 Ῑ)
1946 4590 2289 4661 impositione
2333 4588 2616 4658 recipiant.

1941 4702 2072 4759 CAP.
2103 4700 2541 4758 XXXVIl.—De
2590 4702 2670 4754 liis
2724 4701 2813 4771 qui
2858 4698 3211 4779 paenitentiam
3261 4692 3511 4750 violantes

2213 4783 2502 4842 spernunt:
2528 4781 2576 4826 et
2608 4787 2788 4824 rursus
2819 4778 3250 4840 prwvaricantur.

2011 4886 2067 4942 In
2103 4885 2334 4942 concilio
2371 4884 2765 4948 Aurelianensi,
2803 4899 2919 4952 cap.
2949 4881 3002 4948 4,
3035 4882 3291 4949 scriptum
3333 4887 3418 4935 est
3449 4878 3516 4934 de

1945 4977 2030 5032 his
2064 4977 2156 5047 qui
2211 4965 2584 5046 paenitentiam
2617 4974 2858 5029 violant:
2901 4973 3005 5028 Eos
3043 4988 3171 5028 vero
3201 4971 3291 5042 qui
3337 4986 3522 5027 susce-

1946 5079 2091 5142 ptam
2120 5070 2511 5140 paenitentiam,
2560 5067 2981 5138 religionemque
3019 5081 3129 5121 sure
3171 5062 3520 5136 professionis

1947 5161 2117 5222 obliti,
2163 5159 2226 5213 ad
2257 5159 2538 5212 smcularia
2573 5156 2904 5221 relabuntur,
2963 5156 3163 5227 placuit
3191 5171 3221 5208 a
3273 5168 3519 5207 cominu-

1943 5251 2102 5305 nione
2117 5250 2366 5316 suspendi
2394 5267 2406 5301 :
2439 5247 2574 5308 etab
2600 5249 2839 5301 omnium
2854 5247 3236 5302 catholicorum
3259 5242 3519 5299 conviviis

1943 5343 2202 5412 separari.
2245 5341 2398 5409 Quod
2427 5343 2468 5396 si
2507 5348 2627 5410 post
2651 5342 2994 5397 interdictum
3044 5355 3165 5396 cum
3197 5353 3261 5392 eo
3288 5337 3517 5406 quisque

1944 5432 2348 5503 prtcsumpserit
2429 5433 2779 5499 manducare,
2846 5441 2901 5488 et
2959 5432 3072 5502 ipse
3127 5425 3512 5485 communione

1943 5525 2205 5594 privetur.

2011 5617 2068 5671 in
2099 5615 2324 5672 concilio
2348 5616 2629 5682 Toletano,
2661 5631 2777 5685 cap.
2807 5614 2896 5678 55,
2931 5613 3188 5681 scriptum
3213 5618 3296 5665 est
3323 5608 3389 5663 de
3416 5621 3516 5660 sm-

1947 5709 2212 5766 cularibus
2256 5707 2642 5778 accipientibus
2670 5705 3064 5777 pmnitentiam,
3097 5705 3188 5773 qui
3217 5720 3276 5760 se
3321 5708 3505 5754 toton-

1941 5800 2088 5866 dere,
2117 5805 2193 5864 et,
2236 5813 2422 5853 rursus
2474 5797 2890 5867 praevaricantes
2917 5835 2931 5861 ,
2963 5795 3084 5849 laici
3140 5797 3312 5853 effecti
3355 5808 3510 5854 sunt:
