3938 6334
411 364 551 422 1425
655 361 716 416 Β.
753 357 1006 416 MBAN!
1043 355 1261 414 MAURI
1299 352 1619 412 ARCHIEP.
1663 350 1970 409 MOGUNT.

2102 349 2294 406 ERUM
2337 344 2514 401 PARS
2550 343 2637 400 ill.
2663 328 3255 402 -ξιιοΕΝιτεΝτιυΜ
3289 342 3417 400 LIB.

3531 343 3673 399 ΝΞ*

408 469 794 541 Compreheusi
843 468 912 522 ab
936 467 1189 538 episcopo
1236 481 1354 529 suo,
1393 464 1462 519 ad
1506 463 1882 533 pmnitcntiam
1913 477 1980 517 ex
2005 461 2213 528 ΔΕΜ).
2240 458 2732 542 XXXIX—fauor!
2773 461 3282 542 oporteateunthqui
3321 476 3427 542 pra
3469 458 3672 542 illicitis

408 577 517 631 qua
575 567 935 623 recesserunt,
990 570 1325 611 revocentur.
1379 553 1533 622 Quod
1580 553 1625 609 si
1662 553 1829 622 aliqui
1891 567 1987 622 per

406 648 784 721 paenitentiam
816 643 1199 702 irt‘eVOcabiles
1237 653 1380 712 sunt,
1427 660 1528 700 nec
1588 642 1849 698 admoniti
1904 658 1989 696 re-

407 746 716 804 vertuntur,
737 753 866 794 vere
896 745 956 792 ut
985 747 1171 806 postea
1199 751 1382 791 coram
1409 733 1639 790 ecclesia
1667 733 1986 787 anathema--

407 834 480 889 tis
527 831 795 888 sententia
836 829 1281 886 condemnentur.
1323 826 1442 882 Non
1492 827 1650 882 aliter
1682 834 1738 881 et
1789 824 1848 879 hi
1895 824 1988 892 qui

407 923 620 978 detonsi
645 938 678 976 a
707 921 1024 993 parentibus
1058 919 1280 986 fuerint,
1319 926 1414 973 aut
1441 925 1632 988 sponte
1664 932 1762 971 sua
1803 914 1988 969 missis

406 1016 724 1087 parentibus
769 1013 976 1084 seipsos
1022 1011 1271 1084 religioni
1325 1011 1678 1075 devoveruut,
1710 1017 1766 1064 et
1802 1017 1988 1078 postea

407 1109 653 1165 habitum
684 1107 1000 1164 saecularem
1042 1114 1410 1175 sumpserunt,
1438 1114 1497 1160 et
1539 1103 1702 1159 iidem
1732 1121 1764 1159 a
1805 1117 1986 1158 sacer-

407 1202 533 1257 dote
579 1197 976 1270 comprehensi,
1010 1197 1080 1252 ad
1117 1196 1322 1252 cultum
1373 1195 1648 1267 religionis
1689 1202 1810 1250 acta
1839 1194 1990 1264 prius

405 1275 727 1363 pmnitentia
779 1297 1125 1346 revocentur.
1183 1287 1336 1355 Quod
1377 1287 1422 1344 si
1476 1287 1676 1342 reverti
1721 1302 1830 1342 non
1864 1301 1989 1356 pos-

406 1391 535 1437 sunt
593 1388 874 1452 apostataa,
933 1378 1298 1434 anathematis
1335 1378 1605 1433 sententia
1641 1377 1984 1447 abjiciantur.

409 1477 541 1544 Qum
573 1475 748 1530 forma
780 1473 1084 1529 servabitur
1111 1472 1274 1526 etiam
1300 1472 1357 1526 in
1406 1470 1604 1538 viduis,
1657 1470 1987 1539 virginibus-

406 1583 513 1638 que
541 1565 732 1631 sacris,
771 1580 835 1620 ac
859 1563 1246 1635 paenitentibus
1291 1561 1550 1628 fmminis,
1581 1576 1700 1631 quae
1742 1571 1989 1614 sanctum

406 1658 696 1714 monialem
749 1659 991 1714 habitum
1036 1658 1278 1723 induere,
1307 1665 1364 1712 et
1407 1663 1593 1726 postea
1645 1662 1738 1708 aut
1782 1662 1988 1708 vestem

407 1758 778 1817 mutaverunt,
811 1758 906 1805 aut
933 1751 999 1805 ad
1033 1749 1248 1819 nuptias
1279 1746 1626 1802 transierunt.

2161 534 2364 588 veniam
2393 531 2579 601 pascit,
2611 529 2768 583 etiam
2801 548 2833 583 a
2861 530 3054 584 multis
3085 529 3244 584 licitis
3291 530 3554 601 abstinere
3576 544 3594 581 :
3619 540 3674 583 et

2160 603 2296 674 quod
2321 600 2442 684 .non
2471 609 2703 680 oporteat
2743 617 2860 654 eum
2906 610 3130 668 tempore
3159 601 3472 668 pauitantia
3519 600 3674 654 lucra

2163 682 2525 744 negotiattoms
2554 686 2812 725 exercere.

2162 786 2222 841 ln
2254 785 2484 842 decretis
2515 784 2714 840 Leonis
2739 801 2912 856 papae,
2942 801 3063 856 cap.
3102 785 3195 851 22,
3243 785 3511 855 scriptum
3565 795 3670 851 est,

2091 881 2232 953 quod
2260 889 2507 952 oporteat
2543 895 2666 934 eum
2692 879 2785 949 qui
2831 894 2928 950 pro
2967 879 3170 934 illicitis
3213 879 3428 934 veniam
3467 881 3672 951 poscit,

2090 975 2253 1030 etiam
2302 990 2334 1028 a
2368 973 2552 1028 multis
2594 971 2758 1027 licitis
2801 972 3096 1026 abstinere.
3142 969 3302 1026 Aliud
3324 972 3546 1041 quidem
3588 980 3676 1026 est

2090 1065 2269 1120 debita
2307 1062 2455 1132 justa
2497 1076 2800 1132 reposcere,
2858 1061 3004 1116 aliud
3054 1061 3272 1131 propria
3317 1061 3676 1131 perfectionis

2091 1171 2274 1211 amore
2308 1163 2674 1210 contemnere.
2728 1152 2835 1208 Sed
2865 1153 3174 1208 illicitorum
3215 1153 3428 1208 veniam
3477 1163 3676 1224 postu-

2088 1247 2312 1313 lantem,
2353 1252 2568 1316 oportet
2617 1245 2782 1300 etiam
2820 1260 2850 1298 a
2900 1244 3062 1300 licitis
3116 1244 3411 1310 abstinere,
3460 1245 3678 1300 dicente

2089 1335 2376 1406 Apostolo:
2411 1354 2430 1386 ‹
2461 1335 2652 1390 Omnia
2679 1335 2812 1390 mihi
2841 1335 3028 1398 licent,
3061 1335 3156 1389 sed
3193 1351 3301 1390 non
3345 1337 3535 1390 omnia
3581 1349 3678 1388 ex-

2089 1427 2312 1497 pediunt
2342 1425 2395 1497 (I
2438 1424 2562 1480 Cor.
2592 1427 2693 1496 νι).
2735 1445 2753 1478 ι
2815 1425 2968 1481 Unde
3011 1425 3058 1480 si
3094 1425 3424 1494 ptenitentes
3469 1425 3680 1479 habent

2090 1532 2310 1572 causam
2334 1531 2496 1586 quam
2521 1515 2792 1587 negligere
2839 1514 2981 1570 forte
3018 1530 3127 1570 non
3174 1515 3431 1580 debeant,
3479 1515 3680 1570 melius

2090 1612 2305 1682 expedit
2337 1611 2419 1666 eis
2443 1610 2868 1666 ecclesiasticum
2890 1624 3052 1679 quam
3083 1609 3298 1666 forense
3319 1608 3616 1680 judicium.

2157 1701 2291 1758 item
2315 1702 2370 1757 in
2385 1701 2590 1758 eisdem
2607 1701 2861 1768 decretis,
2885 1717 3004 1773 cap.
3027 1700 3116 1769 25,
3143 1701 3410 1772 scripmm
3427 1709 3514 1756 est
3535 1701 3680 1772 quod

2088 1795 2377 1866 pmnitenti
2423 1795 2568 1850 nulla
2611 1795 2762 1850 lucra
2803 1794 3185 1866 negotiationis
3230 1808 3498 1849 exercere
3548 1809 3680 1848 cou-

405 1863 534 1921 C"°
580 1860 861 1919 xxxvm'
884 1859 1342 1956 -Q“j’f‘_ff‘_{’j_
1355 1861 1424 1915 δί’
1465 1855 1654 1913 “mma
1687 1858 1986 1914 υωηίίθηήα
2013 1857 2063 1920 Β
2088 1855 2286 1944 veniat.
2343 1887 2585 1956 Qualitas
2621 1887 2758 1943 lucri
2795 1855 3160 1956 negotiantem
3183 1894 3277 1942 aut
3305 1894 3568 1951 excusat,
3593 1896 3682 1939 aut

1038 1931 1361 2003 deneganda.

481 2051 540 2108 In
572 2050 806 2108 decretis
857 2047 1144 2104 Coelestini
1193 2061 1365 2117 papae,
1422 2059 1541 2114 cap.
1585 2043 1673 2111 15,
1725 2042 1988 2114 scriptum

409 2150 518 2211 est,
550 2143 695 2214 quod
728 2140 862 2196 nulli
906 2140 975 2195 sit
1025 2139 1216 2193 ultima
1261 2136 1582 2207 paenitentia
1638 2133 1986 2204 deneganda:

407 2236 741 2307 Agnovimus
765 2233 910 2289 enim
943 2231 1317 2303 pmnitentiam
1353 2228 1708 2286 morientibus
1744 2243 1852 2282 non
1897 2227 1990 2282 de-

410 2325 618 2394 negari,
669 2339 770 2379 nec
812 2322 1026 2376 illorum
1062 2321 1347 2376 desideriis
1386 2321 1572 2387 annui,
1620 2319 1765 2388 quod
1811 2318 1991 2374 obitus

409 2415 490 2469 sui
523 2423 765 2484 tempore
791 2414 985 2468 anima:
1013 2427 1122 2468 suae
1160 2412 1382 2482 cupiunt
1426 2411 1698 2466 subveniri
1728 2409 1988 2464 remedio.

414 2505 733 2571 Horremus,
751 2505 946 2570 fateor,
967 2512 1127 2558 tanta:
1161 2503 1454 2574 impietatis
1485 2501 1718 2570 aliquem
1741 2499 1989 2570 reperiri,

408 2604 470 2650 ut
496 2596 564 2650 de
597 2595 693 2650 Dei
731 2595 933 2665 pietate
960 2595 1227 2664 desperet,
1260 2593 1415 2664 quasi
1465 2609 1576 2648 non
1609 2593 1782 2663 possit
1830 2594 1898 2648 ad
1929 2605 1988 2648 se

408 2686 600 2756 quovis
639 2696 881 2757 tempore
909 2685 1253 2742 concurrenti
1283 2700 1601 2740 succurrere
1628 2701 1639 2737 :
1670 2692 1725 2739 ct
1767 2683 1988 2754 pericli—

411 2783 616 2831 tantem
647 2776 748 2831 sub
793 2777 1019 2832 borrore
1056 2785 1400 2846 peccatorum
1430 2776 1723 2840 hominem,
1755 2777 1992 2846 pondere

418 2882 528 2937 quo
554 2883 613 2923 se
643 2867 732 2923 ille
757 2867 1012 2938 expedire
1051 2867 1345 2934 desiderat,
1392 2867 1644 2922 liberare.
1688 2867 1824 2934 Quid
1870 2869 1986 2933 hoc,

429 2970 581 3026 rogo,
634 2955 781 3011 aliud
833 2965 916 3012 est
962 2972 1122 3027 quam
1177 2957 1432 3012 morienti
1484 2965 1714 3012 mortem
1770 2958 1988 3022 addere,

412 3045 638 3119 ejusque
680 3048 916 3104 animam
961 3064 1058 3104 sua
1100 3049 1441 3114 crudelitate,
1468 3063 1537 3103 ne
1568 3048 1814 3104 absoluta
1868 3064 1990 3103 esse

410 3142 602 3211 possit,
628 3141 914 3198 occidere?
961 3140 1094 3196 Cum
1126 3140 1268 3196 Deus
1301 3141 1369 3195 ad
1417 3141 1838 3196 subveniendum
1889 3158 1988 3212 pa-

2085 1982 2304 2054 arguit:
2333 1983 2461 2052 quia
2487 1989 2571 2038 est
2608 1981 2926 2037 inhonestus
2960 1988 3197 2050 quaestus
3232 1987 3292 2034 et
3325 1978 3534 2048 turpis.
3583 1975 3682 2030 \‘e—

2089 2085 2393 2133 rumtamen
2415 2077 2696 2147 pmnitenti
2726 2075 2911 2130 utilius
2940 2081 3025 2130 est
3041 2072 3321 2145 dispendia
3340 2072 3486 2142 pati,
3521 2086 3682 2141 quam

2088 2169 2341 2240 periculis
2393 2167 2773 2240 negotiationis
2827 2166 3108 2239 obstringi.
3151 2164 3289 2233 Quia
3340 2162 3568 2219 diﬂicile
3609 2173 3686 2220 est

2091 2255 2232 2309 inter
2275 2255 2504 2309 ementis
2528 2250 2918 2323 vendentisque
2957 2250 3344 2309 commercium
3368 2264 3484 2306 non
3526 2250 3686 2304 inter.

2092 2347 2276 2402 venire
2307 2353 2612 2417 peccatum.

2092 2484 2218 2540 Car.
2250 2481 2618 2548 XL.—-Quod
2664 2482 2733 2536 ad
2774 2479 3018 2534 militiam
3053 2475 3384 2545 secutorem,
3415 2486 3536 2546 post
3587 2491 3686 2545 pae-

2470 2553 2742 2608 nitentiam
2767 2551 2928 2606 rediri
2959 2566 3060 2604 non
3085 2549 3286 2604 debeat.

2165 2669 2297 2723 Item
2343 2661 2401 2722 in
2448 2665 2650 2721 eisdem
2699 2665 2955 2731 decretis,
2991 2679 3108 2734 cap.
3147 2662 3239 2730 24,
3275 2663 3551 2732 scriptum
3584 2673 3680 2724 est,

2095 2759 2238 2830 quod
2267 2757 2335 2812 ad
2363 2755 2610 2812 militiam
2631 2755 2944 2811 sarcularem
2965 2762 3087 2827 post
3111 2753 3503 2826 paenitentiam
3525 2754 3684 2807 rediri

2094 2870 2202 2910 non
2227 2853 2460 2909 debeat:
2511 2850 2858 2907 Contrarium
2904 2857 2988 2904 est
3031 2847 3250 2903 omnino
3288 2846 3684 2902 ecclesiasticis

2096 2944 2312 3016 regulis,
2347 2951 2470 3013 post
2502 2941 2835 3013 paenitentiae
2873 2939 3156 3006 actionem,
3213 2938 3398 2994 redire
3435 2940 3509 2993 ad
3553 2939 3682 2992 mili-

2094 3039 2225 3092 tiam
2267 3036 2599 3101 smcularem,
2633 3050 2755 3090 cum
2783 3033 3068 3103 Apostolus
3113 3031 3294 3087 dicat:
3335 3051 3354 3081 ι
3391 3029 3569 3085 Nemo
3595 3030 3684 3082 mi-

2095 3133 2256 3188 litans
2312 3131 2451 3194 Deo,
2510 3128 2752 3199 implicat
2801 3143 2860 3182 se
2912 3125 3142 3197 negotiis
3200 3122 3565 3179 saecularibus
3607 3119 3680 3192 (11

411 3235 745 3301 ratissimus,
785 3235 1021 3292 invitans
1052 3235 1121 3289 ad
1158 3235 1532 3304 ptenitentiam
1573 3234 1650 3289 sic
1685 3235 1984 3304 promittat.
2017 3233 2063 3298 C
2097 3225 2233 3280 Tim.
2259 3225 2342 3296 11)-
2379 3244 2398 3275 ι
2435 3221 2587 3278 Unde
2610 3238 2716 3278 non
2742 3230 2827 3277 est
2864 3220 3000 3276 libel‘
3027 3235 3057 3273 a
3083 3219 3292 3288 laqueis
3323 3216 3558 3284 όὶεὼοιί,
3601 3214 3684 3285 qui

422 3347 442 3379 ι
480 3328 741 3384 Peccator
771 3329 825 3383 in
849 3344 1169 3399 quacunque
1195 3329 1281 3382 die
1325 3342 1616 3383 conversus
1649 3327 1830 3394 fuerit,
1868 3345 1991 3399 pec-

413 3427 535 3472 cata
575 3420 691 3488 ejus
727 3435 834 3474 non
882 3418 1268 3489 reputabuntur
1319 3420 1367 3474 ei
1391 3419 1604 3490 (Ezech.
1635 3419 1808 3491 xvm).
1858 3441 1876 3473 ι
1923 3421 1992 3476 Et

413 3507 654 3563 iterum:
695 3528 713 3560 ι
777 3507 910 3564 Nolo
965 3517 1192 3563 mortem
1242 3510 1561 3580 peccatoris,
1620 3511 1713 3565 sed
1781 3519 1990 3566 tantum

413 3605 760 3653 convertatur
787 3604 842 3653 et
869 3597 1018 3652 vivat
1045 3597 1254 3669 (Ibid.).
1288 3617 1306 3650 ι
1357 3597 1598 3654 Salutem
1627 3615 1756 3670 ergo
1784 3601 1990 3656 homini

417 3687 627 3754 adimit,
661 3687 905 3758 quisquis
954 3689 1144 3744 mortis
1195 3697 1436 3760 tempore
1474 3691 1851 3759 paenitentiam
1893 3693 1988 3746 de-

414 3782 641 3852 negarit.
670 3782 736 3835 Et
760 3782 1066 3852 desperavit
1093 3781 1160 3836 de
1182 3783 1467 3838 clementia
1497 3783 1615 3849 Dei,
1645 3785 1736 3853 qui
1775 3800 1898 3838 cum
1922 3785 1990 3839 ad

415 3872 836 3928 subveniendum
864 3873 1114 3928 morienti
1143 3872 1408 3940 sufﬁcere,
1433 3873 1518 3928 vel
1537 3883 1810 3929 momento
1834 3890 1991 3944 posse

416 3980 524 4020 non
544 3964 790 4021 credidit.
830 3964 1158 4020 Perdidisset
1179 3964 1317 4020 latro
1342 3966 1398 4018 in
1423 3981 1585 4021 cruce
1617 3966 1900 4034 praemium
1923 3966 1990 4020 ad

413 4053 615 4110 Christi
641 4054 917 4109 dexteram
948 4053 1209 4124 pendens,
1249 4054 1293 4109 si
1317 4054 1466 4109 illum
1496 4055 1655 4109 unius
1689 4056 1836 4110 horae
1878 4071 1992 4124 pcn-

414 4145 642 4200 nitentia
672 4161 778 4200 non
803 4143 1048 4214 iuvisset.
1083 4143 1215 4200 Cum
1243 4154 1389 4202 esset
1426 4146 1479 4200 in
1513 4161 1674 4216 pmna
1714 4147 1987 4217 paenituit,

418 4243 473 4289 et
521 4251 620 4306 per
644 4236 804 4291 unius
857 4237 1120 4293 sermonis
1147 4237 1580 4307 promissionem,
1621 4238 1990 4295 habitaculum

420 4327 654 4396 paradisi
689 4327 800 4382 Deo
841 4329 1185 4398 promittente
1227 4329 1541 4400 promeruit.
1588 4330 1727 4385 Vera
1767 4345 1895 4402 ergo
1923 4333 1990 4387 ad

418 4416 588 4472 Deum
634 4417 914 4474 conversio
941 4419 996 4472 in
1022 4418 1226 4474 ultimis
1253 4420 1575 4490 positorum,
1602 4430 1782 4476 mente
1811 4421 1989 4490 potius

417 4518 501 4566 est
540 4511 852 4567 aestimanda
878 4526 1038 4582 quam
1079 4520 1339 4582 tempore,
1380 4513 1642 4583 propheta
1673 4515 1778 4568 hoc
1812 4514 1991 4568 taliter

2095 3335 2154 3376 se
2175 3319 2383 3376 militia:
2407 3317 2694 3373 mundanae
2731 3314 2966 3370 voluerit
3009 3311 3312 3383 implicare.

2709 3467 3065 3528 EPlLOGUS.

2162 3612 2288 3668 Eme
2303 3611 2422 3677 tibi,
2447 3616 2632 3666 sancte
2644 3607 2827 3674 Pater,
2841 3621 3013 3678 pauca
3027 3603 3260 3677 capitula
3276 3619 3348 3659 ex
3369 3613 3679 3661 sanctorum

2093 3706 2310 3761 Patrum
2322 3701 2562 3758 conciliis
2577 3700 2825 3771 colligere
2837 3699 3023 3754 curavi
3044 3716 3057 3751 :
3090 3705 3148 3750 ut
3165 3697 3404 3752 haberes
3415 3698 3475 3750 in
3511 3711 3682 3766 prom-

2091 3805 2185 3865 ptu
2209 3811 2277 3851 ex
2303 3810 2489 3850 eorum
2522 3791 2819 3856 sententiis,
2850 3789 3215 3860 quo'judicare
3243 3789 3426 3860 possis
3449 3787 3613 3842 rudes
3633 3797 3681 3842 et

2093 3887 2381 3942 indomitos
2415 3885 2622 3939 animos
2647 3883 2868 3938 novella:
2895 3882 3088 3952 gentis,
3116 3880 3257 3950 apud
3307 3896 3480 3950 quam
3531 3881 3680 3935 modo

2091 3978 2462 4034 conversaris:
2486 3984 2546 4030 ut
2562 3976 2735 4030 sciant
2755 3990 2813 4030 se
2834 3973 3094 4044 impunitc
3117 3987 3347 4044 peccare
3369 3987 3484 4027 non
3508 3988 3677 4043 posse,

2092 4069 2188 4124 sed
2206 4076 2448 4138 paratam
2473 4067 2795 4123 sententiam
2822 4081 3081 4136 sempera
3109 4064 3261 4120 vobis
3289 4063 3412 4118 fore
3457 4082 3472 4115 :
3503 4065 3676 4118 orien-

2093 4161 2166 4216 tia
2191 4160 2321 4214 vitia
2361 4174 2736 4230 perversorum
2775 4157 2935 4213 citius
2963 4169 3210 4213 resecare
3242 4174 3255 4209 :
3284 4163 3344 4210 et
3390 4155 3676 4210 humilibus

2099 4262 2261 4324 atque
2297 4252 2457 4323 digne
2499 4250 2867 4306 satisfactione
2907 4258 3131 4320 peccata
3157 4264 3259 4304 sua
3315 4248 3656 4318 plorantibus

2093 4352 2454 4416 opportunum
2479 4343 2718 4400 solamen
2746 4343 3126 4399 consolationis
3147 4340 3421 4398 conferre.
3459 4340 3679 4412 Oportet

2092 4439 2256 4504 enim,
2288 4445 2347 4492 ut
2374 4437 2498 4507 quia
2523 4445 2701 4491 vestra
2737 4436 2995 4492 sanctitas
3015 4435 3154 4490 inter
3201 4433 3325 4489 illos
3355 4434 3521 4489 modo
3555 4450 3680 4489 con-

2094 4529 2252 4597 sistit,
2279 4545 2374 4601 per
2425 4529 2861 4599 praedicationem
2909 4529 3061 4583 verbi
3113 4526 3230 4592 Dei,
3262 4536 3319 4581 et
3373 4527 3675 4582 custodiam

421 4611 734 4658 asserente:
768 4602 901 4658 Cum
949 4618 1240 4658 conversus
1270 4604 1618 4674 ingemueris,
1653 4612 1778 4660 tunc
1807 4606 1988 4660 salvus

2102 4639 2232 4678 verte
2279 4620 2548 4692 religionis
2599 4622 2850 4676 omnibus
2892 4635 3105 4676 sacrum
3148 4619 3390 4674 studium
3439 4629 3677 4674 vestrum

418 4693 546 4746 eris.
576 4691 710 4747 Cum
735 4708 862 4764 ergo
890 4693 1146 4749 Dominus
1173 4694 1242 4748 sit
1266 4694 1446 4749 cordis
1472 4694 1769 4764 inspector,
1800 4698 1990 4767 quovis

422 4795 662 4856 tempore
690 4803 797 4842 non
822 4796 906 4844 est
946 4788 1258 4858 deneganda
1304 4789 1619 4858 poenitentia
1657 4791 1986 4860 postulanti:

421 4894 545 4932 cum
585 4877 673 4934 ille
701 4895 759 4935 se
786 4880 982 4953 obliget
999 4879 1190 4951 judici,
1229 4880 1314 4936 cui
1336 4881 1549 4937 occulta
1575 4884 1756 4938 omnia
1783 4883 1995 4940 noverit

423 4971 670 5028 revelari.

2093 4714 2393 4768 innotescat
2426 4727 2439 4766 :
2472 4721 2735 4782 quatenus
2775 4713 2864 4768 hic
2917 4712 3126 4767 fructus
3177 4711 3304 4767 boni
3329 4711 3540 4766 laboris
3571 4711 3678 4764 lau-

2093 4811 2215 4863 dem
2236 4809 2388 4864 vobis
2413 4808 2699 4878 acquirat:
2733 4815 2788 4862 et
2816 4808 2869 4862 in
2897 4806 3080 4863 futuro
3116 4807 3434 4864 mercedem
3492 4819 3550 4863 et
3576 4808 3680 4878 gl»-

2093 4901 2232 4958 riam
2264 4899 2441 4971 pariat
2464 4898 2866 4970 sempiternam.
2894 4897 3085 4954 Amen.
