3938 6334
229 573 832 608 m

831 557 3457 602 Μ

819 721 1384 834 ΒΕΔΤῙ
1462 718 2206 831 ΒΔΒΔΝῙ
2278 716 2888 830 ΜΔΠΒῙ

942 931 1323 989 FULDENSIS
1359 932 1650 988 ABBATIS
1683 932 1773 987 ET
1808 881 2189 988 MOGUNTINI
2221 929 2740 987 ARCHIEPISCOPI

455 1108 1404 1244 OPUSCULUM
1498 1113 1692 1286 DE
1793 1106 2543 1238 PASSIONE
2642 1111 3251 1241 DOMINI.

1291 1347 1452 1412 (Pez.,
1476 1347 1689 1412 Anecd.,
1711 1353 1826 1402 tom.
1855 1344 1922 1409 ll,
1945 1351 2071 1410 part.
2092 1359 2146 1410 ιι,
2169 1355 2275 1410 pag.
2300 1347 2350 1395 8.

725 1562 953 1622 CAPUT
1007 1563 1296 1622 PRIMUM.

289 1682 348 1737 Si
376 1680 460 1736 vis
503 1677 571 1734 ad
605 1677 774 1734 vitam
813 1675 1158 1747 ingredi°per
1193 1674 1401 1741 Jesum,
1447 1674 1539 1744 qui
1568 1682 1652 1729 est
1701 1673 1791 1726 via

214 1787 269 1834 et
303 1776 500 1832 ostium
533 1790 545 1826 :
594 1773 642 1827 si
687 1771 771 1827 vis
803 1771 961 1826 edere
989 1770 1056 1825 de
1099 1770 1244 1840 ligno
1286 1769 1427 1833 vitae,
1475 1778 1532 1821 et
1573 1773 1790 1836 gustare

217 1882 412 1924 manna
445 1863 836 1924 absconditum,
866 1877 972 1916 non
998 1869 1049 1916 te
1084 1861 1367 1922 deterreat,
1408 1873 1504 1912 nec
1535 1856 1629 1911 tibi
1654 1855 1789 1910 vile-

218 1969 353 2025 seat,
382 1957 522 2028 quod
549 1956 783 2025 undique
813 1954 1021 2008 invenis
1047 1951 1393 2007 diiiicilem'et
1418 1949 1573 2003 vilem
1603 1963 1788 2003 acces-

121 2107 134 2112 -
218 2068 355 2106 sum.
396 2049 590 2120 Spinas
617 2048 781 2102 habet
802 2046 857 2100 in
877 2045 1078 2114 capite,
1111 2045 1166 2099 in
1214 2043 1462 2098 manibus
1488 2050 1543 2097 et
1565 2041 1792 2111 pedibus

221 2143 426 2207 clavos,
477 2139 724 2195 lanceam
769 2137 824 2192 in
858 2137 1052 2202 latere,
1081 2135 1292 2206 ﬂagella
1339 2134 1395 2188 in
1427 2133 1685 2197 brachiis,
1739 2140 1794 2185 et

219 2243 362 2290 totus
398 2233 670 2288 laceratus
710 2229 765 2284 in
806 2242 1053 2298 corpore,
1089 2236 1144 2282 et
1163 2226 1318 2296 quasi
1346 2225 1589 2296 leprosus
1618 2222 1794 2292 turpis

219 2329 286 2384 ad
314 2324 626 2388 videndum,
662 2330 720 2377 et
739 2321 908 2392 gravi:
947 2319 1016 2375 ad
1036 2319 1388 2388 sequendum.
1421 2317 1528 2372 Sed
1569 2331 1700 2371 cave
1723 2330 1792 2370 ne

220 2436 413 2478 nucem
461 2417 684 2489 abjicias
735 2422 956 2487 propter
999 2429 1243 2469 amarum
1289 2412 1547 2468 corticem
1601 2428 1614 2462 :
1665 2409 1791 2479 quia

219 2521 424 2586 quanto
467 2510 708 2566 exterius
733 2508 968 2564 amarior
991 2507 1223 2580 videtur,
1269 2513 1418 2560 tanto
1447 2505 1593 2558 intus
1621 2517 1792 2572 quan-

219 2610 393 2678 doque
421 2605 662 2661 invenies
693 2603 940 2658 nucleum
968 2600 1279 2655 dulciorem.
1331 2597 1402 2652 Ut
1428 2611 1558 2668 ergo
1585 2596 1794 2665 aliqua-

222 2709 376 2753 tenus
425 2695 602 2765 possis
649 2691 1103 2763 comprehendere
1135 2703 1258 2744 cum
1293 2687 1545 2742 omnibus
1591 2685 1794 2741 sanctis

220 2803 340 2859 qua:
364 2787 435 2843 sit
456 2783 750 2856 longitudo,
789 2782 1034 2848 latitudo,
1065 2779 1366 2836 sublimitas
1392 2786 1446 2833 et
1468 2775 1790 2847 profundum

223 2880 467 2953 mysterii
517 2886 719 2934 sanctae
774 2876 971 2941 crucis,
1027 2882 1083 2929 et
1130 2872 1423 2928 Dominicm
1487 2869 1788 2939 passionis,

1817 1565 1867 1625 Α
1895 1561 1989 1616 sed
2037 1558 2396 1630 legislatorem
2433 1572 2594 1628 super
2615 1572 2739 1613 eum
2788 1560 3086 1628 constituit,
3137 1572 3194 1619 et
3225 1579 3322 1635 per
3347 1583 3474 1640 pro-

1893 1654 2084 1724 phetas
2123 1651 2405 1722 diligenter
2433 1650 2729 1716 instruens,
2771 1659 2826 1706 et
2867 1654 3082 1708 tandem
3117 1659 3475 1726 personaliter

1890 1747 2008 1817 ipse
2039 1745 2280 1810 veniens,
2329 1745 2438 1798 imo
2466 1758 2523 1798 se
2542 1742 2696 1797 nobis
2713 1743 3137 1800 misericorditer
3161 1749 3472 1816 ostendens,

1891 1847 1946 1894 et
1975 1847 2171 1893 nostras
2201 1835 2381 1892 carnis
2425 1834 2691 1888 vilitatem
2737 1834 3017 1890 humiliter
3066 1836 3315 1904 induens,
3347 1849 3474 1909 post

1891 1929 2136 1999 exempla
2165 1927 2575 1997 perfectissimae
2599 1927 2925 1991 sanctitatis,
2966 1936 3086 1996 post
3110 1930 3272 1984 verba
3303 1933 3476 1987 scien-

1893 2025 1982 2079 tite
2030 2023 2304 2088 salutaris,
2369 2031 2491 2091 post
2533 2021 2795 2077 miracula
2835 2024 3088 2092 potentiae
3152 2025 3472 2096 singularis,

1893 2116 2142 2172 omnibus
2183 2115 2558 2181 benefaciens,~
2577 2130 2674 2184 pro
2697 2116 2949 2173 omnibus
2972 2117 3112 2171 mala
3138 2119 3372 2188 patiens,
3407 2134 3474 2174 nc

1894 2214 2069 2262 morte
2105 2215 2310 2261 aeterna
2365 2220 2722 2260 moreremur.

1967 2298 2057 2354 Sic
2089 2298 2226 2352 mori
2259 2296 2430 2352 voluit
2475 2297 2726 2366 expansis
2755 2297 3022 2364 manibus,
3058 2312 3247 2354 omnes
3275 2299 3478 2370 ample-

1895 2402 2053 2453 xans,
2090 2399 2282 2442 omnes
2325 2387 2391 2441 ad
2419 2401 2476 2442 se
2504 2394 2685 2452 vocat,
2729 2386 2934 2442 nullum
2965 2389 3190 2458 respuit,
3222 2389 3478 2445 inclinato

1894 2480 2068 2549 capite
2132 2477 2366 2533 inimicis
2408 2477 2520 2532 suis
2557 2477 2800 2532 osculum
2839 2478 2989 2548 pacis
3033 2477 3280 2543 oﬂ‘erens,
3344 2479 3481 2548 inju-

1893 2572 2033 2626 riam
2068 2585 2219 2627 suam
2243 2568 2464 2624 omnino
2490 2567 2850 2632 dissimulans,
2883 2568 2992 2622 imo
3021 2583 3119 2638 pro
3145 2568 3234 2622 illa
3262 2569 3478 2625 satisfa-

1895 2663 2062 2726 ciens,
2101 2660 2374 2732 perforato
2410 2660 2644 2730 undique
2685 2674 2929 2730 corpore,
2985 2668 3041 2713 et
3067 2670 3254 2730 aperto
3303 2663 3475 2717 latere

1897 2764 2094 2820 corpus
2119 2759 2172 2802 et
2206 2749 2524 2819 sanguinem
2550 2763 2726 2812 suum,
2764 2763 2858 2802 cor
2891 2756 2947 2802 et
2972 2749 3226 2814 animam,
3259 2751 3368 2804 irno
3401 2761 3480 2806 to-

1897 2852 2010 2897 tum
2038 2842 2207 2896 Deum
2236 2850 2292 2896 et
2323 2842 2618 2905 hominem,
2646 2851 2700 2894 et
2729 2855 2851 2894 cum
2882 2840 2999 2910 ipso
3026 2843 3198 2895 vitam
3224 2851 3278 2896 et
3307 2844 3476 2915 inspi-

221 2919 1304 3040 ilifgdvabsc‘ond‘irDe‘usuvav’saBientibus
1349 2969 1404 3016 et
1450 2919 1803 3030 prudentibus
1830 2941 1879 3000 Β
1904 2933 2176 3040 rationein
2209 2941 2263 2987 ει
2289 2932 2480 3040 οῐηιῐξίῆ
2506 2931 2660 3040 ἰξίξῧίε
2691 2940 2746 2986 ει
2772 2931 2995 3040 Singulis
3036 2931 3339 3040 ξετείδεῑπξθ
3386 2919 3504 2990 tri"

225 3060 430 3126 mundi,
463 3067 519 3114 et
539 3056 741 3113 revelat
783 3056 1046 3127 parvulis,
1094 3053 1331 3123 intellige
1373 3053 1583 3122 pondus
1609 3050 1800 3106 verbo-

222 3166 343 3206 rum
391 3164 510 3221 quae
548 3148 840 3204 dicuntur:
880 3147 1024 3215 quia,
1047 3145 1156 3202 Deo
1199 3150 1540 3214 cooperante,
1585 3156 1798 3212 praepa-

227 3251 348 3298 rant
380 3243 614 3297 animam
644 3241 712 3295 ad
739 3240 1046 3295 habendam
1079 3239 1417 3294 devotionem
1449 3237 1502 3291 in
1530 3235 1797 3299 oratione,

226 3347 279 3394 et
303 3337 721 3393 consolationem
755 3336 810 3390 in
838 3334 1202 3398 tribulatione,
1251 3341 1305 3388 et
1330 3331 1712 3386 revelationem
1743 3329 1797 3382 in

225 3429 712 3500 contemplatione;
742 3436 798 3484 et
822 3428 963 3484 scias
991 3442 1096 3482 non
1141 3426 1312 3482 solum
1336 3441 1454 3496 quae
1483 3440 1513 3479 a
1538 3424 1649 3479 Deo
1675 3423 1801 3478 data

226 3532 351 3579 sunt
379 3522 556 3586 nobis,
587 3522 681 3576 sed
701 3521 867 3575 etiam
894 3521 1069 3589 ipsum
1103 3519 1194 3588 qui
1220 3519 1377 3574 datus
1407 3525 1488 3573 est
1529 3515 1704 3571 nobis.

295 3615 356 3669 In
393 3613 737 3668 meditatione
763 3613 865 3667 ista
894 3612 1208 3666 exardescet
1241 3611 1399 3681 ignis,
1429 3609 1473 3663 si
1499 3609 1612 3662 hzec
1637 3608 1800 3661 etiam

224 3707 376 3777 juxta
407 3703 642 3758 litteram
673 3701 987 3772 simpliciter
1025 3701 1317 3757 mediteris.
1367 3700 1465 3754 ilic
1495 3699 1657 3769 igitur
1685 3697 1804 3752 dili-

232 3803 419 3867 genter
445 3807 672 3864 agnosce
692 3790 896 3846 vultum
924 3789 1198 3845 Creatoris
1219 3799 1274 3845 et
1299 3788 1679 3858 Redemptoris
1703 3787 1802 3852 tui,

233 3897 288 3944 ct
325 3885 531 3958 respice
565 3886 620 3939 in
663 3882 855 3938 faciem
898 3881 1101 3937 Christi
1147 3882 1244 3946 tui,
1293 3889 1348 3935 et
1385 3889 1500 3934 toto
1528 3879 1705 3934 cordis
1751 3886 1807 3932 et

234 3980 478 4051 corporis
512 3979 727 4042 intuitu,
769 3982 880 4031 toto
915 3973 1190 4029 intellectu
1232 3982 1288 4028 ct
1313 3971 1528 4034 aﬂ’ectn,
1566 3981 1621 4024 et
1650 3968 1806 4025 valde

236 4071 516 4128 humiliato
561 4069 750 4140 spiritu
776 4067 854 4122 sic
885 4065 1104 4121 attende
1137 4066 1294 4120 istam
1317 4063 1626 4133 imaginem,
1652 4060 1805 4130 quasi

234 4161 509 4218 Christum
543 4160 594 4213 in
621 4173 780 4213 cruce
823 4155 1233 4228 praesentialiter
1271 4154 1610 4215 morientem,
1643 4161 1697 4207 et
1717 4166 1809 4207 co-

233 4254 343 4324 gita
374 4252 427 4306 i'n
454 4250 614 4305 corde
645 4257 736 4304 tuo
763 4247 916 4317 cujus
941 4248 1121 4316 imago
1147 4254 1203 4300 et
1237 4243 1623 4315 superscriptio
1649 4243 1762 4298 haec
1789 4261 1802 4296 :

237 4345 362 4414 quia
394 4343 536 4399 Deus
575 4349 659 4398 est
684 4348 741 4396 et
776 4341 956 4396 homo.

835 4493 1060 4552 CAPUT
1103 4493 1167 4549 II.

308 4611 602 4670 Considera
652 4610 847 4682 primo,
907 4609 952 4663 si
1001 4617 1169 4678 potes,
1216 4613 1272 4660 et
1314 4615 1570 4676 quantum
1619 4612 1801 4674 potes,

238 4712 439 4775 quanta
468 4703 540 4758 sit
564 4701 789 4756 interior
820 4697 1092 4770 longitudo
1130 4697 1392 4753 claritatis
1413 4698 1469 4751 in
1494 4695 1803 4756 Divinitate,

238 4812 360 4866 qua:
402 4794 566 4850 sicin
607 4808 673 4848 eo
699 4799 780 4846 tot
809 4791 964 4846 annis
1000 4789 1176 4856 latuit,
1217 4788 1486 4859 attingens
1513 4802 1543 4840 a
1571 4786 1676 4840 ﬁne
1718 4801 1809 4840 us-

240 4904 345 4960 que
371 4887 438 4942 ad
483 4885 667 4953 linem,
700 4900 808 4940 non
842 4885 1044 4940 habens
1074 4884 1394 4955 principium
1423 4896 1598 4952 neque
1627 4882 1806 4946 linem,

244 4979 297 5034 in
327 4993 432 5048 qua
469 4976 611 5032 Deus
638 4976 801 5032 Pater
820 4977 982 5047 elegit
1012 4992 1109 5032 nos
1140 4976 1196 5029 in
1227 4974 1443 5031 Christo
1474 4984 1602 5030 ante
1624 4976 1811 5030 mundi

241 5068 697 5124 constitutionem.
727 5068 936 5135 Quanta
949 5068 1111 5123 etiam
1126 5068 1361 5122 exterior
1381 5067 1654 5138 longitudo
1675 5067 1814 5137 ejus-

243 5160 365 5214 dem
408 5159 461 5212 in
503 5158 856 5225 humanitate,
904 5159 959 5213 in
1008 5174 1113 5228 qua
1155 5167 1265 5212 tam
1312 5158 1524 5212 diu'tot
1569 5167 1622 5212 et
1669 5166 1815 5212 tanta

240 5248 518 5315 sustinuit,
568 5249 622 5302 in
650 5256 766 5304 toto
794 5263 1018 5319 corpore
1038 5258 1093 5303 et
1113 5257 1265 5304 tanto
1297 5257 1556 5319 tempore,
1582 5265 1610 5303 a
1635 5249 1818 5320 planta

237 5339 398 5410 'pedis
436 5349 605 5409 usQue
640 5339 708 5394 ad
737 5342 1014 5400 verticem.
1058 5341 1127 5394 ab
1157 5341 1527 5396 incarnatione
1556 5357 1725 5411 usque
1751 5342 1818 5396 ad

246 5432 728 5487 resurrectionem.
759 5430 1057 5488 Considera
1085 5448 1192 5486 non
1221 5433 1392 5487 solum
1438 5432 1815 5504 longitudinm,

248 5525 344 5579 sed
371 5524 535 5580 etiam
560 5525 898 5582 latitudinem
937 5527 1253 5582 charitatis:
1287 5526 1413 5597 quia
1453 5541 1552 5580 nos
1597 5541 1702 5579 non
1730 5540 1819 5580 so-

247 5614 357 5670 lum
385 5624 661 5688 perpetua,
692 5617 787 5673 sed
812 5618 974 5672 etiam
1019 5619 1184 5673 nimia
1225 5618 1488 5674 charitate
1514 5617 1716 5683 dilexit,
1745 5618 1818 5673 ita

1833 4317 1880 4382 C

1902 3023 2042 3088 buit,
2078 3030 2132 3078 et
2157 3038 2255 3092 pro
2283 3022 2439 3078 malis
2466 3030 2545 3078 tot
2564 3022 2702 3077 bona
2731 3021 2980 3077 retribuit
3008 3030 3063 3078 et
3087 3032 3164 3079 tot
3194 3024 3332 3080 mala
3364 3041 3482 3082 sus-

1904 3115 2084 3170 tinuit.
2453 3133 2460 3138 '

2509 3210 2736 3268 CAPUT
2786 3211 2868 3267 ll].

1974 3324 2203 3379 Attende
2227 3333 2281 3380 ct
2310 3325 2430 3380 vide
2459 3335 2657 3395 quanta
2688 3328 2787 3383 fuit
2813 3329 3047 3395 dilectio,
3079 3339 3238 3400 quam
3262 3339 3483 3400 stupen-

1905 3414 1975 3469 da
2000 3415 2232 3480 dilectio,
2262 3418 2402 3485 quod
2428 3432 2527 3486 pro
2549 3419 2768 3475 homine
2799 3421 2938 3475 Deus
2975 3422 3135 3476 homo
3155 3421 3271 3476 fieri
3292 3421 3482 3486 voluit,

1905 3515 1960 3561 et
1990 3514 2048 3562 ut
2091 3507 2338 3564 homines
2373 3509 2659 3578 exaltaret,
2710 3513 2870 3567 etiam
2902 3513 3141 3584 seipsum
3171 3514 3484 3569 Altissimus

1904 3597 2229 3653 humiliavit.
2262 3599 2447 3670 Itaque
2479 3602 2620 3658 sicut
2649 3603 2811 3659 homo
2847 3605 3126 3675 pudorem,
3161 3604 3399 3660 laborem
3429 3615 3488 3660 et

1906 3690 2148 3746 dolorem
2193 3691 2449 3745 abhorret
2496 3702 2550 3747 et
2603 3694 2756 3766 fugit,
2806 3696 2880 3749 ita
2930 3696 3072 3751 Deus
3119 3711 3217 3765 pro
3268 3697 3486 3751 homine

1907 3781 2022 3836 haec
2057 3782 2218 3852 elegit
2242 3790 2297 3837 et
2327 3785 2519 3850 tenuit,
2549 3787 2764 3854 quando
2779 3788 3078 3858 postposito
3105 3789 3300 3859 gaudio
3326 3790 3490 3845 susti-

1907 3874 2025 3927 nuit
2044 3889 2281 3940 crucem,
2318 3874 2687 3932 confusionem
2713 3888 2767 3932 et
2801 3879 3199 3950 improperium.

1979 3964 2114 4021 Vide
2138 3982 2266 4037 ergo
2289 3975 2344 4022 et
2368 3968 2649 4024 considera
2673 3984 2834 4039 quam
2861 3969 2968 4024 alta
2995 3971 3333 4040 profunditas
3360 3974 3488 4030 cha-

1909 4057 2112 4125 ritatis,
2141 4074 2302 4128 quam
2329 4060 2426 4115 Dei
2454 4058 2731 4131 Sapientia
2759 4062 2837 4118 sic
2861 4063 2962 4118 sibi
2988 4064 3184 4132 univit,
3215 4067 3354 4135 quod
3378 4083 3484 4121 non

1909 4151 2086 4206 solum
2112 4151 2268 4223 longa
2305 4162 2359 4208 et
2386 4153 2514 4220 lata,
2545 4156 2636 4210 sed
2663 4157 2827 4210 etiam
2871 4157 2980 4212 alta
3011 4166 3067 4214 et
3091 4159 3358 4230 profunda
3387 4160 3491 4215 fuit

1911 4246 1966 4300 in
1997 4259 2063 4301 eo
2098 4246 2353 4312 Charitas,
2383 4247 2598 4317 qualem
2628 4245 2798 4302 Deum
2829 4248 3008 4303 decuit
3028 4249 3283 4305 exhibere
3309 4260 3365 4306 et
3391 4251 3492 4306 ho-

1909 4337 2111 4392 minem
2132 4338 2372 4407 oportuit
2393 4337 2652 4393 invenire.
2689 4337 2820 4394 Vide
2847 4347 3048 4409 quanta
3078 4341 3379 4397 sublimitas
3399 4342 3488 4396 illa

1910 4435 1965 4482 et
1998 4427 2232 4498 gloriosa
2267 4427 2522 4496 majestas
2569 4428 2712 4483 unde
2739 4429 2909 4495 venit,
2949 4444 3110 4500 quam
3139 4429 3403 4500 profunda
3432 4441 3487 4486 et

1909 4518 2030 4574 vilis
2065 4519 2342 4574 humilitas
2372 4535 2480 4590 quo
2509 4521 2804 4575 descendit.
2838 4521 2882 4575 A
2911 4537 3122 4579 summo
3160 4522 3298 4578 caelo
3325 4525 3380 4578 in
3407 4525 3488 4579 in-

1910 4610 2138 4667 feriores
2160 4620 2342 4683 partes
2369 4621 2544 4678 terrae,
2574 4630 2606 4668 a
2633 4615 2827 4670 throno
2846 4615 3030 4686 gloria:
3053 4616 3108 4670 in
3131 4615 3306 4672 locum
3331 4618 3490 4674 misc-

1911 4706 2026 4770 riae,
2060 4721 2090 4759 a
2119 4705 2327 4760 deliciis
2363 4706 2679 4777 angelorum
2705 4707 2774 4761 ad
2803 4722 2992 4763 omnes
3015 4708 3291 4765 molestias
3316 4710 3490 4765 homia

1913 4812 2062 4861 num,
2095 4797 2160 4851 de
2189 4797 2309 4851 sinu
2345 4796 2522 4852 Patris
2553 4798 2608 4850 in
2652 4807 2867 4852 uterum
2902 4800 3238 4869 pauperculae
3276 4803 3486 4867 matris,

1913 4887 1981 4941 de
2008 4878 2263 4957 'angustia
2293 4889 2432 4942 uteri
2458 4887 2736 4959 virginalis
2765 4889 2822 4943 in
2851 4890 2954 4944 vile
2979 4890 3248 4947 stabulum
3278 4894 3413 4948 asini
3435 4904 3488 4948 et

1913 4979 2085 5045 bovis,
2123 4989 2178 5034 et
2206 4988 2328 5049 post
2356 4981 2408 5033 in
2439 4979 2731 5051 Egyptum
2755 4981 2945 5037 timore
2975 4983 3220 5048 Herodis,
3273 4985 3394 5042 inde
3433 4987 3486 5040 in

1915 5069 2090 5140 patria
2142 5069 2258 5123 sine
2309 5071 2513 5126 honore
2562 5086 2810 5136 manens,
2857 5081 2933 5126 tot
2975 5073 3354 5144 blasphemias,
3410 5087 3488 5132 tot

1917 5159 2293 5224 contumelias,
2327 5159 2666 5229 totinjurias,
2699 5170 2777 5216 tot
2803 5162 3026 5218 insidias
3042 5164 3314 5220 humiliter
3333 5168 3490 5222 susti-

1919 5264 2072 5304 nens.
2103 5248 2160 5303 ln
2191 5250 2366 5305 medio
2394 5251 2780 5321 discipulorum
2815 5253 2968 5322 quasi
2995 5268 3182 5309 servus
3209 5270 3485 5311 servorum

1921 5340 2141 5395 servivit
2171 5356 2344 5411 usque
2380 5342 2448 5395 ad
2475 5342 2846 5412 purgationem
2875 5353 3219 5412 peccatorum
3250 5353 3304 5399 et
3334 5346 3486 5400 ablu-

1922 5433 2120 5486 tionem
2147 5433 2366 5503 pednm,
2406 5433 2568 5487 etiam
2606 5431 2755 5488 Judaa
2791 5434 3085 5500 traditoris,
3127 5435 3218 5505 qui
3268 5450 3369 5490 nec
3394 5436 3486 5490 tali

1921 5526 2198 5596 obsequio,
2241 5541 2341 5580 nec
2392 5525 2533 5580 dulci
2573 5527 2838 5594 convivio,
2893 5544 2992 5584 nec
3037 5528 3184 5583 suavi
3221 5529 3489 5598 colloquio

1922 5619 2122 5690 placari
2163 5620 2356 5689 potuit,
2395 5635 2494 5675 nec
2530 5620 2712 5676 osculo
2748 5621 2922 5692 pacis,
2963 5621 3089 5690 quin
3118 5635 3240 5674 eum
3269 5635 3368 5691 pro
3397 5621 3486 5676 vili

248 5707 394 5776 (μιοά
440 5707 581 5763 Deus
625 5708 770 5764 nullo
817 5710 1080 5782 indigens,
1121 5711 1212 5780 qui
1258 5712 1439 5766 omnia
1489 5719 1706 5781 propter
1759 5727 1819 5767 se
1845 5681 1896 5741 D
1922 5708 2094 5777 pretio
2123 5710 2187 5764 ad
2220 5717 2447 5763 mortem
2473 5710 2742 5765 venderetl
2766 5710 3018 5773 inimicis,
3058 5718 3283 5764 mortem
3310 5719 3486 5765 autem

252 5796 398 5862 fecit,
436 5806 490 5852 et
536 5799 714 5852 omnia
764 5800 969 5855 homini
1016 5801 1273 5872 subjecit,
1322 5810 1606 5872 postquam
1659 5803 1819 5856 homo

252 5896 444 5947 cuncta
486 5889 753 5962 peccando
779 5891 1029 5962 perdidit,
1063 5893 1203 5947 Deus
1230 5908 1352 5948 eum
1382 5892 1607 5963 perdere
1629 5892 1814 5959 uoluit,

1921 5798 2124 5852 crucis.
2171 5798 2271 5853 Ubi
2321 5807 2527 5853 tantum
2558 5814 2616 5854 se
2637 5799 2952 5861 exinanivit,
2989 5799 3129 5868 quod
3152 5800 3216 5854 de
3249 5801 3487 5870 patibulo

1921 5892 2192 5946 latronum
2221 5892 2514 5957 descendit,
2544 5906 2739 5960 corpus
2767 5890 2818 5945 in
2859 5890 3159 5962 sepulcrum
3184 5901 3238 5947 et
3268 5893 3488 5960 spiritus
