3938 6334
430 492 567 547 im

1066 489 1127 544 Β.
1169 486 1421 543 ΒΑΒΑΝΙ
1462 486 1681 543 MAURI
1716 486 1996 544 ARCHIEI

2102 485 2382 547 IOGUNT.
2423 486 2708 547 OPERUM
2745 486 2926 543 PARS
2961 486 3047 542 lli.

3554 492 3687 550 ms

432 608 488 663 in
516 605 805 672 infernum,
854 603 1014 661 simul
1042 606 1098 660 in
1127 619 1291 659 unum
1330 602 1479 658 dives
1509 611 1563 659 et
1598 617 1824 674 pauper,
1854 603 2009 659 vivus
2034 606 2089 669 Α
2184 603 2289 658 Sed
2314 603 2380 658 ad
2413 602 2684 658 cumulum
2712 601 2934 674 pudoris
2960 600 3209 672 prospice
3245 602 3303 658 in
3334 600 3518 657 tabula
3547 604 3691 675 pagi-

434 710 491 759 et
533 706 798 766 mortuus,
834 698 1102 756 exaltatus
1129 705 1184 755 et
1211 696 1543 767 humiliatus,
1574 698 1823 754 sublimis
1849 713 2011 771 super

433 791 666 847 vertices
684 790 1018 861 angelorum,
1037 790 1253 845 humilis
1275 790 1375 845 sub
1396 788 1621 861 pedibus
1641 797 2005 860 peccatorum,

429 893 711 955 reputatus
732 883 854 939 vilis
881 892 936 938 et
957 882 1146 939 debilis
1171 892 1445 953 peccator,
1482 883 1724 950 insanus,
1754 890 1809 939 et
1830 883 2009 939 novis-

430 977 601 1032 simus
628 975 886 1030 virorum.

1038 1063 1272 1125 CAPUT
1310 1065 1397 1121 IV.

499 1158 687 1231 Cogita
717 1164 953 1229 quantus
977 1156 1027 1213 ei
1056 1156 1157 1212 fuit
1196 1156 1350 1212 labor
1375 1156 1640 1227 corporis,
1678 1156 1733 1211 in
1759 1171 1866 1227 quo
1893 1166 2004 1212 tam

428 1266 632 1322 pauper
670 1250 846 1308 fuerat
873 1265 903 1304 a
929 1250 1204 1305 nativitate
1236 1265 1356 1316 sua,
1373 1248 1684 1318 jejunando,
1714 1250 2001 1319 vigilando,

430 1343 803 1405 discurrendo,
840 1341 1202 1411 praedicando,
1234 1347 1287 1395 et
1333 1340 1387 1395 in
1446 1339 1551 1395 line
1598 1356 1710 1410 prae
1755 1341 2002 1412 angustia

430 1435 621 1490 mortis
647 1433 976 1489 imminentis
998 1433 1050 1488 in
1079 1433 1271 1504 agonia
1297 1431 1516 1503 prolixae
1545 1433 1805 1487 orationis
1830 1447 2004 1504 usque

428 1528 495 1583 ad
529 1526 779 1582 sudorem
812 1525 1185 1597 sanguineum.
1213 1524 1603 1580 Fraudulenter
1630 1532 1864 1594 captum,
1889 1534 1998 1579 tam

427 1620 741 1677 indecenter
782 1619 1021 1692 ligatum,
1066 1628 1123 1674 et
1144 1632 1239 1689 per
1283 1628 1496 1673 noctem
1527 1618 1593 1674 de
1636 1616 1877 1673 domoin
1903 1616 2002 1672 do-

426 1726 573 1767 mum
596 1719 706 1767 tam
738 1711 968 1783 turpiter
995 1710 1323 1781 l'ustigatum,
1366 1724 1551 1766 coram
1577 1708 1922 1780 pontiﬁcibus
1945 1718 2002 1764 et

424 1804 764 1878 magnatibus
790 1805 960 1876 sputis
1003 1804 1193 1860 illitum
1217 1811 1271 1859 et
1297 1803 1466 1873 alapis
1500 1817 1720 1867 caesum,
1752 1816 1910 1856 mane
1931 1801 1999 1856 ad

424 1897 642 1954 domum
686 1895 847 1952 Pilati
876 1898 1109 1959 ductum,
1156 1895 1311 1965 quasi
1358 1910 1508 1950 reum
1551 1894 1740 1949 mortis
1772 1893 1999 1963 justitize

2111 707 2196 751 na
2239 692 2632 748 multitudinem
2675 691 2998 759 litterarum,
3036 692 3194 764 quasi
3241 692 3691 750 innumerabilem

2110 785 2363 857 populum
2382 785 2688 842 Iudaeorum
2714 795 2770 842 et
2793 788 3071 859 gentilium
3091 790 3159 843 ad
3194 788 3300 844 tale
3324 790 3692 859 spectaculum

2109 876 2257 932 circa
2284 891 2501 933 crucem
2520 877 2852 935 astantium:
2896 877 2991 933 ubi
3015 877 3258 933 centurio
3278 894 3403 933 cum
3431 879 3693 937 militibus

2108 976 2163 1023 et
2205 969 2492 1039 armigeris
2539 971 2677 1034 suis,
2714 968 2999 1039 pontiﬁces
3041 978 3097 1025 et
3139 970 3420 1041 pharistni,
3450 973 3695 1028 seniores

2108 1073 2229 1114 cum
2268 1059 2483 1115 clericis
2521 1058 2656 1133 legis
2697 1070 2752 1117 et
2777 1061 3042 1117 ministris
3070 1061 3185 1117 suis
3224 1063 3380 1133 quasi
3420 1073 3694 1133 potestate

2106 1158 2161 1206 et
2191 1151 2513 1206 auctoritate
2544 1159 2704 1206 erant
2730 1153 2922 1207 subter
2962 1152 3183 1208 brachia
3214 1154 3424 1218 crucis,
3458 1163 3519 1210 et
3548 1164 3695 1213 totus

2106 1242 2334 1313 populus
2362 1259 2467 1297 non
2507 1243 2679 1298 solum
2717 1252 2879 1298 tantae
2916 1244 3172 1311 civitatis,
3199 1246 3297 1301 sed
3330 1246 3501 1302 etiam
3528 1247 3693 1303 colle»

2102 1342 2223 1391 ctus
2258 1337 2326 1391 de
2363 1336 2670 1406 regionibus
2701 1336 2884 1391 multis
2906 1338 3026 1392 sine
3060 1338 3441 1406 compassione
3484 1340 3697 1395 stabant

2108 1432 2233 1480 ante
2280 1424 2474 1481 faciem
2530 1426 2743 1483 Domini
2794 1427 3092 1483 morientis.
3136 1427 3206 1482 Et
3242 1429 3452 1483 milites
3488 1440 3695 1485 vestem

2105 1516 2223 1586 ejus
2252 1517 2483 1574 invicem
2516 1517 2753 1577 ludendo
2776 1519 3108 1577 dividebant.
3147 1517 3445 1579 Pontiﬁces
3486 1529 3543 1576 et
3564 1523 3697 1591 pha-

2102 1610 2268 1677 risaei,
2294 1610 2386 1681 qui
2410 1610 2545 1667 alios
2570 1612 2764 1671 docere
2788 1610 3104 1675 debuerant,
3135 1609 3387 1669 ludentes
3427 1612 3499 1669 ad
3528 1612 3691 1669 alter-

2102 1710 2283 1759 utrum
2323 1717 2446 1758 cum
2492 1703 2687 1758 scribis
2714 1702 2972 1761 miracula
2997 1703 3203 1774 optima
3221 1718 3345 1774 qua:
3375 1703 3610 1771 fecerat,
3642 1712 3697 1763 et

2099 1793 2266 1849 verba
2318 1791 2629 1849 dulcissima
2673 1809 2793 1865 quae
2831 1794 3066 1862 dicebat,
3107 1801 3372 1865 quantum
3403 1804 3688 1866 poterant,

2102 1883 2443 1952 deridebant,
2503 1894 2559 1940 et
2609 1884 2851 1945 latrones
2896 1884 3332 1957 blasphemantes
3390 1900 3586 1943 coram
3631 1901 3691 1942 eo

422 1987 667 2044 saeculari
719 1987 1025 2058 expositum
1057 2002 1072 2053 ;
1123 1970 1317 2043 dehinc
1355 1985 1555 2042 Herodi
1587 1992 1995 2056 praesentatum,
2028 1990 2075 2050 Β
2099 1978 2427 2048 pendebant.

422 2087 479 2134 et
503 2077 573 2132 ab
612 2077 706 2134 illo
732 2086 787 2133 et
822 2078 1063 2133 exercitu
1110 2078 1227 2149 ejus
1254 2092 1354 2149 pro
1389 2076 1538 2132 fatuo
1570 2085 1894 2147 reputa-tum,
1940 2084 1997 2132 et

420 2169 617 2224 iterum
642 2184 675 2223 a
705 2167 877 2224 Pilato
921 2170 1076 2240 quasi
1108 2184 1287 2241 regem
1327 2169 1615 2224 stultorum
1654 2167 1913 2233 derisum,
1942 2174 1999 2222 et

420 2261 573 2330 quasi
609 2259 1011 2317 malefactorem
1054 2261 1308 2335 [asperis]
1358 2262 1541 2317 verbis
1580 2271 1634 2316 et
1680 2259 1997 2317 verberibus

419 2352 693 2420 allectum,
749 2368 930 2409 coram
962 2361 1040 2410 tot
1065 2353 1263 2410 Iudaeis
1301 2363 1357 2409 et
1401 2354 1651 2425 gentibus
1680 2362 1789 2408 tam
1819 2352 1999 2408 viliter

419 2453 754 2510 accusatum,
778 2452 886 2500 tarn
909 2447 1143 2517 graviter
1161 2444 1504 2517 ﬂagellatum,
1537 2446 1653 2501 sine
1678 2460 1839 2500 causa
1855 2444 1998 2516 judi-

420 2542 623 2601 catum,
666 2543 884 2605 portare
920 2524 1135 2591 crucem
1181 2544 1425 2591 coactum
1454 2537 1608 2608 quasi
1650 2537 1914 2593 latronem
1943 2546 2001 2593 et

417 2626 765 2694 homicidam,
807 2627 1014 2699 justum
1042 2642 1140 2698 pro
1178 2625 1392 2697 iniustis
1418 2635 1473 2683 et
1505 2627 1726 2698 iniquis,
1768 2635 1825 2684 et
1870 2642 1997 2685 cum

416 2720 616 2792 iniquis
644 2736 750 2777 non
776 2720 994 2786 exsilio,
1031 2735 1136 2776 non
1164 2736 1407 2788 carcere,
1437 2736 1544 2777 non
1574 2723 1725 2793 pedis
1753 2730 1845 2778 aut
1884 2738 2000 2777 ma-

419 2829 522 2870 nus
536 2814 847 2881 amissione,
876 2815 969 2871 sed
996 2824 1191 2882 morte,
1221 2822 1277 2871 et
1306 2826 1480 2881 morte
1510 2817 1843 2887 turpissima,
1873 2830 1999 2872 con-

420 2905 751 2975 demnatum,
785 2915 841 2962 et
882 2906 1116 2963 levatum
1149 2921 1331 2963 coram
1363 2908 1552 2964 amicis
1582 2918 1637 2965 et
1662 2907 1914 2975 inimicis,
1940 2909 1998 2965 in

426 3000 566 3058 festo
613 3001 918 3068 excellenti,
980 3003 1033 3057 in
1087 2998 1205 3059 loco
1251 3003 1534 3069 eminenti,
1586 3003 1729 3059 inter
1773 3004 1997 3059 brachia

420 3091 696 3149 vilissimae
740 3093 940 3159 crucis,
1000 3094 1249 3150 manibus
1275 3102 1331 3150 et
1376 3093 1607 3165 pedibus
1630 3095 1710 3150 sic
1736 3095 1996 3163 extensis,

419 3183 587 3239 clavis
631 3181 821 3239 ferreis
850 3182 1134 3255 perforari,
1173 3184 1253 3240 sic
1277 3185 1603 3256 pendentem
1636 3186 1704 3242 ab
1746 3190 1998 3246 omnibus

411 3271 663 3328 derideri.
680 3273 755 3327 lbi
770 3287 929 3328 aures
945 3271 1062 3341 ejus
1082 3273 1422 3330 inimicorum
1444 3272 1802 3344 blasphemias
1818 3278 1999 3334 audie-

2712 2068 2940 2131 CAPUT
2982 2069 3069 2128 Vl.

2170 2184 2399 2241 Stabant
2444 2186 2609 2242 etiam
2646 2200 2839 2243 omnes
2866 2184 2981 2245 neti
3013 2184 3133 2255 eius
3160 2200 3193 2245 a
3220 2184 3411 2258 longe.
3448 2184 3691 2256 etiam

2097 2292 2315 2333 crucem
2350 2285 2528 2333 mater
2565 2277 2700 2348 ejus,
2735 2287 2793 2333 et
2822 2276 2942 2333 alia
2968 2276 3189 2335 multa:
3228 2286 3289 2334 et
3335 2278 3688 2350 panpin-

2098 2384 2188 2426 res
2233 2376 2392 2426 erant
2440 2369 2673 2436 inimici,
2718 2376 2777 2425 et
2810 2369 3092 2440 pauciores
3129 2369 3315 2435 amici,
3373 2379 3540 2431 noto
3572 2385 3688 2427 ω

2098 2462 2329 2533 amplius
2362 2461 2785 2519 eonfundebant.
2844 2460 2950 2539 δαί
2990 2470 3227 2533 quantus
3270 2470 3397 2519 erat
3442 2463 3497 2517 ei
3545 2462 3687 2519 dolat

2098 2555 2296 2621 cordis,
2343 2564 2453 2611 tam
2484 2555 2573 2611 diu
2615 2563 2819 2611 tantam
2864 2555 2921 2611 in
2948 2555 3128 2625 seipse
3170 2555 3453 2613 sustinere
3497 2556 3687 2612 amari-

2098 2647 2338 2703 tudinem
2384 2647 2594 2712 mortis,
2632 2662 2756 2702 cant
2784 2662 2893 2703 non
2920 2646 3098 2705 minus
3136 2656 3362 2717 urgeret
3382 2662 3521 2705 una
3542 2648 3685 2705 dolor

2099 2736 2396 2792 amicorum
2438 2736 2751 2803 astantium,
2779 2746 2836 2793 et
2862 2737 3098 2795 [noxiae
3126 2752 3242 2793 suae
3270 2739 3521 2797 matris?
3549 2740 3685 2806 Quo-

2099 2827 2260 2883 modo
2284 2837 2433 2883 stare
2451 2834 2666 2899 poterat
2696 2828 2818 2884 talis
2852 2836 3026 2887 mater
3050 2827 3175 2885 talis
3196 2828 3317 2895 lilii,
3344 2829 3548 2887 videns
3567 2847 3683 2887 eam

2099 2918 2173 2973 ita
2211 2918 2396 2974 mori?
2441 2917 2629 2975 Nonne
2657 2919 2892 2977 habebat
2917 2934 3014 2975 eor
3047 2919 3240 2975 matris
3275 2921 3502 2977 viscera
3524 2923 3683 2993 picta.

2098 3010 2210 3066 tis?
2246 3010 2384 3079 Quid
2407 3010 2676 3082 cogitabat
2700 3020 2873 3068 mater
2896 3011 3305 3078 misericordia.
3334 3028 3471 3084 qua
3496 3014 3683 3071 sentie-

2096 3103 2193 3157 bat
2223 3102 2500 3169 universa,
2544 3117 2665 3174 qua
2697 3102 2868 3159 ﬁlium
2904 3118 3060 3161 suum
3108 3103 3387 3161 sustinere
3427 3105 3682 3161 videbat?

2099 3193 2377 3261 Quomodo
2404 3202 2621 3263 portare
2648 3201 2859 3265 poterat
2906 3209 3218 3266 prensurum
3265 3195 3474 3252 mortis
3526 3195 3681 3260 illius,

2099 3299 2220 3340 cum
2250 3285 2403 3340 multi
2429 3292 2551 3355 post
2575 3291 2652 3341 tot
2669 3300 2842 3343 annos
2855 3285 3121 3343 sustinere
3138 3301 3247 3341 non
3280 3288 3510 3357 possint
3526 3289 3681 3343 etiam

412 3363 564 3450 bant,
624 3362 765 3419 oculi
815 3363 1050 3419 ridentes
1073 3372 1129 3419 et
1164 3363 1481 3421 insultantes
1508 3365 1785 3435 videbant,
1836 3383 1998 3426 nares
2022 3360 2069 3423 C
2100 3376 2421 3433 memoriam
2436 3376 2745 3447 passionis?
2780 3376 2879 3437 Ubi
2910 3386 2996 3434 est
3022 3386 3197 3435 mater
3220 3394 3351 3450 qua
3378 3389 3569 3450 posset
3606 3382 3681 3434 vi.

422 3449 651 3507 fetorem
681 3451 884 3507 sentire
910 3460 1184 3523 poterant,
1210 3461 1268 3509 et
1291 3455 1375 3511 ori
1402 3455 1610 3512 sitienti
1636 3467 1821 3528 potum
1852 3475 1997 3516 mor-

416 3541 635 3599 tiferum
683 3542 999 3612 oﬂ'erebant,
1054 3546 1147 3617 qui
1212 3548 1295 3618 (ut
1329 3547 1406 3604 ait
1438 3547 1798 3624 Hieronymus
1834 3570 1998 3626 super

411 3635 749 3710 lsaiam)jam
776 3637 916 3709 pilos
940 3638 1121 3696 barba:
1146 3638 1263 3710 ejus
1289 3641 1618 3700 evulserant.

480 3841 671 3914 Aspice
699 3842 907 3899 litteras
941 3859 1177 3912 coronae,
1230 3846 1283 3902 id
1309 3853 1394 3903 est
1439 3854 1733 3919 puneturas
1764 3862 1900 3918 quas
1936 3848 1992 3903 in

414 3931 641 3987 circuitu
681 3934 876 4005 capitis
905 3936 1005 3991 sibi
1034 3952 1233 3992 corona
1271 3937 1566 4010 impressit,
1595 3947 1651 3995 et
1672 3946 1842 3995 totum
1870 3940 1991 3993 vul-

409 4031 524 4079 tum
557 4022 672 4093 ejus
714 4026 1088 4081 absconditum
1126 4036 1183 4083 et
1206 4027 1534 4099 despectum,
1564 4029 1738 4098 sputis
1760 4037 1815 4083 et
1841 4029 1992 4084 cola-

412 4113 537 4183 phis
562 4115 927 4185 deturpatum,
974 4124 1028 4171 et
1071 4116 1346 4188 spinarum
1381 4117 1584 4174 aculeis
1613 4126 1984 4183 cruentatum;

406 4211 486 4259 tot
541 4218 706 4275 crpus
742 4202 861 4273 ejus
887 4205 1082 4262 litteris
1107 4207 1278 4280 nigris
1305 4216 1362 4263 et
1384 4208 1569 4265 mbois
1594 4209 1831 4280 plenum,
1858 4216 1991 4280 quot

2098 3467 2225 3524 dere
2258 3476 2314 3523 et
2334 3469 2599 3527 sustinere
2622 3468 2793 3525 tilium
2816 3484 2970 3525 suum
2991 3471 3317 3543 pendentem
3342 3472 3397 3527 in
3422 3472 3679 3544 patibulo,

2095 3564 2307 3620 etiamsi
2337 3563 2479 3620 illius
2508 3565 2830 3623 meruisset?
2860 3564 3048 3622 Nonne
3073 3574 3279 3624 matres
3308 3568 3387 3623 ita
3420 3568 3565 3624 ﬁlios
3606 3569 3680 3623 ὧν

2094 3657 2286 3728 ligant,
2317 3657 2461 3728 quod
2478 3658 2644 3714 etiam
2677 3658 2873 3715 durum
2901 3660 3126 3717 verbum
3167 3668 3367 3719 contra
3418 3661 3543 3717 illos
3588 3676 3681 3715 aa-

2095 3747 2211 3804 dire
2234 3762 2341 3803 non
2368 3748 2612 3819 possint?
2634 3748 2913 3817 Quomodo
2930 3750 3095 3823 igitur
3118 3758 3296 3807 mater
3322 3750 3544 3809 Domini
3570 3762 3675 3807 sta-

2092 3842 2206 3903 bat,
2238 3847 2295 3894 et
2316 3854 2418 3895 non
2440 3840 2616 3912 magis
2635 3842 2841 3898 centies
2870 3842 3105 3912 palmata
3148 3840 3235 3897 vel
3282 3852 3508 3901 mortua
3555 3860 3677 3900 cor-

2094 3930 2318 3986 urebat?
2342 3930 2482 3999 Quid
2505 3929 2762 3997 faciebat,
2784 3933 3055 4003 quomodo
3074 3941 3222 3991 stare
3251 3942 3499 4004 poterat,
3520 3946 3575 3991 et
3602 3946 3677 3989 ta-

2093 4037 2236 4087 cere,
2264 4023 2355 4078 ubi
2393 4038 2582 4080 omnes
2610 4024 2679 4080 ad
2705 4025 2952 4089 invicem,
2990 4033 3046 4080 et
3091 4025 3266 4096 ipsum
3314 4027 3469 4098 loqui
3511 4028 3675 4083 ﬁliuni

2092 4112 2252 4167 toties
2274 4112 2558 4170 audiebat?
2596 4113 2875 4183 Quomodo
2910 4132 3016 4173 non
3056 4117 3319 4173 currebat
3353 4119 3427 4173 ad
3460 4134 3677 4174 autem

2091 4202 2331 4258 clamans
2356 4211 2411 4258 et
2437 4201 2664 4271 eiulans,
2687 4215 2742 4260 et
2770 4204 2939 4263 ﬁlium
2964 4204 3083 4274 eius
3104 4206 3171 4260 ab
3201 4207 3285 4262 eis
3334 4207 3677 4280 discerptas,

406 4294 727 4366 flagellatnm
760 4296 959 4369 plagis;
992 4298 1212 4354 lividum
1240 4307 1296 4355 et
1333 4301 1499 4372 guttis
1542 4302 1852 4373 sanguineis
1898 4316 1986 4357 re-
2087 4295 2173 4350 νεὶ
2197 4295 2386 4350 saltem
2416 4311 2538 4351 eum
2569 4297 2671 4353 sibi
2704 4297 2854 4354 τεάἀί
2892 4314 3015 4355 cum
3044 4297 3300 4371 lea-vluit
3342 4302 3678 4372 postulans?

406 4400 649 4456 spcrsum
675 4404 688 4439 :
717 4385 889 4457 ipsum
910 4388 1142 4458 denique
1167 4389 1331 4445 decus
1346 4390 1679 4461 angelorum,
1705 4399 1762 4446 et
1779 4393 1986 4463 specio-
2088 4384 2369 4463 Quomodo
2403 4401 2615 4443 sorores
2643 4402 2788 4454 snas,
2833 4397 2887 4443 et
2915 4388 3136 4445 Mariam
3184 4389 3588 4460 Magdalénam,
3622 4400 3677 4445 et

408 4490 528 4531 sum
551 4476 722 4532 forma
751 4493 864 4549 pra
888 4479 1012 4535 ﬁliis
1041 4479 1317 4536 hominum
1341 4482 1549 4552 turpius
1575 4462 1986 4556 tractari-quam
2088 4462 2223 4529 alias
2259 4475 2327 4530 ad
2351 4472 2533 4530 ﬂetum
2561 4483 2617 4530 et
2643 4476 2711 4531 ad
2742 4474 3018 4547 planctum
3051 4478 3289 4534 clamore
3318 4489 3377 4535 et
3419 4479 3679 4552 lacqu

404 4568 699 4638 leprosum,
734 4572 1009 4628 crudelius
1036 4586 1198 4642 quam
1243 4572 1477 4644 aliquem
1508 4574 1851 4630 sceleratum.
2087 4582 2194 4622 non
2216 4568 2481 4638 cogebat?

471 4659 617 4716 [nter
670 4663 785 4718 haec
837 4664 1052 4720 attende
1079 4674 1316 4736 quantus
1352 4665 1401 4721 ei
1432 4674 1552 4721 erat
1588 4666 1761 4738 pudor
1794 4666 1979 4722 mundi

2159 4656 2216 4713 Si
2246 4656 2409 4713 Maria
2438 4656 2749 4727 Hagdniena
2798 4660 2959 4717 tertia
3006 4660 3092 4717 die
3134 4671 3325 4731 postea
3378 4664 3563 4720 stabat
3610 4664 3679 4719 ad

404 4759 483 4807 tot
522 4763 709 4824 gentes
746 4756 800 4811 in
829 4770 896 4813 eo
925 4758 1319 4813 seandalizari:
1352 4772 1586 4830 quantus
1618 4762 1793 4831 pudor
1828 4770 1977 4817 tanto

2102 4758 2499 4804 nonumentum
2521 4749 2655 4806 foris
2699 4750 2916 4822 plorans
2954 4761 3061 4808 tam
3105 4752 3199 4807 diu
3250 4762 3555 4819 mortuum,
3604 4760 3681 4811 ita

402 4856 458 4901 et
492 4846 585 4902 tali
606 4848 853 4916 Domino,
880 4849 1014 4922 Regi
1045 4831 1250 4922 regum,
1281 4867 1311 4907 a
1339 4861 1448 4908 tam
1473 4854 1658 4925 paucis
1684 4853 1902 4910 famulis
1922 4855 1977 4911 in
2076 4839 2219 4911 quod
2246 4855 2344 4896 nec
2366 4840 2434 4895 ab
2460 4841 2665 4913 θυεεῖἶδ
2687 4850 2899 4913 Meri“
2923 4845 3171 4901 000301"
3174 4846 3189 4901 ί
3219 4866 3232 4899 ε
3257 4850 3545 4917 W40
3564 4867 3677 4903 τωε

401 4947 557 4994 tanto
581 4940 808 4995 articulo
834 4942 1167 5013 derelinqui:
1199 4958 1358 5014 quem
1383 4958 1573 4999 omnes
1596 4942 1844 5015 fugerant
1862 4959 1973 5015 pra:
2078 4929 2318 5001 Ριοητθῑ
2337 4930 2527 4987 “de”
2559 4931 2710 4991 “lum
2742 4934 2816 4989 “3
2842 4934 3002 5001 ιποτίι
3034 4935 3129 5006 (lui
3162 4935 3265 4993 δίΝ
3298 4946 3529 5006 recall:
3574 4955 3603 4989 ⁵
3626 4954 3673 4989 ’³

402 5029 613 5095 timore,
647 5038 704 5085 et
745 5031 1029 5088 latitabant
1064 5048 1175 5105 pm
1204 5048 1423 5105 pavore,
1469 5043 1524 5090 et
1566 5034 1820 5105 lugebant
1865 5050 1979 5106 prae

2102 5035 2193 5075 am
2217 5020 2445 5091 benigne
2470 5021 2773 5089 dimiserat,
2799 5024 2895 5094 qui
2924 5024 3149 5085 fratrem
3201 5041 3363 5091 suum
3397 5027 3677 5087 latnt-nm

399 5124 584 5179 dolore
613 5142 626 5180 :
658 5124 712 5179 in
740 5134 886 5180 tanta
914 5126 1272 5194 solemnitate,
1304 5128 1359 5183 in
1388 5130 1603 5200 propria
1626 5130 1864 5195 civitate,
1888 5131 1979 5185 ubi

2102 5114 2243 5168 iaulo
2279 5122 2405 5171 ante
2432 5116 2811 5183 suscitaverat,
2839 5126 2894 5173 et
2919 5133 3019 5189 pro
3051 5118 3203 5189 citius
3238 5135 3429 5177 arnore
3486 5122 3673 5175 omnia

396 5217 557 5286 paulo
599 5226 725 5273 ante
766 5225 875 5273 tam
924 5220 1204 5290 magniﬁce
1236 5219 1336 5276 fuit
1376 5222 1717 5277 honoratus:
1762 5223 1979 5292 quando

2102 5203 2410 5273 teliqucrat?
2435 5203 2601 5261 Multo
2619 5204 2810 5261 fortius
2832 5215 2889 5261 et
2913 5208 3153 5265 amarius
3188 5207 3405 5278 pbrare
3430 5218 3491 5263 et
3514 5210 3671 5280 plan-

396 5309 484 5363 alii
520 5310 796 5366 honestius
823 5311 1213 5377 vestiebantur,
1252 5326 1439 5368 coram
1484 5314 1691 5369 cunctis
1724 5325 1834 5368 tam
1866 5322 1979 5368 tur-
2083 5310 2208 5366 sere
2230 5295 2524 5353 debuerant
2548 5311 2765 5355 80mm
2794 5299 2983 5353 matris
3018 5298 3253 5363 Domini.
3296 5308 3355 5353 et
3406 5316 3511 5369 pro
3548 5316 3671 5369 Ins-

394 5400 536 5468 piter
562 5410 618 5455 et
664 5403 863 5457 totiens
894 5402 1175 5467 denudari,
1206 5410 1286 5457 tot
1324 5405 1628 5474 opprobriis
1668 5415 1722 5459 et
1747 5405 1975 5460 derisio—

2102 5386 2237 5441 sione.
2266 5386 2347 5441 sui
2374 5388 2608 5457 nepotis,
2634 5396 2692 5443 et
2727 5403 2826 5458 pro
2851 5389 3224 5458 compaasione
3257 5390 3487 5447 sororis.

395 5489 551 5545 nibus
584 5491 795 5561 agitari.
851 5494 1022 5559 Quam
1066 5506 1234 5561 parva
1278 5503 1431 5549 veste
1479 5494 1653 5564 pudor
1684 5502 1891 5551 naturae
1918 5497 1971 5552 in
2078 5493 2209 5548 θιέο
2238 5479 2447 5535 dum“
2482 5480 2613 5550 Win
2652 5487 2826 5536 mal"
2858 5481 2913 5536 ίιι
2948 5481 3217 5539 illam
3247 5480 3372 5552 με
3408 5498 3517 5553 PN
3558 5484 3673 5537 διδ-θ

392 5579 487 5633 illo
533 5582 751 5649 tegitur,
787 5584 877 5651 qui
912 5581 1170 5635 Dominus
1205 5583 1330 5637 coeli
1360 5594 1415 5639 et
1441 5594 1601 5641 terrae
1633 5594 1689 5641 et
1714 5586 1968 5657 splendor
2079 5569 2321 5625 ἀθίθτθιῗ

393 5669 596 5738 gloriae,
635 5672 788 5741 cujus
816 5671 1272 5739 pulchritudinem
1299 5682 1354 5727 et
1377 5674 1636 5746 fulgorem
1662 5678 1741 5731 sol
1767 5688 1822 5733 et
1843 5678 1963 5734 luna

391 5760 678 5825 mirantur,
726 5771 782 5815 et
817 5775 884 5815 ne
910 5762 1033 5830 quis
1072 5770 1281 5817 tantum
1322 5766 1552 5823 dedecus
1581 5771 1784 5836 videat,
1824 5787 1966 5828 com-

391 5848 645 5919 passione
661 5849 892 5903 mirabili
915 5854 1117 5918 sparsis
1137 5853 1337 5923 ubique
1357 5858 1598 5913 tenebris
1620 5868 1762 5916 terra
1783 5863 1977 5920 obscu-

400 5947 570 5993 ratur.

2678 5661 2905 5723 CAPUT
2943 5661 3053 5718 Vll.

2154 5773 2258 5829 Sed
2286 5774 2545 5844 quidquid
2565 5782 2683 5830 erat
2724 5775 2777 5831 ei
2825 5788 2987 5830 causa
3034 5774 3235 5829 doloris
3272 5784 3340 5831 "et
3383 5776 3661 5837 met-ovis.

2089 5865 2284 5919 virtute
2327 5863 2420 5919 Dei
2450 5873 2621 5920 totum
2646 5868 2701 5920 in
2729 5866 2903 5936 seipsa
2933 5864 3273 5921 strictissime
3320 5865 3659 5927 continebat,

2090 5965 2144 6013 et
2179 5956 2322 6012 intus
2356 5956 2713 6030 corporaliter
2740 5956 3093 6035 torquebatur
3121 5972 3134 6012 :
3168 5966 3225 6012 et
3244 5966 3449 6031 quanto
3480 5956 3659 6012 minus
