3938 6334
164 461 309 519 1499

1399 461 1489 518 DE
1528 460 1864 522 PASSIONE
1901 464 2161 522 DOMINI.

3281 462 3430 525 H50

164 580 403 635 clamare
428 575 677 643 audebat,
704 590 771 632 ne
796 577 1113 651 patientiam
1132 576 1406 655 perderet,
1433 590 1487 635 et
1511 579 1740 635 morien-
1764 596 1820 659 Α
1842 587 2183 639 murmurant
2209 594 2266 635 ιιι
2286 579 2550 648 adversis,
2577 580 2719 643 sicut
2769 581 2907 639 latro
2933 581 3176 652 pendens
3202 596 3231 637 a
3258 581 3429 639 sinis-

165 682 279 728 tem
306 669 477 726 ﬁlium
504 670 863 725 commoriens
890 670 1010 741 plus
1034 679 1305 744 gravaret.
1331 677 1481 727 tanto
1500 672 1741 727 acriores

164 768 221 824 in
244 765 409 822 corde
436 761 779 819 discissiones
794 763 1063 823 viscerum
1085 763 1372 821 sentiebat.

239 856 348 912 Sed
375 855 593 927 quando
618 853 753 910 vidit
792 855 934 925 quod
955 854 1036 911 sic
1080 854 1222 911 male
1263 862 1527 911 tractatus
1573 854 1742 910 Deum

160 950 384 1008 Patrem
415 963 519 1019 pro
540 947 646 1005 illis
685 945 930 1022 [oraret]
961 954 1016 1009 et
1052 947 1216 1003 etiam
1261 946 1389 1025 quia
1432 946 1745 1005 nesciebant

165 1040 299 1112 quid
338 1039 580 1096 facerent
627 1049 948 1106 excusaret,
997 1039 1265 1110 quomodo
1316 1048 1428 1094 non
1469 1037 1607 1093 dixit
1648 1037 1739 1092 ei:

165 1131 273 1187 Fili
304 1131 651 1188 dilectissime
680 1139 735 1186 et
759 1129 1085 1196 dulcissime,
1117 1146 1217 1186 cur
1240 1130 1343 1187 hoc
1373 1128 1547 1189 dicis?
1581 1127 1659 1184 illi
1691 1135 1746 1184 te

168 1224 510 1295 cruciﬁgunt,
548 1222 792 1278 derident
814 1230 868 1277 et
892 1222 1237 1287 maledicunt,
1291 1228 1347 1276 et
1392 1229 1451 1276 tu
1500 1226 1747 1277 econtra-

170 1318 255 1373 rio
276 1315 584 1372 benedieis?
619 1310 899 1384 Quomodo
926 1317 1175 1375 nesciunt
1200 1315 1337 1388 quid
1358 1314 1589 1383 faciunt,
1627 1313 1747 1385 qui.

170 1409 273 1463 bus
302 1407 434 1462 nihil
455 1407 581 1463 mali
605 1405 816 1463 fecisti?
846 1406 913 1462 Et
942 1408 1070 1477 quid
1096 1407 1275 1463 dicere
1300 1407 1494 1478 potuit,
1534 1405 1747 1480 quando

172 1500 408 1554 moriens
430 1513 549 1553 eam
579 1498 645 1554 ad
670 1498 1075 1554 custodiendum
1100 1513 1268 1570 puero
1308 1495 1748 1553 commendavit?

170 1589 301 1657 Quze
316 1587 526 1643 fuitista
543 1588 842 1643 consolatio
868 1586 1257 1642 dolentissimae
1281 1586 1468 1641 matris
1490 1587 1544 1641 in
1571 1592 1746 1641 morte

169 1682 505 1738 dilectissimi
553 1680 690 1736 ﬁlii:
722 1681 918 1752 Accipe
968 1678 1133 1734 ﬁlium
1183 1678 1427 1734 Zebedaei
1466 1690 1563 1749 pro
1610 1676 1749 1733 Filio

170 1772 306 1828 Dei?
340 1773 477 1842 Quid
500 1781 717 1844 poterat
746 1772 927 1827 dicere
944 1780 1119 1826 mater
1153 1768 1285 1838 filio,
1315 1779 1371 1827 et
1397 1766 1537 1826 ﬁlius
1564 1768 1745 1837 matri,

170 1864 216 1919 si
248 1874 375 1920 tunc
404 1872 624 1937 possent
653 1865 720 1918 ad
744 1864 974 1920 invicem
1018 1862 1110 1917 diu
1135 1862 1319 1933 loqui?
1358 1861 1426 1916 Et
1477 1860 1748 1935 quomodo

172 1956 386 2010 tandem
407 1955 592 2011 videre
614 1955 789 2027 potuit
821 1954 1055 2025 gladium
1097 1954 1424 2020 venientem,
1466 1966 1625 2023 quem
1666 1958 1746 2008 tot
1771 1948 1821 2011 B

171 2048 328 2102 annis
348 2063 376 2100 ιι
409 2048 692 2119 prophetia
719 2046 989 2103 Simeonis
1015 2062 1113 2119 per
1141 2046 1259 2102 dies
1292 2045 1528 2116 singulos
1554 2057 1747 2115 exspe-

169 2140 355 2206 ctavit,
389 2141 480 2211 qui
510 2149 636 2195 tunc
659 2154 756 2212 per
774 2140 916 2195 latus
939 2139 1032 2195 ﬁlii
1058 2147 1302 2195 materna
1325 2138 1533 2193 viscera
1583 2151 1747 2207 pene-

170 2234 369 2290 travit?
391 2232 1033 2306 Quomodntunepoterat
1053 2247 1172 2288 eam
1197 2230 1464 2288 sustinere
1488 2229 1742 2296 Joannes,

168 2341 238 2382 ne
262 2327 499 2392 caderet,
524 2341 647 2381 cum
679 2326 793 2397 ipse
822 2326 939 2381 sine
960 2324 1196 2379 maximo
1218 2322 1404 2379 dolore
1430 2337 1537 2377 non
1561 2318 1747 2377 esset?

238 2414 470 2474 Videbat
514 2418 679 2474 etiam
716 2417 974 2474 Dominus
1018 2417 1087 2472 ad
1138 2424 1483 2488 augmentum
1544 2413 1743 2469 doloris

170 2509 252 2567 sui
280 2518 389 2565 tam
416 2508 599 2565 viliter
641 2517 697 2565 et
727 2507 988 2564 inutiliter
1031 2504 1261 2565 eﬁ’usum
1308 2505 1471 2561 talem
1520 2503 1742 2576 sangui-

168 2620 315 2670 nem,
358 2606 483 2676 quia
506 2603 668 2660 sicin
706 2618 906 2659 vanum
944 2602 1234 2669 laboravit,
1281 2602 1427 2674 quod
1477 2602 1567 2656 vix
1614 2607 1745 2655 tunc

168 2714 335 2755 unum
359 2697 623 2753 latronem
647 2696 955 2767 acquisivit,
997 2703 1054 2752 et
1082 2709 1248 2750 unum
1279 2691 1579 2766 apostolum
1617 2706 1744 2762 per-

169 2790 323 2846 didit.
354 2787 581 2846 Videbat
602 2789 796 2844 iterum
822 2795 950 2844 tunc
975 2786 1029 2842 in
1054 2785 1408 2859 praesentibus
1453 2793 1507 2842 et
1546 2783 1742 2840 hauris

167 2880 475 2954 generalem
498 2880 960 2953 ingratitudinem,
999 2882 1141 2951 quod
1169 2880 1333 2936 etiam
1359 2892 1390 2934 a
1418 2876 1743 2934 Christianis

168 2983 428 3046 tanquam
457 2980 705 3029 mortuus
724 2973 933 3029 dandus
959 2979 1078 3027 erat
1099 2970 1357 3027 oblivioni
1395 2987 1408 3024 :
1438 2969 1562 3039 quia
1610 2982 1744 3038 pau-

168 3065 377 3122 cissimi
408 3073 535 3120 sunt
564 3063 658 3134 qui
685 3064 735 3119 ei
758 3063 827 3119 de
854 3070 1005 3119 tanto
1023 3061 1290 3118 beneﬁcio
1322 3061 1525 3132 gratias
1554 3067 1740 3135 agant,

164 3158 330 3215 etiam
366 3157 493 3213 dum
533 3154 849 3211 cruciﬁxum
872 3154 1058 3210 vident
1081 3151 1308 3209 dicendo
1339 3137 1367 3207 ε’
1395 3147 1597 3213 Gloria,
1621 3149 1740 3223 laus

166 3257 220 3305 et
267 3248 433 3303 honor
474 3247 568 3302 tibi
584 3249 672 3313 sit,
717 3245 829 3302 Rea:
874 3242 1078 3300 Christe
1125 3243 1456 3314 Redemptor.
1510 3240 1742 3298 Videbat

1844 674 1966 730 tris.
1995 673 2160 730 Pauci
2185 688 2316 729 vero
2344 688 2444 744 pro
2464 674 2703 744 peccatis
2724 674 2837 730 suis
2864 672 3005 729 mala
3025 673 3294 745 patienter
3309 671 3426 729 sni-

1843 764 2050 832 krunt,
2078 774 2137 823 et
2156 765 2456 834 salvantur,
2480 775 2543 824 ut
2558 765 2701 823 latro
2718 766 2962 837 pendens
2987 780 3021 821 a
3039 765 3266 822 dextris.
3293 764 3428 824 Pau-

1844 858 2051 914 cissimi
2080 860 2244 916 etiam
2266 858 2334 914 ad
2355 858 2572 914 modum
2614 867 2924 914 sanctarum
2953 852 3277 912 feminarum
3296 870 3426 929 pas-

1844 951 1985 1011 tioni
2004 946 2205 1008 Christi
2224 949 2489 1007 veraciter
2513 949 2932 1021 compatiuntur.

1916 1043 1985 1100 Et
2013 1052 2191 1099 tamen
2217 1059 2325 1099 non
2348 1043 2426 1099 sic
2450 1042 2603 1113 impii
2654 1040 2832 1098 satiati
2876 1048 3001 1097 sunt
3045 1038 3225 1111 poenis
3283 1038 3427 1110 eius,

1846 1135 1942 1195 sed
1975 1135 2214 1195 inaudita
2234 1134 2384 1193 rabie
2412 1133 2467 1191 in
2489 1141 2760 1193 mortuum
2799 1132 3080 1189 saevientes
3116 1130 3257 1187 latus
3303 1128 3424 1199 eius

1846 1229 2034 1284 lancea
2067 1226 2476 1283 transﬁxerunt.
2518 1225 2731 1281 Etcum
2756 1225 2992 1281 tenebrae
3018 1222 3224 1285 ﬁerent,
3249 1230 3305 1278 et
3339 1236 3432 1278 ve-

1846 1319 1959 1376 lum
1982 1318 2171 1390 templi
2194 1318 2427 1383 caderet,
2459 1332 2585 1377 eum
2610 1325 2783 1388 petras
2805 1315 3180 1373 scinderentur
3200 1322 3253 1369 et
3274 1321 3421 1368 terra

1796 1463 1800 1468 .
1847 1417 2122 1473 tremeret,
2150 1423 2271 1464 cum
2299 1407 2545 1479 sepulcra
2566 1413 2833 1478 paterent,
2874 1412 2931 1461 et
2968 1404 3108 1460 latro
3132 1404 3420 1459 conﬁtere-

1847 1508 1956 1567 tur,
1995 1508 2052 1557 et
2079 1498 2323 1556 centurio
2348 1497 2554 1567 justum
2595 1497 2687 1553 Dei
2717 1496 2913 1557 Filium
2947 1493 3299 1567 gloriﬁcaret,
3336 1491 3432 1548 Ju-

1848 1592 1948 1647 daei
1976 1591 2169 1662 perﬁdi
2194 1606 2294 1647 nec
2322 1591 2547 1646 credere
2574 1604 2676 1645 nec
2701 1588 2934 1658 compati
2966 1587 3272 1652 voluerunt,
3328 1585 3423 1640 sed

1848 1684 2187 1741 seductore'n
2232 1690 2585 1748 vocaverunt,
2614 1690 2668 1737 et
2688 1682 2758 1737 ad
2806 1680 3089 1737 delendum
3143 1692 3338 1734 nomen
3375 1686 3434 1733 et

1847 1774 2166 1832 memoriam
2196 1775 2462 1846 sepultum
2484 1774 2877 1843 custodierunt,
2898 1780 2956 1829 et
2980 1768 3125 1831 furto
3157 1768 3427 1827 sublatum

1848 1882 1881 1922 a
1900 1866 2179 1939 discipulis
2202 1864 2506 1923 edixerunt.

2455 1997 2683 2058 CAPUT
2709 2000 2786 2059 IL

1916 2134 1962 2195 0
1984 2136 2185 2204 anima",
2214 2137 2316 2193 ista
2340 2149 2507 2208 pensa
2529 2142 2584 2192 et
2608 2134 2863 2207 recogita,
2893 2149 3054 2207 quam
3097 2140 3324 2208 angusta
3372 2143 3429 2191 et

1845 2243 2035 2301 aspera
2057 2228 2146 2284 via
2168 2236 2249 2285 est
2271 2244 2391 2303 quae
2411 2228 2558 2283 ducit
2578 2226 2646 2282 ad
2666 2228 2849 2292 vitam,
2877 2235 2933 2283 et
2951 2235 3153 2299 quanta
3188 2226 3432 2299 oportuit

1845 2336 1969 2379 eum
1992 2323 2104 2394 pati
2127 2330 2185 2377 ut
2204 2321 2435 2376 intraret
2463 2320 2517 2375 in
2547 2319 2769 2391 gloriam
2788 2334 2965 2375 suam.
3001 2319 3060 2376 Si
3104 2334 3258 2375 suam
3300 2317 3418 2390 glo-

1845 2416 1983 2471 riam
2015 2414 2093 2470 sic
2114 2414 2267 2481 emit,
2294 2412 2417 2484 quis
2435 2426 2553 2468 eam
2570 2411 2791 2467 omnino
2804 2411 2973 2483 gratis
2996 2410 3252 2468 habebit?
3273 2410 3434 2466 Deni-

1845 2524 1949 2580 que
1978 2506 2023 2564 si
2053 2507 2154 2565 ista
2207 2516 2260 2562 te
2304 2521 2412 2560 non
2465 2513 2704 2570 movent,
2753 2502 3033 2560 considera
3080 2502 3222 2574 quod
3268 2500 3431 2558 Pater
3524 2490 3527 2497 “

1846 2608 1972 2656 tuus
1995 2604 2081 2655 est
2109 2596 2367 2663 etelestis,
2389 2604 2444 2652 et
2466 2593 2637 2651 frater
2665 2595 2829 2651 etiam
2855 2593 3109 2660 carnalis,
3139 2600 3195 2649 et
3216 2592 3430 2649 amicus

1845 2695 2039 2762 ﬁdelis,
2070 2702 2125 2749 et
2144 2693 2440 2758 beneﬁcus,
2466 2691 2638 2759 utilis,
2677 2690 2757 2746 ita
2812 2686 2959 2761 quod
3010 2684 3176 2743 etiam
3219 2698 3321 2756 pro
3372 2692 3431 2740 te

1847 2793 2100 2848 damnato
2134 2798 2424 2860 antequam
2467 2787 2546 2845 sic
2594 2790 2915 2848 moreretur,
2971 2793 3074 2853 pro
3122 2783 3277 2834 reatu
3335 2784 3429 2832 tuo

1846 2884 2034 2959 grandi
2066 2891 2124 2940 et
2150 2881 2433 2955 multiplici
2458 2880 2537 2937 sic
2556 2879 2778 2952 punitur
2800 2876 2855 2931 in
2879 2872 3133 2930 omnibus
3165 2864 3427 2925 membris

1845 2977 1980 3042 suis,
2010 2983 2068 3032 ut
2086 2973 2475 3048 propitiaretur
2498 2969 2751 3028 omnibus
2772 2964 3147 3036 iniquitatibus
3176 2960 3283 3017 tuis
3306 2977 3323 3015 :
3350 2960 3431 3015 sic

1845 3069 2076 3127 sustinet
2095 3066 2282 3140 plagas
2316 3064 2532 3129 multas,
2562 3071 2622 3119 ut
2646 3070 2800 3119 sanet
2844 3072 3038 3115 omnes
3082 3052 3428 3110 inﬁrmitates

1846 3173 2014 3221 tuas:
2046 3163 2123 3219 sic
2168 3160 2399 3218 redemit
2452 3162 2519 3216 de
2559 3157 2781 3217 interitu
2826 3154 2994 3210 vitam
3037 3158 3188 3206 tuam
3239 3147 3423 3214 vilem,

1846 3254 2115 3321 inutilem,
2167 3249 2605 3315 abominabilem,
2657 3243 3020 3302 damnabilem
3058 3239 3429 3312 redemptione

166 3340 330 3396 etiam
372 3339 625 3395 Dominus
663 3339 1008 3410 praesentium
1045 3344 1101 3394 et
1125 3336 1427 3393 futurorum
1448 3334 1738 3407 pessimam
1766 3318 1812 3383 C
1843 3355 1953 3403 iam
1986 3318 2243 3418 pretiosa,
2266 3350 2376 3399 iam
2402 3340 2644 3414 copiosa,
2688 3346 2796 3394 tam
2826 3336 3088 3410 gratiosa,
3143 3341 3254 3388 tam
3306 3330 3423 3403 glo-

165 3431 596 3487 vicissitudinem
628 3430 695 3487 ab
725 3431 809 3486 his
837 3429 927 3503 qui
953 3429 1183 3486 oderunt
1207 3444 1329 3485 eum
1361 3428 1551 3501 gratis,
1575 3434 1633 3481 et
1655 3440 1741 3480 re-

166 3523 414 3579 tribuunt
444 3522 583 3578 mala
611 3538 709 3593 pro
732 3523 888 3578 bonis
918 3541 933 3578 :
960 3522 1087 3594 quia
1117 3520 1161 3577 si
1192 3521 1303 3594 pati
1331 3530 1534 3593 posset,
1566 3519 1740 3575 adhuc

163 3612 353 3687 pejora
378 3621 657 3684 pateretur
694 3630 726 3668 a
760 3613 916 3670 malis
963 3611 1285 3669 Christianis
1330 3626 1491 3683 quam
1539 3620 1670 3667 tunc
1707 3625 1739 3666 a

163 3704 368 3762 Jul-eis
398 3721 412 3759 :
444 3704 570 3775 quia
592 3719 754 3776 super
777 3704 1015 3761 dolorem
1033 3705 1315 3762 vulnerum
1336 3705 1454 3776 eius
1485 3703 1741 3760 addentes

163 3794 693 3869 praevaricationem,
718 3795 905 3868 plagas
933 3794 1051 3865 ejus
1072 3795 1313 3866 quotidie
1348 3803 1634 3861 renovant,
1687 3800 1743 3849 et

165 3887 365 3944 iterum
386 3886 728 3957 cruciﬁgunt,
754 3894 811 3941 et
830 3886 1064 3941 ostentui
1087 3886 1307 3943 habent.

733 4042 961 4102 CAPUT
1021 4044 1151 4102 VIII.

238 4155 463 4213 Multum
493 4156 679 4215 dolere
698 4162 911 4231 poterat
936 4159 1225 4217 modernos
1248 4159 1563 4232 providens,
1604 4176 1742 4232 quos

166 4257 224 4305 et
246 4247 534 4318 Apostolus
553 4246 734 4313 ﬁebat,
760 4250 1011 4307 inimicos
1036 4252 1214 4309 crucis
1239 4251 1464 4320 Christi,
1501 4254 1744 4326 ingratos

165 4339 334 4395 tantis
358 4338 654 4407 beneﬁciis,
683 4349 974 4412 occupatos
994 4342 1176 4397 carnis
1196 4341 1429 4410 deliciis,
1447 4343 1744 4414 gloriantes

164 4430 223 4487 in
244 4431 417 4496 vanis,
460 4430 733 4488 inhiantes
776 4432 1104 4489 muridanis:
1146 4432 1341 4503 quibus
1385 4449 1493 4490 non
1546 4433 1743 4491 suiiicit

162 4522 310 4594 quod
330 4523 384 4577 in
404 4521 684 4577 interitum
706 4523 927 4588 vadunt,
949 4523 1045 4579 sed
1066 4524 1443 4594 persequendo
1460 4526 1630 4583 bonos
1647 4540 1743 4583 eos

163 4614 431 4679 derident,
458 4614 762 4686 vituperant
787 4621 842 4671 et
866 4624 1239 4683 contemnunt,
1267 4615 1376 4672 imo
1418 4624 1473 4675 et
1509 4618 1742 4689 spoliant

1840 3440 1984 3497 riosa
2016 3436 2248 3494 Deitate.
2282 3434 2374 3492 Sic
2397 3434 2628 3491 destruit
2646 3440 2855 3489 reatum
2884 3428 3091 3501 peccati
3118 3433 3173 3482 et
3222 3420 3420 3482 inferni

1838 3551 1939 3608 per
1963 3533 2129 3589 talem
2160 3531 2438 3588 interitum
2466 3527 2712 3601 corporis
2738 3526 2843 3583 sui.
2868 3524 2961 3580 Sic
3006 3518 3289 3582 coronavit
3334 3534 3425 3576 ca-

1839 3636 1938 3700 put
1960 3626 2149 3699 spinis,
2182 3634 2244 3682 nt
2261 3630 2550 3682 coronaret
2576 3630 2631 3680 te
2651 3622 2708 3679 in
2736 3618 3111 3677 misericordia
3149 3624 3207 3675 et
3252 3613 3417 3671 mise-

1841 3717 2144 3774 rationibus
2171 3736 2184 3772 :
2216 3716 2293 3771 ita
2322 3713 2527 3785 repleta
2552 3720 2638 3769 est
2659 3710 2819 3767 malis
2845 3707 3023 3767 anima
3044 3707 3181 3779 ejus,
3213 3714 3272 3761 et
3308 3701 3428 3759 nul—

1840 3808 1952 3864 lum
1974 3808 2157 3863 mundi
2188 3805 2380 3863 habuit
2398 3806 2621 3868 bonum,
2648 3809 2710 3857 ut
2733 3800 2939 3871 repleat
2956 3799 3016 3854 in
3036 3796 3195 3855 bonis
3215 3794 3426 3852 deside-

1842 3896 1984 3954 rium
2015 3906 2189 3952 tuum.
2223 3895 2317 3952 Sic
2342 3894 2574 3951 moritur
2598 3893 2652 3948 in
2683 3906 2846 3948 cruce
2875 3904 3006 3947 caro
3026 3903 3144 3956 sua,
3173 3894 3235 3944 ut
3268 3900 3428 3945 reno-

1842 3995 2000 4044 vetur
2022 3995 2084 4043 ut
2115 3985 2319 4059 aquilae
2341 3974 2601 4053 juventus
2620 3988 2734 4037 tua.

1913 4082 1982 4139 Et
2004 4090 2062 4138 tu
2090 4081 2146 4136 in
2174 4081 2259 4139 his
2284 4078 2536 4135 omnibus
2563 4078 2891 4142 insensatus,
2925 4073 3211 4130 induratus
3237 4080 3295 4128 et
3336 4072 3429 4128 in-

1841 4184 2028 4251 gratus
2047 4174 2165 4230 haec
2188 4172 2359 4238 vides,
2387 4178 2444 4227 et
2468 4169 2633 4236 rides,
2657 4184 2815 4225 serve
2840 4176 3070 4237 nequam
3093 4173 3150 4220 et
3193 4162 3425 4235 degene-

1840 4282 1989 4333 rans,
2016 4265 2107 4337 qui
2128 4264 2246 4320 sine
2273 4262 2477 4335 pudore
2500 4266 2556 4317 et
2579 4261 2697 4317 sine
2723 4259 2907 4316 dolore
2936 4257 3088 4314 vides
3127 4271 3314 4313 coram
3372 4263 3422 4311 te

1837 4358 2140 4430 patibulum
2168 4362 2223 4413 et
2252 4366 2573 4425 suspensum
2625 4352 2685 4409 is
2730 4365 2801 4407 eo
2833 4349 3055 4409 Patrem
3098 4357 3271 4405 tuum.
3320 4343 3430 4403 Nec

1842 4447 2102 4513 advertis,
2131 4445 2298 4502 miser
2324 4452 2382 4502 et
2405 4442 2756 4511 miserabilis,
2780 4456 2889 4512 quo
2903 4439 3112 4511 judicio
3131 4447 3190 4495 et
3214 4437 3428 4509 suppli-

1842 4540 1928 4597 cio
1955 4540 2149 4613 dignus
2172 4553 2232 4595 es
2260 4536 2626 4603 condemnari,
2661 4535 2753 4608 qui
2784 4549 2983 4608 corpus
3008 4530 3128 4605 ejus
3170 4531 3252 4588 sic
3291 4546 3426 4604 pen.

1845 4629 2023 4689 dentis
2051 4631 2104 4689 in
2124 4626 2363 4701 patibulo
2385 4628 2543 4687 tcties
2561 4626 2753 4699 sagitta
2780 4624 2864 4683 vel
2904 4622 3091 4683 lancea
3146 4622 3428 4681 transﬁxi-

161 4714 218 4762 et
246 4706 519 4773 occidunt,
546 4708 688 4764 sicut
707 4705 952 4767 fecerunt
976 4708 1207 4767 Domino
1241 4711 1443 4770 milites
1479 4685 1650 4785 regis,
1685 4722 1742 4771 et
1764 4685 1818 4747 D
1844 4685 1936 4789 eri,
2244 4718 2548 4778 moi-taliter
2572 4685 2806 4790 pevccam
2831 4736 2847 4772 ε
2872 4731 2974 4773 nec
2991 4714 3292 4773 .umciesai
3334 4713 3427 4769 tibi

161 4800 349 4856 clerici
372 4800 504 4872 legis
526 4808 580 4855 et
606 4801 834 4873 populus
854 4801 1197 4858 consentiens
1223 4803 1324 4871 eis,
1353 4804 1419 4860 de
1446 4806 1644 4876 quibus
1664 4807 1740 4864 dl-

163 4893 308 4947 cltur
353 4892 409 4946 in
452 4888 760 4950 Malachia:
805 4891 910 4951 Vos
955 4910 1038 4948 me
1081 4894 1412 4968 cruciﬁgitis,
1442 4914 1586 4970 gens,
1629 4906 1738 4955 tota

161 4985 269 5039 die.

235 5076 346 5133 Nec
366 5079 547 5135 minus
570 5080 852 5152 displicent
882 5082 1033 5139 multi
1063 5082 1207 5148 mali,
1253 5083 1345 5156 qui
1375 5084 1545 5140 multa
1598 5086 1739 5141 mala

162 5170 431 5241 fecerunt,
459 5181 516 5230 et
541 5174 677 5237 mala
702 5174 961 5243 inferunt,
999 5184 1054 5233 et
1076 5176 1243 5235 Deum
1265 5176 1662 5251 blasphemant,
1686 5186 1742 5236 et

1845 4814 2081 4869 animam
2132 4821 2278 4868 tuam
2342 4826 2448 4867 non
2490 4809 2718 4893 reddere
2769 4808 3117 4881 Redemptorl
3155 4816 3270 4875 tuo,
3336 4808 3428 4863 sed

1842 4906 2005 4965 etiam
2033 4906 2085 4962 ei
2114 4904 2247 4961 alias
2286 4902 2577 4961 abstulisti.
2636 4898 2785 4975 Roga
2831 4915 2963 4973 ergo
2989 4908 3050 4957 ut
3069 4900 3142 4959 sit
3161 4898 3258 4956 tibi
3282 4896 3427 4956 Dens

1843 4997 2152 5054 misericors
2176 5002 2232 5051 et
2253 4994 2540 5066 propitius,
2582 5001 2639 5048 et
2658 4999 2976 5049 convertere
3006 4990 3062 5047 in
3101 4998 3216 5051 toto
3260 4987 3426 5049 corde

1845 5092 1914 5146 ad
1934 5090 2109 5160 ipsum
2139 5106 2151 5145 τ
2179 5089 2272 5161 qui
2292 5088 2426 5145 vivit
2449 5087 2505 5143 in
2526 5084 2717 5144 saecla
2736 5084 3051 5143 seculorum
