3938 6334
459 387 3696 436 W

1054 534 1630 648 ΒΕΔΤῙ
1705 535 2042 648 BA!

2150 535 2443 648 IN!
2491 536 3130 652 ΜΔπιιι

1162 741 1546 800 FULDENSIS
1583 741 1873 800 ABBATIS
1906 743 1997 799 ET
2031 741 2419 802 MOGUNTINI
2456 743 2986 806 ARCHIEPISCOPI

696 927 878 1039 DE
961 923 1312 1043 VITA
1395 919 1898 1036 ΒΕΑΤλίΕ
1983 924 2042 1036 ll

2150 923 2473 1038 lRUE
2560 924 3473 1046 MAGDALENfE

1103 1163 1230 1241 ΕΤ
1288 1161 1709 1242 SOBOBIS
1784 1162 2027 1242 EJUS
2102 1161 2511 1245 SANCTIE
2568 1167 3038 1247 ΜΑΒΤΗιλΕ.

997 1319 1317 1382 (Montanum
1337 1315 1516 1370 inedita
1535 1329 1620 1369 sur
1639 1314 1910 1398 l'apostolat
1932 1313 1998 1366 de
2016 1311 2169 1366 sainte
2192 1314 2654 1369 laris-ladem
2671 1329 2732 1368 en
2755 1318 3024 1382 Provence,
3050 1321 3174 1381 etc.)

1759 1430 2383 1466 ᾗ

1044 1528 1433 1586 PROLOGUS.

526 1624 858 1682 Dulcissimae
886 1622 1178 1679 dilectricis
1206 1621 1428 1686 Christi,
1474 1627 1530 1674 et
1557 1635 1586 1674 a
1617 1618 1835 1676 Christo
1863 1616 2030 1689 pluri-

459 1709 606 1775 mum
650 1717 878 1784 dilectas,
913 1733 1036 1773 cum
1084 1731 1294 1772 summa
1336 1714 1634 1771 reverentia
1667 1711 2026 1778 nominandae,

454 1811 779 1868 heatissimze
823 1809 1004 1865 Mariae
1045 1807 1409 1878 Magdelenze,
1453 1807 1622 1860 vitam
1652 1803 2028 1874 contemplati-

453 1920 596 1970 vam,
649 1917 753 1958 nec
797 1916 904 1956 non
948 1909 1004 1956 et
1053 1900 1297 1972 gloriosa
1343 1898 1544 1954 sororis
1581 1895 1717 1965 ejus,
1771 1896 2032 1978 ministra:

453 1995 675 2060 Christi,
709 1993 948 2057 Marthae,
992 1991 1162 2046 vitam
1190 1991 1421 2046 activam
1444 2001 1492 2055 α,
1525 1987 1749 2054 scilicet,
1791 1995 1846 2043 et
1870 1999 2033 2042 vene-

454 2085 640 2141 rabilis
665 2083 849 2140 fratris
877 2098 1062 2138 earum
1085 2082 1301 2148 Lazari,
1331 2081 1644 2146 amicitiam,
1686 2088 1744 2134 et
1763 2095 1861 2151 per
1885 2079 2035 2135 Chri-

454 2185 599 2232 stum
624 2176 1099 2240 resurrectionem,
1145 2189 1250 2230 non
1280 2188 1347 2233 e1
1396 2173 1780 2229 modernorum
1812 2173 1840 2213 δ
1871 2171 2035 2227 tradi-

457 2272 600 2326 tione
628 2285 799 2340 nuper
825 2271 1098 2326 inventam
1123 2311 1138 2334 ,
1183 2268 1390 2326 scilicet
1417 2283 1484 2324 ex
1513 2275 1747 2338 quatuor
1787 2266 2032 2337 Evange-

455 2362 650 2418 liorum
676 2359 999 2419 authenticis
1023 2363 1347 2418 testimoniis
1370 2403 1385 2427 ,
1413 2363 1528 2432 jam
1551 2361 1680 2417 olim
1709 2361 1776 2416 ab
1799 2361 1950 2432 ipsis,
1976 2369 2036 2415 ut

456 2457 534 2511 ita
563 2456 759 2522 dicam,
791 2456 914 2511 ﬁdei
945 2463 1143 2511 nostrae
1169 2453 1478 2524 crepundiis
1524 2452 1738 2524 publice
1769 2452 2033 2522 praedica-

459 2557 590 2614 tam,
621 2547 709 2618 pie
732 2547 903 2603 credit
930 2555 985 2604 et
1012 2546 1139 2602 colit
1168 2545 1434 2601 catholica
1458 2585 1472 2610 ,
1502 2560 1600 2616 per
1625 2552 1800 2600 totum
1825 2543 2033 2609 urbem,

459 2642 717 2700 Ecclesia.
771 2641 886 2697 Non
919 2641 1084 2714 igitur
1112 2640 1332 2696 humani
1363 2639 1476 2696 oris
1505 2639 1707 2710 indiget
1746 2637 2064 2709 praeconio,_

459 2752 578 2808 qua:
607 2744 716 2792 tam
748 2735 944 2792 divinis
974 2735 1206 2790 oraculis
1236 2741 1317 2789 est
1346 2733 1638 2804 approbata
1665 2730 1899 2787 devotio.
1935 2729 2040 2796 Qui

345 2829 350 2836 ’
455 2831 609 2886 habet
633 2847 787 2886 aures
813 2830 1085 2896 audiendi,
1121 2829 1305 2884 audiat
1331 2829 1458 2901 quid
1501 2827 1735 2898 Spiritus
1765 2827 1909 2881 dicat
1934 2825 2040 2880 Ec—
2091 2899 2096 2904 1

2056 1533 2106 1592 Α
2130 1544 2291 1586 cruce
2317 1529 2568 1587 Christus
2593 1529 2820 1587 Matrem
2844 1531 3124 1604 Virginem
3153 1533 3356 1607 virgini
3377 1539 3727 1594 commenda.

2131 1625 2228 1680 vit.
2277 1623 2415 1681 Vere
2442 1625 2650 1695 felices,
2701 1644 2890 1685 revera
2922 1631 3088 1698 beati,
3125 1633 3327 1702 quibus
3359 1643 3480 1690 tam
3529 1641 3710 1708 magni

2132 1717 2314 1784 ficum,
2373 1726 2484 1774 tam
2531 1720 2884 1790 praeclarum,
2932 1731 3042 1778 tam
3076 1724 3306 1783 evidens
3355 1727 3729 1784 testimonium

2131 1809 2404 1881 perhibuit
2427 1819 2677 1867 sanctum
2704 1813 3074 1886 Evangelium.
3103 1816 3186 1873 Ad
3213 1818 3368 1888 quod
3393 1819 3728 1875 enucleatius

2130 1903 2560 1972 ostendendum,
2614 1919 2794 1977 operte
2836 1907 3074 1977 pretium
3135 1911 3356 1968 aestimo
3409 1912 3728 1968 multifarias

2133 1994 2590 2066 evangelistarum
2637 1999 2940 2070 categorias
2969 2009 2993 2038 ο
3033 1999 3231 2070 quibus
3287 2002 3350 2058 in
3405 2003 3522 2058 hoc
3570 2004 3730 2074 ipsum

2134 2095 2455 2154 consonant,
2483 2103 2778 2156 enarrare;
2829 2105 2894 2145 ac
2922 2091 3116 2148 deinde
3133 2133 3149 2158 ,
3181 2109 3308 2164 qua:
3331 2103 3469 2165 post
3495 2094 3730 2150 Salvato-

2135 2181 2212 2236 ris
2237 2181 2630 2249 ascensionem,
2655 2181 2820 2251 _circa
2847 2181 2964 2252 ejus
3002 2184 3208 2242 amicos
3250 2195 3416 2256 gesta
3463 2198 3618 2250 sunt,
3645 2203 3730 2243 no-

2136 2275 2220 2332 bis
2241 2283 2427 2346 patres
2452 2277 2626 2332 nostri
2671 2277 3043 2344 tradiderunt,
3091 2285 3147 2333 et
3192 2277 3248 2333 in
3276 2279 3398 2334 suis
3425 2280 3598 2334 etiam
3625 2280 3728 2334 reli-

2137 2377 2372 2440 querunt
2414 2369 2656 2438 scriptis,
2699 2368 2837 2441 stylo
2886 2369 3069 2425 veraci
3117 2368 3420 2426 disserere.
3477 2370 3635 2438 Quod
3685 2381 3734 2424 st

2137 2461 2396 2532 liquidius
2419 2475 2834 2532 prosequamur,
2879 2461 3041 2532 paulo
3073 2462 3240 2519 altius
3269 2471 3600 2534 repetentes
3619 2466 3735 2535 quid

2140 2553 2206 2609 de
2231 2567 2422 2610 eorum
2452 2552 2663 2624 origine
2687 2559 2743 2607 et
2771 2566 2990 2623 genere,
3023 2553 3152 2623 quid
3180 2553 3250 2608 de
3281 2561 3412 2610 ortu
3439 2562 3502 2609 et
3528 2553 3735 2609 instita-

2140 2645 2310 2713 tione,
2361 2645 2490 2716 quid
2528 2645 2594 2700 de
2638 2644 2904 2701 industria
2933 2651 2989 2700 et
3033 2643 3218 2700 indole
3258 2652 3490 2701 veteres
3521 2654 3738 2700 narrant

2139 2737 2403 2804 historiae,
2456 2735 2839 2807 compendiose
2871 2735 3078 2792 referre
3119 2735 3478 2800 conabimur.
3527 2740 3597 2793 ad
3624 2737 3736 2791 lau-

2112 2903 2120 2910 ο
2143 2828 2268 2885 dem
2299 2828 2513 2885 Domini
2543 2827 2863 2896 Salvatoris,
2889 2835 2944 2885 et
2972 2827 3234 2885 honorem
3261 2839 3322 2884 et
3347 2829 3600 2902 gloriam
3617 2831 3740 2885 ami-

459 2921 627 2976 clesiis
674 2920 886 2995 (Matth.
940 2937 1015 2986 ιιι,
1067 2921 1169 2986 15ς
1227 2921 1387 2992 Apoc.
1430 2935 1490 2986 ιι,
1525 2917 1636 2990 l7),
1686 2934 1871 2989 peros
1898 2918 2043 2974 beati
2071 2919 2120 2982 B
2147 2933 2333 2975 eorum
2361 2919 2496 2990 ejus.

459 3011 1066 3085 Joanniseevangelistae,
1095 3013 1162 3068 de
1186 3012 1553 3083 magnitudine
1579 3012 1802 3078 amoris,
1824 3011 1890 3066 de
1911 3011 2044 3066 mul-

464 3103 692 3158 titudine
742 3102 1168 3169 familiaritatis,
1226 3105 1290 3159 de
1337 3103 1666 3158 abundantia
1717 3102 2038 3169 dulcedinis,

460 3210 579 3264 (ιυερ
606 3194 745 3250 inter
776 3193 1022 3264 glosiosas
1045 3191 1284 3264 Virginis
1325 3193 1519 3248 Filium
1559 3202 1616 3249 ct
1652 3193 1769 3264 ejus
1812 3194 2034 3260 amicas,

462 3283 725 3340 lllartham
756 3292 812 3340 et
854 3285 1080 3340 Mariam
1107 3325 1122 3350 ,
1169 3293 1224 3341 et
1269 3283 1491 3340 fratrem
1525 3299 1712 3340 earum
1745 3284 2034 3352 Lazarum,

464 3382 650 3429 mutuo
674 3374 1014 3430 versabatur.
1066 3372 1228 3430 Juxta
1277 3373 1443 3428 illud:
1482 3373 1594 3445 Ego
1643 3373 1915 3445 diligentes
1956 3391 2036 3430 me

459 3463 620 3534 diligo
661 3461 842 3536 (Prov.
869 3481 990 3530 vm,
1041 3465 1150 3538 l7).
1191 3465 1487 3536 Diligebat,
1538 3467 1734 3537 inquit,
1779 3468 2040 3524 Dominus

462 3557 617 3613 Iesus
641 3557 909 3613 Martham
930 3568 978 3614 et
1015 3575 1248 3614 sororem
1280 3560 1394 3630 ejus
1423 3559 1652 3614 Mariam
1686 3569 1736 3615 et
1775 3559 2043 3615 Lazarum

467 3648 647 3721 (Joan.
693 3665 771 3714 ιι,
804 3649 878 3721 5).
935 3649 1052 3706 Hoc
1097 3660 1174 3706 est
1201 3652 1551 3706 testimonium
1597 3653 1743 3724 quod
1783 3653 2043 3723 perhibuit

461 3740 692 3798 Joannes
721 3741 901 3816 (Joan.
935 3759 975 3810 ι,
1025 3742 1243 3817 19-52),
1275 3744 1418 3816 quod
1465 3745 1742 3817 perhibuit
1770 3746 1858 3802 ille
1889 3747 2049 3802 disci-

459 3831 632 3900 pulus‘
656 3849 805 3904 quem
829 3851 940 3906 pra:
968 3834 1182 3890 caneris
1227 3834 1474 3906 diligebat
1514 3835 1670 3892 Jesus
1699 3835 1882 3909 (Joan.
1927 3854 2048 3904 xxr,

463 3924 540 3996 7).
581 3924 697 3980 Hoc
742 3935 818 3980 est
861 3928 1212 3983 testimonium
1257 3927 1400 3998 quod
1447 3929 1723 3999 perhibuit
1767 3931 2043 4000 apostolus

462 4019 553 4090 qui
581 4034 742 4091 supra
765 4027 941 4090 pectus
964 4019 1177 4076 Domini
1198 4021 1252 4075 in
1280 4037 1424 4076 caena
1454 4023 1688 4077 recubuit
1710 4022 1893 4095 (Joan.
1917 4042 2039 4091 xm,

461 4111 568 4180 25;
626 4128 742 4178 xxi,
793 4111 928 4184 20);
978 4116 1122 4184 quod
1165 4113 1440 4185 perhibuit
1490 4114 1819 4188 evangelista
1855 4119 1945 4175 cui
1974 4122 2041 4176 de

2143 3027 2272 3086 CAP.
2317 3029 2358 3101 l_.
2397 3059 2467 3101 7—-
2499 3027 2599 3084 Ubi
2659 3039 2712 3101 et
2748 3046 2813 3085 ea:
2836 3046 2964 3101 qua_
2983 3031 3230 3101 prosapia
3260 3032 3378 3086 nati
3419 3041 3551 3086 sunt
3591 3032 3740 3085 amici

2309 3099 2623 3167 Salvaton's,
2656 3100 2833 3156 Maria
2850 3099 2899 3155 et
2933 3099 3172 3157 Lazarus
3197 3113 3244 3156 et
3277 3101 3528 3156 Martha.

2214 3192 2277 3248 In
2330 3192 2606 3248 territorio
2644 3189 3133 3264 Jerosolymitano,
3186 3194 3242 3249 in
3287 3203 3482 3250 monte
3535 3193 3736 3269 Glireti?

2140 3284 2448 3356 quindecim
2484 3284 2676 3341 stadiis
2703 3300 2734 3340 a
2762 3294 2946 3340 sancta
2983 3286 3193 3342 civitate
3219 3287 3272 3353 τι,
3323 3297 3527 3344 contra
3571 3299 3739 3344 ortum

2145 3376 2294 3442 solis,
2325 3376 2431 3431 sita
2461 3384 2548 3432 est
2569 3377 2852 3441 Bethania,
2887 3376 3389 3434 nominatissimum
3415 3381 3570 3452 apud
3595 3396 3740 3437 evan-

2149 3467 2368 3541 gelistas
2419 3468 2702 3525 castellum
2743 3481 2766 3510 ε
2805 3467 2987 3525 Mariae
3041 3469 3399 3540 Magdalente,
3451 3473 3649 3529 Lauri
3689 3483 3738 3528 et

2151 3563 2376 3618 Marthae
2424 3561 2481 3631 ί,
2519 3563 2734 3620 Domini
2783 3562 3079 3619 Salvatoris
3125 3563 3436 3636 frequentia
3482 3568 3736 3638 corporali

2153 3655 2548 3712 nobilissimum
2594 3655 2776 3728 (Joan.
2814 3673 2894 3725 χι,
2934 3660 2988 3730 1)
3023 3661 3070 3722 ε,
3119 3657 3375 3730 hospitiis
3413 3660 3736 3720 dedicatum.

2155 3747 2418 3804 conviviis
2461 3747 2693 3814 celebre,
2740 3747 3017 3804 miraculis
3062 3747 3294 3813 illustre,
3335 3749 3602 3822 lacrymis
3640 3767 3738 3804 rne-

2158 3856 2426 3898 morosum
2455 3839 2533 3913 [id
2572 3851 2648 3898 est
2681 3840 3076 3915 memorabile],
3103 3843 3464 3914 processione
3503 3843 3738 3915 magniﬁ-

2153 3950 2298 4002 cum,
2339 3934 2584 4008 vestigiis
2627 3934 2838 4006 insigne
2861 3976 2877 4002 ,
2929 3935 3247 3992 ascensione
3292 3936 3622 4007 spectabile.
3669 3937 3737 3990 E1

2148 4029 2251 4084 hoc
2278 4028 2572 4100 municipio
2597 4037 2719 4084 orta
2744 4037 2828 4084 est
2854 4028 3177 4085 venerabilis
3219 4029 3444 4100 hospita
3492 4041 3550 4085 et
3589 4031 3738 4085 devo-

2145 4121 2352 4178 tissima
2379 4121 2627 4178 ministra
2652 4120 2778 4176 Filii
2814 4121 2912 4178 Dei
2937 4120 3152 4178 Domini
3191 4123 3374 4179 nostri
3417 4120 3554 4179 Jesu
3587 4121 3734 4178 Chri-

976 4296 978 4298 _
1371 4242 1550 4290 NOTE
1593 4246 1980 4292 POTISSIMUM
2026 4252 2111 4294 EX
2155 4253 2410 4296 RABANO
2455 4251 2829 4297 DESUMPTE.

535 4363 562 4391 ιι
585 4350 718 4423 Duae
763 4349 880 4405 istae
913 4349 1143 4423 Domino
1193 4348 1402 4423 dilectae
1453 4363 1688 4414 sorores,
1735 4349 1871 4404 duas
1901 4351 2042 4423 vitas
2069 4355 2116 4418 C
2145 4351 2236 4417 IV,
2264 4361 2387 4423 part
2409 4369 2448 4416 ι,
2475 4351 2578 4409 col.
2613 4351 2736 4406 l76.

465 4421 802 4491 spirituales,
835 4420 1030 4491 quibus
1066 4421 1118 4475 in
1142 4419 1397 4491 praesenti
1425 4429 1614 4491 sancta
1644 4427 1930 4491 exercetur
1948 4421 2046 4476 Ec-

463 4490 646 4558 clesia,
689 4490 1062 4562 demonstrant
1087 4509 1100 4545 :
1139 4490 1348 4562 Martha
1369 4490 1588 4562 quidem
1617 4490 1910 4556 actualem,
1937 4507 2044 4562 qua

463 4564 711 4634 proximo
735 4563 792 4618 in
829 4561 1096 4634 charitate
1119 4559 1431 4634 sociamur;
1458 4559 1626 4634 Maria
1648 4575 1778 4616 vero
1801 4559 2048 4634 cpntein-

466 4630 739 4704 plativam,
791 4648 898 4704 qua
942 4633 998 4688 in
1037 4632 1134 4688 Dei
1180 4646 1393 4704 arnore
1430 4631 1787 4704 suspiramus.
1816 4630 2047 4700 Raban.,

473 4701 666 4775 Homil.
694 4706 750 4758 in
785 4701 1082 4775 ﬁssumpt"
1112 4719 1184 4775 ea:
1208 4702 1351 4756 Beda
1377 4701 1432 4756 in
1458 4701 1657 4775 [tueam
1694 4701 1786 4756 lib.
1816 4717 1900 4768 ιιι,
1925 4718 2044 4775 cap.

470 4774 557 4837 10,
584 4784 622 4829 t.
653 4775 739 4838 Ill,
774 4770 1058 4844 HomilJin
1086 4773 1350 4844 Assumpt.
1385 4781 1426 4826 t.
1450 4770 1523 4844 _V.

542 4845 568 4883 ιι
603 4844 995 4909 Modernorum,
1047 4843 1099 4898 id
1142 4848 1224 4898 est
1259 4841 1663 4897 recentiorum:
1708 4841 1910 4899 locutio
1934 4843 2047 4898 Ra-

470 4917 610 4970 bauo
637 4914 936 4970 familiaris.
968 4945 1039 4955 —
1063 4912 1268 4968 Harum
1297 4913 1581 4968 civitatum
1620 4922 1905 4982 utramque
1935 4929 2049 4970 mo-

471 4985 654 5039 dcrnis
711 4985 1041 5054 temporibus
1088 4986 1292 5054 absque
1335 4999 1615 5054 murorum
1662 4984 1869 5038 ambitu
1904 4999 2047 5040 esse.

469 5054 675 5110 Raban.
714 5051 1002 5108 Comment.
1037 5055 1089 5108 in
1114 5051 1332 5118 Matth,
1358 5053 1452 5109 lib.
1485 5069 1544 5119 ιι,
1585 5069 1705 5123 cap.
1734 5054 1789 5108 4.
1822 5084 1892 5094 -
1917 5054 2051 5110 Mul-

475 5134 587 5180 tum
611 5125 796 5181 dolere
833 5133 1076 5194 poterat,
1126 5125 1414 5181 modernos
1464 5125 1753 5194 providens
1779 5123 2045 5180 Christus.

473 5195 702 5264 Raban.,
750 5195 814 5250 de
834 5193 1094 5264 Passione
1140 5195 1368 5250 Domini.
1398 5193 1751 5264 —’Tltesaur.
1795 5195 2048 5251 Anecdot.

475 5268 663 5322 noviss.
691 5285 722 5322 a
743 5265 808 5320 B.
837 5263 1018 5330 Pezio,
1047 5273 1086 5320 t.
1112 5264 1200 5331 IV,
1231 5274 1368 5336 part.
1395 5279 1535 5336 1|,p.
1567 5263 1656 5319 14.

546 5350 568 5376 σε
603 5337 944 5410 Categorias;
991 5350 1022 5390 a
1051 5334 1370 5410 categorare,
1401 5335 1491 5410 vel
1509 5334 1904 5410 categorizareg
1955 5351 2051 5392 seu

476 5405 786 5478 praedicare,
810 5407 1045 5471 docere;
1079 5405 1238 5470 unde,
1265 5407 1572 5478 categorias,
1604 5405 1909 5462 idem'mihi
1932 5421 2054 5464 esse

477 5477 688 5533 videtur
721 5495 785 5534 ac
811 5479 1141 5533 documenta.

546 5547 574 5588 ἀ
607 5547 801 5604 Sancta
859 5546 1156 5617 appellatur
1208 5546 1392 5602 civitas
1440 5545 1778 5618 Hierusalem
1834 5557 2055 5618 propter

478 5619 736 5688 templum
773 5629 829 5674 et
878 5625 1067 5688 sancta
1097 5623 1426 5688 sanctorum,
1474 5624 1538 5688 et
1554 5617 1624 5688 ob
1653 5617 2053 5688 distinctionem

2221 4435 2245 4462 θ
2267 4420 2521 4479 Castrum
2549 4422 2758 4505 antiqui
2783 4422 3033 4479 dicebant
3050 4421 3303 4546 oppidum
3327 4420 3455 4478 loco
3479 4421 3736 4478 altissimo

2221 4510 2332 4546 um.
2362 4493 2516 4546 cuius
2546 4494 2924 4546 (inminutivum
2953 4494 3120 4546 caste]
3145 4509 3234 4546 um
3267 4503 3376 4546 est.
3409 4493 3650 4546 Ruben”
3681 4494 3736 4544 de

2147 4495 2332 4564 situm,
2362 4493 2516 4564 cujus
2546 4493 2924 4549 diminutivum
2953 4493 3234 4550 castellum
3267 4503 3376 4548 est.
3409 4493 3650 4556 ﬂatum,
3681 4494 3738 4544 de

2149 4563 2438 4627 Uaiverso,’
2455 4563 2548 4619 lib.
2578 4579 2691 4629 xlv,
2718 4580 2836 4633 cap.
2865 4565 2915 4618 l.
3227 4624 3232 4626 _

2224 4633 2243 4672 ί
2278 4633 2543 4689 Bethania
2577 4644 2694 4688 erat
2721 4632 2904 4689 villula
2934 4635 3050 4690 sive
3078 4633 3272 4689 civitas
3293 4632 3351 4687 in
3376 4632 3555 4689 latere
3587 4651 3736 4689 mou-

2151 4705 2223 4776 tis
2245 4702 2461 4776 Oliveti,
2513 4706 2668 4774 quasi
2700 4705 2890 4776 stadiis
2935 4704 3241 4776 quindecim
3271 4704 3340 4758 ab
3373 4702 3734 4776 Hierusalem.

2151 4775 2294 4846 sicut
2332 4773 2568 4830 Joannes
2609 4775 2938 4846 evangelista
2952 4773 3339 4846 ξιιιειιιίίὶξξιξιε.⁸
3363 4775 3456 4846 ubi
3510 4774 3740 4846 Laurus

2151 4845 2444 4901 suscitatus
2480 4853 2563 4900 est
2590 4860 2618 4898 a
2661 4842 2908 4900 mortuis.
2945 4844 3169 4907 Raban.,
3201 4846 3256 4898 in
3281 4842 3512 4911 Hattls.,
3543 4845 3638 4901 lib.
3671 4861 3737 4905 vi.

2152 4931 2270 4986 cap.
2299 4914 2390 4980 2i,
2419 4931 2483 4969 ea:
2504 4914 2650 4970 Beda
2677 4916 2731 4969 in
2779 4915 2971 4986 Μαι-οη
3018 4914 3116 4986 lib.
3163 4929 3422 4986 u|,__cap.
3451 4917 3550 4978 il.
3583 4927 3624 4970 t.
3661 4916 3734 4970 Ill.

2151 4982 2409 5041 Bethania
2450 4986 2578 5040 villa
2610 4987 2844 5040 secundo
2886 4982 2962 5040 ab
2996 4985 3138 5041 Elia
3180 4982 3442 5041 milliaria
3469 4986 3532 5040 in
3582 4986 3738 5040 latere

2151 5057 2352 5111 montis
2401 5054 2595 5112 Oliveti
2620 5098 2634 5122 ,
2687 5056 2776 5111 ubi
2822 5054 3070 5110 Salvator
3119 5053 3384 5108 Lazarum
3433 5059 3736 5113 suscitavit.

2152 5127 2360 5182 Rabani
2389 5128 2453 5181 de
2478 5125 2748 5192 Universo,
2779 5125 2872 5180 lib.
2903 5141 3013 5191 xiv,
3038 5140 3155 5194 cap.
3185 5125 3235 5178 1.
3266 5153 3336 5163 —-
3371 5143 3391 5175 ι
3429 5126 3736 5182 Milliariun

2154 5197 2299 5253 mille
2341 5198 2592 5268 passibus
2642 5196 3000 5268 terminatur.
3033 5195 3315 5258 Stadium,
3365 5207 3572 5252 octava
3621 5213 3738 5268 pars

2153 5267 2390 5338 milliarii
2417 5277 2520 5331 est,
2552 5274 2810 5338 constans
2844 5267 3092 5338 passibus
3120 5275 3334 5338 centum
3365 5268 3569 5337 viginti
3595 5267 3740 5338 quin-

2153 5353 2277 5408 que.
2308 5337 2422 5393 Hoc
2442 5338 2672 5408 primum
2687 5335 2969 5392 Herculem
2993 5335 3248 5408 statuisse
3274 5335 3488 5401 dicunt,
3511 5335 3742 5407 eumque

2153 5407 2220 5479 eo
2250 5408 2424 5479 spatio
2447 5407 2786 5479 terminasse,
2822 5407 2971 5479 quod
3001 5407 3113 5476 ipse
3142 5407 3241 5460 sub
3263 5419 3376 5479 uno
3398 5409 3600 5477 spiritu
3623 5425 3742 5462 con-

2155 5475 2396 5542 fecisset,
2452 5493 2516 5534 ac
2567 5477 2794 5548 proinde
2838 5475 3068 5548 stadium
3125 5475 3472 5548 appellasset,
3523 5496 3636 5548 quo
3689 5481 3738 5531 in

2157 5550 2318 5603 linem
2347 5547 2682 5616 respirasset,
2724 5547 2990 5616 simulque
3035 5548 3290 5601 stctisset.
3329 5567 3347 5616 ι
3404 5547 3572 5612 Ibid;
3619 5564 3734 5616 cap.

2157 5619 2247 5673 21.
2282 5618 2410 5671 Vide
2431 5615 2629 5671 Bedam
2649 5619 2706 5671 in
2729 5616 2883 5683 Luca,
2904 5615 3004 5671 lih.
3036 5633 3109 5680 Vl,
3139 5632 3258 5686 cap.
3285 5615 3380 5681 Ἃ,
3407 5629 3447 5671 ι.
3473 5618 3565 5672 ΙΙΙ.

481 5685 968 5764 aliaj'_um_ur_b_ium,
1001 5687 1054 5740 in
1077 5686 1273 5764 quibus
1273 5685 1434 5764 _idola
1459 5685 1794 5764 colebantur.
1821 5686 2048 5764 R_aba_n_.,
2081 5706 2132 5764 D
2234 5692 2259 5729 ε
2285 5688 2542 5764 Bethania
2570 5703 2772 5764 quam,_
2802 5685 3508 5764 Jerosolymampventurus,
3534 5690 3736 5764 Salva-

483 5760 535 5810 in
575 5756 762 5810 Matth.
796 5756 889 5811 lib.
919 5771 1037 5817 νιιι,
1092 5754 1209 5823 cap.
1236 5754 1327 5823 9.7,
1371 5770 1432 5808 ea:
1455 5754 1596 5808 Beda
1629 5758 1682 5809 in
1708 5756 1924 5820 Matth.,
1957 5758 2048 5812 lib.

488 5842 566 5891 iv,
606 5841 724 5896 «.ap.
779 5825 868 5890 ‘27,
897 5835 936 5878 t.
987 5824 1071 5877 lll.
1102 5822 1235 5876 Vide
1281 5822 1684 5894 Hieronymum,
1720 5825 1975 5882 Hedibiat.
2010 5838 2048 5884 t.

2162 5758 2564 5829 torprmscntim
2589 5757 3030 5829 slue_dignatioue
3064 5757 3396 5812 sublimavit.
3445 5759 3656 5814 Babani
3681 5763 3730 5812 in

2163 5827 2374 5893 Mallia,
2404 5827 2554 5891 ibid.,
2586 5844 2650 5882 ex
2688 5827 2854 5893 Beda,
2885 5837 2922 5881 t.
2947 5827 3030 5882 Ill.
