3938 6334
221 443 362 506 1455

1272 431 1360 488 DE
1399 431 1557 489 VlTA
1595 431 1655 486 Β.
1697 427 1933 486 ΜΑΒΙᾹΞ
1978 430 2442 488 MAGDALENAZ.

3336 429 3468 487 1451

220 556 308 621 ειί,
363 549 572 606 Martha
616 543 928 602 beatissima
973 541 1186 615 (Matth.
1243 558 1354 605 xxr,
1405 544 1513 609 l7;
1547 559 1698 609 xxvi,
1730 542 1801 612 6;
1831 543 1882 604 Α
1908 545 2121 612 enituit,
2169 549 2378 603 decenti
2423 549 2785 604 membrorum
2833 549 3013 614 ductu,
3057 545 3198 602 vultu
3226 555 3467 612 venusta,

221 648 392 702 Marc.
429 659 508 709 xl,
557 644 608 707 1,
644 640 732 705 ll,
764 639 870 702 12;
904 652 1010 702 xw,
1042 637 1113 702 ὃς
1156 635 1282 690 Luc.
1337 654 1447 703 XIX,
1493 637 1602 703 29;
1649 653 1795 704 xxrv,

216 738 327 804 50;
364 734 526 789 Joan.
563 747 641 799 ιιι,
695 730 742 795 l,
777 727 882 794 48;
929 742 1042 792 XXI,
1096 727 1170 790 1).
1212 727 1381 782 Mater
1422 729 1538 798 ejus
1579 728 1798 783 nobilis.

189 825 376 892 'sima,
407 824 624 880 nomine
652 820 939 886 Eucharia,
973 836 1040 876 ex
1079 819 1254 892 gentis
1298 817 1606 872 Israelitica:
1627 816 1796 887 regali

216 917 470 990 prosapia
504 915 759 987 inclytum
783 931 952 987 genus
974 914 1148 970 duxit.
1182 912 1342 967 Pater
1367 911 1484 981 ejus
1523 907 1796 978 Theophi-

216 1011 323 1076 lus,
354 1010 570 1065 natione
600 1007 786 1081 Syrus,
835 1023 940 1062 non
969 1006 1142 1062 solum
1168 1019 1364 1078 genere
1394 1003 1677 1068 illustrem,
1706 1016 1794 1057 ve—

217 1119 336 1159 rum
363 1104 525 1158 etiam
555 1102 712 1158 titulo
738 1099 1084 1172 spectabilem
1111 1108 1166 1155 et
1189 1097 1656 1154 administratione
1681 1091 1791 1151 cla-

223 1198 496 1254 rissimam
532 1195 828 1253 nobilitatis
876 1195 1073 1250 lineam
1114 1192 1296 1250 traxit.
1348 1191 1623 1262 Siquidem
1652 1190 1794 1246 inter

217 1295 472 1366 Satrapas
496 1293 785 1364 provincia:
810 1292 1102 1364 primatum
1131 1304 1344 1362 gerens,
1392 1285 1535 1356 quod
1565 1284 1660 1339 ﬁlii
1689 1284 1792 1339 hu-

209 1386 299 1457 jus
329 1387 508 1443 saeculi
550 1386 752 1442 habent
777 1402 876 1458 pro
917 1399 1147 1457 magno,
1180 1383 1344 1440 totius
1374 1380 1546 1453 Syriae
1569 1386 1624 1434 et
1667 1379 1788 1434 uni.

215 1494 388 1534 versas
419 1479 701 1534 maritima:
755 1477 992 1549 regionis
1036 1478 1144 1532 dux
1182 1476 1414 1548 inclytus
1458 1483 1515 1530 et
1543 1473 1794 1544 Drinceps

217 1572 337 1626 fuit.
368 1571 714 1627 Postmodum
740 1586 899 1636 vero,
930 1569 1072 1639 quod
1112 1567 1312 1640 pluris,
1364 1567 1430 1622 ad
1453 1565 1793 1638 praedicatio-

217 1681 338 1720 nem
377 1664 578 1721 Christi
599 1664 772 1720 factus
799 1663 1091 1734 discipulus
1119 1660 1336 1727 Christi,
1384 1660 1589 1716 relictis
1610 1658 1792 1715 saeculi

217 1758 476 1823 fascibus,
519 1753 796 1812 humiliter
819 1764 1034 1812 secutus
1053 1763 1138 1812 est
1163 1754 1388 1825 vesdgia
1413 1753 1634 1809 Christi.
1664 1752 1793 1808 Erat

1899 641 2036 696 mira
2061 643 2303 707 caesarie,
2330 642 2509 712 lepore
2535 643 2944 713 gratiosissima,
2971 639 3220 696 melliflua
3252 652 3428 696 mente
3454 657 3469 706 ;

1897 733 2050 803 cujus
2085 734 2196 789 oris
2221 735 2384 791 decor
2411 742 2466 790 et
2522 753 2540 786 ‹
2570 735 2741 806 gratia
2783 733 3046 790 labiorum
3098 731 3280 805 (Prov.
3331 747 3470 800 xx",

1897 824 2008 893 11),
2045 843 2063 876 ι
2107 833 2168 880 ut
2194 825 2388 881 mistus
2437 827 2576 880 rosis
2603 827 2803 880 candor
2845 824 3100 880 liliorum.
3130 822 3340 879 Formae
3377 824 3472 878 dc-

1895 916 2058 987 nique
2095 925 2150 972 et
2196 917 2613 989 pulchritudinis
2642 918 2816 988 gratia
2846 925 2992 972 tanta
3020 915 3375 987 resplenduit,
3404 922 3465 972 ut

1895 1008 2185 1081 singulare,
2247 1017 2407 1080 atque
2453 1007 2745 1064 miriﬁcum
2796 1005 3002 1078 opiﬁcis
3048 1005 3146 1063 Dei
3198 1005 3467 1062 diceretur

1893 1099 2208 1174 ﬁgmentum

1892 1259 2022 1318 Car.
2053 1257 2138 1315 IlI.
2190 1256 2260 1313 Ut
2291 1255 2436 1313 bonis
2481 1265 2719 1318 naturae.
2767 1252 2925 1310 simul
2963 1261 3013 1308 et
3055 1253 3351 1318 industrtte,
3399 1250 3471 1306 sil

2489 1327 2654 1381 abusa
2684 1325 2860 1380 Maria

1966 1443 2073 1500 Sed
2097 1443 2223 1514 quia
2249 1442 2394 1497 nitor
2441 1452 2464 1480 ο
2502 1439 2702 1510 speciei
2729 1437 2968 1494 castitati
3003 1449 3129 1491 raro
3153 1435 3469 1499 fmderatur,

1893 1545 1949 1595 et
1978 1552 2160 1592 rerum
2197 1534 2469 1590 aﬁluentia
2498 1533 2718 1588 inimica
2747 1531 2884 1588 solet
2920 1543 3039 1586 esse
3075 1528 3419 1584 continentite
3451 1544 3464 1580 :

1894 1631 2060 1700 erepit
2087 1627 2509 1694 adolescentulo,
2560 1627 2760 1682 deliciis
2804 1627 3016 1698 aﬂluens
3044 1622 3219 1695 (Cant.
3248 1638 3360 1686 vm,
3392 1621 3472 1692 5),

1892 1731 1955 1779 ut
1981 1723 2072 1778 illa
2100 1731 2231 1778 aetas
2260 1721 2481 1786 assolet,
2512 1720 2676 1774 animi
2703 1717 2981 1774 nobilitate
3003 1717 3253 1788 gaudere,
3293 1713 3474 1770 carnis

215 1806 1034 1906 ιιι.ιοιῖι“ῐ›ἓα’ίεέᾗιξὲῐιὶεεζ’ᾇεῖὲᾶ
1058 1806 1794 1916 gestatasmeum;
1819 1904 1864 1916 _
1895 1829 2108 1886 quoque
2451 1811 2618 1916 ξιζαιιί·
2663 1809 2819 1916 esas
3086 1817 3140 1862 ει
3180 1806 3358 1916 roma
3382 1806 3473 1860 ae-

214 1940 375 2005 dinis,
411 1941 626 1995 nomine
655 1939 853 2007 Maria,
908 1948 963 1996 et
1010 1939 1176 1994 frater
1224 1939 1454 2008 egregiae
1497 1936 1691 1991 indolis
1737 1945 1794 1992 et

213 2030 416 2087 ﬂoridae
433 2032 753 2103 juventutis,
793 2032 1009 2088 nomine
1035 2031 1292 2086 Lazarus.
1338 2028 1603 2100 Vigebant
1630 2029 1681 2082 in
1729 2029 1796 2083 iis

216 2122 388 2178 tribus
415 2123 709 2193 ingenium,
765 2123 920 2178 simul
953 2131 1007 2178 et
1032 2121 1296 2177 industria
1325 2121 1486 2186 bona,
1517 2127 1573 2173 et
1603 2119 1795 2190 adepta

216 2213 270 2267 in
315 2212 610 2283 puerilibus
657 2213 813 2270 annis
859 2213 1161 2270 litterarum
1210 2211 1594 2268 Hebraicarum
1637 2210 1793 2280 plena

215 2306 458 2361 scientia.
511 2305 657 2362 Bona
682 2314 911 2373 naturaa,
941 2305 1370 2374 industriamque
1390 2304 1589 2358 artium
1613 2315 1664 2369 ει,
1696 2319 1792 2358 cu-

214 2396 441 2450 mulavit
494 2397 784 2463 honestas;
845 2397 901 2451 in
952 2395 1178 2468 singulis
1226 2394 1370 2450 enim
1417 2393 1794 2449 inveniebatur

215 2503 500 2559 corporum
528 2489 772 2545 miranda
800 2498 1074 2555 venustas,
1106 2497 1159 2544 et
1181 2504 1392 2543 morum
1417 2487 1790 2559 acceptissima

217 2580 405 2650 gratia,
439 2589 494 2635 et
521 2580 856 2650 eloquiorum
877 2579 1185 2651 gratissima
1215 2579 1541 2644 luculentia;
1573 2581 1706 2633 adeo
1732 2586 1794 2632 ut.

217 2669 526 2726 viderentur
549 2671 617 2725 ad
644 2671 875 2726 invicem
901 2679 956 2726 et
983 2670 1182 2741 specie,
1225 2678 1282 2726 et
1312 2670 1572 2737 moribus,
1599 2678 1652 2725 et
1675 2685 1792 2741 gra-

219 2763 313 2829 tia,
342 2763 532 2828 aemula
552 2764 654 2820 sibi
679 2763 947 2836 probitate
971 2771 1203 2819 certare.

219 2877 343 2934 Car.
373 2878 426 2946 ll
464 2878 616 2946 Quod
655 2877 886 2943 Martha,
920 2881 974 2934 in
999 2879 1242 2951 praediis,
1266 2877 1653 2951 matrifamilias
1677 2896 1790 2951 ges-

547 2951 671 3004 serit
695 2953 851 3004 vicem
866 2967 886 3017 ;
911 2959 958 3004 et
982 2951 1045 3004 de
1070 2949 1243 3017 indole
1265 2950 1474 3004 Mariae.

287 3041 355 3097 Et
389 3057 532 3108 cum,
563 3051 622 3097 ut
645 3043 891 3114 praedixi,
923 3057 1120 3115 genere
1145 3043 1351 3100 nobiles
1374 3027 1561 3110 erant,
1583 3052 1638 3100 et
1660 3061 1789 3116 pro-

219 3135 517 3206 pinquitate
551 3135 809 3200 illustres,
853 3134 976 3204 jure
1002 3135 1344 3192 hzereditario
1373 3136 1594 3192 multam
1623 3137 1792 3208 patri-

221 3227 520 3306 moniorum
576 3242 842 3283 summam
885 3228 1252 3297 possidebant,
1302 3229 1627 3300 prtediorum
1657 3245 1790 3300 quo-
1819 3267 1865 3332 Ο

217 3335 322 3390 que
368 3329 424 3376 et
464 3321 816 3392 pecuniarum
847 3335 946 3376 nec
975 3337 1082 3376 non
1127 3329 1182 3376 et
1210 3320 1532 3376 famularum
1559 3323 1791 3394 copiam,

219 3412 423 3470 scilicet
448 3421 504 3468 et
535 3414 770 3470 civitatis
789 3413 1136 3488 Jerosolymaa
1163 3423 1372 3485 partem
1401 3415 1714 3483 maximam,
1742 3425 1798 3472 et

221 3506 322 3562 tria
367 3507 606 3576 praedia:
662 3505 980 3561 Bethaniam
1029 3506 1083 3561 in
1126 3505 1306 3561 Iudaea
1336 3505 1518 3579 (Joan.
1565 3524 1642 3574 ιιι,
1683 3507 1796 3580 18),

220 3598 430 3652 duobus
459 3597 574 3652 fere
620 3597 938 3653 milliaribus
962 3613 992 3651 a
1021 3596 1372 3670 Jerosolyma,
1415 3608 1472 3654 et
1495 3599 1796 3671 Magdalum

223 3690 278 3744 in
307 3687 527 3743 Galiltea
556 3689 607 3754 ιι,
631 3704 789 3760 super
817 3690 1093 3745 sinistram
1133 3690 1298 3745 Maris
1334 3692 1695 3758 Genezaretb,
1728 3695 1802 3748 si-

223 3791 334 3838 tam
363 3782 420 3837 in
467 3795 702 3837 concavo
749 3781 968 3847 montis,
1019 3780 1226 3836 duobus
1265 3783 1529 3840 milliariis
1571 3801 1602 3840 a
1644 3785 1802 3841 Tibe-

219 3871 410 3938 riade;
456 3879 512 3926 et
545 3888 564 3922 t
599 3870 918 3927 Bethaniam
952 3878 1103 3926 trans
1128 3869 1438 3938 Iordanem,
1477 3894 1495 3925 ι
1529 3873 1713 3930 itidem
1746 3876 1802 3929 in

221 3959 473 4028 Galilaea,
524 3980 544 4014 ι
575 3962 666 4019 ubi
696 3969 811 4018 erat
857 3960 1091 4020 Joannes
1140 3963 1426 4034 baptizans
1455 3984 1472 4015 ι
1526 3965 1706 4036 (Joan.
1761 3982 1800 4034 ι,

221 4053 328 4118 28;
377 4070 434 4119 x,
464 4051 577 4125 40).
629 4051 690 4107 In
736 4052 987 4107 omnibus
1029 4052 1114 4108 his
1145 4055 1474 4110 unanimiter
1524 4057 1800 4126 degentes,

222 4141 429 4198 deliciis
474 4140 790 4198 allluebant:
834 4157 1017 4199 rerum
1058 4152 1236 4200 tamen
1287 4161 1552 4201 summam
1583 4158 1636 4203 et
1664 4164 1803 4218 prae-

221 4233 435 4287 diorum
463 4233 731 4298 omnium,
765 4242 825 4289 ut
849 4235 1283 4306 primogenitam,
1311 4237 1510 4294 habere
1539 4239 1803 4296 Martham

223 4326 538 4391 voluerunt,
581 4336 635 4382 et
660 4325 830 4382 frater
852 4335 908 4383 et
931 4343 1104 4383 soror.
1159 4328 1362 4396 Quibus
1390 4329 1480 4387 illa
1506 4347 1613 4388 non
1659 4333 1804 4391 inso-

223 4419 399 4474 lenter
424 4419 614 4484 abusa,
645 4418 738 4473 sed
775 4419 827 4473 in
872 4438 890 4470 ι
922 4419 1156 4474 femineo
1185 4439 1202 4471 ι
1247 4432 1467 4490 pectore
1500 4441 1520 4475 ι
1545 4423 1755 4480 virilem
1780 4445 1797 4476 ι

223 4525 419 4581 gerens
448 4527 468 4562 ι
505 4509 765 4577 animum,
800 4530 817 4560 ι
848 4511 1146 4567 liberaliter
1167 4519 1251 4568 est
1291 4529 1407 4570 usa.
1457 4514 1614 4571 Virili
1652 4531 1806 4572 Iam-

1819 1904 1868 1964 B
1895 1922 2044 1973 cens,
2091 1915 2148 1962 et
2175 1906 2329 1977 copia
2359 1905 2687 1969 divitiarum,
2735 1903 2904 1958 bonos
2957 1916 3134 1956 mores
3180 1899 3462 1965 emollire;

1895 1999 2186 2055 formosum
2234 2013 2468 2068 corpus,
2502 1997 2734 2052 lascivus
2768 1994 3000 2060 animus,
3045 1990 3201 2046 dulce
3243 1988 3468 2056 malum,

1895 2104 2106 2146 amores
2150 2091 2399 2160 spirare;
2455 2089 2619 2143 decus
2669 2085 2900 2157 generis,
2947 2092 3004 2139 et
3029 2083 3189 2138 decor
3237 2081 3367 2145 oris,
3415 2087 3470 2134 et

1895 2197 1982 2237 res
2009 2181 2204 2251 ampla,
2239 2179 2374 2236 solet
2418 2179 2678 2250 pudorem
2728 2176 2907 2232 cordis
2933 2173 3269 2243 exstirpare;
3323 2169 3472 2225 calor

1893 2272 2124 2343 denique
2161 2271 2336 2327 aetatis
2384 2277 2439 2326 et
2471 2269 2741 2325 incentiva
2769 2267 2948 2322 carnis
2969 2306 2985 2332 ,
3035 2272 3089 2320 et
3114 2262 3467 2318 inﬁrmiorum

1893 2380 2074 2429 sexus,
2101 2372 2153 2418 et
2180 2362 2426 2432 corporis
2447 2362 2750 2416 castitatem
2779 2373 3002 2430 prorsus
3021 2364 3285 2412 evertere.
3329 2353 3464 2418 Heu;

1890 2457 2028 2529 proh
2058 2457 2247 2513 dolor!
2296 2456 2628 2510 obscuratum
2667 2461 2742 2508 est
2786 2468 2976 2506 aurum
3029 2447 3359 2519 (Thren.1v,
3390 2445 3468 2516 1),

1891 2552 2153 2622 optimum
2174 2551 2436 2605 bonorum
2455 2546 2589 2616 ejus,
2617 2553 2802 2602 amore
2820 2551 3159 2599 lerrenorum
3184 2557 3198 2605 ;
3235 2548 3466 2592 mutatus

1892 2653 1968 2699 est
2004 2642 2148 2696 color
2195 2642 2417 2712 optimus
2447 2641 2711 2696 bonorum
2761 2633 3036 2691 industria:
3073 2630 3190 2700 ejus
3217 2671 3230 2697 ,
3282 2629 3469 2684 nidore

1893 2735 2194 2792 carnalium
2233 2732 2661 2788 desideriorum:
2723 2729 2850 2783 dum
2873 2724 3202 2782 illecebrosis
3240 2722 3472 2777 motibus

1891 2813 2096 2890 illecta,
2123 2825 2190 2879 ad
2214 2823 2399 2878 illicita
2426 2836 2653 2891 qumque
2676 2819 2940 2874 fluctuans
2965 2815 3178 2880 animo,
3221 2813 3287 2868 ad
3311 2811 3470 2866 lasci-

1891 2920 2010 2976 vias
2036 2916 2392 2974 lenocinantis
2419 2915 2542 2969 vita:
2567 2911 2785 2969 invertit
2803 2909 3062 2979 quidquid
3089 2906 3156 2960 ad
3178 2903 3474 2960 honestatis

1893 3017 2267 3082 argumentum
2322 3006 2397 3061 illi
2446 3005 2582 3062 Deus
2628 3001 2928 3074 impartiit;
2977 2997 3256 3055 dulcedine
3302 2995 3468 3049 animi

1895 3104 2061 3159 abusa
2105 3102 2158 3156 in
2189 3097 2484 3171 periculum
2516 3095 2710 3150 anima:
2733 3134 2749 3160 ,
2794 3095 2988 3148 decore
3013 3088 3257 3160 corporis
3286 3087 3352 3142 ad
3378 3088 3469 3140 do-

1897 3195 2059 3250 decus
2084 3191 2295 3254 cordis,
2351 3189 2532 3243 virore
2579 3185 2955 3242 adolescentiae
2983 3182 3054 3238 ad
3085 3178 3468 3237 exterminium

1899 3283 2251 3344 castimoniae.
2273 3279 2523 3352 Egressus
2549 3284 2622 3332 est
2643 3294 2675 3331 a
2695 3275 2806 3345 ﬁlia
2823 3274 2953 3331 Sion
2979 3272 3143 3328 omnis
3164 3271 3319 3325 decor
3338 3269 3471 3338 ejus,

1899 3380 2122 3449 e/j‘usum
2151 3385 2224 3430 est
2261 3374 2317 3428 in
2359 3387 2422 3427 ea
2455 3369 2670 3436 (Thren.
2707 3383 2746 3434 ι,
2776 3366 2846 3432 6;
2897 3381 2959 3432 ιι,
3010 3363 3096 3436 11)
3141 3375 3300 3418 omne
3342 3358 3471 3414 illud

1899 3486 2034 3542 opus
2085 3467 2278 3524 divina:
2321 3461 2743 3528 munificentiae,
2795 3458 2922 3514 dum
2966 3462 3117 3512 tanto
3151 3452 3366 3525 gravius
3418 3450 3472 3504 in

1900 3540 2184 3617 Dominum
2210 3555 2454 3626 deliquit,
2482 3560 2686 3624 quanto
2710 3550 2958 3622 graviora
2972 3548 3023 3602 ei
3049 3543 3327 3603 debuerat.
3363 3540 3470 3596 Sed

1902 3654 2030 3724 quid
2054 3651 2252 3706 diutius
2295 3650 2348 3702 in
2395 3647 2481 3702 his
2506 3642 2823 3700 moramur?
2851 3639 3221 3711 Peregriuatus
3248 3642 3330 3690 est
3361 3633 3477 3688 ani-

1902 3763 2023 3802 mus
2046 3743 2343 3816 juvenculre
2370 3757 2384 3795 :
2415 3742 2470 3794 in
2498 3753 2682 3794 amore
2709 3735 2889 3793 saeculi
2924 3732 3188 3788 habitavit
3213 3729 3472 3784 transito-

1904 3839 2002 3894 rie.
2049 3837 2231 3891 Abusa
2258 3842 2340 3888 est
2365 3831 2544 3887 carnis
2563 3825 2994 3889 oblectamentis,
3025 3833 3080 3879 et
3108 3821 3267 3876 rediit
3292 3817 3476 3891 [Forte

1905 3931 2059 4003 abiit]
2087 3931 2142 3984 in
2194 3927 2452 3998 regionem
2483 3919 2963 3983 dissimilitudinis;
2990 3916 3145 3986 longe
3173 3929 3204 3968 a
3230 3910 3342 4003 Deo
3366 3926 3478 3981 per-

1904 4039 2021 4094 egre
2043 4002 2316 4092 iprofecta,
2357 4013 2729 4071 adolescentior
2769 4009 2920 4081 (Luc.
2955 4023 3046 4072 xv,
3093 4004 3180 4074 15)
3207 4002 3313 4057 ﬁlia
3337 4042 3352 4067 ,
3383 4015 3476 4094 na-

1907 4092 2042 4174 turae
2086 4112 2245 4170 simul
2286 4117 2342 4165 et
2387 4105 2663 4163 industriae
2699 4103 2838 4158 bona
2888 4099 2942 4154 in
2973 4096 3123 4153 brevi
3179 4092 3469 4162 dissipavit.

1907 4211 2013 4268 Sed
2041 4225 2169 4264 mox
2207 4215 2264 4260 ut
2303 4220 2362 4259 se
2388 4201 2690 4259 divinarum
2725 4197 2984 4250 virtutum
3036 4189 3212 4246 subito
3253 4186 3476 4242 destitu-

1906 4316 2016 4362 tam
2050 4300 2354 4371 comperit,
2407 4293 2646 4352 recolens
2688 4296 2818 4362 quot
2843 4287 3089 4358 pretiosa
3107 4298 3225 4353 quae
3249 4277 3477 4371 perdidit

1906 4405 1960 4452 et
1985 4411 2016 4450 a
2045 4409 2152 4465 quo
2176 4369 2262 4447 tot
2300 4396 2356 4445 et
2394 4393 2544 4442 tanta
2575 4381 2839 4455 percepit,
2887 4375 3140 4434 velociter
3167 4374 3220 4428 in
3249 4369 3477 4442 gratiam

1907 4487 2022 4557 ejus
2049 4481 2322 4541 festinavit
2349 4477 2544 4536 redire.

224 4615 331 4670 que
354 4615 547 4656 carens
579 4601 872 4668 consortio,
895 4603 1238 4657 continentiae
1260 4602 1485 4660 florebat
1511 4607 1704 4674 titulo;
1737 4610 1803 4664 ad
1836 4628 1882 4690 ι)
1908 4624 2036 4679 CAP,
2074 4619 2161 4674 ιν,
2189 4649 2260 4659 --
2288 4615 2440 4682 Quod
2478 4622 2599 4667 tunc
2636 4607 2892 4690 temporis
2935 4603 3191 4658 Dominus
3238 4597 3482 4655 Salvator

225 4709 354 4750 suos
373 4693 542 4749 dulcis
567 4701 621 4748 et
647 4693 915 4759 amabilis,
939 4695 1005 4750 ad
1030 4710 1296 4766 pauperes
1311 4699 1456 4753 mitis
1476 4708 1531 4754 et
1554 4699 1809 4772 affabilis,

224 4785 295 4840 ad
323 4799 511 4840 omnes
539 4785 768 4856 denique
796 4785 1104 4843 misericors
1125 4799 1180 4842 et
1197 4789 1452 4846 liberalis.
1485 4791 1570 4858 Et,
1605 4803 1662 4848 ut
1686 4797 1810 4853 bre-

227 4876 367 4931 viter
379 4877 573 4942 dicam,
600 4877 851 4933 omnibus
871 4886 989 4933 erat
1012 4881 1308 4935 reverenda
1333 4889 1389 4936 et
1409 4887 1710 4940 veneranda
1733 4886 1810 4942 fe-

226 4967 401 5035 mina,
422 4981 487 5023 eo
511 4969 652 5037 quod
674 4983 868 5039 genere
893 4969 1243 5040 essetnobilis
1269 4979 1323 5026 et
1349 4971 1690 5030 facultatibus
1716 4991 1805 5031 co-

225 5059 400 5130 piosa,
423 5058 817 5129 pulchritudine
843 5060 1072 5116 celebris
1083 5070 1138 5117 et
1153 5062 1406 5133 pudicitia
1429 5065 1685 5136 gloriosa,
1709 5069 1807 5125 ho-

229 5150 437 5220 spitalis
464 5160 519 5207 et
535 5152 776 5222 dapsilis,
793 5162 846 5208 et
865 5155 1114 5209 omnibus
1134 5156 1371 5226 gratiosa
1395 5174 1409 5224 ;
1438 5158 1554 5214 haec
1573 5159 1801 5216 Martha.

303 5244 503 5299 Verum
519 5244 708 5312 Maria,
724 5247 815 5300 ubi
841 5247 1052 5303 nubiles
1074 5249 1238 5304 subiit
1257 5265 1446 5318 annos,
1477 5252 1810 5310 formositate

230 5337 472 5407 corporis
531 5337 894 5408 pulcherrima
945 5339 1271 5409 splendens,
1331 5343 1575 5414 speciosa
1625 5345 1806 5414 nimis,

1975 4693 2180 4764 juvenis
2221 4677 2388 4759 factus
2424 4682 2682 4739 miracula
2722 4677 2918 4749 fecerit,
2945 4684 2992 4730 et
3014 4682 3304 4744 peccatores
3327 4684 3478 4722 sana-

1979 4763 2124 4818 verit.

1981 4885 2288 4946 Enimvero,
2340 4879 2453 4948 jam
2495 4890 2639 4930 nunc
2693 4872 2879 4944 gratiae
2926 4877 3137 4938 tempus
3166 4865 3478 4926 advenerat,

1905 4980 2019 5054 jam
2067 4989 2165 5046 per
2203 4973 2344 5027 idem
2389 4977 2596 5037 tempus
2621 4965 2772 5036 virgo
2809 4967 3132 5032 pepererat;
3181 4956 3292 5026 jam
3336 4954 3480 5010 enim

1912 5067 2225 5128 Emmanuel
2267 5067 2334 5120 de
2379 5062 2531 5117 coelis
2573 5061 2897 5120 advenerat,
2931 5064 2986 5108 ut
3015 5058 3315 5123 operaretur
3352 5062 3480 5117 opus

1912 5179 2068 5218 suum
2114 5159 2248 5230 (Isa.
2310 5171 2499 5217 xxvut,
2542 5153 2632 5220 21)
2675 5151 2734 5205 -ἱιι
2785 5147 2962 5204 terris.
3021 5145 3125 5201 Sed
3156 5141 3481 5215 peregrinum

1906 5263 2024 5311 erat
2071 5268 2198 5322 opus
2242 5249 2352 5318 ejus
2387 5245 2450 5300 ab
2493 5261 2550 5298 eo
2605 5242 2788 5314 (Apoc.
2849 5255 2965 5303 xui,
3033 5237 3126 5308 25)
3154 5277 3168 5302 ,
3234 5242 3292 5287 ut
3339 5233 3484 5286 Deus

1910 5344 2265 5418 aporiaretur,
2311 5346 2369 5394 ut
2406 5351 2570 5392 sanus
2595 5333 2966 5389 vulneraretur
3016 5339 3076 5386 ut
3103 5329 3212 5384 vita
3235 5340 3478 5382 morere-

1132 5495 1314 5538 ΝΟΤΔΕ
1355 5495 1743 5543 POTISSIMUM
1785 5501 1872 5545 EX
1914 5466 2167 5544 BABA\N0
2211 5493 2580 5538 DESUMPTE.

302 5613 327 5640 κ
376 5598 476 5654 llic
511 5598 707 5683 legitur
764 5599 839 5682 in.
865 5598 1172 5670 apographo
1225 5600 1644 5669 investigantium
1671 5642 1685 5666 ,
1732 5616 1801 5657 ex

231 5684 638 5726 amanuensrum
669 5685 790 5725 ll'lCll
798 5685 897 5724 l‘la.

305 5742 332 5780 δ
360 5740 550 5796 Omnis
589 5740 894 5796 Judaeorum
922 5740 1222 5812 provincia,
1271 5741 1517 5812 quamvis
1540 5743 1801 5812 generali-

237 5819 318 5866 ter
346 5813 412 5865 ad
454 5813 854 5867 distinctionem
899 5809 1122 5866 aliarum
1168 5809 1405 5881 gentium
1441 5809 1620 5866 Judz'ea
1657 5814 1800 5868 dicta

234 5884 328 5948 sit,
356 5882 639 5954 specialius
659 5891 840 5938 tamen
863 5883 1157 5940 meridiana
1181 5881 1294 5954 ejus
1319 5882 1472 5954 plaga
1503 5883 1801 5955 appellaba-

1905 5613 1994 5659 tur
2015 5600 2219 5662 Judaea,
2248 5597 2314 5651 ad
2345 5593 2736 5651 distinctionem
2766 5591 3047 5662 Samaria},
3083 5587 3332 5654 (ἔδωκε,
3377 5587 3481 5644 De.

1906 5672 2122 5744 capolis,
2155 5660 2214 5744 et
2236 5667 2630 5744 ceterarum-in
2654 5664 2840 5720 eadem
2862 5660 3148 5744 provincia
3166 5663 3476 5744 regionum:

1904 5731 2060 5799 JeSus
2111 5739 2350 5810 migravit
2407 5734 2713 5810 a_Galilrea,
2758 5743 2808 5810 _e_t
2844 5734 3068 5810 venit-in
3113 5731 3241 5800 ﬁnes
3280 5731 3483 5810 Iudicas

1907 5813 2122 5885 (Matth.
2164 5801 2277 5872 xiv,
2308 5808 2380 5885 l)_.
2434 5806 2638 5885 Rabani
2667 5806 2720 5858 in
2745 5803 2959 5872 Mutila,
2985 5803 3076 5858 lib.
3109 5819 3163 5869 v,
3197 5818 3315 5876 cap.
3349 5801 3434 5872 l9.

1979 5897 2000 5922 π
2035 5884 2089 5948 In
2121 5879 2448 5952 apographo,
2477 5878 2646 5948 pudor
