3938 6334
160 426 300 484 1437

1186 424 1269 481 DE
1310 423 1464 480 Vl'l‘A
1508 426 1568 481 Β.
1611 422 1849 483 MANE
1889 424 2347 484 MAGDALENE.

3263 435 3403 495 MSS

158 547 318 617 longe
345 542 661 602 dissimilem
687 559 701 613 ;
757 553 805 599 et
837 544 984 614 capit
1020 543 1165 616 ﬂere.
1199 541 1403 599 Potavit
1449 557 1567 601 eam
1608 543 1725 598 vino
1753 545 1802 613 Α
1829 544 2006 599 omnis
2031 542 2286 601 odoriferi
2320 545 2563 616 liquoris.
2594 545 2932 603 Adltibuerat
2954 548 3055 605 sibi
3085 549 3156 606 ab
3176 550 3402 609 infantia

155 636 569 707 compunctionis
614 633 807 704 (Marc.
864 651 977 703 xxv,
1027 635 1139 707 72),
1169 635 1310 691 Deus
1349 648 1400 703 α,
1440 637 1525 692 cui
1569 651 1728 692 omne

152 738 324 801 patet,
355 737 410 783 ut
447 726 645 801 fugeret
683 743 717 782 a
766 720 900 799 facie
942 743 1095 782 arcus
1140 725 1310 800 (Psal.
1348 743 1459 794 ux,
1502 725 1579 799 5).
1610 726 1729 782 Nisi

153 820 388 876 conversi
438 819 683 890 fueritis,
745 816 951 889 inquit,
994 817 1227 890 gladium
1270 836 1423 875 suum
1489 819 1727 887 uibrauit,

153 927 338 965 arcum
371 927 523 967 suum
566 910 811 977 tetendit,
852 920 899 965 et
944 910 1000 965 in
1042 926 1101 965 eo
1138 912 1339 982 paravit
1386 927 1508 966 vasa
1544 910 1725 965 mortis

153 999 331 1073 (Psal.
362 1017 458 1065 vn,
491 1001 579 1069 l5,
621 1000 732 1071 14).
776 1000 957 1069 Illico,
1008 1003 1240 1072 gratuito
1268 1010 1320 1059 et
1345 1003 1622 1074 repentino
1652 1004 1727 1059 in-

152 1094 356 1151 stinctu
384 1092 618 1163 Spiritus
641 1094 838 1160 sancti,
861 1093 977 1164 qui,
1006 1094 1221 1165 quando
1243 1094 1378 1162 vult,
1408 1103 1461 1151 et
1488 1097 1576 1149 ubi
1597 1093 1726 1165 vult,

150 1184 320 1253 spirat
359 1182 543 1255 (Joan.
576 1201 655 1251 Ill,
684 1182 780 1255 8);
831 1185 957 1258 qui,
983 1201 1142 1257 quem
1189 1185 1321 1254 vult,
1348 1194 1423 1253 et,
1468 1196 1726 1257 quantum

151 1273 361 1343 spirat;
390 1274 502 1343 qui,
553 1274 704 1345 cujus
748 1273 875 1341 vult,
910 1276 1200 1342 miseretur,
1240 1285 1290 1331 et
1324 1292 1475 1346 quem
1508 1276 1613 1331 vult
1653 1278 1730 1331 in-

152 1365 313 1419 durat
339 1363 517 1436 (Rom.
546 1382 621 1432 lx,
671 1366 799 1441 i8):
844 1366 1103 1438 inspirata
1139 1366 1426 1437 juveucuia
1455 1376 1625 1425 semet
1648 1383 1729 1424 se-
1764 1444 1775 1453 α

152 1471 279 1511 cum
325 1455 634 1529 alloquens:
662 1458 991 1539 ‘Cognosce,
1040 1459 1239 1530 inquit,
1289 1458 1456 1516 Maria
1484 1502 1499 1527 ,
1540 1469 1729 1518 temet-

154 1548 355 1619 ipsam,
381 1557 437 1604 et
480 1560 752 1608 memento
780 1552 907 1623 quid
935 1551 1101 1609 fueris
1122 1593 1138 1619 ,
1166 1554 1402 1624 quidque
1444 1570 1587 1611 nunc
1626 1555 1723 1621 sis,

151 1642 351 1711 quidve
380 1639 559 1701 futura
585 1643 679 1701 sis.
710 1644 980 1705 Erubesce
1010 1656 1064 1703 te
1101 1656 1268 1703 totam
1302 1648 1608 1721 ignobiliter
1638 1649 1727 1705 de-

148 1748 461 1803 generasse,
487 1744 542 1793 et
559 1737 819 1809 pteniteat
844 1746 895 1793 te
919 1739 1142 1797 abusum
1167 1754 1308 1807 esse.
1339 1740 1458 1797 dole
1495 1750 1547 1797 te
1573 1741 1727 1812 pudi-

148 1826 335 1881 citiam
376 1826 649 1897 propriam
690 1828 1006 1901 perdidisse,
1058 1838 1115 1887 et
1137 1829 1330 1903 plunge
1380 1839 1431 1886 te
1464 1831 1727 1905 proximis

1832 634 2142 704 huiusmodi
2173 650 2339 691 suave
2366 636 2649 708 spirantia,
2674 652 2777 709 pro
2797 638 2981 695 carnis
3002 655 3114 696 suae
3141 640 3402 715 multipli-

1829 725 1999 780 cando
2031 724 2347 794 fragrantia.
2370 724 2575 781 Ferens
2608 726 2772 798 igitur
2799 742 2897 784 vas
2932 730 3184 786 manibus
3217 732 3401 788 odori-

1830 813 2038 880 ferum,
2086 814 2211 885 quia
2253 815 2519 886 scriptum
2568 823 2651 871 est
2689 832 2796 871 non
2840 816 3005 873 licere
3040 819 3094 873 in
3128 832 3403 892 conspectu

1828 905 2043 961 Domini
2069 923 2290 962 vacuum
2328 923 2580 978 apparere
2615 907 2812 980 (Exod.
2846 924 2982 966 χχιιι
3001 949 3017 976 ,
3047 909 3116 966 15
3141 922 3189 966 et
3220 912 3399 985 alibi);

1828 1008 2177 1071 portansque,
2206 1001 2349 1071 quod
2375 1000 2547 1071 pluris
2575 1008 2688 1065 est,
2717 1009 2904 1071 pectus
2933 1001 3148 1072 plenum
3180 1001 3312 1070 ﬁde,
3349 1011 3406 1060 et

1829 1106 1924 1163 spe
1956 1092 2153 1159 veniae;
2183 1091 2508 1163 ploransque
2541 1108 2723 1148 secum
2767 1094 3138 1161 amarissime,
3168 1097 3404 1152 clamore

1829 1183 2009 1239 cordis
2036 1183 2244 1249 valido,
2279 1199 2440 1255 quem
2487 1183 2631 1238 Deus
2660 1182 2891 1240 dulciter
2927 1184 3114 1240 audit:
3137 1185 3221 1240 Me
3242 1186 3401 1241 mise-

1828 1286 1983 1336 ram,
2032 1274 2143 1339 ait,
2192 1272 2574 1329 miserabiliter
2629 1289 2772 1329 enim
2823 1276 2980 1331 anuis
3029 1274 3405 1332 adolescentiae

1830 1364 1993 1420 abusa
2019 1362 2199 1437 [Cod.,
2225 1363 2417 1439 cauca}
2440 1380 2579 1432 sum,
2615 1362 2760 1429 Vide,
2784 1364 3026 1432 Domine,
3052 1378 3099 1421 et
3128 1366 3400 1422 considera

1826 1456 2073 1526 quoniam
2104 1456 2249 1526 facta
2280 1472 2396 1510 sum
2422 1456 2541 1511 uilis
2568 1454 2785 1528 (Thr-en.
2817 1473 2869 1523 ι,
2903 1456 3012 1528 il).
3039 1456 3181 1513 Deus
3216 1472 3403 1525 meus,

1827 1540 2053 1602 sufﬁciat
2091 1547 2223 1603 mibi
2270 1547 2411 1618 quod
2468 1548 2750 1616 hucusque
2801 1546 3019 1618 deliqui.
3068 1546 3405 1605 Abrenuntio

1826 1636 2005 1693 cordis
2041 1646 2097 1692 et
2135 1638 2316 1693 carnis
2355 1638 2654 1704 illecebris,
2684 1645 2741 1694 et
2772 1639 3122 1695 saecularibus
3160 1640 3400 1710 pompis;

1826 1732 2073 1788 detestor
2112 1733 2314 1789 diutius
2337 1747 2549 1799 errare,
2582 1732 2842 1805 proﬁteor
2869 1735 3062 1792 amodo
3093 1734 3402 1792 emendare.

1896 1820 2024 1881 limo
2042 1839 2225 1881 secum
2263 1840 2358 1881 ore
2379 1825 2557 1882 cordis
2577 1835 2629 1882 et
2653 1827 2999 1882 conscientia:
3038 1826 3403 1898 ingeminans,

146 1916 403 1975 seandalo
441 1917 626 1977 fuisse,
673 1918 840 1977 Geme
866 1928 919 1976 ιε
946 1921 1230 1979 Domjnum
1253 1922 1453 1981 diutius
1480 1933 1722 1981 comem-
1754 1906 1801 1966 Β
1831 1914 1943 1970 ibat
1965 1917 2032 1971 ad
2055 1917 2383 1984 convivium,
2408 1917 2498 1972 ubi
2528 1916 2862 1973 discubuisse
2895 1916 3160 1973 didicerat
3186 1917 3280 1973 Del
3315 1916 3407 1973 Fi-

145 2010 365 2080 psisse,
426 2019 483 2069 et
533 2011 735 2083 pudeat
777 2020 827 2069 te
877 2013 1096 2085 Optimis
1150 2014 1243 2071 Dei
1300 2017 1456 2075 donis
1493 2017 1726 2089 pessime

145 2100 513 2171 respondisse.
553 2101 697 2173 quod
737 2118 806 2159 ne
833 2102 1197 2175 perfunctorie
1234 2104 1425 2173 facias,
1456 2107 1538 2163 vel
1560 2108 1723 2164 bora-

143 2195 251 2261 ric,
282 2197 555 2267 pronende
597 2197 723 2269 quia
774 2197 883 2255 vita
910 2200 1093 2257 brevis
1119 2208 1222 2267 est,
1274 2210 1332 2257 et
1380 2215 1526 2259 mors
1551 2211 1723 2269 certa,

142 2285 284 2343 hora
324 2302 454 2342 vero
482 2287 599 2357 ejus
633 2289 881 2358 incerta;
935 2290 1109 2363 fallas:
1140 2293 1375 2359 sanitas,
1421 2302 1471 2348 et
1494 2310 1627 2350 uana
1648 2303 1723 2349 est

140 2377 513 2449 pulchritudo,
552 2378 742 2434 mulier
784 2382 972 2439 timens
1010 2382 1289 2439 Dominum
1334 2385 1449 2456 ipsa
1484 2383 1725 2440 laudabi-

143 2479 272 2537 tur,
310 2478 359 2524 et
407 2469 695 2527 laudabunt
734 2489 871 2539 eam,
920 2477 972 2530 in
1020 2476 1105 2531 die
1144 2477 1351 2540 mortis,
1413 2494 1569 2548 opera
1608 2477 1723 2548 ejus

142 2562 330 2634 (Prae.
380 2578 532 2631 uxr,
578 2567 692 2639 35).
720 2568 803 2625 τιι
834 2582 981 2641 ergo,
1036 2568 1223 2629 luris.
1268 2570 1399 2626 time
1446 2572 1723 2628 interitum

140 2664 446 2723 aeternum;
492 2659 697 2729 respice
724 2659 960 2730 iudicem
992 2674 1321 2731 snperuum;
1354 2663 1588 2733 prmveni
1618 2662 1723 2720 Do-

142 2750 355 2805 minam
392 2760 803 2820 accusatorem;
850 2753 1120 2811 detestare
1148 2753 1311 2808 vitam
1346 2754 1603 2824 priorem,
1632 2769 1721 2809 ac-

140 2840 324 2898 celera
354 2842 651 2901 meliorem.
680 2842 787 2911 Sic,
822 2845 924 2914 sic,
946 2861 1038 2918 per
1077 2846 1403 2917 sapientiam,
1452 2845 1723 2918 plumescit

139 2933 433 3004 accipiter,
494 2936 791 3006 expandens
848 2936 962 2995 alas
1015 2955 1138 2997 suas
1193 2937 1263 2993 ad
1316 2948 1553 2997 austrum
1601 2936 1723 3011 (Job

141 3040 336 3095 χχιιι,
366 3024 456 3097 26)
482 3026 534 3082 ιι.

139 3177 277 3235 Car.
306 3177 396 3235 Vl.
420 3211 494 3222 —
518 3177 617 3236 Ubi
639 3180 960 3238 alabastrum
986 3182 1167 3251 sumit,
1191 3192 1238 3240 et
1258 3182 1471 3241 domum
1488 3181 1721 3242 Simonis

770 3254 882 3308 adit
911 3252 1107 3309 Maria.

220 3383 461 3456 Surgens
485 3398 614 3458 ergo
642 3384 807 3443 Maria
837 3387 1181 3459 quantocius,
1210 3387 1443 3462 sumpsit
1469 3403 1564 3444 vas
1590 3403 1719 3445 aro-

138 3485 373 3540 matum,
398 3492 467 3533 ex
495 3477 768 3535 alabastro
788 3479 991 3547 Indico,
1018 3480 1159 3553 quod
1180 3490 1263 3537 est
1291 3497 1462 3555 genus
1487 3497 1721 3537 marmo-

140 3570 228 3625 ris
256 3568 493 3635 caudidi,
517 3570 684 3629 variis
716 3570 981 3629 "oloribus
1005 3574 1309 3630 intercincti
1336 3586 1387 3642 ο,
1407 3583 1464 3630 et
1496 3575 1723 3645 replevit

140 3661 294 3716 idem
345 3669 619 3732 unguento
666 3660 879 3731 elecw,
942 3673 999 3721 et
1071 3666 1357 3737 praeelecto
1391 3708 1407 3732 ,
1460 3667 1722 3725 mirabilis

136 3751 362 3818 odoris,
408 3760 515 3808 tam
548 3752 808 3825 pretioso,
835 3762 928 3820 ut,
960 3756 1188 3826 pedibus
1216 3758 1520 3828 prophetae,
1557 3774 1719 3830 quem

140 3841 299 3897 adire
328 3843 617 3911 cogitabat,
640 3859 910 3915 quemque
938 3842 1032 3901 Dei
1062 3844 1254 3901 Filium
1269 3862 1390 3903 esse
1414 3845 1557 3903 fama
1581 3847 1716 3904 lere-

144 3933 276 3998 bat,
314 3947 583 4005 quemque
630 3934 1009 3994 ardentissime
1046 3936 1158 4006 jam
1197 3940 1445 4005 amabat,
1476 3940 1637 4012 digne
1663 3948 1721 3999 et

144 4024 445 4080 honoriﬁce
468 4026 711 4083 adhiberi
737 4042 894 4097 posse
919 4028 1292 4085 arbitraretur.
1310 4030 1474 4101 Copia
1505 4032 1579 4089 illi
1603 4040 1725 4097 erat

147 4130 344 4186 magna
374 4116 669 4188 spicarum,
699 4124 755 4174 et
777 4118 1113 4190 specierum,
1138 4119 1364 4175 balsami
1390 4136 1636 4193 quoque,
1665 4127 1721 4177 et

1824 2004 1981 2059 lium.
1998 2004 2110 2061 Nec
2132 2007 2286 2062 latuit
2315 2006 2421 2062 hoc
2444 2022 2566 2063 eum
2586 2023 2746 2079 quem
2774 2008 2991 2075 adibat,
3017 2024 3178 2081 quem
3201 2008 3404 2065 nullum

1824 2094 1956 2150 latet
1983 2088 2280 2164 secretuin;
2312 2097 2557 2168 quinimo
2584 2097 2887 2168 septiformi
2912 2097 3117 2169 Spiritu
3153 2100 3401 2169 prmnit

1826 2184 1895 2240 ad
1924 2199 1982 2242 se
2009 2186 2313 2242 venientem
2349 2188 2405 2242 in
2436 2186 2875 2242 benedictionibus
2903 2187 3195 2242 dulcedinis
3227 2185 3402 2259 (Psal.

1825 2290 1918 2339 xx,
1949 2273 2027 2347 ι),
2056 2276 2332 2346 traxitque
2351 2277 2418 2332 ad
2443 2291 2502 2332 se
2522 2286 2926 2348 properantem.
2946 2277 3173 2350 Moxque
3197 2286 3401 2348 septem

1824 2366 2106 2429 daemoniis
2142 2368 2505 2438 perturbatis,
2549 2377 2636 2435 et,
2683 2379 2944 2440 perpetuo
2978 2369 3303 2436 interdicto,
3335 2370 3405 2425 ab

1825 2455 1941 2527 ejus
1975 2457 2138 2513 corde
2172 2467 2228 2513 et
2255 2474 2485 2529 corpore
2511 2459 2813 2514 exturbatls
2834 2501 2850 2527 ,
2882 2475 2945 2516 ac
2966 2461 3324 2531 sequestratis
3345 2459 3398 2525 ά,

1826 2544 2054 2617 replevit
2094 2563 2215 2603 eam
2254 2550 2413 2606 bouis
2453 2549 2610 2605 donis
2654 2549 2986 2621 septiformls
3022 2549 3274 2621 Spiritus.
3304 2548 3403 2605 His

1825 2636 2135 2703 fecundata,
2162 2655 2261 2711 per
2286 2639 2442 2696 ﬁdem
2470 2643 2717 2712 concepit
2742 2643 2937 2712 bonam
2960 2657 3133 2714 spem,
3157 2649 3214 2697 et
3241 2656 3405 2713 pepe-

1824 2727 1899 2783 rit
1941 2728 2397 2785 ferventissimam
2442 2731 2796 2797 cbaritatem,
2839 2732 3097 2802 quoniam
3140 2731 3399 2787 iudicium

1822 2828 1941 2873 erat
1982 2820 2225 2876 exterius
2273 2820 2561 2876 exennium
2593 2833 2618 2863 ο
2657 2821 2917 2881 aiabastri
2965 2824 3101 2878 bene
3145 2821 3401 2891 spirantis

1824 2909 2054 2965 interius
2077 2951 2093 2975 ,
2137 2910 2437 2968 bolocausti
2481 2902 3194 2983 eompunctionis'-ardentis
3227 2910 3274 2967 ί.
3303 2910 3401 2968 llis

1823 3002 2045 3073 gravida
2068 3005 2425 3071 conscientia,
2450 3020 2546 3075 per
2568 3006 2784 3077 plenam
2821 3004 3110 3076 praeteritae
3131 3003 3252 3059 vitae
3276 3018 3395 3074 poe-

1822 3095 2107 3152 uitentiam
2131 3137 2146 3163 ,
2175 3106 2368 3154 onusta
2395 3097 2507 3155 l‘etu
2551 3098 2872 3170 gratissimas
2902 3097 3013 3153 Deo
3049 3095 3349 3153 devotionis
3370 3096 3400 3138 ⁸

1822 3206 1983 3261 quem
2012 3192 2287 3248 animabat
2308 3206 2432 3265 spes
2458 3204 2609 3248 certa
2634 3191 2969 3249 remissionis
2985 3190 3038 3257 II,
3062 3188 3305 3263 pervenit
3325 3188 3397 3245 ad

1746 3278 1794 3344 ε
1822 3282 2109 3354 prandium
2132 3282 2452 3340 Salvatoris.

1822 3414 1951 3472 Car.
1987 3413 2191 3485 Vll._—
2212 3415 2367 3482 Quod
2401 3432 2433 3471 a
2463 3412 2670 3485 steculis
2699 3413 2941 3469 inaudita
2980 3410 3224 3485 obsequia
3255 3413 3396 3485 circa

1892 3486 2047 3557 pedes
2073 3478 2268 3557 Cirristi
2290 3485 2467 3556 fecerit
2488 3484 2671 3557 Maria
2688 3525 2704 3550 ,
2737 3492 2786 3539 et
2823 3500 2985 3557 quare
3012 3478 3128 3538 eam
3153 3478 3395 3539 Christus

1893 3554 2075 3611 contra
2100 3554 2433 3611 Pbarisieum
2461 3554 2714 3625 defendit.

1895 3664 2139 3741 ingressa
2166 3668 2397 3738 denique
2430 3664 2596 3721 Maria
2637 3664 2941 3721 convivium
2963 3706 2980 3733 ,
3008 3665 3245 3736 respexit
3280 3678 3297 3718 :
3335 3670 3394 3718 et

1821 3755 1948 3837 ecce
1979 3758 2402 3814 discumbentem
2436 3755 2647 3813 eminus
2672 3757 2808 3813 vidit
2840 3752 3077 3829 Virginis
3099 3755 3278 3810 Marias
3301 3752 3393 3810 Fi-

1822 3849 1974 3904 lium.
2019 3848 2222 3917 Quem,
2269 3862 2393 3903 mox
2444 3856 2733 3918 prostrata.
2779 3847 3051 3911 adoravit,
3078 3852 3134 3901 et
3165 3857 3394 3916 surgens

1822 3938 2053 3997 accessit
2090 3939 2160 3997 ad
2187 3940 2403 3996 tborum
2436 3947 2764 4005 reverenter,
2806 3939 2857 3993 ii.
2883 3952 2991 4008 quo
3025 3936 3271 3993 Salvator
3300 3950 3394 3991 ac-

1822 4030 2138 4097 cumbebat;
2162 4038 2219 4086 et
2234 4040 2398 4096 stans,
2425 4028 2760 4093 ﬁducialiter,
2789 4039 2924 4084 retro
2945 4045 3090 4084 secus
3115 4027 3387 4093 Messiam,

1823 4136 1854 4177 a
1878 4118 2031 4191 cujus
2082 4121 2288 4177 semitis
2317 4134 2377 4177 se
2405 4120 2652 4177 deviasse
2687 4118 2902 4177 dolebat
2988 4119 3175 4178 oculos
3219 4132 3346 4175 suos
3369 4158 3386 4189 ,

1046 4271 1227 4315 NOTE
1270 4272 1654 4320 POTISSIMUM
1698 4275 1785 4319 ΒΧ
1826 4264 2081 4317 RABANO
2124 4270 2493 4319 DESUMPTB.

222 4386 248 4416 ι
272 4374 487 4439 Vinum,
517 4372 879 4445 compunctio.
909 4384 967 4429 ut
1007 4374 1059 4430 in
1087 4374 1346 4431 Psalmis:
1380 4373 1584 4431 Potasti
1625 4390 1723 4431 nos

146 4445 274 4517 vino
319 4444 761 4517 compunctionis.
814 4445 1031 4517 Rabani
1076 4445 1353 4517 Allegoriae
1400 4446 1456 4501 in
1509 4462 1719 4502 sacram

148 4516 500 4583 Scripturam,
531 4524 570 4570 t.
598 4515 658 4579 ν,
688 4532 739 4583 p.
765 4515 887 4573 821.

222 4586 251 4625 Β
277 4584 547 4657 Accipiter
573 4584 794 4656 quilibet
812 4585 1040 4657 electus,
1066 4596 1124 4640 ut
1153 4585 1204 4640 in
1228 4584 1328 4641 .lob
1360 4604 1373 4657 ς
1410 4604 1428 4638 ι
1464 4585 1619 4657 Nunq

146 4672 248 4726 per
261 4655 575 4724 sapientiam
604 4668 745 4710 tuam
771 4656 1050 4726 plumescit
1077 4656 1373 4726 accipiter?
1404 4677 1421 4709 ι
1451 4655 1717 4724 Quodse-

150 4728 255 4781 lius
282 4726 373 4797 pri
404 4726 601 4797 virtute
622 4729 705 4781 vir
728 4737 946 4782 sanctus
988 4728 1197 4797 plumas
1228 4728 1486 4797 virtutum
1532 4727 1720 4797 acqui-

149 4797 242 4852 rit.
274 4794 480 4869 θειόαηί
504 4796 781 4869 Allegoria:
806 4798 861 4850 in
889 4794 1094 4851 sacram
1129 4794 1475 4869 Scripturam.

223 4878 261 4939 τί
276 4867 371 4939 Est
398 4876 576 4939 autem
601 4868 928 4939 alabastrum
966 4883 1132 4939 genus
1150 4867 1458 4939 marmoris
1482 4867 1716 4932 candidi,

148 4938 318 4992 variis
345 4936 617 4993 coloribus
647 4936 991 5001 interstincti,
1019 4938 1160 5007 quod
1182 4937 1247 4991 ad
1276 4954 1403 4992 vasa
1428 4946 1722 5008 unguenta-

148 5009 231 5063 ria
260 5023 451 5063 cavare
479 5008 671 5073 solent,
703 5024 768 5062 eo
805 5010 945 5077 quod
966 5009 1168 5079 optime
1199 5024 1415 5079 servare
1437 5024 1497 5063 ea
1538 5010 1719 5061 incor-

148 5088 308 5147 rupta
338 5078 567 5149 dicatur.
610 5076 857 5134 Nascitur
892 5076 1036 5149 circa
1080 5076 1293 5133 Thebas
1320 5076 1634 5149 Egyptias,
1664 5086 1721 5132 et

148 5148 692 5222 DamascumSyrize,
726 5148 1256 5222 czcteriscandidius,
1282 5148 1719 5222 probatissimpm

150 5234 284 5271 vero
315 5221 366 5272 in
398 5217 567 5273 india.
596 5218 793 5272 Rabani
835 5219 888 5273 in
924 5217 1137 5281 Matth,
1170 5218 1261 5273 lib.
1283 5217 1398 5273 ’νιιι
1420 5259 1433 5281 ,
1463 5234 1583 5287 cap.
1610 5218 1681 5272 26
1701 5256 1719 5282 ,

148 5304 215 5342 er
244 5287 387 5361 Beda
418 5291 470 5342 in
506 5287 722 5361 αριστ..
746 5288 835 5341 lib.
860 5302 939 5361 t_v,
970 5303 1089 5361 cap.
1120 5289 1287 5361 26,}.
1319 5288 1382 5361 lil
1402 5329 1416 5353 ,
1452 5304 1505 5361 p.
1539 5288 1625 5361 Ἱβ,
1664 5297 1720 5361 et

150 5360 205 5412 in
248 5358 442 5412 Lucam
469 5399 484 5425 ,
522 5359 612 5413 lib.
651 5374 730 5412 ιιι.
756 5388 825 5397 -
852 5356 1051 5414 Homil.
1094 5361 1147 5413 in
1179 5357 1305 5412 Nat.
1338 5356 1500 5412 beatis
1533 5357 1721 5413 Mariis

154 5428 507 5501 Magdalente,
542 5438 579 5484 t.
710 5426 908 5501 "until.
944 5429 995 5501 in
1022 5432 1119 5499 (er.
1151 5444 1208 5482 ιιι
1232 5428 1488 5501 Palm.,_t.
1510 5427 1577 5481 ν.

222 5497 439 5554 (Maria
469 5516 597 5571 ergo
618 5498 925 5571 Magdalena
970 5497 1083 5570 ipsa
1116 5510 1204 5571 est
1248 5514 1399 5553 soror
1440 5497 1628 5571 Lazari
1650 5504 1724 5571 et

152 5568 407 5635 Marthae,
439 5572 504 5624 de
534 5568 651 5640 'qua
698 5568 951 5640 Dominus
990 5568 1154 5639 ‘cjecit
1199 5578 1399 5638 septem
1435 5569 1716 5640 daemonia.

150 5642 274 5712 ipsa
303 5648 386 5694 est
419 5638 612 5712 autem,
637 5656 760 5712 non
785 5639 887 5691 alia
907 5679 922 5701 ,
965 5638 1084 5712 qua-
1112 5641 1410 5712 quondam,
1453 5647 1520 5712 _nt_
1550 5638 1721 5712 Lucas

150 5708 362 5774 scribit,
388 5711 657 5781 peccatrix
681 5710 874 5781 adhuc,
896 5708 1118 5763 veniens
1140 5712 1301 5779 pedes
1316 5708 1723 5781 DominiAlacry-

152 5778 618 5867 niispmnitentim
644 5780 866 5867 rigavit,
896 5789 949 5834 et
976 5778 1250 5867 unguento
1290 5779 1393 5867 piae
1422 5778 1711 5864 confessio-

153 5851 240 5909 nis
260 5848 437 5911 liuivit
464 5868 476 5905 :
500 5860 557 5907 et
581 5848 719 5923 quia
734 5850 958 5907 multum
981 5848 1183 5916 diléxit,
1202 5848 1489 5906 multorum
1503 5851 1718 5908 veniam

1627 4586 1718 4641 uid
1744 4544 1799 4606 Ῑ)

1830 4393 1860 4431 a
1890 4376 1983 4447 pio
2009 4374 2191 4444 judice
2214 4375 2533 4446 promeruit.
2556 4370 2761 4430 Ruteni
2787 4374 2849 4429 de
2877 4370 3158 4441 Universo,
3189 4373 3280 4431 lib.
3311 4388 3387 4447 tv,

1829 4447 2591 4599 m£.ésenium,.esennium,
2805 4514 2945 4585 quod
2986 4514 3232 4599 xenipm,
3275 4531 3392 4575 mn-

1820 4604 1945 4659 nus,
1961 4588 2180 4651 donum,
2195 4586 2426 4659 Δοιιιιιίο,
2442 4596 2500 4641 ut
2519 4587 2660 4659 apud
2684 4584 3032 4641 Hincsnarum
3052 4584 3390 4643 Rhemensem

1820 4657 2026 4712 Rabani
2058 4656 2428 4726 synchronum.

1896 4728 1914 4767 ί
1941 4725 2145 4781 Ardent
2170 4725 2311 4791 ligna
2340 4727 2393 4779 in
2426 4725 2616 4791 altari,
2645 4740 2767 4780 cum
2798 4725 3038 4782 cbaritas
3064 4726 3156 4783 Dei
3187 4726 3387 4785 diffun-

1819 4799 1966 4853 ditur
2013 4798 2066 4851 in
2105 4794 2357 4869 cordibus
2380 4796 2577 4869 nostris
2605 4810 2701 4869 per
2722 4794 2984 4869 Spiritum
3010 4804 3255 4869 sanctum
3295 4799 3388 4869 qui

1820 4870 1975 4925 datus
1996 4876 2081 4938 est
2099 4867 2282 4938 nobis.
2304 4865 2477 4936 Atque
2504 4867 2603 4921 hoc
2625 4865 2734 4936 igni
2765 4867 3157 4938 superpositum
3191 4865 3388 4925 consu-

1820 4941 1985 5012 mitur
2027 4934 2424 5012 holocaustum,
2467 4934 2883 5012 cum_un_iversa
2910 4934 3029 5007 qua:
3062 4934 3197 5012 bene
3225 4954 3387 5012 agere

1820 5008 2468 5081 (ιὶεροειιιίιιιιιεκ«ΙοιιιιιιιεΔ
2483 5006 2653 5079 gratia
2686 5004 3136 5081 Spirritus'sancti,
3161 5004 3387 5081 per'vir-

1822 5087 1987 5132 tutem
2040 5077 2341 5130 dilectionis
2379 5076 2865 5136 Dei'accenta’bilia
2911 5076 3229 5136 redduntur.
3274 5079 3384 5136 Ra-

1822 5148 1945 5203 Ιηιηί
1967 5144 2257 5201 Comment.
2279 5147 2335 5200 in
2358 5145 2623 5210 Exodum,
2646 5144 2748 5201 lib.
2778 5163 2865 5213 ill,
2892 5162 3011 5213 cap.
3046 5147 3132 5203 l6.

1895 5222 1921 5290 β
1957 5215 2285 5290 Unguentum
2305 5227 2387 5271 est
2413 5215 2758 5290 poenitentia;
2786 5225 2844 5272 ut
2870 5217 2926 5290 in
2950 5215 3240 5290 Evangelio
3263 5237 3276 5272 :
3303 5228 3386 5274 at-

1823 5288 1947 5360 tulit
1975 5288 2301 5360 alabastrum
2329 5290 2619 5360 unguenti:
2646 5286 2824 5360 idAest,
2848 5286 3184 5360 devotionem
3210 5291 3384 5360 pcenl-

1823 5359 1984 5415 tentis
2024 5356 2210 5411 animi.
2242 5354 2444 5411 Rabarii
2490 5356 2767 5428 Aliegoriw
2805 5357 2862 5412 in
2896 5374 3101 5412 sacram
3137 5354 3381 5430 Scripta.

1822 5446 1956 5483 ram.

1891 5499 1919 5540 δ
1953 5497 2271 5555 Pmuitentia
2298 5495 2446 5553 utilis
2468 5505 2525 5552 et
2551 5505 2922 5554 consummata
2940 5536 2957 5563 ,
2984 5505 3058 5567 fut
3096 5497 3151 5553 in
3180 5496 3378 5567 "alia,

1821 5569 1907 5624 cui
1933 5572 2045 5625 haec
2066 5569 2300 5638 quinque
2323 5568 2503 5623 insunt
2530 5585 2544 5624 :
2569 5569 2844 5632 contritio,
2868 5566 3166 5633 confessio,
3191 5566 3376 5625 mace;

1822 5642 1963 5695 ratio
1984 5681 1998 5703 ,
2029 5638 2297 5710 correptio
2321 5677 2336 5700 ,
2365 5640 2788 5709 perseverantia.
2830 5638 3042 5704 Prima,
3084 5639 3141 5710 in
3183 5639 3377 5707 corde;

1822 5711 2085 5776 secunda,
2114 5709 2313 5782 inore;
2344 5711 2523 5782 tertia,
2549 5711 2602 5766 in
2632 5716 3064 5782 carne;‘qu_arta,
3096 5709 3153 5765 in
3178 5724 3370 5782 opere;

1821 5782 2027 5851 quinta,
2060 5782 2115 5836 in
2142 5779 2351 5836 virtute.
2379 5777 2580 5837 Robusti
2606 5777 2884 5853 Aliquid
2912 5780 2971 5836 its
2996 5777 3378 5843 sacram—$ch

1820 5862 2047 5917 pturam.
3134 5892 3149 5903 .

3884 4946 3885 4973 i

3882 4978 3885 4999 i

3880 5070 3883 5123 ἔ

3878 5140 3881 5157 t

3880 5174 3881 5187 i

3876 5242 3879 5259 ι

3876 5368 3877 5385 i
