3938 6334
135 364 264 424 MM

1144 367 1235 424 DE
1276 369 1436 425 Vl'l‘A
1470 369 1532 424 Β.
1574 366 1816 426 MANE
1857 369 2334 430 MAGDALENE.

3240 380 3380 438 1442

131 495 216 537 ms
260 475 440 535 delicti
479 479 576 534 tui.
623 478 740 548 Quo
784 482 989 549 audito,
1030 482 1384 539 scandalizati
1430 491 1556 540 sunt
1596 482 1690 554 qui
1717 485 1771 546 Α
1794 483 1935 539 mira
1965 482 2271 551 affectione,
2293 491 2349 539 et
2373 484 2563 541 sedula
2584 485 2808 554 pietate,
2839 487 3078 560 acceptis
3104 489 3175 547 ab
3194 504 3262 548 eo
3284 491 3382 549 be-

131 569 288 627 simul
312 569 728 629 discumbebant
744 576 986 632 conviva:
1001 614 1017 642 ,
1049 585 1099 632 et
1123 586 1384 648 ceperunt
1409 576 1581 632 dicere
1617 577 1701 633 in-

130 674 213 719 tra
236 679 291 718 se
317 676 337 715 :
361 661 492 730 Quis
518 674 593 720 est
620 664 705 720 hic
744 668 835 737 qui
860 668 1018 722 etiam
1056 677 1270 738 peccata
1308 668 1566 723 dimittit?
1587 667 1702 725 Hoc

128 755 269 810 enim
308 768 445 825 opus
470 756 637 813 solius
670 757 767 814 Dei
804 769 908 815 est.
935 757 1136 815 Verum
1178 759 1300 817 illos
1341 759 1469 816 talia
1518 776 1700 819 secum

127 855 424 914 versantes,
453 849 556 904 sibi
581 849 799 922 reliquit
822 851 1101 921 Salvator;
1124 852 1194 909 ad
1218 852 1445 917 Mariam
1475 870 1701 911 conver—

126 954 221 995 sus
256 957 270 994 :
304 938 464 996 Fides
491 950 616 1008 tua,
644 943 851 1016 inquit,
877 946 1062 1016 qua;te
1084 944 1493 1017 impetraturam
1521 948 1697 1025 credi-

127 1032 276 1099 disti,
296 1033 440 1103 quod
465 1033 704 1093 ofﬁciose
728 1036 914 1109 petisti
943 1050 993 1106 ι,
1016 1047 1066 1093 te
1090 1039 1288 1095 salvam
1309 1040 1430 1110 fecit
1449 1058 1469 1107 ;
1491 1042 1619 1097 vade
1642 1041 1697 1096 in

122 1139 269 1193 pace.
300 1122 415 1181 Hoc
445 1122 761 1184 felicissimo
800 1130 1023 1186 oraculo
1051 1130 1354 1188 confortata
1379 1132 1572 1200 Maria,
1604 1134 1699 1189 ad-

124 1215 307 1270 oravit
336 1214 672 1274 Salvatorem
691 1259 707 1286 ,
744 1236 978 1292 moxque
998 1222 1193 1292 gaudio
1224 1222 1477 1280 ineffabili
1502 1224 1660 1294 plena
1678 1264 1694 1291 ,

124 1305 429 1362 convivium
456 1311 931 1379 egressa,secessit
957 1311 1015 1366 in
1040 1327 1160 1380 sua,
1189 1312 1558 1383 septiformem
1576 1312 1698 1384 Spi-

124 1396 289 1451 ritum
333 1396 389 1452 in
424 1406 646 1469 pectore
668 1409 924 1472 portans;
952 1402 1316 1475 lacrymarum
1356 1404 1561 1475 impetu
1590 1418 1696 1460 non

58 1478 73 1490 ’
123 1490 341 1558 quidem
390 1505 676 1563 represso,
725 1496 821 1552 sed
866 1497 1156 1554 minutato.
1200 1497 1330 1565 Quae
1366 1498 1509 1554 enim
1548 1499 1698 1568 prius

121 1578 748 1643 fuerantamaritudinis
784 1602 851 1642 ex
876 1603 1057 1659 pinna,
1086 1587 1241 1644 factae
1260 1597 1385 1644 sunt
1405 1588 1605 1644 laetitiae
1629 1604 1695 1645 ex

122 1680 377 1742 percepta
413 1675 592 1731 venia.
643 1674 795 1735 Tunc
841 1681 1077 1749 ﬂuminis
1122 1680 1343 1752 impetus
1387 1682 1415 1722 δ
1463 1681 1697 1751 laetiﬁcat

122 1773 359 1822 mentem
391 1766 596 1837 Mariae,
625 1770 883 1826 civitatem
904 1772 1003 1828 Dei
1026 1784 1074 1841 ε,
1097 1781 1227 1830 tunc
1249 1774 1593 1841 sanctiﬁcavit
1614 1784 1696 1830 ta-

1799 573 2012 632 neticiis
2056 573 2448 645 respondentes
2470 615 2487 641 ,
2533 576 2625 646 pia
2666 576 2950 634 devotione
2991 577 3038 633 ί.
3090 578 3379 636 Curaeerat

1798 666 1999 738 quippe
2020 683 2110 722 eas
2139 683 2173 721 a
2206 668 2477 740 spiritibus
2502 667 2767 740 malignis,
2781 678 2830 724 et
2849 669 3263 739 inﬁrmitatibus.
3285 671 3370 729 Ad

1799 754 1965 811 tiliam
2006 754 2143 812 Jairi
2188 757 2472 829 principis,
2499 758 2835 816 duodennem
2867 760 2916 827 ⁸,
2947 758 3157 816 Talitha
3194 764 3366 835 eunti,

1798 845 2070 919 inquiens,
2092 857 2365 904 mortuam
2392 849 2673 906 suscitavit
2701 849 2895 923 (Marc.
2928 850 3014 924 v);
3043 851 3305 924 jussitque
3324 854 3376 909 ei

1797 936 1919 991 dari
1956 938 2275 994 manducare
2296 939 2348 993 ιι.
2379 938 2799 1012 Syrophaznissa:
2846 941 3006 998 ﬁdem
3043 952 3332 1016 acceptans
3353 985 3367 1009 .

1797 1023 1967 1081 ﬁliam
1988 1026 2105 1099 ejus
2127 1043 2158 1083 a
2183 1025 2449 1085 daemonio
2471 1029 2752 1086 mandavit
2772 1029 2925 1103 (Luc.
2953 1031 3093 1105 vni).
3116 1033 3376 1108 Emoroy-

1796 1116 1967 1173 dami
2007 1125 2157 1173 tactu
2205 1116 2433 1177 ﬁmbriae
2473 1121 2714 1188 curavit,
2757 1130 2815 1177 et
2854 1122 3017 1179 ﬁdem
3056 1122 3174 1194 ejus
3212 1124 3377 1182 vehe-

1796 1207 2133 1266 meutissime
2164 1210 2560 1269 commendavit
2587 1214 2632 1268 ί.
2654 1212 2783 1269 Haec
2801 1212 3062 1272 Caesareae
3086 1216 3319 1288 Philippi
3344 1215 3358 1268 i

1796 1299 1954 1366 civis,
1980 1308 2037 1356 et
2067 1300 2279 1358 Martha
2306 1303 2449 1360 dicta
2476 1315 2578 1361 est.
2612 1323 2631 1357 ι
2666 1304 2869 1362 Domus
2895 1305 3042 1377 ejus,
3064 1307 3168 1375 ibi,
3202 1323 3373 1381 usque

1795 1405 1962 1459 nunc,
1989 1392 2266 1459 cernitur;
2286 1408 2401 1465 prae
2417 1392 2574 1464 cujus
2591 1393 2820 1465 foribus,
2845 1404 2956 1452 stat
2977 1398 3146 1465 basis,
3171 1399 3227 1455 in
3250 1399 3369 1456 loco

1796 1482 2037 1551 editiori,
2069 1484 2125 1540 in
2150 1499 2255 1555 qua
2290 1486 2534 1543 mulieris
2570 1487 2772 1557 ipsius,
2800 1487 2949 1544 velut
2981 1488 3206 1559 genibus
3250 1506 3373 1562 pro-

1795 1573 1992 1631 volutae
2030 1574 2347 1647 palmasque
2388 1577 2702 1648 suppliciter
2734 1578 3032 1646 tendentis,
3063 1580 3240 1652 imago
3265 1596 3373 1637 rere

1796 1661 2006 1717 videtur
2033 1677 2321 1735 expressa;
2349 1672 2495 1721 astat
2518 1665 2568 1721 ei
2606 1665 2711 1720 alia
2747 1680 2855 1723 aere
2884 1667 3002 1724 fusa
3036 1676 3251 1735 statua,
3278 1670 3373 1725 ha-

1792 1752 1910 1809 bitu
1941 1754 2063 1819 viri,
2086 1754 2226 1810 stola
2247 1763 2460 1826 compte
2478 1756 2818 1826 circumdati,
2848 1757 3131 1816 dexteram
3155 1759 3372 1818 mulieri

122 1859 462 1916 bernaculum
492 1878 647 1918 suum
677 1863 975 1921 Altissimus
999 1865 1171 1938 (Psal.
1202 1883 1325 1932 xcv,
1357 1866 1413 1938 5)
1442 1867 1497 1923 in
1528 1867 1620 1923 illa
1641 1866 1691 1923 ἀ.
1723 1850 1773 1912 Β
1797 1845 2145 1938 Ροηίεειιιίεο
2170 1846 2342 1918 Hujus
2368 1849 2438 1905 ad
2463 1850 2628 1921 Pedes
2653 1859 2864 1919 suum:
2892 1853 3135 1909 ηθδείιυι*
3153 1868 3221 1911 6!
3242 1854 3373 1912 11386

120 1948 204 2003 Ex
225 1957 374 2017 tunc,
398 1966 507 2008 non
531 1953 695 2011 animi
719 1954 907 2011 vitium
928 1955 1015 2012 vel
1041 1958 1282 2028 corporis
1312 1956 1477 2012 ullum
1502 1957 1603 2014 fuit
1637 1958 1693 2013 in

118 2040 232 2096 illa.
273 2040 355 2097 Ex
385 2050 552 2108 tunc,
580 2044 777 2116 pudica
823 2062 928 2116 qua
969 2046 1113 2102 nulla
1150 2048 1346 2118 pudica
1387 2048 1587 2120 magis!
1613 2047 1693 2103 Ex

118 2142 253 2187 tunc
281 2133 415 2189 vicit
438 2142 711 2204 naturam,
740 2138 909 2194 cessit
934 2149 991 2195 et
1015 2139 1131 2209 ipsa
1154 2139 1277 2195 sibi.
1301 2138 1379 2195 Ex
1410 2148 1556 2207 tunc,
1577 2156 1694 2196 mo-

116 2240 211 2280 res
241 2240 369 2281 suos
400 2225 481 2283 sic
506 2226 808 2284 eliminavit
829 2270 846 2296 ,
872 2239 933 2284 ut
963 2230 1018 2285 in
1054 2245 1118 2286 ea
1146 2246 1373 2303 qumque
1409 2247 1538 2303 pars
1563 2230 1693 2288 boni

113 2316 211 2382 sit,
240 2317 417 2387 portio
436 2317 580 2373 nulla
602 2319 746 2375 mali.
778 2317 962 2376 Talem
989 2319 1213 2376 Mariam
1249 2338 1411 2393 quam
1436 2322 1575 2378 scire
1598 2322 1694 2378 bo-

111 2423 270 2473 num,
307 2416 415 2463 tam
444 2409 625 2466 dicere
665 2410 902 2484 dignum.
926 2411 1042 2468 Hoc
1078 2411 1251 2467 solum
1295 2411 1546 2469 laudibus
1578 2412 1695 2481 ejus

110 2512 221 2570 ego
242 2497 429 2555 defero
456 2499 710 2572 dignum,
753 2502 898 2575 quod
934 2516 1024 2559 me
1052 2500 1283 2560 diﬂiteor
1318 2502 1497 2559 dicere
1530 2502 1692 2576 digna

108 2606 298 2663 posse.

105 2734 248 2792 Car.
276 2733 369 2792 IX.
392 2766 463 2778 -—
502 2734 602 2793 Ubi
624 2734 807 2810 Maria
827 2756 945 2794 cum
966 2739 1122 2810 sociis
1152 2737 1456 2795 mulieribus
1482 2746 1695 2810 gratan-

538 2818 617 2864 ter
642 2818 693 2864 et
719 2809 901 2865 sedulo
927 2809 1261 2865 ministravit.

92 2942 99 2949 ’
194 2939 325 2997 Post
348 2941 484 3010 hac,
510 2942 610 2997 iter
635 2943 856 3013 faciente
877 2943 1106 3000 Domino
1128 2943 1410 3001 Salvatore
1448 2961 1541 3015 per
1562 2943 1693 2999 civi-

103 3038 253 3087 tates
279 3042 326 3087 et
346 3032 585 3101 castella,
609 3050 728 3089 eum
757 3034 1029 3090 duodecim
1055 3035 1322 3107 apostolis,
1352 3045 1401 3091 et
1425 3034 1692 3107 evangeli-

104 3132 274 3177 zante
286 3139 502 3195 regnum
520 3124 619 3181 Dei
635 3139 654 3177 :
671 3126 1033 3197 sequebantur
1052 3142 1176 3182 eum
1190 3126 1395 3183 nobiles
1414 3134 1693 3191 matronae,

1797 1934 1969 1993 herba
2006 1939 2272 2009 quaedam,
2302 1956 2441 1997 nova
2466 1942 2647 2013 specie
2665 1983 2682 2010 ,
2713 1958 2834 2013 quae
2861 1958 3178 2003 excrescere
3204 1962 3376 2019 usque

1795 2029 1863 2087 ad
1893 2029 2348 2103 ﬁmbriam,stolze
2372 2033 2516 2091 illius
2545 2034 2847 2092 indumenti
2867 2037 2994 2092 arei
3023 2038 3182 2096 solet.
3200 2038 3373 2107 Quam

1794 2135 1919 2177 cum
1946 2136 2159 2178 summo
2180 2124 2387 2181 vertice
2412 2139 2666 2183 crescens
2695 2126 2867 2183 herba
2885 2127 3200 2200 contigerit,
3230 2127 3374 2184 vires

1794 2212 2025 2268 inde'ad
2060 2212 2404 2284 depellendos
2449 2229 2640 2272 omnes
2685 2215 2934 2284 morbos,
2980 2216 3376 2289 languoresque

1792 2305 2100 2376 conquirit;
2127 2305 2201 2362 ita
2224 2314 2283 2363 ut
2305 2324 2373 2365 ex
2403 2308 2603 2367 haustu
2629 2309 2826 2382 exiguo
2850 2309 3138 2368 madefacti
3162 2311 3366 2367 saluta-

1795 2395 1875 2451 ris
1899 2394 2186 2466 graminis,
2220 2396 2593 2468 depellantur;
2636 2398 2774 2454 nihil
2804 2399 3025 2455 omnino
3058 2399 3255 2455 virium
3282 2415 3375 2473 ge-

1792 2488 1984 2554 rentis,
2015 2489 2063 2545 si
2096 2498 2386 2561 antequam
2413 2505 2571 2548 aereae
2594 2490 2823 2548 ﬁmbriae
2860 2493 3228 2548 summitatem
3257 2507 3374 2548 cre-

1793 2582 1996 2639 scendo
2044 2582 2370 2655 contigerit,
2424 2586 2770 2656 decerpatnr.
2823 2582 2976 2641 Hanc
3025 2593 3260 2641 statuam
3307 2584 3375 2639 ad

1793 2672 2201 2730 similitudinem
2229 2673 2412 2732 vultus
2447 2674 2667 2732 Domini
2690 2674 2819 2733 Jesu
2842 2674 3047 2732 Christi
3084 2674 3374 2731 formatam
3444 2750 3451 2757 ἱ

1794 2765 2033 2823 tradunt.
2057 2766 2127 2822 Et
2143 2765 2278 2823 nihil
2298 2768 2517 2832 mirum,
2539 2767 2588 2824 si
2605 2782 2705 2838 pro
2728 2766 3025 2835 beneﬂciis,
3047 2782 3167 2838 qua:
3187 2782 3220 2821 a
3249 2764 3370 2821 Sal-

1793 2866 1979 2915 vatore
2002 2867 2295 2915 consecuta
2320 2867 2405 2915 est
2425 2859 2621 2916 mulier
2641 2859 2971 2932 huiusmodi,
2992 2858 3142 2915 velut
3164 2873 3367 2914 munus

1793 2949 2105 3016 memorale,
2134 2950 2341 3006 studuit
2358 2948 2574 3006 olferre.
2597 2949 2752 3019 Quod
2776 2965 2947 3020 usque
2968 2948 3153 3014 hodie,
3182 2964 3374 3019 quam-

1792 3044 1878 3100 vis
1902 3058 1969 3099 ex
1997 3043 2182 3116 gentili
2209 3043 2613 3109 consuetudine,
2642 3054 2675 3098 a
2703 3041 3028 3099 christicolis
3066 3039 3374 3098 indifferen-

1797 3143 1883 3190 ter
1910 3135 2250 3199 observatur,
2291 3141 2347 3190 et
2393 3134 2468 3189 ita
2508 3132 2685 3190 solent
2711 3134 2985 3189 honorare
3009 3146 3146 3204 quos
3170 3132 3376 3187 honore

103 3212 266 3269 inter
291 3229 427 3289 quas
456 3224 577 3271 erat
608 3217 952 3298 primiceria,
979 3217 1228 3289 specialis
1271 3216 1444 3274 amica
1480 3216 1690 3272 Domini

1797 3225 1985 3298 dignos
2011 3225 2287 3282 duxerint.
2312 3223 2549 3296 Insignia
2575 3223 2721 3280 enim
2749 3232 2994 3282 veterum
3020 3221 3283 3279 reservari
3306 3220 3372 3276 ad

100 3301 441 3375 Salvatoris,
455 3306 635 3364 Πανία
656 3307 994 3381 Hagdalena,
1017 3318 1067 3365 et
1093 3308 1325 3374 Joanna,
1347 3319 1395 3365 et
1414 3308 1687 3376 Susanna,

97 3408 163 3453 et
193 3397 315 3455 alia:
340 3402 523 3458 multa:
554 3419 672 3476 qua:
711 3403 1077 3459 ministrabant
1109 3403 1174 3459 de
1212 3400 1554 3472 facultatibus
1583 3403 1693 3458 suis

100 3491 421 3553 Dominicis
460 3498 647 3555 usibus
672 3510 720 3566 ο,
757 3507 814 3557 et
844 3497 1208 3570 apostolorum
1242 3500 1655 3558 necessitatibus
1674 3541 1688 3566 ,

1793 3317 2112 3375 memoriam
2131 3324 2495 3388 posterorum,
2514 3315 2726 3373 illorum
2747 3315 2992 3383 honoris,
3018 3316 3213 3372 horum
3230 3328 3377 3370 amo-

1789 3410 1897 3477 ris,
1928 3408 2189 3465 indicium
2229 3416 2316 3465 est
2351 3405 2570 3480 (Euseb.
2649 3405 2789 3463 Hist.
2832 3405 3039 3469 ποια..
3087 3422 3154 3463 εει
3190 3404 3375 3475 Ruﬁni

1791 3500 2086 3574 translat.).
2122 3520 2141 3554 ι

1011 3648 1193 3692 NOTB
1236 3647 1617 3696 POTISSIMUM
1660 3652 1747 3696 EX
1788 3652 2043 3695 ΒΔΒΔΝΟ
2084 3650 2461 3698 DBSUMPTE.

95 3748 263 3826 Quid
287 3761 407 3804 esse
431 3746 773 3826 dilectionem
801 3749 1092 3826 credimus,
1118 3750 1224 3805 nisi
1248 3750 1460 3826 ignem?
1487 3761 1542 3807 et
1564 3752 1695 3826 quid
1797 3753 2172 3826 resuscitatam
2189 3754 2518 3810 manducare
2512 3750 2805 3826 praecepit,
2819 3760 2890 3826 ut
2902 3766 3012 3826 non
3022 3753 3367 3826 phantasma,

96 3819 308 3891 culpas
331 3858 346 3884 ,
366 3819 495 3891 nisi
525 3819 865 3891 rubiginem?
889 3835 953 3876 ac
977 3821 1023 3875 si
1063 3829 1248 3891 aperte
1273 3819 1545 3891 diceretur
1567 3819 1598 3876 ;“
1614 3822 1695 3878 in-

96 3890 303 3972 cendit
328 3890 487 3972 plene
510 3890 715 3973 peccati
738 3890 1058 3962 rubiginem,
1084 3890 1210 3973 quia
1233 3890 1387 3945 ardet
1410 3891 1584 3973 valide
1599 3907 1695 3973 per

99 3959 547 4032 amoris’ignem‘.
571 3960 744 4017 Tanto
762 3959 1007 4032 namque
1021 3959 1250 4032 amplius
1268 3962 1473 4031 peccati
1502 3959 1695 4032 rubigo

98 4031 482 4103 consumitur,
511 4040 715 4103 quanto
744 4031 1043 4103 peccatoris
1071 4031 1384 4103 cergmagno
1411 4033 1694 4103 charitatis

98 4102 248 4165 igne
272 4100 562 4157 crematun.
593 4101 661 4156 In
684 4100 901 4165 Lucam,
926 4101 1017 4157 lib.
1048 4118 1128 4157 ιιι.
1152 4100 1352 4155 Homil.
1384 4103 1440 4156 in
1463 4100 1596 4158 Nat.
1622 4104 1689 4158 Β.

182 4171 314 4226 arice
352 4170 703 4246 yagdalence.
743 4173 830 4228 Ex
866 4170 927 4228 S.
956 4169 1109 4245 Greg.
1136 4170 1331 4244 Magno
1365 4172 1423 4227 in
1462 4173 1690 4246 Evang.,

100 4241 218 4295 lib.
254 4256 314 4305 It,
343 4241 541 4297 Homil.
566 4242 655 4298 33.

194 4322 223 4351 ι
259 4311 402 4397 Quia
424 4314 529 4397 h‘oc
555 4314 700 4397 quod
722 4315 896 4397 petiit,
922 4329 1080 4397 posse
1108 4329 1167 4397 ῃ
1186 4314 1572 4397 acciperennon
1589 4314 1690 4369 du-

100 4382 334 4438 bitavit.
355 4382 521 4450 Beda,
550 4382 699 4452 ibid.,
724 4382 780 4441 in
799 4382 998 4440 Lucrini
1021 4395 1069 4442 et
1099 4382 1413 4441 HomiliEx
1436 4385 1499 4442 S.
1529 4384 1686 4457 Greg.

102 4450 341 4508 Manno.
371 4453 510 4508 Ibid.

181 4468 341 4523 agno.
371 4468 510 4508 tota.

192 4520 498 4595 biFlumen,
524 4533 583 4595 ut
602 4524 832 4595 Spiritus
855 4535 1091 4594 sanctus,
1120 4535 1179 4581 ut
1205 4526 1258 4582 in
1282 4526 1540 4584 Psalmis:
1559 4523 1692 4581 Flu-

1797 3824 1893 3881 sed
1912 3823 2115 3880 veritas
2136 3826 2471 3879 crederetur.
2501 3821 2930 3878 Rubeniﬂomit.

1867 3894 1897 3935 ιι
1925 3894 2303 3961 Emoroydam,
2329 3893 2386 3947 id
2408 3902 2506 3961 est,
2534 3892 3003 3949 haemorrhoicam.

1872 3965 1905 4034 i7
1923 3961 2184 4034 Exempla
2212 3963 2324 4034 haec
2350 3964 2456 4018 duo
2480 3963 2696 4018 adducit
2715 3961 2986 4034 Rabanus,
3007 3971 3057 4018 et
3078 3962 3301 4020 Talithw
3320 3974 3370 4021 et

1795 4033 2030 4105 mulieris
2055 4033 2466 4105 hiemarrhoicte,
2495 4042 2553 4088 ut
2577 4042 2695 4105 pote
2729 4033 3084 4105 signiﬁcantia
3121 4035 3359 4105 judaica:

1794 4102 2047 4187 Ecclesia:
2072 4112 2122 4158 et
2148 4102 2486 4187 Ecclesicenex
2511 4102 2747 4187 gentibus
2768 4102 2791 4157 ἐ
2811 4102 3236 4187 Archisynagogi
3259 4104 3367 4187 ﬁlia

1793 4175 1860 4229 ad
1883 4188 2045 4245 quam
2073 4173 2366 4246 curandam
2387 4173 2646 4246 Dominus
2674 4173 2802 4228 dum
2822 4173 3091 4246 pergeret,
3120 4173 3270 4246 prius
3292 4182 3368 4230 ta-

1791 4244 1917 4300 men
1957 4252 2247 4314 antequam
2275 4245 2345 4315 ad
2366 4259 2485 4300 eam
2510 4244 2750 4315 veniret,
2776 4244 2973 4315 tetigit;
2998 4244 3185 4299 eumia
3216 4253 3368 4315 tergo

1791 4315 1987 4387 mulier
2034 4313 2155 4387 quae
2179 4313 3060 4387 proﬂuviosanguinisjaborabat
3087 4321 3143 4369 et
3177 4313 3365 4371 curata

1790 4394 1892 4458 est.
1923 4383 2347 4458 Archisynagogi
2370 4383 2593 4458 quidem
2614 4384 2724 4439 lilia
2745 4383 2927 4458 Judea;
2948 4392 3135 4458 typum
3160 4387 3365 4458 tenuit:

1790 4455 1908 4512 haec
1936 4454 2139 4520 autem,
2168 4454 2576 4580 gzuze'proﬂuvio
2606 4455 2886 4581 sanguinis
2906 4454 3205 4521 laberabat,
3232 4455 3367 4527 ﬁgu-

1792 4541 1910 4581 ram
1945 4525 2132 4581 habuit
2218 4524 2430 4581 cclesias
2464 4542 2531 4581 ex
2563 4526 2708 4581 acuti
2748 4541 2831 4581 us.
2874 4524 3038 4581 Ouae.
3081 4525 3208 4580 dum
3246 4536 3367 4581 nost

1792 4541 1910 4581 ram
1945 4525 2132 4607 habuit
2174 4524 2430 4610 Ecclesiae
2464 4542 2531 4582 ex
2547 4524 2831 4610 gentibus.
2874 4524 3038 4610 Quae,
3081 4525 3227 4610 dun;
3246 4524 3367 4609 post

104 4593 280 4680 ,τιειεερ
312 4576 1191 4680 apas.jia§ﬁi;{2sf.imvis
1200 4576 1688 4680 gemiag's'sai
1716 4576 1769 4638 ι)
1793 4576 2664 4680 saansaan—emat"cetera
2673 4576 2921 4680 111.35.:
2929 4576 3370 4666 massas;

103 4664 318 4738 gratia.
349 4664 851 4738 RabaniAllegoria:
877 4669 934 4722 in
957 4684 1164 4738 sacram
1194 4664 1545 4738 Scripturam.

191 4731 469 4809 °_Ciritas_
478 4736 655 4809 anima
680 4731 932 4809 saneta...
960 4737 1153 4809 Civitas
1194 4731 1590 4809 gentilitas,_ut
1632 4737 1688 4809 in

102 4803 353 4890 Psalmis
378 4824 391 4860 :
420 4804 682 4890 {amittis
710 4808 930 4890 impetus
949 4803 1458 4890 imtiﬁcat‘civitatem
1489 4807 1606 4890 Dei,
1634 4807 1689 4863 id

100 4882 201 4928 est
252 4874 557 4949 fecunditas
608 4874 792 4949 Sancti
820 4874 1065 4949 Spiritus
1109 4877 1376 4949 exbila_rat
1429 4877 1686 4948 populum

100 4945 393 5016 gentilem.
424 4945 631 5003 Rabani
664 4945 940 5018 Allegofiae
956 4950 1014 5003 in
1036 4963 1241 5002 sacram
1264 4945 1613 5019 Script'uram.

188 5013 217 5053 ἀ
255 5015 669 5073 Tabernaculum
697 5032 851 5073 mens
879 5029 1084 5073 nostra.
1110 5017 1250 5071 Ibid.

299 5032 669 5073 aoemacutum
697 5032 851 5074 mens
879 5032 1084 5074 nostra.
1110 5032 1250 5071 ιυιίι.

194 5096 222 5125 ο
252 5085 625 5143 Ministrabant
665 5098 842 5145 autem
882 5089 1110 5146 Domino
1139 5089 1207 5143 de
1234 5087 1534 5145 substantia
1555 5103 1684 5157 sua,

104 5165 181 5231 ut
206 5164 437 5231 metet-et
462 5172 650 5214 eorum
679 5159 942 5231 carnalia,
969 5157 1265 5231 cujusjllze
1282 5158 1559 5215 metebant
1578 5160 1689 5231 spi-

106 5226 493 5301 ritualiatnon
518 5244 627 5300 quo
652 5229 929 5301 indigeret;
948 5226 1086 5285 cibis
1116 5228 1374 5301 Dominus
1413 5226 1686 5301 creaturae

104 5313 266 5371 rum,
293 5298 390 5354 sed
427 5307 488 5354 ut
526 5298 709 5371 typum
744 5298 1056 5371 ostenderet
1092 5300 1510 5371 magistrorum,
1542 5300 1684 5371 quod

108 5368 268 5423 victu
292 5377 454 5440 atque
483 5368 682 5426 vestitu
707 5385 775 5426 ex
804 5369 1078 5440 discipulis
1103 5368 1364 5424 deberent
1393 5386 1517 5440 esse
1554 5368 1686 5427 cou-

104 5440 279 5494 tenti.
300 5438 506 5495 ιζᾱὸαηὶ
526 5441 580 5495 in
608 5440 825 5506 Hatth.,
854 5438 957 5496 lib.“
978 5456 1072 5496 vm
1096 5480 1111 5507 ,
1140 5455 1264 5510 cap.
1287 5440 1378 5495 27.
1405 5438 1565 5497 Beda:
1589 5442 1685 5496 Ιιο-

102 5511 236 5582 ntit.
252 5510 662 5582 ‘Qitadragesim.

199 5580 219 5620 ί
251 5579 619 5647 Duodennem,
646 5583 700 5637 id
730 5591 825 5647 est,
858 5582 1131 5636 duodecim
1157 5598 1324 5636 annos
1357 5589 1557 5636 natam.
1580 5580 1690 5636 No-

108 5651 516 5735 Eandumlquod
546 5652 1058 5735 ethrchisynagogi
1097 5652 1415 5735 (luodetinis
1441 5652 1513 5706 sit
1560 5651 1687 5706 tilia.

110 5720 326 5793 liabaini
350 5718 637 5778 Comment.
667 5725 721 5779 in
748 5718 965 5788 Mdttlcf,
996 5718 1088 5778 lib.
1116 5738 1202 5789 ιιι,
1229 5740 1349 5793 cap.
1383 5722 1435 5776 9.

1801 4684 1930 4722 num
1956 4666 2164 4739 tetigit,
2196 4676 2252 4739 et
2283 4677 2409 4739 ante
2447 4667 2694 4739 accipere
2714 4666 2967 4739 salutem
2998 4681 3159 4736 quam
3203 4681 3366 4737 syna-

1794 4753 1928 4815 goga
1955 4734 2276 4807 promeruit.
2301 4737 2505 4792 Rabani
2525 4734 2590 4792 de
2619 4734 2891 4803 Universo,
2913 4734 3113 4791 libfiv.
3234 4734 3245 4737 '

1865 4818 1880 4858 ι
1917 4808 2178 4863 Caesarea:
2208 4807 2456 4863 civitates
2479 4805 2676 4863 Iudaeae
2713 4813 2840 4862 sunt
2881 4807 2938 4862 in
2987 4814 3132 4862 terra
3178 4821 3362 4863 renro-

1865 4822 1880 4858 ι
1917 4822 2178 4863 umsarea:
2208 4822 2456 4863 emtates
2479 4822 2676 4863 suam
2713 4822 2840 4862 sunt
2881 4822 2938 4862 ιιι
2987 4822 3132 4862 terra
3178 4822 3362 4875 repro-

1791 4878 2102 4944 missionis,
2142 4876 2238 4933 ubi
2277 4876 2525 4934 Caesarea
2563 4876 2847 4934 Palestina:
2889 4877 2942 4932 in
2980 4875 3164 4932 littore
3203 4876 3369 4932 maris

1793 4948 1939 5019 sita:
1971 4947 2142 5004 altera
2168 4961 2296 5004 vero
2334 4948 2585 5019 Caesarea
2627 4946 2853 5019 Philippi
2892 4945 3051 5019 cujus
3091 4945 3366 5019 Evangelii

1795 5018 2078 5111 §criptura
2125 5018 2394 5075 meminit.
2440 5017 2647 5074 Rabani
2693 5014 3080 5085 de'Universo,
3246 5014 3364 5083 inv,

1793 5102 1914 5144 can.
1948 5090 1999 5143 l.

1858 5104 2142 5243 Philippus
2158 5159 2331 5243 frater
2349 5157 2596 5243 lierodis,
2611 5157 3096 5243 tetra_rgha.l.turem
3114 5164 3170 5240 et
3194 5156 3366 5243 Tura-

1795 5224 2329 5314 conitidiéregionis,
2362 5230 2419 5285 in
2441 5224 2700 5314 honorem
2728 5224 3362 5314 Tih9ﬁ§_cwri§,g

1790 5314 1999 5382 saream
2022 5295 2279 5382 Philippi,
2294 5314 2584 5382 quinum:
2597 5297 3038 5382 Paucasdicitur,
3054 5295 3363 5382 appellavit,

1789 5377 1848 5425 et
1875 5378 1961 5426 est
1985 5370 2042 5425 in
2066 5369 2346 5446 provincia
2375 5369 2679 5446 Phtenicis,
2709 5370 2949 5446 imitatus
2974 5369 3248 5446 llerodeni
3267 5380 3364 5446 paf

1793 5448 1967 5522 trem,
2009 5434 2103 5511 qni
2151 5442 2206 5497 in
2256 5441 2519 5522 honorem
2556 5434 2782 5522 Augusti
2802 5439 3054 5522 Δ(ἒξειιινὶβ
3079 5434 3363 5522 appellavit

1797 5507 2111 5583 Ccesarenm,
2136 5526 2255 5583 qua:
2279 5514 2431 5583 prius
2443 5507 2931 5583 ΔΤιιινιιξῐεεναιοιιὶε
2948 5507 3278 5583 _voc_abatun
3305 5513 3361 5560 ει

1797 5595 1863 5634 ex
1895 5576 2112 5637 nomine
2140 5576 2259 5650 ejus
2279 5576 2412 5636 'tiliae
2436 5578 2698 5637 Juliadem
2716 5621 2730 5644 ,
2758 5590 2910 5636 trans
2942 5576 3229 5634 Iordanem
3271 5589 3361 5629 ex-

1797 5651 2011 5702 struxit.
2035 5651 2139 5702 lste
2166 5653 2314 5702 locus
2334 5659 2418 5702 est
2435 5650 2694 5702 Cmsarea:
2716 5647 2944 5702 Philippi
2960 5687 2976 5702 .
2997 5646 3087 5702 ubi
3108 5644 3360 5702 Jordanis

1796 5651 2011 5705 struxit.
2034 5651 2139 5707 lste
2166 5653 2314 5707 locus
2334 5659 2418 5707 est
2435 5650 2694 5708 Cmsareac
2716 5650 2976 5719 Philippi,
2997 5650 3087 5702 ubi
3108 5650 3360 5702 Iordanis

1796 5721 1968 5776 oritur
1997 5723 2063 5777 ad
2088 5718 2295 5778 radices
2317 5722 2507 5778 Libani
2538 5730 2592 5778 et
2615 5720 2779 5777 habet
2804 5719 2940 5773 duos
2962 5717 3168 5782 fontes,
3192 5730 3359 5770 unum

198 5794 222 5833 ⁸
246 5792 417 5848 Jussit
437 5794 486 5848 ei
513 5794 632 5849 dari
660 5785 997 5851 manducare.
1040 5792 1120 5849 Ad
1164 5785 1531 5852 testiinonium
1568 5792 1691 5847 vitae
1797 5792 2012 5848 nontine
2038 5792 2154 5861 Jor,
2182 5806 2230 5850 et
2258 5794 2481 5850 alterum
2512 5793 2653 5858 Dan,
2679 5790 2770 5862 qui
2795 5786 2959 5845 simul
2980 5787 3133 5845 mixti
3165 5785 3360 5843 Jordaa
