3938 6334
473 395 609 455 1447

1104 389 1166 443 Β.
1207 385 1456 442 RABANI
1496 383 1716 440 MAURI
1750 379 2084 437 ARCHIEP.
2114 373 2420 435 MOGUNT.
2463 371 2746 430 OPEBUM
2784 371 2964 428 PARS
3000 370 3088 425 lll.

3603 360 3736 416 ίμε

471 506 724 570 Galilzete,
755 514 868 559 tum
906 503 960 556 in
987 501 1271 567 Bethania,
1317 511 1466 556 trans
1500 499 1812 564 Jordanem,
1840 507 1956 550 tum
1984 496 2040 550 in
2068 497 2118 558 Α
2145 491 2280 562 lapsi
2329 491 2526 555 simus,
2558 487 2643 542 vel
2693 486 2800 541 labi
2840 497 3141 555 possemus.
3185 479 3468 570 [astabant
3517 478 3738 533 interim

472 596 680 661 Judtea,
699 593 755 649 in
779 591 1062 658 Bethania,
1084 591 1241 660 juxta
1273 590 1594 647 Jerusalem.
1617 588 1661 644 Ο
1683 601 1809 643 vere
1832 586 2038 652 felices,

473 689 808 756 multumque
823 684 1094 754 beati,-qui
1114 693 1317 739 tantum
1334 683 1600 753 hospitem
1622 685 1934 735 meruerunt
1948 679 2042 732 ha-

475 783 626 848 bere,
663 787 946 851 pascentes
965 791 1156 848 panem
1183 775 1517 843 angelorum,
1541 789 1571 827 a
1597 786 1704 842 quo
1743 780 1798 825 et
1829 770 1930 840 ipsi
1951 783 2044 838 pa-

475 872 789 930 scebanturl
813 870 1016 926 Octavo
1051 867 1314 926 enim.dic
1335 864 1792 935 scenopegiarum,
1821 860 2046 916 descen-

475 965 609 1020 dens
629 979 662 1018 a
677 963 958 1027 Bethania,
996 959 1246 1015 Salvator
1274 959 1410 1014 venit
1432 955 1668 1012 diluculo
1693 956 1749 1008 in
1774 952 2042 1024 templum,

476 1066 523 1110 et
553 1055 719 1110 omnis
740 1053 960 1125 populus
981 1053 1117 1106 venit
1142 1052 1210 1105 ad
1235 1067 1352 1106 eum
1373 1091 1387 1116 ,
1417 1060 1464 1104 et
1497 1050 1679 1104 sedens
1707 1046 1919 1102 docebat
1959 1061 2045 1100 eos

478 1147 660 1218 (Joan.
693 1162 818 1213 vm,
840 1145 915 1216 2).
942 1144 1078 1210 Ubi,
1105 1159 1268 1214 quam
1295 1141 1736 1203 misericorditer,
1777 1151 2049 1210 quamque

474 1238 782 1308 prudenter,
821 1234 1106 1305 quamdam
1144 1232 1502 1302 peccatricem
1528 1230 1808 1284 mulierem
1839 1243 1870 1281 a
1907 1241 2050 1280 mor-

480 1327 549 1382 tis
601 1324 839 1396 periculo
866 1323 1136 1388 liberavit,
1171 1322 1415 1392 quamvis
1447 1335 1726 1376 excessum
1767 1317 2051 1373 facere'vi-

478 1418 721 1482 dcamur,
745 1415 982 1470 breviter
1005 1413 1319 1468 referemus.
1357 1412 1609 1467 Placebat
1629 1409 1838 1481 populis
1861 1408 2049 1463 Salva-

481 1519 565 1564 tor
592 1507 1082 1575 vehementissime,
1111 1508 1363 1577 quoniam
1386 1505 1814 1562 misericordiam
1851 1518 1875 1545 ει
1907 1520 2052 1560 com-

479 1604 766 1659 mendabat
801 1612 857 1658 et
888 1603 1164 1673 pietatem.
1202 1601 1459 1656 Pharisaei
1498 1617 1629 1656 vero
1669 1615 1882 1670 semper
1924 1600 2052 1654 insi-

477 1695 766 1751 diabantur
784 1696 869 1760 ei,
901 1703 956 1750 et
993 1694 1331 1758 invidebant,
1369 1693 1494 1763 quia
1521 1700 1837 1764 peccatores
1875 1691 2052 1746 susci-

475 1785 674 1856 piebat.
706 1785 772 1839 Et
793 1793 1098 1854 quaerentes
1119 1799 1311 1854 capere
1333 1799 1400 1837 ex
1427 1798 1520 1838 ore
1559 1780 1674 1849 ejus
1709 1781 1911 1850 aliquid
1939 1796 2048 1851 quo

2145 580 2438 644 Pharisaei,
2480 576 2802 633 sententiam
2833 573 2950 643 ejus
2970 581 3294 642 quterentes,
3321 569 3442 639 jam
3467 582 3742 638 paremus-

2147 674 2369 728 sitantes
2415 667 2568 742 [Cod.
2589 709 2604 734 ,
2637 663 3126 738 prtemasticantes]
3148 705 3163 730 ,
3181 663 3289 735 jam
3315 662 3739 724 cachinnantes,

2147 778 2269 818 eum
2297 761 2444 818 nullo
2488 761 2650 816 modo
2678 773 2836 830 posse
2875 758 3106 813 evadere
3137 775 3150 810 :
3183 756 3381 826 quippe
3412 754 3504 809 vel
3557 763 3744 809 contra

2142 854 2433 925 justitiam,
2475 851 2562 906 vel
2590 859 2781 905 contra
2809 847 3236 904 misericordiam
3277 845 3592 916 judicaret.
3647 844 3746 900 Ve-

2149 959 2269 999 rum
2320 959 2422 997 non
2458 951 2558 1010 rest
2615 941 2908 1010 sapientia,
2969 955 3072 992 non
3131 947 3206 992 est
3253 938 3592 1008 prudentia,
3651 953 3748 989 non

2149 1043 2221 1088 est
2291 1032 2566 1088 consilium
2619 1041 2802 1087 contra
2863 1030 3141 1085 Dominum
3193 1029 3213 1101 (
3241 1029 3406 1084 Prov.
3463 1045 3610 1094 xxx,
3660 1029 3748 1098 ᾗ).

2152 1122 2332 1178 Erexit
2383 1138 2511 1194 ergo
2547 1138 2601 1176 se
2647 1120 2893 1176 Christus
2914 1161 2929 1187 ,
2984 1121 3207 1176 daturus
3235 1119 3583 1175 sententiam
3619 1119 3749 1173 :doo

2151 1228 2282 1269 cens
2325 1221 2501 1268 rectos
2541 1227 2663 1268 esse
2711 1212 2908 1267 debere
2950 1225 3044 1267 eos
3081 1212 3174 1282 qui
3229 1211 3618 1266 condemnare
3665 1227 3750 1266 vt»

2153 1305 2269 1360 lunt
2295 1319 2448 1370 reos;
2480 1305 2640 1359 erexit
2668 1321 2742 1370 se,
2791 1314 2861 1368 et,
2895 1304 3043 1360 salva
3095 1304 3503 1370 misericordia,
3531 1305 3749 1375 judica-

2153 1398 2230 1453 vit
2269 1396 2582 1467 justitiamd
2618 1416 2631 1450 :
2688 1396 2791 1462 Qui
2827 1397 2938 1452 sine
2979 1407 3189 1466 peccato
3226 1407 3303 1451 est
3334 1407 3610 1459 vestrum,
3651 1399 3748 1467 pri-

2153 1507 2268 1545 mus
2313 1491 2370 1545 in
2399 1489 2545 1544 illam
2601 1489 2826 1560 lapidem
2873 1491 3062 1545 mittat.
3115 1489 3206 1548 Sic
3253 1491 3384 1548 data
3441 1493 3750 1564 prudenter

2154 1583 2660 1650 sententia,iterum
2709 1600 2764 1637 se
2807 1584 3098 1651 inclinans,
3146 1585 3409 1640 scribebat
3455 1587 3516 1640 in
3572 1597 3748 1640 terra:

2153 1673 2359 1728 vu‘ltum
2413 1673 2516 1729 alio
2565 1682 2816 1740 vertens,
2867 1682 2929 1728 ut
2973 1674 3202 1730 liberum
3247 1685 3398 1732 esset
3456 1676 3750 1732 Pharisreis

2155 1766 2304 1820 exire
2340 1777 2398 1832 9;
2430 1781 2564 1836 quos
2615 1765 2822 1820 sciebat
2867 1773 2995 1822 tunc
3035 1767 3195 1823 malle
3253 1768 3479 1840 longius
3539 1772 3746 1826 abeSse.

475 1855 718 1943 veljuste
743 1873 1052 1946 vituperari,
1076 1873 1159 1929 vel
1181 1872 1428 1928 damnari
1453 1872 1696 1937 deberet,
1721 1869 2044 1925 adduxerunt

2157 1872 2317 1927 quam
2368 1855 2523 1926 plura
2567 1857 2925 1926 interrogare.
2983 1856 3093 1914 Nos
3138 1873 3350 1929 quoque
3403 1861 3614 1926 docet,
3641 1865 3746 1931 qui,

475 1966 526 2020 ei
559 1964 828 2020 mulierem
860 1974 990 2020 tunc
1024 1965 1078 2017 in
1103 1963 1362 2018 adulterio
1391 1964 1790 2034 deprehensam,
1813 1963 2052 2019 dicentes

477 2056 617 2112 intra
640 2073 698 2112 se
731 2074 744 2110 :
776 2056 1065 2112 Tentemus
1089 2070 1214 2111 eum
1250 2056 1316 2110 de
1335 2054 1566 2124 justitia,
1611 2070 1679 2109 an
1718 2062 1904 2109 contra
1934 2067 2055 2108 eam

476 2147 640 2214 dicat,
675 2155 736 2201 ut
774 2146 1156 2204 misericordiae
1185 2147 1526 2218 praedicator.
1554 2145 1612 2200 Si
1641 2145 1786 2200 dicat
1809 2145 2051 2214 lapidan-

476 2240 598 2294 dam
619 2238 942 2306 adulteram,
967 2239 1198 2309 populus
1241 2246 1550 2294 contemnet
1577 2237 1881 2292 doctrinam
1912 2237 2050 2308 ejus,

477 2337 665 2386 contra
693 2345 856 2400 quam
886 2330 1097 2385 dederit
1139 2330 1483 2385 sententiam.
1534 2328 1593 2384 Si
1619 2327 1820 2382 dixerit
1869 2327 2052 2383 dimit-

479 2421 715 2488 tendam,
757 2421 1218 2478 conclamabimus
1253 2439 1269 2477 :
1317 2420 1501 2478 Hostis
1545 2421 1698 2492 legis,
1746 2422 2054 2477 contrarius

475 2511 676 2583 Moysi,
709 2512 958 2568 inimicus
984 2512 1112 2578 Dei,
1143 2528 1266 2568 reus
1306 2521 1389 2568 est
1419 2512 1632 2579 mortis,
1664 2519 1863 2567 etcum
1905 2512 2054 2566 adul-

475 2609 590 2656 tera
633 2601 951 2673 lapidandus
992 2603 1040 2657 ιι.
1089 2604 1156 2658 Et
1200 2605 1518 2660 accedentes
1563 2621 1576 2657 :
1626 2602 1908 2673 Magister,
1965 2605 2050 2657 in-

475 2693 685 2763 quiunt,
713 2694 824 2747 [nec
854 2693 1041 2748 mulier
1081 2695 1236 2748 modo
1275 2695 1590 2766 deprehensa
1620 2703 1694 2748 est
1741 2695 1797 2747 in
1843 2693 2052 2750 adulte-

475 2789 552 2844 rio
581 2804 598 2840 :
628 2790 684 2844 in
707 2788 816 2861 lege
844 2799 1017 2845 autem
1043 2789 1250 2861 Moyses
1277 2791 1542 2845 mandavit
1583 2789 1730 2844 nobis
1750 2790 2051 2859 hujusmodi

475 2881 742 2952 lapidare;
786 2891 841 2935 tu
873 2899 994 2952 ergo
1019 2883 1144 2951 quid
1171 2883 1344 2937 dicis?
1374 2881 1456 2936 Ad
1487 2883 1603 2937 hinc
1626 2881 1890 2951 sapientia
1931 2881 2046 2947 Dei,

473 2969 634 3037 Deus,
656 2988 763 3028 non
784 2973 964 3028 statim
979 2971 1263 3041 judicavit,
1280 2973 1374 3029 sed
1396 2989 1496 3029 nec
1519 2973 1702 3029 statim
1732 2973 2008 3043 respondit
2031 2992 2044 3038 ;

474 3064 568 3118 sed
595 3063 820 3118 adverso
845 3071 902 3118 ut
925 3064 1145 3120 sedebat
1175 3065 1326 3118 vultu
1347 3103 1364 3130 ,
1399 3063 1656 3118 inclinans
1685 3081 1769 3129 se,
1806 3063 2049 3119 deorsum

474 3153 636 3222 digito
671 3153 922 3207 scribebat
952 3155 1005 3207 in
1043 3163 1184 3208 terra
1227 3154 1440 3210 illorum
1465 3162 1712 3225 peccata,
1744 3157 1836 3225 qui
1858 3171 2050 3225 pecca-

475 3245 664 3301 tricem
685 3246 1030 3302 accusabant.
1055 3246 1280 3316 Propria
1307 3247 1452 3302 enim
1481 3256 1725 3317 peccata,
1757 3264 1875 3318 quae
1908 3249 2048 3306 scri-
2076 3219 2120 3283 Ο

473 3333 651 3401 beret,
685 3351 791 3389 non
831 3336 1080 3391 habebat.
1124 3337 1280 3392 Dedit
1329 3338 1485 3393 nobis
1539 3337 1788 3393 Salvator
1838 3341 1894 3394 in
1945 3341 2050 3395 hoc

474 3425 636 3480 nimis
665 3425 797 3480 utile
821 3425 1143 3494 exemplum,
1193 3425 1419 3495 alicujus
1469 3427 1626 3483 malis
1677 3429 1874 3485 auditis
1895 3470 1910 3496 ,
1937 3446 2045 3486 non

473 3518 658 3574 statim
678 3518 938 3588 judicare,
965 3519 1059 3574 sed
1086 3519 1236 3589 prius
1277 3519 1444 3590 digito
1473 3519 1813 3576 discretionis
1841 3533 1890 3588 ο,
1923 3537 2020 3578 nos

473 3617 587 3665 met
630 3608 938 3674 discutere,
984 3625 1053 3664 an
1108 3609 1249 3665 forte
1299 3609 1352 3664 in
1393 3609 1609 3675 similia,
1644 3610 1728 3666 vel
1777 3611 2045 3669 deteriora

1370 3743 1548 3787 NOTE
1592 3745 1975 3791 POTISSIMUM
2021 3753 2108 3797 EX

549 3861 572 3888 ο
597 3847 725 3902 Cod.
758 3846 1175 3902 misericordias.
1217 3846 1370 3916 Apud
1397 3846 1698 3913 Alcuinum,
1730 3849 2043 3906 misericor-

475 3919 576 3975 dia:
600 3933 760 3986 quam
793 3931 1006 3987 semper
1047 3917 1293 3972 docebat.

549 3989 576 4027 b
622 3987 829 4042 Similia
873 3986 1128 4044 Rabanus
1155 3989 1318 4042 habet
1349 3988 1404 4041 in
1453 3986 1763 4043 Matthazum
1791 3990 1858 4045 de
1895 3992 2039 4048 Pha-

475 4057 646 4113 rismis
670 4075 700 4111 a
728 4057 1008 4112 Salvatore
1049 4058 1415 4127 qumrentibus
1460 4074 1572 4112 :an
1617 4059 1804 4115 liceret
1847 4063 2046 4117 homini

475 4129 730 4199 dimittere
750 4143 966 4199 uxorem
987 4145 1140 4199 suam
1165 4144 1473 4199 quacunque
1493 4145 1558 4182 ea:
1585 4145 1767 4183 causa.
1792 4150 1811 4182 ‹
1843 4131 1911 4186 Ει
1953 4133 2043 4188 hic

475 4197 709 4270 notanda
741 4197 1000 4270 mentium
1034 4197 1293 4270 distantia
1323 4197 1396 4253 in'
1418 4199 1590 4254 turbis
1628 4207 1682 4255 et
1713 4201 1994 4270 pharisaeis
2026 4221 2040 4257 :

474 4268 558 4322 lite
607 4268 932 4323 conveniunt
985 4276 1045 4322 ut
1091 4268 1405 4334 doceantur,
1454 4277 1509 4324 et
1543 4269 1626 4324 sui
1662 4268 1920 4326 sanentur
1964 4273 2046 4327 in-

475 4337 636 4392 ﬁrmi.
670 4337 748 4392 Illi
794 4337 1056 4392 accedunt
1087 4346 1145 4392 ut
1175 4339 1510 4393 Salvatorem
1556 4355 1619 4394 ac
1646 4339 1924 4397 doctorem
1949 4358 2043 4398 ve-

474 4409 650 4463 ritatis
684 4407 954 4483 tentando
995 4408 1284 4483 decipiant.
1353 4409 1691 4480 lnterrogant
1741 4427 1869 4483 ergo
1920 4428 2044 4468 eum

473 4487 652 4553 utrum
684 4477 845 4532 liceat
869 4478 1071 4553 homini
1116 4477 1386 4534 dimittere
1411 4477 1634 4534 uxorem
1662 4477 1834 4553 suam:
1865 4484 2040 4553 quali-

474 4547 564 4602 bet
588 4563 769 4631 causa,
798 4556 858 4602 ut
883 4548 1035 4619 quasi
1063 4557 1585 4631 cornuatoaeneant
1616 4547 1954 4631 syllogismo,
1991 4564 2044 4608 et

476 4618 1186 4690 quodcunqueresponderit
1210 4618 1799 4690 captionempatiatnr.
1819 4622 1876 4675 Si
1904 4623 2049 4680 dixe-

475 4687 545 4760 rit
574 4687 954 4760 dimittendam
977 4703 1098 4744 esse
1125 4687 1346 4744 uxorem
1374 4687 1611 4760 qualibet
1651 4705 1715 4744 ex
1764 4707 1947 4756 causa,
1994 4703 2049 4748 et

474 4757 744 4831 ducendas
789 4759 952 4831 alias,
979 4761 1249 4831 pudicitia!
1284 4757 1606 4831 praedicator
1647 4761 1746 4815 sibi
1780 4762 2048 4818 videbitur

474 4825 669 4898 docere
695 4825 996 4883 contraria:
1012 4830 1105 4884 Sin
1133 4825 1311 4884 autem
1342 4831 1676 4898 responderit
1705 4848 1810 4886 non
1831 4848 2044 4888 omnem

474 4897 557 4973 ob_
581 4911 800 4973 causam
828 4899 1028 4973 debere
1075 4901 1291 4973 dimitti,
1321 4897 1762 4973 quasisacrilegi
1793 4916 1918 4973 reus
1962 4910 2043 4960 te-

475 4965 708 5046 nebitur,
739 4975 794 5021 et
819 4969 1074 5046 adversus
1103 4965 1404 5046 doctrinam
1435 4969 1600 5046 _Mos_i_,
1638 4965 1840 5042 ac'per
1861 4967 2042 5046 Mosen

473 5034 604 5112 Dei,
650 5036 900 5112 tacere.)
943 5038 1143 5112 [tabam
1175 5034 1505 5112 _in'MattI:.,
1538 5040 1628 5094 lib.‘
1679 5034 1756 5112 vt,
1795 5058 1911 5112 cap.
1959 5045 2040 5101 l9.

484 5101 838 5231 riggiBedam
859 5107 913 5161 in
948 5107 1268 5178 Matth.,lib.
1296 5126 1378 5177 tn,
1403 5101 1523 5181 cap.
1551 5112 1648 5177 i9;
1679 5101 1912 5181 Alcuiri.,
1935 5122 1973 5170 t.
1999 5115 2041 5183 Ι,

543 5246 687 5321 Hinc
734 5262 832 5321 nos
875 5247 1178 5306 invenimus
1221 5253 1506 5308 accusandi
1559 5254 1934 5321 occasionem,
1990 5265 2042 5311 et

476 5331 624 5372 reum
664 5317 890 5393 facimus
924 5327 1174 5393 tanquam
1225 5323 1358 5393 legis
1394 5325 1863 5392 prmvnricatorern
1899 5317 1930 5379 :7
1962 5327 2041 5381 di-

474 5397 656 5466 centes
693 5390 761 5452 ei,
804 5388 988 5444 Hostis
1034 5388 1091 5444 es
1133 5388 1304 5466 legis,"
1333 5388 1517 5466 crnitra
1557 5394 1773 5466 Moysen
1821 5411 2040 5466 respon-

473 5458 599 5523 des,
627 5461 736 5514 imo
761 5468 949 5534 contra
979 5458 1221 5534 eumqui
1247 5479 1346 5532 per
1391 5461 1607 5534 Moysen
1644 5458 1826 5534 legem
1854 5458 1995 5521 dedit
2022 5486 2032 5520 :

473 5507 672 5586 reuses
696 5530 1044 5602 mortis,cum
1071 5507 1165 5585 ill;
1185 5507 1314 5602 etin
1345 5534 1460 5602 ipse

473 5609 612 5722 ἵκει.
641 5603 693 5655 in
718 5601 916 5656 Joann.
939 5642 952 5665 ,
987 5617 1106 5672 cap.
1131 5602 1164 5657 8
1183 5641 1196 5668 ,
1242 5601 1475 5658 Tractat.
1508 5601 1701 5673 xitum,
1731 5623 1784 5660 n.
1816 5605 1872 5673 4,
1901 5616 2032 5664 tom.

499 5667 567 5722 ll.
598 5681 737 5722 part.
761 5687 823 5722 ιι.
849 5687 902 5722 n.
928 5671 1049 5722 551.

499 5667 567 5730 ll,
598 5681 737 5740 part.
761 5687 823 5737 tt,
849 5687 902 5740 p.
928 5671 1049 5728 551.

551 5750 572 5820 ξε
599 5739 829 5820 ῌίρίιιιδ,
851 5739 1137 5820 discretio,
1179 5752 1249 5820 nt.
1270 5743 1664 5820 in__l§vangelio,
1709 5748 1873 5817 digito
1900 5750 2030 5802 scri-

479 5805 623 5859 bebat
661 5805 716 5862 in
761 5821 971 5878 terram,
999 5805 1140 5883 quod
1185 5814 1376 5869 humili
1405 5805 1728 5873 discvrctio'nc
1759 5805 2031 5873 ferrenum

2153 1946 2279 2000 data
2329 1946 2615 2013 sententia,
2659 1948 2860 2005 iterum
2903 1947 3126 2005 inclinat
3168 1959 3224 2005 et
3253 1951 3486 2018 scribit,
3531 1962 3598 2005 ut
3637 1968 3735 2007 non

2154 2041 2325 2098 solum
2367 2050 2658 2112 antequam
2682 2041 3022 2111 judicemus,
3049 2044 3146 2100 sed
3185 2044 3352 2099 etiam
3401 2053 3540 2116 post
3569 2046 3742 2101 datam

2153 2134 2495 2201 sententiam,
2543 2151 2664 2190 cum
2711 2145 2972 2203 tremore,
3009 2137 3285 2192 humiliter
3331 2136 3741 2210 investigeans

2153 2227 2537 2282 conscientiam
2564 2267 2578 2293 ,
2648 2241 2717 2283 ne
2775 2227 2915 2284 forte
2973 2227 3300 2284 deteriorem
3373 2231 3743 2284 meruerimus

2153 2319 2478 2375 sententiam
2517 2319 2563 2374 ί.
2613 2319 2880 2376 Abierunt
2907 2321 3004 2390 illi,
3055 2322 3224 2377 induti
3252 2332 3312 2376 ut
3351 2322 3606 2394 diploide
3633 2342 3743 2379 eos-

2154 2412 2391 2482 fusione;
2417 2415 2665 2470 remansit
2688 2430 2818 2487 ergo
2846 2415 3214 2472 misericordia
3235 2426 3294 2472 et
3321 2417 3562 2473 miseria
3610 2420 3656 2484 ε,
3697 2421 3744 2472 is

2152 2507 2321 2561 medio
2346 2516 2493 2562 stans
2526 2506 2699 2580 (Psal.
2723 2524 2872 2575 cvm,
2909 2509 3021 2580 29).
3052 2509 3230 2565 Erexit
3255 2511 3510 2580 denique
3547 2529 3610 2566 se
3639 2511 3744 2565 Sal-

2153 2604 2326 2662 vator,
2370 2598 2596 2655 daturus
2632 2601 2960 2656 sententiam
3003 2601 3439 2669 misericordia,
3471 2603 3578 2670 qui
3606 2605 3744 2673 prius

2151 2697 2365 2745 erectus
2403 2691 2628 2748 dederat
2658 2695 2981 2750 sententiam
3001 2693 3226 2764 justitiaa
3250 2713 3265 2748 :
3294 2693 3532 2761 Mulier,
3555 2697 3744 2767 inquit,

2152 2785 2240 2838 ubi
2295 2796 2416 2842 sunt
2459 2789 2548 2860 qui
2591 2800 2655 2845 tet
2689 2792 3048 2847 accusabant?
3092 2791 3174 2846 An
3220 2791 3368 2848 forte
3419 2807 3532 2864 ego
3569 2793 3740 2865 fugavi

2152 2877 2278 2931 eos?
2311 2877 2479 2932 Nemo
2503 2888 2552 2934 te
2585 2883 2986 2938 condemnauit?
3011 2900 3128 2954 quae
3155 2883 3294 2937 dixit
3323 2897 3343 2934 :
3374 2882 3562 2939 Naso
3585 2926 3604 2950 ,
3643 2884 3742 2938 Bo-

2152 2970 2328 3029 mine;
2365 2971 2491 3040 quia
2519 2972 2694 3029 nullus
2728 2990 2916 3030 eorum
2941 2976 3058 3032 sine
3080 2986 3304 3046 peccato
3323 3019 3338 3041 ,
3388 2978 3497 3032 sed
3543 2987 3624 3040 tn,
3653 2978 3738 3047 qni

2153 3063 2384 3131 solus_es
2409 3065 2526 3120 sine
2551 3077 2776 3136 peccato
2797 3109 2812 3134 ,
2845 3069 3022 3137 si_vis,
3053 3078 3206 3140 potes
3227 3083 3318 3124 me
3349 3070 3734 3125 condemnare.

2152 3153 2248 3208 Cui
2279 3154 2526 3211 Salvator
2551 3175 2563 3210 :
2592 3157 2790 3225 Nemo,
2821 3159 3030 3231 inquit?
3056 3159 3168 3214 Nec
3190 3177 3284 3230 ego
3308 3170 3361 3214 te
3381 3162 3736 3214 condenti-ibe

2150 3261 2250 3317 pro
2296 3249 2583 3316 praeteritis
2613 3250 2674 3317 b;
2712 3250 2864 3319 vade,
2905 3265 3036 3307 cave
3065 3251 3132 3306 de
3157 3249 3391 3319 futuris,
3429 3261 3484 3307 et
3519 3253 3732 3321 amplius

2151 3338 2257 3392 noli
2285 3357 2498 3409 peccare
2535 3344 2579 3396 ί.

2149 3453 2276 3508 CAP.
2303 3453 2523 3511 Xlll.—
2546 3456 2645 3514 Ubi
2670 3459 2911 3516 Lazarus
2957 3463 3166 3534 languet
3199 3471 3247 3518 et
3281 3465 3552 3528 moritur;
3583 3461 3732 3518 Clin"-

2661 3541 2872 3604 stusque
2909 3535 3216 3587 mandatur.

2235 3624 2423 3681 llieme
2472 3638 2602 3680 vero
2653 3623 2770 3694 jam
2823 3624 3133 3694 mediante,
3182 3624 3271 3682 die
3323 3625 3720 3697 quintode-citas

2153 3758 2403 3800 BABANO
2448 3757 2818 3803 DESUHPTE.

2147 3873 2246 3912 cor
2273 3867 2516 3929 nostrum
2543 3857 2872 3928 perscrutari
2906 3857 3182 3913 debemus.
3215 3856 3436 3913 Rabani
3463 3860 3728 3929 Allcgon'a'

2147 3929 2202 3982 in
2233 3947 2442 4010 sacrant
2465 3928 2823 4010 ἐθήρων-(ιρι.

2220 3999 2247 4039 ἀ
2287 4000 2428 4055 Ecce
2465 3999 2720 4055 Dominus
2749 4000 2805 4054 in
2835 3999 3217 4070 respondendo
3241 3999 3596 4070 etjustitiam
3621 4019 3726 4057 ser-

2147 4077 2536 4193 vaturulsbesitet
2560 4085 2590 4124 a
2606 4070 3020 4194 niansuetudine
3046 4084 3530 4142 non_recessurus.
3549 4071 3611 4128 S.
3627 4074 3728 4124 Αι-

2149 4151 2309 4194 αιιει..
2405 4159 2419 4193 ι
2465 4180 2506 4194 ..
2533 4157 2588 4194 n.
2670 4179 2684 4194 .

2149 4151 2309 4210 gust.,
2337 4142 2506 4207 Ibid.,
2533 4157 2588 4196 n.
2630 4142 2684 4194 4.

2225 4229 2457 4305 ¢_Aliter
2480 4232 2852 4305 interpretatur
2879 4230 2948 4305 _S.
2980 4233 3305 4305 Augustinus
3331 4234 3390 4288 in
3414 4233 3586 4289 lacn.
3613 4252 3725 4305 cap.

2149 4300 2204 4354 8.
2239 4299 2469 4354 Tractat.
2498 4299 2694 4367 xxxiii,
2717 4318 2773 4355 n.
2799 4302 2850 4356 5.
2878 4303 3134 4357 Dominus
3161 4311 3348 4358 autem
3370 4321 3502 4360 cum
3527 4322 3622 4362 eos
3649 4299 3730 4359 illo

2152 4371 2258 4426 telo
2291 4370 2514 4443 justitim
2560 4373 2951 4443 percussisset,
2979 4389 3081 4429 nec
3127 4373 3388 4443 dignatus
3412 4386 3506 4430 est
3535 4377 3726 4431 caden-

2153 4449 2231 4496 tes
2273 4441 2552 4496 attendere
2580 4460 2592 4494 :
2619 4441 2712 4498 sed
2757 4443 2984 4498 adverso
3033 4445 3099 4498 ab
3139 4441 3220 4498 eis
3261 4445 3490 4511 obtutu,
3525 4464 3726 4500 rursum

2072 4536 2122 4595 ι)
2147 4512 2308 4595 digito
2338 4511 2589 4595 scribebat
2612 4513 2673 4595 in
2703 4521 2870 4595 terra._
2895 4544 2967 4595 7—
2991 4512 3239 4595 Rabanus
3286 4526 3481 4595 auten:
3493 4558 3510 4580 ,
3543 4518 3728 4595 _At'bini

2151 4580 2461 4663 discipulus,
2480 4583 2713 4706 sequitur
2733 4585 3060 4664 magistrum,
3083 4585 3170 4654 qui
3193 4585 3409 4653 ipsemet
3429 4584 3604 4641 Beda:
3627 4605 3730 4640 ιιι-

2151 4663 2308 4706 atstro
2338 4669 2434 4706 suo
2469 4653 2740 4706 aduertens
2760 4694 2774 4706 .
2807 4655 2921 4706 ait:
2955 4653 3059 4706 alio
3089 4653 3292 4706 vultum
3336 4655 3640 4706 intendens
3664 4658 3728 4706 li-

2149 4653 2308 4718 qistro
2338 4669 2434 4706 suo
2469 4653 2740 4708 adlueren's
2760 4694 2774 4720 ,
2807 4653 2921 4708 ait:
2955 4653 3059 4707 alio
3089 4653 3292 4708 vultum
3336 4655 3640 4714 intendens
3664 4658 3728 4711 li-

2145 4707 2414 4776 bertatem
2437 4723 2515 4778 eis
2538 4723 2690 4779 daret
2716 4724 2885 4779 exire.
2915 4723 3152 4779 Alcuin..
3177 4726 3231 4778 in
3264 4723 3434 4779 Joan.

2223 4764 2515 4864 ῗξέῖιὶῖεῦξῗ
2531 4764 2690 4864 ἔδιὶῖ
2702 4764 3179 4849 ᾸῑέόἶτὶὰἶέίἿῐὲἇζ

2221 4864 2246 4902 ε
2272 4861 2466 4918 Relicti
2491 4861 2618 4920 sunt
2637 4864 2765 4931 duo,
2787 4865 3003 4920 miseria
3030 4873 3086 4920 et
3107 4865 3515 4923 misericordia.
3535 4869 3598 4924 S.
3625 4872 3728 4924 Λιμ

2144 4942 2303 5001 gust.,
2335 4934 2484 5000 ibid.,
2515 4950 2569 4988 ιι.
2594 4934 2647 4989 5.

2216 5023 2244 5062 h
2288 5022 2398 5077 Nec
2424 5041 2515 5093 ego
2559 5033 2606 5077 te
2632 5024 2985 5079 condemnabo
3021 5039 3038 5076 :
3077 5025 3182 5081 Sed
3211 5025 3356 5080 facta
3412 5044 3618 5084 secnra
3664 5029 3726 5082 de

2143 5094 2435 5163 praeterito,
2465 5109 2596 5149 cave
2617 5094 2815 5148 futura.
2843 5093 2901 5149 S.
2933 5096 3175 5166 August,
3203 5097 3334 5150 ibid.
3359 5137 3377 5163 ,
3413 5114 3474 5151 n.
3509 5100 3570 5155 8.

2218 5187 2234 5226 ί
2273 5185 2424 5240 Hanc
2449 5185 2513 5239 de
2541 5186 2755 5240 muliere
2792 5185 3032 5240 adultera
3057 5187 3414 5241 narrationem
3438 5189 3720 5243 interponit

2141 5253 2410 5328 Rabanus,
2439 5272 2497 5310 eo
2523 5271 2660 5326 quoa
2689 5256 2938 5328 Ecclesia:
2967 5272 3033 5311 ea:
3068 5257 3512 5328 gentibusth
3565 5253 3718 5328 fuerit

2141 5325 2328 5397 mulier
2357 5328 2476 5392 ista,
2526 5325 2961 5397 quemadmodum
3016 5325 3084 5381 et'
3113 5325 3460 5397 Magdalena.
3529 5325 3718 5386 lulier

2139 5395 2403 5482 adultera,
2427 5395 2546 5482 quae
2589 5395 2813 5477 oll‘ertur
2840 5395 3068 5482 Domino
3101 5411 3146 5482 ᾗ
3164 5395 3714 5482 γειίιιξεείξμξρίᾶξιιιὼ,

2138 5466 2380 5522 Ecclesia
2407 5474 2490 5521 est
2523 5483 2534 5519 :
2565 5482 2682 5535 quae
2707 5466 2858 5535 prius
2889 5467 3078 5522 relicto
3105 5466 3236 5534 Deo,
3259 5467 3313 5521 in
3347 5466 3516 5525 idolis
3541 5472 3716 5526 fuerat

2135 5536 2400 5608 fornicata
2447 5552 2666 5608 :Aquam
2697 5535 2910 5608 volebat
2956 5551 3220 5608 synagoga
3243 5607 3249 5608 ί
3269 5537 3456 5595 zelans
3509 5541 3715 5596 interi-

2135 5623 2258 5663 cere
2298 5621 2312 5660 :
2365 5606 2613 5662 Christus
2671 5606 2844 5662 salvat
2891 5623 2987 5676 per
3045 5606 3424 5664 remissionem
3479 5612 3708 5668 delicti:

2133 5693 2236 5732 nec
2268 5678 2396 5732 sinit
2428 5690 2564 5746 eam
2592 5677 2799 5746 perire,
2847 5675 2937 5746 qui
2967 5675 3114 5732 novit
3146 5679 3361 5732 veniam
3392 5682 3704 5739 condonare

2131 5748 2495 5817 peccantibus.
2532 5743 2730 5801 Rabani
2759 5748 2822 5801 de
2853 5743 3120 5815 Universo,
3145 5747 3234 5805 lib.
3273 5765 3357 5812 tv,
3387 5766 3516 5822 cap.
3553 5753 3606 5809 Ι.
