3938 6334
165 319 316 402 ius.

1205 328 1294 385 DE
1336 328 1495 384 VITA
1537 329 1596 384 Β.
1639 326 1877 382 ΜΛΒΙᾸΞ
1920 329 2385 389 λιΑϐυΑιΕΝΕ.

3276 333 3414 390 1150

162 433 369 489 mensis
395 433 595 498 casleu,
638 427 782 504 facta
810 447 930 492 sunt
956 440 1189 493 enctenia
1213 442 1267 494 iu
1294 441 1636 510 Ierosolymis
1668 454 1692 481 α
1721 458 1734 504 ;
1767 450 1814 505 Α
1844 445 2026 498 scissis
2078 444 2329 507 induviis,
2375 453 2576 498 sancta:
2624 457 2875 508 sorores;
2935 443 3226 514 complexa:
3273 460 3421 498 tuor-

161 539 212 584 ει
239 527 538 582 ambulabat
573 529 820 586 Salvator
851 533 904 586 in
933 533 1120 603 templo
1155 535 1209 587 in
1253 535 1457 604 porticu
1497 532 1740 588 Salomo-

163 619 268 682 nis,
309 619 421 685 ubi,
453 631 576 674 cum
605 622 947 690 praedicaret,
975 632 1030 678 et
1057 623 1264 681 diceret
1291 641 1306 677 :
1337 623 1448 694 Ego
1483 632 1531 676 et
1579 623 1742 677 Pater

163 723 330 762 unum
360 725 561 774 sumus,
606 711 928 765 sustulerunt
979 711 1178 782 lapides
1219 712 1418 777 Iudwi,
1453 722 1506 766 ut
1537 712 1742 783 lapida-

165 811 280 854 rent
313 818 427 854 eum
456 799 637 872 (Ioan.
663 819 692 855 κ
713 843 730 866 ,
757 802 848 865 22,
877 803 990 872 30).
1017 803 1087 858 At
1114 803 1204 858 ille
1224 804 1382 858 exivit
1411 805 1475 857 de
1501 804 1740 858 manibus

161 909 367 958 eorum,
395 902 443 946 et
463 893 589 946 abiit
624 904 809 947 uerum
835 903 980 948 trans
1009 895 1297 950 Iordanem
1330 896 1383 950 in
1425 895 1742 951 Bctbaniam

163 983 418 1050 Galilaeae,
447 986 725 1040 castellum
775 986 955 1042 Marim
992 997 1047 1042 et
1078 987 1331 1053 Marthae,
1372 989 1461 1041 ubi
1501 987 1741 1059 Baptista

159 1077 400 1133 Joannes
430 1077 608 1134 fuerat
653 1079 922 1150 baptizans
973 1082 1233 1151 primum;
1276 1092 1324 1134 et
1373 1083 1566 1136 mansit
1611 1081 1740 1136 illic.

166 1168 302 1225 Cum
332 1184 458 1224 ecce
509 1170 725 1224 interim
776 1170 983 1225 amicus
1042 1169 1159 1239 ejus
1204 1171 1440 1226 Lazarus
1490 1171 1743 1241 languens

164 1269 285 1317 erat
349 1261 402 1314 in
453 1260 708 1314 Bethania
761 1259 992 1323 Iudicat,
1057 1261 1271 1315 castello
1317 1262 1495 1316 itidem
1555 1261 1745 1317 Marias

163 1364 217 1409 et
248 1353 475 1408 Hart/tte
500 1370 739 1408 sororum
767 1354 901 1422 ejus.
938 1353 1193 1408 Miserunt
1236 1371 1356 1424 ergo
1394 1371 1599 1409 sorores
1627 1355 1742 1424 ejus

169 1453 321 1498 trans
360 1441 648 1498 Iordanem
690 1443 752 1509 δ,
801 1443 869 1496 ad
925 1443 1260 1499 Salvatorem
1307 1445 1363 1500 in
1403 1445 1737 1512 Bethaniam,

165 1533 396 1587 dicentes
441 1549 460 1588 :
501 1533 636 1587 Ecce
682 1549 834 1604 quem
875 1550 1021 1587 amas
1070 1534 1371 1602 inﬁrmatur
1410 1534 1590 1606 (Ioan.
1640 1551 1694 1590 χι
1722 1577 1737 1600 ,

171 1624 227 1688 1,
263 1623 360 1692 2).
417 1621 644 1687 Suflicit,
689 1623 968 1692 inquiunt,
1016 1624 1268 1680 nuntiare
1319 1625 1516 1680 dilecto
1559 1625 1741 1681 dilecti

167 1717 480 1785 languorem
526 1732 540 1768 :
574 1714 780 1769 amicus
807 1723 992 1768 noster
1017 1724 1123 1780 est,
1150 1715 1415 1770 Lazarum
1446 1726 1612 1782 amat,
1643 1732 1741 1772 nec

1847 543 1994 588 tuum
2025 534 2343 588 incumbunt
2371 534 2638 587 cadaveri.
2678 532 2916 588 Cernere
2943 542 3058 588 erat
3087 549 3252 606 genas
3290 550 3422 590 san-

1843 624 2005 694 guine
2035 625 2332 688 madentes,
2364 622 2576 677 fletibus
2623 623 2808 678 oculos
2839 625 3166 694 tenebratos,
3198 625 3418 698 cjulati—

1844 714 1946 768 bus
1965 729 2087 767 aera
2111 713 2266 783 plena
2291 713 2514 769 funeris.
2539 713 2776 782 Denique
2805 713 2965 768 factis
2990 716 3284 786 exsequiis,
3323 731 3412 772 ce.

1846 804 1981 859 lebri
2028 819 2221 874 pompa
2267 820 2466 874 corpus
2511 804 2761 870 effertur;
2817 805 3085 860 clauditur
3141 822 3413 862 marmore

1846 894 2084 950 Lazarus
2139 896 2418 965 quodam;
2472 895 2605 966 lapis
2653 911 2760 965 quo
2823 895 3091 950 clauditur
3152 895 3411 968 lacrymis

1848 985 2120 1056 irrigatur.
2151 983 2219 1038 Et
2255 984 2509 1053 quoniam
2559 984 2756 1039 nobilis
2807 994 2927 1039 erat
2963 986 3257 1056 progenie,
3300 1002 3418 1042 mo-

1849 1075 2104 1145 ribusque
2145 1074 2392 1134 nobilior,
2424 1083 2546 1128 actu
2592 1074 2882 1138 innocens,
2913 1075 3078 1130 verbo
3102 1077 3414 1142 discretus,

1848 1182 2012 1221 manu
2053 1166 2264 1238 largus,
2309 1165 2492 1219 animo
2536 1165 2805 1231 liberalis,
2846 1166 3176 1222 advenerant
3216 1167 3414 1222 Betba-

1848 1262 2014 1325 niam,
2044 1261 2111 1314 ad
2135 1259 2521 1314 consolandum
2548 1274 2692 1321 eum,
2739 1259 3025 1314 nobiliores
3051 1259 3415 1332 Ierosolymo-

1848 1366 1991 1415 rum,
2007 1350 2099 1420 qui
2122 1348 2285 1404 etiam
2313 1348 2588 1418 exsequiis
2612 1349 2728 1420 ejus
2752 1350 3130 1406 interfuerunt.

1847 1503 1973 1560 Car.
2006 1503 2143 1558 XIV.
2171 1534 2241 1544 —
2276 1501 2373 1557 L’bi
2399 1503 2647 1557 Dominus
2669 1505 2766 1557 sibi
2792 1505 3026 1575 timentes
3051 1505 3309 1575 apostolos
3326 1524 3416 1562 ar-

1915 1576 2049 1645 guit,
2072 1575 2135 1627 de
2157 1589 2344 1645 somno
2367 1575 2523 1645 amici
2550 1575 2780 1645 disputat
2846 1573 3057 1630 Thamar
3085 1573 3415 1632 devotionem

1916 1642 2189 1715 approbat,
2217 1654 2265 1698 et
2287 1642 2514 1698 Martha:
2531 1642 2709 1712 ﬁdem.

169 1806 325 1861 facile
354 1807 566 1860 deseret
611 1821 771 1874 quem
805 1805 1035 1861 dulciter
1085 1815 1232 1860 amat
1261 1817 1309 1861 ε.
1341 1807 1574 1861 Audiens
1621 1807 1736 1862 hate
1767 1817 1813 1877 Β
1909 1803 2120 1859 Interea
2171 1800 2436 1866 Salvator,
2471 1810 2593 1871 post
2619 1801 2754 1868 duos
2776 1802 2913 1870 dies,
2959 1803 3097 1859 dixit
3131 1804 3413 1862 duodecim

168 1896 454 1950 Salvator:
499 1894 793 1964 Inﬁrmitas
841 1895 973 1961 haec,
1024 1896 1226 1965 inquit,
1257 1897 1364 1951 erit
1392 1896 1458 1950 ad
1505 1897 1738 1951 miracu-

166 1988 298 2052 lum,
327 2004 428 2042 non
453 1988 521 2040 ad
550 1998 765 2041 mortem
794 1987 819 2026 δ
837 2005 856 2053 ;
886 1989 976 2042 sed
1003 2006 1098 2059 pro
1137 1989 1307 2060 gloria
1337 1989 1435 2042 Dei
1457 2029 1471 2054 ,
1517 1997 1575 2042 ut
1622 1987 1739 2058 glo-

168 2082 402 2150 riﬁcatur
437 2079 611 2135 Filius
642 2081 738 2135 Dei
769 2098 863 2150 per
886 2081 1056 2135 illam.
1085 2081 1345 2152 Diligebat
1388 2092 1562 2134 autem
1583 2078 1740 2134 Iesus

168 2169 434 2224 Hartham
477 2179 527 2225 et
569 2187 799 2225 sororem
840 2171 954 2240 ejus
985 2169 1216 2224 Mariam
1255 2179 1304 2226 et
1329 2169 1611 2224 Lazarum.
1645 2169 1738 2224 Ille

167 2260 444 2330 languens,
478 2260 581 2316 illa:
617 2261 817 2325 tristes,
847 2275 1036 2316 omnes
1061 2260 1271 2326 dilecti;
1323 2259 1417 2314 sed
1457 2274 1489 2312 a
1517 2274 1624 2328 quo
1656 2258 1739 2312 di-

167 2353 329 2408 lecti?
366 2352 626 2423 Diligebat
671 2368 764 2407 eos
807 2352 962 2408 Iesus
989 2393 1004 2418 ,
1051 2352 1418 2423 languentium
1467 2349 1733 2417 Salvator,

166 2446 278 2500 imo
299 2444 460 2500 etiam
502 2454 835 2500 mortuorum
859 2445 1169 2510 suscitator,
1201 2453 1256 2499 et
1285 2444 1516 2499 tristium
1543 2458 1736 2499 conso-

165 2534 307 2589 lator
347 2546 392 2588 ε.
426 2533 680 2604 Diligebat
705 2537 852 2588 enim
878 2533 1037 2589 Iesus
1089 2534 1376 2599 Martham,
1408 2542 1456 2587 et
1503 2550 1733 2588 sororem

163 2625 280 2696 ejus
341 2624 612 2687 Mariam,
675 2634 726 2679 et
767 2625 1049 2679 Lazarum.
1107 2624 1151 2680 0
1215 2624 1340 2680 felix
1387 2633 1445 2680 et
1504 2624 1735 2695 gloriosa

162 2715 470 2785 generatio!
500 2715 742 2784 quamvis
767 2715 910 2770 enim
939 2715 1148 2770 Veritas
1173 2714 1352 2770 dicat:
1380 2713 1493 2784 Ego
1517 2713 1736 2785 diligen-

161 2819 248 2862 tes
265 2825 348 2862 me
376 2808 566 2878 diligo,
592 2823 715 2862 raro
740 2816 920 2862 tamen
943 2807 1304 2871 inveniuntur,
1324 2807 1376 2860 in
1414 2805 1732 2875 Scripturis,

165 2898 352 2954 fideles
378 2899 472 2968 qui
510 2915 540 2952 a
589 2899 815 2954 Domino
854 2899 1001 2970 diligi
1043 2898 1350 2968 specialiter
1383 2898 1734 2968 designentur

160 3010 229 3050 es
269 2996 505 3050 nomine.
531 2993 596 3050 Ut
625 2997 785 3066 igitur
817 2996 1012 3050 audivit
1039 2995 1287 3050 Salvator
1323 2997 1448 3067 quia
1494 2995 1732 3051 Lazarus

161 3089 568 3158 inﬁrmabatur,
612 3089 819 3144 distulit
859 3089 968 3154 ire;
1032 3087 1238 3144 distulit
1289 3088 1611 3153 subvenire;
1668 3097 1728 3142 ut

1839 1895 2117 1964 discipulis
2161 1894 2312 1949 suis:
2364 1893 2564 1948 Eamus
2600 1894 2656 1946 in
2697 1891 2941 1948 Iuda’am
2989 1897 3177 1952 iterum
3229 1897 3413 1968 (Ioan.

1840 2003 1916 2052 xi,
1943 1987 2018 2056 7).
2048 1985 2244 2042 Territi
2273 1985 2519 2056 apostoli,
2557 1985 2838 2040 mnsilium
2867 1987 3130 2044 dederunt
3159 1990 3409 2056 Domino.

1841 2092 1910 2133 ne
1933 2085 2252 2152 moreretur,
2285 2077 2375 2145 qui
2404 2084 2627 2130 venerat
2667 2077 2838 2141 mori;
2884 2091 2954 2133 ne
2991 2086 3046 2133 et
3082 2079 3184 2149 ipsi
3235 2097 3413 2138 more-

1839 2177 2029 2223 rentur
2057 2169 2103 2220 ε.
2136 2166 2326 2231 Rabbi,
2364 2166 2630 2236 inquiunt,
2672 2183 2808 2221 nunc
2831 2170 3128 2238 quterebant
3159 2179 3206 2225 te
3233 2171 3414 2226 Iudaei

1836 2259 2095 2330 lapidare,
2139 2269 2187 2314 et
2237 2260 2426 2312 iterum
2468 2259 2614 2312 vadis
2658 2259 2824 2314 illuc?
2878 2259 3158 2330 Respondit
3203 2263 3358 2318 Iesus
3388 2283 3408 2320 :

1841 2349 2030 2404 Nonne
2059 2348 2330 2402 duodecim
2350 2349 2493 2402 [torte
2511 2359 2629 2402 sunt
2651 2350 2754 2403 diei
2768 2351 2793 2404 ?
2816 2352 2862 2405 si
2909 2352 3024 2422 quis
3072 2353 3304 2408 ambulat
3353 2357 3410 2410 iu

1839 2448 2004 2502 nocte,
2041 2437 2256 2508 offendit
2281 2453 2300 2491 :
2321 2438 2444 2508 quia
2476 2436 2570 2491 tua:
2593 2439 2776 2492 mundi
2801 2455 2903 2493 non
2939 2449 3014 2493 est
3043 2442 3096 2494 in
3123 2458 3182 2496 eo
3203 2459 3223 2507 ;
3249 2445 3296 2497 si
3309 2461 3410 2497 au-

1837 2539 1939 2584 tem
1960 2529 2299 2584 ambulaverit
2331 2529 2385 2582 in
2411 2528 2517 2594 die,
2547 2545 2649 2584 non
2671 2529 2884 2599 offendit
2918 2544 2936 2582 :
2966 2532 3087 2604 quia
3114 2533 3278 2588 lucem
3305 2536 3408 2593 Itu-
3489 2540 3495 2547 '

1828 2619 1924 2690 jus
1947 2620 2127 2674 mundi
2156 2619 2309 2673 ridet.
2338 2619 2451 2690 Ego
2476 2634 2595 2674 sum
2634 2619 2769 2685 dies,
2801 2637 2893 2691 ego
2921 2637 3039 2677 sum
3065 2622 3159 2680 lux
3184 2628 3366 2682 mundi
3385 2644 3407 2692 ,-

1836 2725 1934 2766 vos
1953 2712 2098 2766 horae
2119 2711 2397 2766 duodecim
2424 2711 2485 2765 ιιι
2516 2727 2692 2766 meum
2715 2722 2796 2766 est
2820 2716 3150 2784 pi'atcedere;
3174 2727 3410 2776 vestrum

1833 2807 2006 2878 sequi,
2035 2815 2094 2862 ut
2140 2807 2287 2862 borzr.
2325 2808 2465 2863 diem
2515 2819 2815 2876 sequuntur
2848 2812 2892 2865 ί.
2921 2812 3092 2869 Sinite
3131 2816 3292 2885 igitur
3320 2835 3406 2874 me

1832 2899 1976 2969 pati;
2007 2913 2112 2954 non
2161 2897 2294 2953 mihi
2319 2898 2456 2953 detis
2476 2885 2795 2966 consilium;
2829 2902 2922 2956 sed
2963 2919 3048 2958 me
3094 2908 3402 2976 sequimini.

1831 2991 1878 3046 si
1901 3007 2004 3047 non
2032 2989 2194 3044 vultis
2217 2987 2487 3046 offendere
2516 2989 2563 3044 i.
2596 2988 2724 3046 Hcce
2752 2992 2844 3054 ait,
2876 3006 2921 3046 et
2963 3004 3078 3063 post
3133 2998 3244 3050 lucc
3280 3001 3408 3054 dicit

1830 3080 1904 3134 eis
1928 3092 1946 3130 :
1973 3077 2209 3132 Lazarus
2250 3077 2447 3131 amicus
2498 3087 2672 3132 noster
2720 3079 2933 3144 dormit,
2975 3082 3064 3136 sed
3094 3084 3225 3138 vado
3267 3097 3321 3140 ut
3371 3106 3407 3144 a

161 3178 366 3234 faceret
389 3195 510 3232 eum
534 3194 564 3232 a
594 3186 768 3232 morte
806 3178 1002 3232 redire.
1034 3176 1103 3230 Et
1147 3187 1267 3231 tunc
1303 3177 1510 3247 quidem
1535 3175 1724 3230 mansit
1754 3171 1797 3233 C
1828 3187 2008 3227 somno
2033 3171 2275 3225 suscitem
2299 3186 2436 3227 eum.
2465 3170 2546 3225 Ad
2582 3170 2696 3226 haec
2723 3171 2963 3242 discipuli
2989 3179 3404 3249 responderunt,

161 3269 254 3322 ubi
275 3280 399 3324 tunc
426 3277 541 3324 erat
563 3269 614 3322 in
650 3266 908 3323 Bethania
930 3267 1193 3334 Galilzeae,
1219 3267 1422 3322 duobus
1443 3267 1643 3332 diebus,
1673 3276 1733 3322 ut

159 3362 505 3430 quatriduum
530 3361 841 3430 impleretur
888 3359 933 3412 ί.
965 3360 1172 3415 lnterea
1203 3359 1318 3414 dira
1347 3358 1512 3414 febris
1533 3374 1732 3430 corpus

159 3450 355 3506 Lazari
403 3452 612 3505 urebat.
666 3451 858 3506 Medici
900 3450 974 3506 nil
1025 3458 1293 3520 poterant,
1332 3450 1726 3506 medicamenta

158 3542 236 3596 nil
264 3541 584 3610 proderant;
614 3541 743 3594 nihil
769 3541 935 3609 igitur
960 3555 1106 3610 aegro
1136 3539 1383 3603 remedii,
1416 3539 1520 3593 nisi
1544 3539 1726 3594 Domi-

159 3648 267 3686 nus
295 3631 424 3685 velit
449 3631 496 3684 ei
529 3631 748 3685 mederi.
779 3629 1032 3684 Assident
1053 3627 1266 3696 juvenis
1310 3628 1448 3684 lecto
1490 3642 1721 3692 sorores,

156 3721 453 3774 adventum
476 3716 601 3772 Iesu
630 3718 971 3786 pollicentes,
999 3718 1172 3774 virum
1193 3717 1416 3787 spiranti
1442 3717 1725 3772 sanitatem

157 3810 499 3882 promittunt.
534 3809 740 3879 Vapore
777 3809 1004 3878 denique
1042 3810 1275 3878 pectoris
1302 3811 1354 3863 vi
1380 3807 1609 3863 febrium
1637 3811 1729 3865 de-

158 3901 384 3966 siccato,
424 3899 602 3955 vitalis
625 3899 846 3971 spiritus
874 3910 1148 3972 evaporat.
1190 3898 1414 3956 Plorant
1455 3899 1721 3965 iuvenem.

1833 3263 2127 3318 secundum
2159 3262 2302 3332 quod
2356 3262 2778 3318 intellexerunt:
2829 3264 3070 3333 Domine,
3105 3270 3150 3322 si
3189 3271 3401 3338 dormit,

1830 3355 2006 3412 salvus
2029 3356 2158 3418 erit;
2190 3370 2410 3411 somnus
2443 3355 2588 3410 enim
2630 3359 3004 3426 aegrotantium
3031 3362 3220 3418 salutis
3266 3366 3407 3422 solet

1827 3463 1949 3504 esse
1969 3447 2220 3502 indiciutn
2261 3446 2310 3498 ιι.
2331 3445 2547 3501 Dixerat
2571 3460 2743 3502 autem
2780 3447 2934 3504 Iesus
2959 3453 3022 3506 de
3041 3465 3204 3510 morte
3225 3456 3365 3512 illius
3381 3475 3404 3522 ;

1827 3538 1907 3592 illi
1935 3547 2108 3592 autem
2135 3546 2444 3608 putaverunt
2471 3539 2595 3609 quia
2623 3538 2686 3592 de
2736 3539 3046 3597 dormitione
3075 3547 3243 3601 somni
3262 3549 3403 3603 dice-

1829 3638 1925 3682 ret.
1957 3628 2102 3683 Tunc
2141 3645 2260 3699 ergo
2290 3629 2422 3682 dixit
2471 3629 2544 3681 eis
2581 3629 2736 3683 Iesus
2795 3631 3068 3701 manifeste
3093 3651 3111 3688 :
3165 3635 3403 3693 Lazarus

1829 3727 2064 3772 mortuus
2085 3728 2193 3782 est;
2215 3727 2261 3770 et
2287 3717 2487 3787 gaudeo
2507 3728 2716 3786 propter
2749 3735 2857 3783 vos,
2881 3730 2937 3773 ut
2961 3722 3182 3777 credatis
3208 3741 3292 3782 me
3314 3729 3402 3781 ni-

1830 3807 2082 3863 billatere
2105 3808 2259 3878 :quia
2283 3824 2385 3860 non
2406 3823 2550 3860 eram
2579 3807 2666 3872 ibi,
2693 3817 2748 3863 et
2771 3818 2948 3866 tamen
2973 3814 3086 3867 scio
3104 3816 3228 3883 quia
3255 3833 3402 3874 mor-

1831 3909 1954 3957 tuus
1971 3908 2054 3956 est
2089 3898 2106 3938 ι
2130 3915 2145 3966 ς
2175 3899 2264 3954 sed
2286 3915 2465 3956 eamus
2488 3899 2556 3954 ad
2583 3915 2720 3956 eum.
2748 3899 2893 3955 Dixit
2931 3918 3052 3973 ergo
3078 3904 3301 3964 Thomas
3331 3912 3402 3964 ad

1061 4051 1244 4094 ΝΟΤΕ
1283 4050 1665 4094 ΡοΤιεειΜυΜ
1711 4051 1789 4094 EX
1831 4049 2082 4092 RABANO
2127 4048 2494 4092 DESUMPTE.

233 4187 259 4216 ι
292 4174 539 4229 Encaenia
582 4175 902 4230 festivitates
936 4184 1095 4229 erant
1121 4175 1476 4230 dedicationis
1524 4175 1727 4244 templi.

159 4245 312 4300 Illum
342 4246 484 4316 enim
525 4246 666 4300 diem
697 4261 802 4316 quo
825 4245 1131 4316 dedicatum
1163 4255 1248 4300 est
1277 4245 1529 4316 templum
1557 4262 1586 4299 a
1627 4245 1723 4300 Sa-

157 4317 373 4370 lomone
423 4313 588 4368 Iudaei
645 4313 956 4370 solemniter
999 4315 1361 4370 celebrabant.
1387 4313 1627 4370 'Rabani
1666 4317 1730 4370 de

158 4385 497 4440 Institutione
527 4384 854 4448 clericorum,
883 4386 978 4439 lib.
1006 4401 1066 4448 ll,
1091 4402 1211 4454 cap.
1242 4387 1329 4439 45.

234 4457 260 4495 b
293 4455 548 4508 Miserum
573 4456 662 4508 ubi
683 4465 801 4510 erat
825 4456 1102 4519 Dominus,
1133 4465 1281 4510 trans
1303 4455 1593 4511 Iordanem
1621 4457 1726 4510 sci-

159 4525 306 4580 licet.
325 4523 473 4597 Deda
499 4525 553 4579 in
593 4525 774 4586 Ioan.,
815 4540 942 4597 cap.
968 4525 1054 4579 11.
1087 4527 1166 4579 Ex
1192 4524 1252 4580 8.
1292 4526 1426 4597 Aug.
1459 4527 1514 4580 in
1540 4526 1724 4584 Joan..

157 4611 279 4664 cap.
314 4595 398 4655 ll,
423 4604 630 4647 tractat.
663 4611 807 4657 xux,
835 4611 892 4648 [ιο
912 4595 967 4648 5.
1381 4595 1389 4597 ἡ

233 4675 257 4701 ο
287 4664 424 4718 Ecce
467 4680 625 4732 quem
685 4680 838 4718 amas
892 4665 1213 4719 infirmatur.
1265 4663 1475 4719 Sufﬁcit
1519 4675 1580 4719 ut
1631 4682 1726 4720 no-

155 4733 304 4789 veris
327 4775 340 4796 ,
372 4749 476 4786 non
500 4735 640 4788 enim
665 4750 816 4789 amas
843 4743 899 4790 et
922 4735 1146 4789 deseris.
1171 4734 1316 4789 Beda
1336 4776 1351 4799 ,
1393 4735 1521 4789 ibid.
1552 4735 1636 4789 Ex
1664 4735 1720 4790 8.

157 4802 476 4912 Aut-iit“;

227 4871 260 4912 ἆ
283 4871 403 4926 Non
443 4882 518 4926 est
554 4873 622 4927 ad
662 4885 900 4939 mortem,
931 4875 1026 4930 sed
1055 4875 1232 4946 potius
1269 4875 1337 4929 ad
1381 4873 1721 4930 miraculum.

151 4941 326 5000 Beda.
361 4943 487 4996 ibid.

205 4959 326 5006 eaa,
361 4959 487 4996 tota.

232 5024 257 5051 ο
281 5013 371 5068 llle
415 5013 690 5081 languens.
739 5013 844 5068 illae
889 5014 1115 5077 tristes,
1154 5027 1344 5068 omnes
1384 5013 1585 5068 dilecti.
1617 5014 1724 5069 Sed

153 5083 413 5153 diligebat
448 5097 541 5138 eos
569 5091 623 5136 et
667 5084 1031 5153 languentium
1080 5084 1358 5146 Salvator,
1407 5084 1514 5137 imo
1563 5085 1724 5138 etiam

155 5163 492 5207 mortuorum
534 5155 846 5217 suscitator,-
883 5164 937 5207 et
985 5155 1214 5208 tristium
1261 5153 1586 5208 consolator.
1623 5154 1718 5205 Al-

154 5223 299 5295 cuin.
341 5221 629 5295 Comment.
682 5223 736 5276 in
778 5224 996 5284 Ioann..
1054 5240 1172 5295 cap.
1235 5225 1294 5278 11
1332 5264 1347 5290 ,
1397 5225 1488 5278 lib.
1544 5240 1596 5278 ν.
1640 5224 1724 5278 Ea:

153 5289 214 5346 S.
240 5292 486 5363 august”
514 5291 669 5355 ibid.,
692 5303 746 5345 η’
777 5295 829 5346 7.

231 5361 253 5400 ί
281 5361 485 5445 T_aud_iu
502 5363 936 5445 tempusductum
957 5373 1059 5445 est,
1085 5364 1722 5445 qpousqitequatriduum

1486 5448 1506 5470 0

152 5432 535 5499 complerelur.
560 5431 726 5496 Beda,
750 5434 901 5496 ibid.,
924 5450 987 5486 ea:
1010 5435 1066 5487 8.
1102 5431 1235 5502 Ἀπί).
1263 5431 1412 5495 ibist,
1449 5448 1506 5486 n°
1529 5434 1580 5487 7.

165 5571 193 5572 ί
231 5503 265 5572 ³,
287 5503 472 5556 Videte
500 5503 947 5572 quemadmodum
989 5503 1232 5572 discipuli
1284 5503 1458 5556 territi
1497 5501 1718 5557 fuerint.

153 5571 324 5625 Beda.
371 5570 1146 5626 ibid.'Voluernntconsiliutn
1175 5574 1304 5624 dare
1359 5572 1604 5635 Domino,
1655 5590 1722 5628 ne

153 5650 479 5712 moreretur,
505 5643 595 5712 qui
625 5650 842 5695 venerat
897 5642 1051 5702 mori,
1107 5658 1174 5696 ne
1203 5642 1300 5712 ipsi
1355 5652 1712 5696 morerentur.

152 5709 330 5776 Beda,
355 5712 480 5764 ibid.
511 5711 744 5776 Aleum,
765 5712 912 5774 ibid.,
941 5713 996 5766 in
1022 5712 1203 5778 Ioan.,
1224 5709 1355 5782 Vcap.
1391 5713 1469 5776 11,
1503 5728 1553 5781 p.
1596 5713 1717 5765 575.

479 5805 748 5867 Pnnos.
813 5806 1002 5870 CXII.

1832 4175 1908 4231 Ex
1937 4173 1994 4230 S.
2023 4174 2180 4244 Aug.,
2211 4176 2266 4228 in
2294 4173 2454 4244 Ioan.
2493 4187 2611 4243 cap.
2645 4174 2732 4239 11,
2762 4183 2912 4228 tract.
2938 4191 3093 4242 χιιι,
3143 4196 3202 4235 no
3239 4184 3293 4239 8,

1905 4248 1929 4286 h
1962 4245 2052 4300 Sol
2082 4242 2308 4311 iustitiae
2332 4242 2580 4298 Christus
2618 4244 2762 4297 omni
2790 4254 3027 4314 tempore
3075 4259 3242 4305 totum
3277 4255 3400 4310 illn-

1832 4316 2004 4394 minat
2032 4317 2239 4369 orbem.
2267 4315 2335 4394 Et
2362 4313 2674 4394 sicuthdies
2724 4313 3185 4394 duOtlecimJiOI-is
3230 4339 3402 4394 usque

1753 4389 1807 4445 D
1833 4386 1899 4464 ad
1938 4401 2189 4464 occasum
2237 4384 2489 4464 volvitur,
2515 4383 2587 4437 ita
2621 4385 2737 4464 dies
2778 4401 2960 4464 verus,
2989 4386 3255 4464 _Qhrtstits
3305 4383 3400 4464 ῥει-

1830 4457 2113 4524 duodecim
2140 4454 2411 4524 apostolos
2435 4469 2629 4508 suos...
2665 4454 2896 4510 illustrat
2933 4457 3134 4514 fideles.
3191 4454 3399 4520 [tabam

1825 4526 1892 4580 de
1923 4523 2191 4590 Universo,
2226 4524 2318 4578 lib.
2351 4540 2425 4587 ιν,
2450 4539 2568 4594 cap.
2603 4525 2654 4579 1.

1898 4595 2193 4669 Duodecim
2207 4596 2352 4649 hora:
2373 4595 2819 4669 diemeomplent,
2845 4595 3073 4652 Domino
3087 4609 3395 4669 atteslante,

1827 4667 1919 4734 qui
1974 4667 2092 4719 ait:
2151 4662 2338 4718 Nonne
2383 4662 2663 4718 duodecim
2716 4665 2865 4718 horae
2921 4675 3048 4722 sunt
3093 4670 3243 4726 diei?
3297 4662 3396 4731 Ubi

1827 4737 2073 4814 quamvis
2114 4734 2398 4814 allegorice
2423 4734 2674 4814 se_diem,
2723 4735 3018 4814 discipulos
3071 4754 3215 4806 vero,
3234 4747 3332 4814 _qui
3367 4764 3396 4800 a

1827 4803 1884 4860 se
1913 4805 2212 4859 illustrandi
2239 4803 2476 4874 fuerant,
2492 4805 2663 4874 ,horas
2690 4803 3064 4874 appellaverit,
3095 4803 3399 4870 ett—Ralm-

1829 4876 1905 4939 ni,
1933 4875 2086 4938 ibid.,
2111 4875 2204 4928 lib.
2230 4890 2282 4938 Χ,
2311 4889 2430 4942 cap.
2467 4873 2520 4926 5.

1903 4947 1918 4985 i
1959 4945 2112 4997 llam
2140 4944 2282 4997 diem
2309 4951 2627 5012 sequuntur.
2653 4943 2884 5007 Alcuin.,
2916 4945 3048 5000 ibid.

1899 5013 1912 5063 i
1951 5013 2124 5068 Nolite
2151 5013 2279 5066 mihi
2309 5012 2590 5066 consilium
2635 5013 2788 5076 dare,
2827 5031 2962 5082 quos
3019 5034 3048 5072 a
3078 5035 3165 5076 me
3223 5027 3402 5082 consi-

1825 5083 1955 5137 lium
1982 5092 2191 5164 φοι-ιρι
2228 5083 2493 5164 accipere.
2522 5083 2606 5164 S._
2633 5083 2792 5152 Aug.,
2826 5081 3068 5164 ibid.,-n_°
3096 5091 3149 5164 _8.
3185 5091 3238 5147 Si
3293 5081 3396 5164 ego

1826 5170 1967 5217 sum,
2010 5153 2205 5224 inquit,
2228 5153 2442 5224 (lies,et
2469 5167 2564 5224 vos
2594 5153 2760 5216 horta,
2808 5158 3045 5224 nunquid
3095 5161 3243 5215 liora:
3287 5153 3395 5221 diei

1825 5222 2108 5278 consilium
2137 5223 2308 5276 dant?
2330 5223 2476 5275 hora:
2501 5222 2640 5275 diem
2673 5222 2987 5292 sequuntur,
3021 5245 3125 5282 non
3161 5232 3278 5286 dies
3298 5234 3396 5289 ho-

1827 5310 1934 5348 ras.
1964 5294 2078 5370 lloc
2097 5309 2224 5370 (περ
2255 5293 2330 5370 ait
2357 5293 2423 5344 de
2444 5292 2757 5370 cnompendio
2788 5311 2799 5344 :
2847 5293 2944 5370 _Me
3001 5301 3315 5370 sequimini,
3345 5307 3393 5360 si

1824 5380 1930 5419 non
1953 5365 2112 5417 vultis
2138 5362 2424 5416 offendere.
2451 5359 2506 5414 S.
2542 5359 2700 5430 Aug.
2739 5380 2796 5416 n°
2842 5363 2894 5418 8.

1897 5434 1931 5509 κ.
1954 5433 2361 5509 Responderunt
2403 5434 2668 5509 quomodo
2709 5432 3122 5509 intellexerunt:
3154 5437 3390 5509 Domine,

1823 5504 1868 5556 si
1897 5499 2120 5578 dormit,
2139 5501 2318 5578 salvus
2346 5503 2462 5578 erit.
2496 5499 2680 5578 Solent
2709 5503 2998 5578 ettitnesse
3027 5509 3198 5578 somni
3221 5499 3391 5578 aagm:

1826 5575 2052 5626 lantiunt
2077 5571 2262 5626 salutis
2288 5570 2562 5641 inliciunt.
2594 5571 2799 5626 Alcuin.
2848 5573 2999 5637 ibid.,
3043 5573 3210 5641 Beda,
3257 5570 3387 5640 ibid,

1825 5643 1900 5697 Ex
1919 5643 1974 5696 S.
2005 5645 2134 5710 Aug.
2157 5641 2336 5703 ,ibid.,
2367 5657 2424 5694 n°
2463 5640 2545 5693 11.
2723 5684 2731 5692 ,

1901 5711 1916 5750 ι
1960 5711 2176 5766 Gaudeo
2192 5721 2400 5781 pro‘iter
2423 5726 2504 5764 ros
2529 5720 2580 5764 ut
2605 5711 2826 5768 credatis
2845 5713 2967 5779 quia
2992 5729 3093 5767 non
3123 5714 3191 5770 ibi
3212 5735 3387 5781 eram.-

2817 5801 2892 5865 '46
