3938 6334
493 349 632 405 “5|

1145 346 1204 398 Β.
1245 341 1494 396 RABANI
1533 337 1747 394 MAURI
1788 333 2100 391 ARCHIEP.
2147 327 2450 384 MUCUN'I‘.
2492 327 2774 384 OPERUM
2812 322 2988 380 PARS
3027 321 3110 376 Ill.

3627 318 3764 371 1852

497 461 876 530 condiscipulos
910 474 1070 513 suos:
1098 443 1296 512 Eamus
1328 469 1374 512 et
1395 474 1486 510 nos
1510 466 1564 512 et
1586 469 1610 497 ει
1635 456 1932 511 moriamur
1955 467 2074 507 cum
2108 459 2154 516 Α
2182 457 2261 502 cat
2291 457 2358 500 te.
2407 445 2464 500 ln
2514 445 2712 515 quibus
2749 443 2927 497 verbis
2956 437 3296 530 ostenditur,
3323 435 3453 530 quia
3486 432 3768 530 Dominus

487 567 581 607 eo.
609 551 746 604 Ecce
767 563 926 604 verus
946 548 1240 602 amantium
1261 544 1502 609 allectus,
1534 546 1617 599 vel
1637 561 1757 601 cum
1781 559 1844 598 co
1871 543 2071 608 vivere,

2176 539 2396 593 Mariam
2428 536 2640 591 vocavit
2666 551 2680 600 ;
2706 533 2851 602 quod
2877 531 3114 586 Joannes
3158 525 3341 586 tacuit,
3393 524 3504 579 nisi
3549 523 3770 593 quando

484 639 584 696 ave!
605 654 730 694 cum
759 652 824 691 eo
853 636 1010 691 mori.
1074 635 1218 690 Venit
1240 633 1353 704 jam
1377 634 1646 700 Christus,
1673 645 1717 688 et
1749 633 1938 688 invenit
1957 648 2072 686 eum
2172 629 2258 685 vel
2278 628 2547 700 quomodo
2563 625 2789 679 Mariam
2813 620 3107 682 vocaverit,
3137 614 3472 671 narrationis
3499 614 3774 668 brevitate

472 740 726 802 equatuor
743 730 852 785 dies
861 728 977 799 jam
1000 728 1267 781 habentem
1299 728 1354 780 in
1379 736 1730 781 monumento.
1756 725 1886 778 Erat
1903 733 2074 778 autem

473 821 761 876 .Beth’ania
781 819 940 888 juxta
981 816 1380 888 Ierosolymam,
1428 819 1576 887 quasi
1625 817 1810 870 stadiis
1861 814 2077 886 quinde-

475 949 480 954 ›
509 912 866 978 cim,duobus
895 910 1179 974 milliariis,
1220 908 1396 964 stadio
1437 909 1615 964 minus
1646 924 1660 962 :
1703 907 1853 962 multi
1900 916 2076 960 autem

477 1037 480 1040 -
509 1019 576 1056 ea:
594 1000 801 1054 Iudwis
818 1007 1072 1054 .venerant
1096 998 1163 1050 ad
1182 997 1410 1051 Mariam
1436 1006 1483 1050 et
1509 995 1792 1062 Martham,
1816 1004 1870 1048 ut
1898 1009 2081 1048 conso-

469 1095 744 1148 larentur
769 1108 855 1146 eas
883 1091 946 1145 de
987 1090 1148 1160 fratre
1196 1105 1310 1144 suo.
1355 1087 1567 1142 Martha
1615 1103 1755 1158 ergo,
1789 1096 1845 1140 ut
1880 1085 2080 1140 audivit

501 1185 627 1255 quia
643 1183 796 1236 Iesus
818 1181 968 1244 venit,
1011 1181 1234 1233 occurrit
1251 1177 1348 1231 illi.
1382 1177 1557 1232 Maria
1576 1187 1749 1231 autem
1771 1176 1912 1230 danti
1937 1175 2082 1230 sede-

485 1277 614 1329 .bat.
644 1273 789 1328 Dixit
827 1287 948 1342 ergo
978 1269 1187 1324 Martha
1227 1269 1295 1323 ad
1321 1267 1503 1322 Iesum
1535 1281 1552 1320 :
1584 1266 1828 1332 Domine,
1869 1266 1915 1320 si
1955 1265 2083 1333 fuis-

461 1384 587 1421 ses
606 1366 712 1430 hic,
737 1363 902 1433 frater
925 1379 1068 1416 meus
1099 1378 1201 1415 non
1233 1360 1414 1431 fuisset
1435 1370 1670 1413 mortuus
1692 1374 1710 1424 ;
1739 1356 1829 1412 sed
1867 1366 1916 1411 et
1945 1371 2081 1410 nunc

475 1497 478 1500 .
507 1457 637 1520 scio,
663 1455 786 1526 quia
811 1467 1130 1524 quaecunque
1147 1449 1440 1521 poposceris
1485 1465 1517 1502 a
1550 1437 1679 1512 Deo,
1704 1445 1848 1500 dabit
1901 1444 2082 1509 Deus;

507 1555 566 1600 et
597 1545 710 1600 scio
732 1543 1035 1612 quiapotcs
1058 1555 1182 1596 eum
1211 1538 1477 1594 suscitare
1511 1536 1556 1594 si
1585 1537 1688 1602 vis,
1720 1536 1814 1591 sed
1839 1535 1940 1590 hoc
1969 1541 2080 1598 tuo,

484 1637 755 1698 tDominc,
796 1634 1041 1704 relinquo
1088 1631 1346 1695 arbitrio;
1373 1644 1481 1685 non
1534 1643 1664 1700 rogo
1699 1634 1760 1681 ut
1805 1625 2080 1682 suscites:

493 1728 644 1800 'quia
672 1741 775 1781 non
798 1738 1088 1796 prmsumo,
1116 1721 1242 1792 quia
1275 1720 1482 1785 nescio,
1505 1734 1572 1774 an
1603 1719 1672 1772 sit
1699 1716 1846 1771 utilis
1874 1715 2002 1770 facti
2029 1715 2084 1770 in

2177 728 2388 776 servata
2407 716 2450 770 τ.
2473 715 2670 780 Maria,
2692 728 2839 784 ergo.
2857 722 2914 766 ut
2933 711 3130 764 audivit
3145 723 3244 764 sea
3261 706 3500 762 Domino
3521 706 3774 760 sciscita-

2177 812 2245 878 ri,
2277 809 2503 866 surrexit
2533 807 2655 873 cito,
2683 815 2730 860 et
2758 803 2892 859 venit
2915 802 2985 856 ad
3009 817 3148 854 eum.
3173 799 3430 853 Nondum
3465 798 3616 850 enim
3641 813 3779 849 reur-

2179 915 2260 960 rat
2287 904 2444 958 Iesus
2473 903 2528 956 in
2550 898 2844 962 castellum,
2867 898 2960 950 sed
2985 904 3096 948 erat
3120 893 3290 946 adhuc
3327 892 3387 945 in
3425 889 3524 943 illo
3553 889 3674 942 loco
3697 888 3778 940 ubi

2179 998 2474 1046 occurrerat
2519 989 2570 1042 ei
2594 985 2826 1041 Martha.
2849 981 3027 1037 Iudcei
3057 981 3236 1051 igitur,
3274 979 3368 1050 qui
3391 994 3520 1032 cum
3549 993 3617 1030 ea
3637 987 3779 1029 erat

2177 1084 2234 1136 in
2259 1082 2434 1147 domo,
2463 1087 2512 1133 et
2558 1074 2964 1132 consolabantur
2991 1087 3138 1136 eam,
3197 1086 3318 1124 cum
3353 1069 3622 1122 vidissent
3665 1066 3780 1119 ιι-

2181 1174 2315 1227 riam
2342 1171 2466 1242 quia
2480 1169 2582 1223 cito
2607 1166 2858 1230 surrexit,
2880 1173 2927 1217 et
2950 1162 3096 1227 exiit,
3128 1168 3387 1231 putantes
3425 1159 3584 1213 illam
3637 1157 3786 1222 fisti-

2181 1277 2339 1327 nare,
2368 1267 2427 1314 ut
2449 1257 2648 1314 doloris
2673 1255 2785 1311 suis
2805 1253 3058 1310 solatium
3080 1252 3337 1322 iacrymis
3357 1257 3649 1320 quaereret
3670 1289 3686 1313 ,
3709 1265 3786 1302 sr-

2183 1353 2290 1408 cuti
2319 1361 2440 1407 sunt
2469 1365 2583 1404 eam
2621 1349 2847 1402 dicentes
2871 1347 2937 1396 3:
2981 1343 3121 1410 Quia
3168 1343 3311 1398 vadit
3356 1342 3434 1395 ad
3477 1356 3786 1394 manune:-

2185 1453 2318 1510 tum,
2347 1452 2402 1496 ut
2431 1441 2596 1513 ploret
2622 1439 2711 1494 ibi.
2751 1437 2928 1492 Maria
2961 1453 3102 1507 ergo,
3136 1452 3256 1490 cum
3284 1433 3518 1489 uenisset
3555 1433 3651 1485 ubi
3685 1445 3787 1484 erat

2183 1533 2358 1599 Iesus,
2385 1532 2562 1587 uidens
2582 1545 2698 1585 eum
2722 1527 2906 1584 cecidit
2951 1528 3020 1581 ad
3067 1527 3222 1598 pedes
3249 1526 3394 1595 ejus,
3423 1533 3475 1579 et
3502 1524 3652 1578 diri:
3700 1525 3744 1578 ei
3767 1538 3786 1573 :

2185 1625 2430 1691 Domine,
2469 1625 2516 1678 si
2537 1623 2725 1692 fuisses
2745 1622 2851 1687 hic,
2868 1637 2969 1674 non
2992 1628 3120 1674 esset
3149 1627 3396 1672 mortuus
3429 1615 3614 1685 frater
3631 1631 3782 1678 necs,

2189 1725 2242 1773 te
2275 1717 2419 1772 enim
2445 1722 2734 1786 prasente,
2764 1713 2908 1768 nulla
2940 1725 3176 1781 unquam
3199 1709 3512 1764 inﬁrmitas
3533 1723 3671 1764 ausa
3700 1708 3786 1763 fuit

515 1834 582 1874 eo
613 1815 941 1872 resurrectio
967 1814 1017 1866 ιι.
1071 1811 1208 1866 Dicit
1255 1809 1334 1864 illi
1383 1807 1541 1863 Iesus
1578 1819 1596 1858 :
1645 1805 1892 1877 Resurget
1927 1805 2093 1874 frater
2119 1811 2167 1872 Β
2194 1822 2476 1878 apparere,
2507 1806 2647 1877 apud
2673 1819 2810 1877 quas
2830 1804 2940 1859 vita
2954 1803 3296 1858 consueverit
3313 1802 3626 1872 hospitari.
3648 1800 3785 1855 Iesus

512 1919 655 1963 tuus.
677 1905 818 1961 Dicit
845 1905 892 1958 ei
921 1901 1133 1956 Martha
1165 1916 1183 1955 :
1227 1897 1348 1955 Scio
1379 1899 1502 1968 quia
1526 1904 1754 1965 resurget
1781 1895 1835 1948 in
1861 1909 2091 1948 resurre-

499 1995 688 2050 ctione
746 1987 1005 2062 generali,
1041 1989 1098 2042 in
1139 1986 1416 2041 novissimo
1470 1984 1572 2038 die.
1605 1983 1747 2037 Dicit
1791 1982 1839 2036 ei
1887 1981 2041 2036 Iesus
2069 1994 2089 2032 :

517 2089 641 2159 Ego
672 2101 785 2140 sum
811 2081 1118 2138 resurrectio
1142 2089 1188 2133 et
1217 2079 1343 2144 vita,
1371 2078 1498 2148 quia
1541 2091 1659 2132 sum
1705 2074 1837 2140 vita,
1880 2089 1978 2144 per
2006 2087 2094 2128 me

517 2183 798 2246 resurget;
833 2185 930 2243 per
958 2184 1044 2224 me
1077 2177 1206 2224 tunc
1235 2174 1500 2238 resurget,
1523 2165 1567 2219 si
1606 2163 1729 2220 volo
1765 2171 1820 2219 et
1869 2176 2014 2218 nunc
2038 2171 2090 2216 ο.

526 2269 630 2336 Qui
654 2267 818 2322 credit
843 2266 897 2320 in
919 2279 1020 2328 me,
1046 2262 1233 2328 vitam,
1260 2260 1416 2314 etiam
1452 2259 1496 2314 si
1529 2271 1763 2312 mortuus
1786 2256 1943 2327 fuerit
1975 2269 2094 2310 cor-

505 2377 677 2433 pore,
709 2361 859 2424 vivet,
883 2364 944 2411 ut
968 2355 1093 2409 vivit
1131 2352 1425 2416 Abraham,
1465 2351 1616 2406 Isaac
1660 2357 1716 2404 et
1746 2347 1934 2413 Jacob,
1957 2361 2094 2417 quo-

503 2469 638 2508 rum
662 2453 805 2506 Deus
823 2463 965 2514 sum,
994 2447 1136 2502 sicut
1163 2446 1426 2500 vivorum.
1449 2443 1687 2498 Credens
1714 2441 1766 2496 in
1809 2456 1915 2507 me,
1933 2440 2096 2495 etiam

537 2548 808 2604 mortuus,
848 2537 1017 2602 vivit;
1052 2551 1158 2590 non
1189 2535 1418 2590 credens
1458 2533 1512 2588 in
1542 2547 1649 2597 me,
1704 2531 1866 2588 etiam
1917 2531 2097 2596 vivus,

2189 1915 2336 1971 ergo,
2359 1907 2415 1952 ut
2447 1897 2570 1952 vidit
2591 1895 2820 1950 Mariam
2846 1894 3159 1966 plorantem,
3184 1894 3474 1963 infremuit
3507 1894 3720 1964 spiritu,
3743 1903 3782 1946 et

2193 1993 2708 2063 turbaritseipsum:
2741 1990 2867 2060 quia
2895 1988 3088 2052 voluit,
3130 1987 3351 2058 quando
3399 1987 3612 2050 voluit,
3645 2001 3782 2056 quem

2195 2082 2333 2138 alius
2357 2083 2578 2137 turbare
2602 2095 2711 2136 non
2733 2079 2925 2152 potuit.
2974 2078 3080 2134 Sed
3101 2087 3156 2134 et
3183 2077 3371 2142 hodie,
3411 2078 3648 2147 quando
3671 2094 3782 2148 pec-

2193 2182 2345 2230 cator
2371 2180 2693 2244 computans
2721 2185 2840 2240 qute
2871 2170 3013 2225 bona
3045 2169 3142 2223 Dei
3176 2184 3205 2224 a
3255 2168 3372 2224 Deo
3406 2170 3656 2238 accepit,
3685 2185 3782 2238 qui:

2193 2263 2337 2319 mala
2365 2279 2464 2335 pro
2493 2263 2650 2318 bonis
2677 2261 2790 2318 Deo
2815 2260 3136 2326 reddiderit,
3163 2260 3350 2315 fremit
3403 2260 3468 2314 in
3522 2259 3778 2330 spiritum,

2199 2352 2678 2424 etcompungitur,
2710 2358 2766 2407 et
2805 2351 3177 2406 conturbatur.
3224 2349 3454 2405 Fremit
3487 2366 3630 2406 vero
3673 2350 3782 2405 ﬁds

2201 2443 2258 2500 in
2289 2443 2509 2499 homine
2537 2441 2662 2497 dum
2687 2443 2752 2498 de
2787 2441 3023 2513 peccatis
3081 2441 3328 2512 increpat
3379 2455 3448 2496 se
3481 2460 3497 2495 :
3557 2440 3784 2497 Christus

2204 2531 2471 2587 fremit'in
2498 2546 2588 2598 eo,
2619 2530 2868 2587 Christus
2892 2532 3142 2588 turbatur
3159 2573 3173 2596 ,
3200 2533 3328 2602 quia
3353 2532 3504 2588 ﬁdes
3527 2535 3603 2587 de
3645 2531 3784 2587 Chri-

525 2641 782 2690 mortuus
811 2639 912 2685 est.
945 2627 1013 2683 Et
1033 2627 1200 2682 omnis
1226 2627 1314 2698 qui
1344 2626 1469 2680 dum
1500 2625 1620 2680 vivit
1648 2624 1701 2679 in
1733 2638 1909 2689 carne,
1937 2621 2100 2677 credit
2198 2631 2304 2689 sto,
2333 2621 2580 2678 Christus
2612 2630 2697 2679 est
2716 2623 2768 2678 in
2792 2621 2956 2679 corde
2980 2623 3032 2676 ιι.
3067 2621 3134 2676 Et
3162 2623 3302 2677 dixit
3335 2622 3511 2679 Iesus
3545 2643 3558 2676 :
3597 2622 3788 2691 Usipo-

521 2726 590 2778 .in
617 2739 719 2787 me,
751 2720 872 2776 etsi
901 2719 969 2774 ad
1001 2725 1212 2788 tempus
1237 2715 1500 2776 moriatur
1525 2714 1817 2770 secundum
1859 2727 2102 2779 carnem,
2183 2713 2379 2768 'suistis
2407 2728 2525 2767 eum
2548 2713 2574 2766 .’
2595 2711 2788 2766 Dicunt
2809 2713 2858 2767 ei
2880 2726 2898 2765 :
2921 2712 3163 2779 Domine,
3205 2713 3323 2768 ueni
3381 2722 3438 2767 et
3468 2715 3610 2767 ride.
3639 2713 3789 2767 εει.-

523 2831 639 2869 oion
672 2812 926 2868 morietur
952 2810 1006 2864 in
1034 2819 1315 2874 internum;
1341 2807 1468 2879 quia
1495 2806 1639 2862 vivet
1661 2806 1717 2862 in
1739 2805 1938 2871 ultima,
1969 2804 2104 2860 inte-
2203 2811 2470 2872 crymatus
2499 2811 2574 2857 est
2612 2799 2788 2856 Iesus.
2817 2801 2862 2858 Ο
2899 2817 3104 2873 magna
3163 2803 3392 2874 pietatis
3447 2803 3734 2858 auectas!
3759 2819 3788 2856 ο

535 2904 663 2968 rim,
694 2902 861 2958 donec
889 2900 944 2954 in
967 2913 1194 2969 corpore
1221 2905 1466 2970 resurgat
1488 2895 1540 2950 ά.
1575 2897 1784 2952 Etcum
1812 2896 1928 2952 haec
1947 2895 2108 2951 dixis-
2204 2891 2390 2963 magni
2421 2891 2627 2948 amoris
2652 2903 3028 2964 argumentum
3059 2893 3074 2946 !
3101 2906 3135 2947 o
3180 2892 3598 2948 intestimabilis
3649 2893 3790 2947 iatn!-

528 3005 614 3049 set
633 2992 828 3064 adjecit
857 3009 870 3045 :
903 2987 1084 3046 Credis
1107 2989 1248 3044 hoc?
1281 2987 1470 3045 Sciens
1498 2987 1722 3044 Marthae
1748 2988 1928 3052 ﬁdem,
1959 3001 2106 3058 quaa-
2207 2982 2464 3038 liaritalis
2491 2982 2752 3039 indicium
2783 2985 2796 3037 !
2830 2985 2952 3055 quis
2980 2984 3250 3040 aestimare
3294 2983 3592 3040 sufﬁceret
3638 2985 3786 3038 alter-

531 3083 660 3139 sivit
679 3081 1104 3146 confessionem;
1139 3079 1291 3134 corde
1310 3080 1455 3134 enim
1475 3080 1707 3134 creditur
1729 3079 1798 3133 ad
1818 3080 2102 3151 justitiam,

2209 3090 2338 3131 num
2371 3075 2544 3142 illum,
2571 3077 2663 3146 qui
2689 3085 2821 3133 tunc
2861 3077 3004 3132 inter
3027 3078 3318 3133 Dominum
3364 3078 3704 3134 salvatorem
3741 3088 3788 3132 et

511 3189 620 3226 me
642 3181 815 3226 autem
843 3169 1098 3240 confessio
1115 3169 1175 3237 fit
1207 3169 1276 3223 ad
1299 3168 1519 3223 salutem
1557 3181 1604 3222 ε.
1641 3169 1728 3224 Ait
1751 3167 1829 3224 illi
1859 3184 1878 3222 :
1899 3168 2109 3240 Utique,
2139 3165 2184 3228 C
2214 3169 2332 3240 ejus
2360 3169 2589 3226 amicam
2615 3168 2840 3224 Mariam
2869 3169 3204 3226 fervescebat
3237 3185 3522 3235 amorem,
3551 3170 3702 3238 crius
3718 3171 3785 3224 in-

537 3263 782 3328 Domine,
807 3277 899 3332 ego
931 3260 1153 3325 credidi,
1175 3260 1298 3327 quia
1337 3269 1393 3313 tu
1431 3277 1486 3314 es
1524 3257 1783 3327 Christus,
1820 3258 1870 3314 F
1872 3259 1994 3315 ilius
2019 3259 2119 3316 Dei
2195 3258 2419 3320 ,dicium
2449 3259 2654 3314 scimus
2685 3259 2836 3314 illum
2884 3259 3259 3315 dulcissimum
3312 3259 3686 3330 lacrymanun
3711 3273 3785 3312 sr-

515 3354 649 3419 civi,
667 3353 756 3424 qui
780 3367 878 3424 pro
901 3351 1073 3407 salute
1097 3349 1279 3406 mundi
1303 3351 1362 3405 in
1380 3351 1519 3404 hunc
1540 3352 1790 3406 mundum
1814 3353 2016 3407 venisti.

504 3501 662 3558 σέϐη.
701 3499 818 3554 XV.
851 3529 919 3540 —
945 3499 1046 3554 Ubi
1095 3499 1323 3571 Mariam
1369 3501 1659 3571 plorantem
1707 3502 1884 3558 videns
1924 3503 2115 3562 Salva—

1034 3581 1136 3638 tor,
1163 3569 1479 3642 lacrymatus
1522 3581 1616 3626 est.

607 3703 738 3760 Post
774 3704 891 3759 lucc
911 3703 1096 3769 verba,
1124 3703 1251 3758 abiit
1294 3703 1529 3770 Martha,
1563 3713 1620 3760 ct
1648 3708 1843 3762 vocarit
1882 3725 2110 3766 sororem

515 3810 681 3850 uuam
703 3807 993 3864 suppressa
1019 3808 1170 3860 voce,
1200 3793 1376 3848 dicens
1412 3807 1427 3847 :
1471 3793 1726 3866 Magister
1745 3797 1914 3865 adest,
1945 3809 1992 3854 et
2023 3818 2111 3856 oo-

2217 3348 2401 3404 dorem
2426 3350 2440 3402 !
2471 3347 2666 3415 Credo,
2690 3364 2904 3416 revera,
2935 3363 3175 3405 amorem
3225 3349 3380 3404 ﬂium
3409 3350 3568 3404 omni
3617 3351 3784 3404 hma-

2211 3454 2318 3505 nas,
2351 3438 2462 3495 imo
2486 3450 2542 3494 et
2568 3439 2825 3512 angelicae
2857 3448 3119 3496 creatura:
3159 3440 3784 3512 incomprehensibilia

2215 3526 2286 3582 Et
2328 3527 2650 3600 lacrymatus
2677 3539 2752 3584 est
2775 3529 2953 3585 Iesus.
2976 3529 3022 3586 Ο
3050 3530 3323 3603 lacrymas
3349 3530 3700 3602 dignissimas
3719 3545 3785 3583 re-

2215 3621 2478 3687 verentia,
2507 3630 2562 3677 et
2591 3636 2700 3678 non
2756 3622 2874 3678 sine
2899 3622 3156 3695 lacrymis
3184 3623 3600 3684 nominandas!
3631 3622 3780 3689 lact-y-

2215 3728 2332 3769 mas
2352 3711 2474 3767 Filii
2501 3712 2618 3779 Dei,
2643 3728 2762 3783 quin
2781 3715 2847 3769 de
2867 3714 3172 3786 purissimis
3197 3715 3426 3785 pupillis
3441 3715 3563 3783 ejus
3590 3715 3784 3770 ebulﬁe

2216 3811 2362 3871 runt,
2386 3819 2507 3875 quae
2531 3805 2598 3861 de
2617 3805 3002 3877 pulcherrimis
3022 3806 3140 3877 ejus
3167 3807 3348 3862 oculis
3371 3807 3786 3871 distillavennt,

1440 3945 1623 3990 NOTE
1663 3947 2048 3996 POTISSIMUM
2091 3954 2168 3997 EI
2214 3957 2468 4001 ﬁABANO
2511 3957 2884 4002 DESUMPTE.

531 4051 606 4108 Ut
618 4050 736 4121 jam
767 4049 1069 4120 inciperent
1097 4049 1382 4122 admirari,
1401 4050 1527 4119 quia
1555 4049 1817 4107 Dominus
1830 4054 2006 4122 potuit
2023 4054 2107 4109 di-

533 4120 658 4202 cere
682 4130 975 4202 mortuum,
999 4120 1141 4202 quod
1163 4135 1264 4202 nec
1297 4120 1529 4202 viderat,
1569 4134 1680 4202 nec.
1721 4120 1987 4202 audierat.
2039 4123 2106 4179 Ut

531 4190 760 4274 credatis
790 4197 862 4274 ut.
875 4189 1105 4262 amplius
1151 4190 1529 4260 robustiusque
1554 4189 1810 4248 credatis.
1854 4189 1914 4248 S.
1943 4193 2106 4267 Aug.,

531 4260 1076 4400 Wfili‘inuquodam
1123 4328 1652 4388 Alcuinicodice:et
1679 4332 1993 4388 moriamur.
2043 4332 2111 4388 In

529 4399 748 4471 vulgata
781 4409 798 4450 :
825 4399 887 4471 ut
907 4399 1225 4471 moriamur.

2213 4059 2384 4114 stolus
2411 4059 2487 4114 ait
2518 4076 2532 4113 :
2561 4058 2730 4114 Corde
2755 4060 2987 4114 creditur
3021 4059 3109 4128 ad
3149 4059 3445 4128 iustitia,
3503 4077 3596 4114 ore
3635 4069 3788 4113 ute-

2196 4129 2556 4256 ffiobnfflslsitéafit
2579 4130 2648 4256 09d
2667 4129 2908 4185 salutem.
2934 4127 3486 4185 BabaniComment.
3517 4131 3574 4186 in
3595 4129 3786 4191 Matth.

2295 4215 2756 4324 ἱιὲὂδὶξᾶὲῖἷὲιυω
2806 4278 2890 4325 cst
2943 4269 3402 4340 quemadmodum
3460 4286 3790 4341 suppressam

2219 4354 2405 4394 vocem
2433 4340 2728 4424 silentium“
2750 4342 3141 4424 nuncupavit...
3196 4340 3620 4424 advertendum
3647 4343 3790 4396 etim

2257 4409 2666 4480 uemadmodum
2687 4409 3028 4480 Evangelista
3050 4427 3157 4467 non
3178 4410 3380 4465 dixerit
3414 4411 3515 4465 ubi
3537 4412 3622 4466 vel
3643 4428 3793 4480 quan-

611 4425 748 4471 Iyum
781 4425 792 4450 ε
831 4425 887 4480 ut
905 4425 1225 4480 guunamuro
1397 4453 1405 4462 .
1874 4473 1885 4485 ,
2257 4425 2666 4464 uemaumoaum
2687 4425 3028 4480 evangelista
3050 4427 3157 4467 non
3178 4425 3380 4465 alserit
3414 4425 3515 4465 um
3537 4425 3622 4466 vet
3643 4428 3793 4480 quan-

611 4470 639 4510 b
668 4468 785 4522 Non
807 4469 961 4532 dmt,
989 4471 1080 4548 sed
1109 4479 1161 4524 et
1182 4469 1492 4548 modorogo
1521 4477 1582 4548 te
1601 4479 1660 4548 ut
1684 4481 1976 4548 resuscttes
2004 4473 2114 4528 fra-
2138 4478 2190 4538 ι)
2215 4425 2286 4534 30
2319 4478 2405 4532 vel
2438 4481 2706 4548 quomodo
2740 4480 2960 4535 Mariam
2996 4481 3258 4536 Dominus
3293 4483 3608 4546 vocaverit,
3633 4493 3687 4536 ut
3709 4484 3793 4536 hoc

523 4549 677 4594 ἰι-ειη
708 4553 884 4612 meum
910 4555 924 4602 ;
959 4538 1102 4612 unde1
1123 4538 1267 4593 enim
1289 4538 1508 4612 sciebat,
1527 4541 1584 4612 psi
1608 4541 1763 4612 fratri
1785 4543 1900 4612 ejus
1932 4560 2112 4598 resur-

513 4608 834 4684 ..g_ere_utile_
857 4607 1038 4662 foret?
1060 4607 1172 4664 Hoc
1198 4619 1403 4684 tantum
1426 4610 1566 4684 dixit
1590 4628 1603 4664 :
1628 4610 1770 4684 Scio
1789 4607 1914 4682 quia
1938 4623 2111 4684 potes.

543 4677 602 4732 Si
629 4677 709 4732 vis
737 4677 902 4733 facis:
935 4686 1114 4732 utrum
1144 4679 1288 4748 enim
1338 4679 1504 4734 facias
1545 4678 1734 4748 judicii
1775 4677 1850 4737 tui
1871 4677 1972 4748 est,
2007 4700 2114 4739 non

517 4748 975 4823 :prtnsumption‘is
996 4762 1147 4823 mete.
1209 4747 1320 4823 Sed
1339 4747 1558 4823 einunc
1579 4751 1695 4823 scio
1712 4754 1836 4823 quia
1870 4747 2119 4823 quincun-

517 4832 640 4888 que
665 4817 953 4888 papaueris
973 4817 1164 4888 aDeo,
1199 4818 1341 4888 (laliit
1364 4819 1456 4872 tibi
1476 4817 1638 4873 Deus.
1666 4817 1808 4877 Beda
1830 4817 1892 4876 in'
1929 4823 2114 4888 Ioan.,

527 4885 784 4956 δεμ-Η,
809 4901 874 4941 ex
905 4885 962 4940 S.
995 4886 1129 4956 Aug.
1167 4889 1221 4942 in
1249 4887 1410 4942 Ioan.
1454 4905 1571 4954 cap.
1605 4905 1680 4954 ιιι,
1706 4901 1859 4945 tract.
1895 4909 2044 4946 xux.

613 4953 643 5036 7f
672 4953 773 5009 Per
791 4971 948 5024 quem
971 4953 1098 5010 tunc
1126 4966 1389 5036 resurget,
1417 4953 1595 5036 potest
1624 4953 2118 5036 niodo‘resurqerc,

524 5027 672 5097 :quia
685 5027 1354 5097 egousum‘resurrectioct
1378 5029 1506 5082 vita.
1533 5027 1698 5094 Beda,
1727 5031 1854 5084 ibid.

615 5093 642 5134 ἀ
669 5093 882 5170 _Similia
925 5095 1093 5170 fusius
1119 5097 1259 5166 apud
1286 5097 1585 5170 Alcuinum,
1621 5093 1691 5170 ex,
1724 5100 1782 5154 S.
1808 5103 2116 5170 Augustino.

531 5163 718 5220 Crede
758 5178 887 5234 ergo
916 5181 930 5218 :
955 5165 1053 5220 etsi
1111 5163 1355 5222 mortuus
1403 5167 1586 5234 fueris,
1613 5169 1784 5225 vives.
1835 5163 1912 5226 Si"
1940 5181 2120 5226 autem

547 5235 925 5308 non__credis,
1007 5245 1059 5308 ct
1129 5253 1249 5292 cum
1327 5238 1462 5292 vivis
1489 5279 1523 5308 ,ί
1571 5248 1815 5295 mortuus
1878 5256 1956 5296 es.
2019 5242 2121 5308 Qui

547 5305 725 5376 credit
761 5304 818 5359 in
855 5320 960 5376 me,
991 5307 1200 5361 etiamsi
1232 5315 1473 5363 mortuus
1499 5307 1663 5363 fuerit
1689 5311 1741 5363 in
1775 5325 1958 5376 carne,
1983 5304 2125 5366 vivet

636 5376 836 5461 anim'a,
859 5375 1466 5461 donecresur‘gat‘caro,
1495 5394 1764 5461 nunquam
1783 5373 1967 5461 postea
2003 5397 2122 5436 mo-

546 5443 739 5516 ritura.
760 5445 924 5516 Beda,
943 5445 1092 5516 ibid.,
1118 5460 1182 5499 ex
1203 5443 1259 5500 S.
1289 5447 1538 5516 AugusL,
1561 5443 1714 5514 ibid,
1744 5443 1798 5503 ιιδ
1823 5451 1908 5503 l5.

625 5525 648 5552 θ
670 5515 1011 5589 Et_di.rit__eis
1039 5514 1191 5567 Iesus
1223 5529 1238 5565 :
1267 5514 1489 5589 Creditis
1526 5519 1649 5588 quia
1669 5536 1877 5588 possum
1925 5520 2020 5572 hoc
2050 5521 2125 5589 fa-

550 5599 663 5666 cere
686 5584 823 5638 vobis
897 5583 1080 5664 Fidem
1106 5598 1295 5638 eorum
1331 5586 1444 5654 ipse
1466 5583 1695 5666 noscens
1730 5583 2125 5666 interrogau'ut

550 5653 710 5706 iidem
739 5653 1007 5708 confessio
1028 5663 1257 5722 promat,
1301 5653 1362 5708 ct
1385 5656 1778 5712 confessionem
1808 5653 1975 5712 virttis
1997 5674 2125 5714 con-

543 5731 827 5790 sequatur,
861 5723 1112 5792 salusque
1133 5724 1384 5780 virtutem
1407 5728 1693 5783 comitetur
1717 5744 1731 5792 ;
1760 5729 1882 5797 quia
1903 5738 1960 5782 ιιι
1980 5729 2125 5797 Apo-

2219 4549 2273 4621 in
2308 4549 2487 4603 verbis
2524 4548 2750 4606 Martha:
2786 4552 2964 4621 potius
3007 4552 3435 4621 intelligeretur,
3485 4555 3794 4606 ιιειτιτιιὶωὲς

2218 4620 2482 4691 brcvntale
2505 4629 2742 4675 servata.
2786 4620 3092 4691 S.-August.
3115 4620 3280 4691 ibid"
3325 4638 3387 4674 n°
3425 4621 3520 4674 l6.
3557 4622 3794 4674 Alesia-ss

2218 4705 2338 4812 ﬁrz
2369 4689 2650 4744 veritatem
2687 4701 2885 4746 servat.
2925 4689 3067 4746 lliid.
3105 4690 3250 4745 Beda
3279 4693 3524 4746 veritate
3573 4705 3791 4747 servata.

2285 4777 2300 4812 t
2347 4797 2358 4808 .

2285 4777 2358 4812 ta.

2295 4827 2620 4902 8_Dtitat|tes
2641 4832 2784 4902 enim
2809 4831 2976 4886 Judzri
3007 4840 3288 4902 propterea
3331 4832 3491 4886 illam
3533 4833 3792 4888 festinare.

2220 4907 2280 4952 ut
2317 4899 2518 4955 doloris
2544 4902 2653 4972 ‘sui
2695 4901 2945 4956 solatium
3004 4899 3260 4972 lacrymis
3299 4917 3608 4972 quaereret,
3653 4907 3792 4957 scan

2220 4980 2339 5042 sunt
2366 4985 2501 5042 eam.
2625 4973 2877 5042 August.,
2912 4972 3062 5037 ibid.,
3113 4969 3172 5026 ιιο
3217 4972 3302 5025 17.

2293 5039 2318 5112 ιδ
2356 5039 2922 5112 Αιιβιιάιειίίιέῐιίιηκιο,
2965 5042 3143 5098 vidisti
3182 5051 3234 5096 te
3269 5057 3448 5112 reum,
3491 5043 3794 5112 compubszi

2226 5108 2358 5182 tibi:
2407 5109 2689 5182 Illutl‘feci,
2721 5110 2848 5164 illud
2881 5112 3194 5166 commisi...
3217 5111 3348 5182 quid
3375 5111 3564 5166 facio?
3589 5108 3692 5182 qua
3715 5113 3795 5166 eo?

2222 5180 2364 5250 unde
2389 5180 2566 5250 vado?
2605 5181 2830 5248 Quando
2857 5182 2958 5235 ista
2986 5182 3142 5246 dicis,
3160 5180 3273 5250 jam
3307 5181 3502 5235 fremit
3533 5180 3794 5238 Christus:

2223 5248 2347 5320 quia
2377 5248 2510 5304 ﬁdes
2539 5248 2739 5305 fremit.
2772 5251 2826 5304 Si
2852 5251 2963 5320 ipsa
2987 5251 3117 5307 ﬁdes
3146 5248 3316 5316 intus,
3349 5253 3423 5306 ibi
3456 5264 3550 5307 est
3573 5255 3800 5307 Christus

2223 5317 2491 5383 fremens;
2524 5320 2568 5374 si
2593 5323 2728 5376 lidcs
2775 5321 2825 5374 in
2863 5317 3038 5386 nobis,
3080 5321 3334 5377 Christus
3377 5324 3432 5376 in
3465 5325 3647 5378 nobis.
3681 5324 3798 5387 Quid

2224 5389 2368 5460 enim
2413 5389 2576 5460 aliud,
2625 5391 2700 5444 ait
2741 5389 3046 5459 Apostolus,
3102 5393 3352 5447 habitare
3405 5391 3690 5448 Christum
3719 5408 3798 5460 per

2225 5458 2411 5532 [idern
2433 5459 2484 5532 in
2516 5462 2767 5516 cordibus
2794 5458 3033 5516 vestris?
3063 5462 3203 5532 Ergo
3237 5463 3376 5517 lides
3411 5475 3506 5517 tua
3552 5465 3620 5518 de
3655 5458 3795 5516 Clit-i-

2225 5537 2329 5592 sto,
2355 5527 2601 5603 Christus
2633 5539 2716 5585 cst
2743 5532 2794 5584 in
2832 5533 3002 5603 corde
3021 5527 3163 5603 tuo;
3187 5532 3514 5603 S.August.
3549 5535 3602 5586 in
3630 5533 3794 5590 Ima.

2226 5598 2464 5674 cap._i_l_,
2493 5609 2702 5674 tractat.
2727 5616 2876 5670 lux,
2901 5618 2960 5656 u°
2986 5602 3070 5658 l9.
3107 5601 3317 5658 Similia
3343 5598 3492 5674 apud
3529 5603 3722 5658 Bedes:
3753 5613 3794 5654 et

2226 5668 2365 5738 apud
2394 5668 2688 5724 Alcuinum.
