3938 6334
108 358 229 414 l-ifili
1127 345 1216 400 DE
1259 342 1414 397 VITA
1452 342 1515 396 Β.
1555 340 1671 394 MAI

1777 339 1796 393 Ξ
1836 336 2304 393 MAGDALENA’I.
3185 332 3317 387 ιιῦι

108 487 208 544 qua:
234 465 631 524 serenissimum
659 461 864 518 vultum
915 459 1036 529 ejus
1084 461 1470 529 irrigaverunt,
1522 468 1645 510 cum
1675 459 1727 518 Α
1751 453 1965 509 ditlicile
1988 452 2176 522 surgit,
2204 465 2363 520 quem
2393 448 2563 504 moles
2592 447 2746 544 malae
2775 447 3175 502 consuetudinis
3199 462 3323 516 pre-

107 534 274 617 videus
307 556 528 611 Mariam
552 553 874 625 plorantem,
900 548 1170 620 infremuit
1200 550 1411 618 spiritu,
1436 555 1485 600 et
1533 557 1646 599 tur-
1746 545 1846 599 mit
1880 543 1899 582 ί
1920 561 1936 610 ;
1983 551 2040 599 et
2073 543 2214 613 apud
2257 540 2576 596 Zachariam
2606 557 2618 592 :
2661 534 2921 608 iniquitas
2965 538 3120 593 sedet
3161 551 3326 606 super

107 652 226 705 bavit
252 645 511 717 seipsum!
565 643 634 696 Et
672 642 992 712 lacrymatus
1039 649 1117 694 est
1170 638 1348 692 Iesus.
1388 635 1649 705 Diligebat
1748 635 2000 689 talentum
2045 633 2244 704 plumbi
2271 636 2296 674 ε
2338 631 2523 702 (Zach.
2567 648 2620 697 v,
2663 631 2738 701 7).
2781 631 2926 696 Ideo,
2957 647 3089 687 voce
3125 646 3320 703 magna

107 745 228 797 enim
249 739 396 794 Iesus
431 738 754 791 Morthamet
779 749 1011 789 sororem
1039 732 1151 802 ejus
1190 731 1442 794 Mariam,
1473 739 1519 783 et
1542 728 1648 782 La-
1747 723 2023 787 clamavit,
2085 723 2206 776 ideo
2242 720 2442 783 fremit,
2504 721 2624 774 ideo
2665 720 2912 773 turbatus
2951 729 3050 781 est,
3097 719 3218 773 ideo
3251 718 3334 772 la-

107 850 290 887 tarum.
314 831 566 884 Dixerunt
604 827 764 896 igitur
795 825 1008 879 Iudaei:
1041 824 1178 877 Ecce
1223 821 1484 893 quomodo
1504 837 1654 874 ama-
1749 823 2022 887 crymatus
2043 821 2145 868 est.
2175 814 2242 866 Et
2279 813 2390 866 ait:
2427 810 2651 875 Lazare,
2689 810 2815 880 peni
2838 810 3000 877 foras.
3051 809 3120 864 Et
3144 809 3323 862 statim

107 924 182 977 bat
209 938 338 976 eum.
365 919 595 984 Quidam
623 925 798 970 autem
837 931 900 969 ex
921 916 996 968 eis
1024 913 1314 968 dixerunt:
1359 910 1484 965 Non
1516 920 1655 981 pote-
1749 905 1943 976 prodiit
1988 903 2082 974 qui
2109 912 2351 956 mortuus
2382 900 2577 969 fuerat,
2625 899 2816 968 ligatus
2851 915 3060 962 manus,
3110 908 3156 951 et
3177 898 3330 968 pedes

107 1022 182 1066 rat
212 1013 310 1074 hic,
355 1011 442 1080 qui
471 1007 674 1077 aperuit
700 1005 877 1059 oculos
917 1004 1042 1058 ca’ci
1094 1004 1225 1068 nati,
1275 1003 1447 1072 facere
1467 1011 1524 1055 ut
1571 1002 1655 1054 hic
1753 996 1976 1059 institis;
2002 1004 2048 1049 et
2073 994 2232 1063 facies
2259 991 2401 1045 illius
2433 999 2544 1044 erat
2587 990 2805 1044 sudario
2831 989 2993 1059 ligata
3015 990 3066 1042 ιι.
3111 989 3220 1052 Sic,
3250 989 3332 1044 sic

107 1120 196 1156 non
219 1079 762 1157 moreretur?Potuit,
817 1095 911 1151 sed
951 1094 1170 1160 noluit;
1227 1093 1352 1164 quia
1405 1091 1526 1162 plus
1574 1099 1657 1146 est
1754 1095 2007 1158 peccator
2060 1084 2277 1154 ligatur,
2325 1082 2379 1136 in
2414 1080 2653 1135 tenebris
2684 1079 3047 1141 interioribus,
3099 1080 3334 1134 obdura-

107 1199 353 1246 mortuum
377 1188 667 1252 suscitare,
709 1200 875 1256 quam
925 1185 1203 1239 inﬁrmum
1233 1197 1428 1240 sanare
1455 1195 1504 1236 υ.

107 1345 217 1401 CAP.
240 1340 371 1398 XVI.
401 1369 472 1381 -—
517 1336 617 1393 Ubi
663 1337 1048 1460 Christuzlorat
1094 1345 1143 1391 et
1184 1333 1449 1389 Lazarum
1490 1349 1662 1387 resus-

796 1425 842 1460 ει
931 1447 944 1460 .

796 1425 944 1462 ειιαι.

162 1549 309 1604 Iesus
367 1562 521 1618 ergo,
556 1559 768 1599 rursum
811 1541 1037 1611 fremens
1083 1541 1140 1596 in
1175 1539 1481 1608 semetipso,
1527 1537 1664 1590 venit

107 1639 161 1693 id
190 1645 590 1693 monumentum.
629 1633 852 1687 Frcmat
877 1639 933 1685 et
953 1630 1007 1684 in
1029 1637 1105 1695 ιε,
1146 1628 1456 1698 quicunque
1483 1640 1544 1681 es
1571 1621 1664 1695 qui

107 1727 347 1798 premeris
366 1723 626 1795 peccandi
656 1719 1068 1786 consuetudine,
1092 1719 1137 1774 si
1161 1718 1243 1773 vis
1266 1717 1590 1772 reviviscere
1611 1715 1661 1768 ι).

1758 1177 1904 1232 tione
1941 1175 2167 1238 mentis;
2207 1182 2262 1228 et
2285 1173 2339 1226 in
2373 1170 2612 1226 tenebris
2635 1169 2995 1224 exterioribus
3023 1169 3127 1223 erit
3154 1167 3339 1224 debito

1758 1269 1953 1324 futura:
1987 1265 2351 1323 damnationis
2385 1267 2427 1318 ὶ.
2483 1262 2590 1319 Sed
2627 1277 2788 1332 quem
2826 1262 2995 1333 prius,
3041 1276 3140 1332 per
3176 1276 3257 1326 se,
3301 1278 3334 1316 a

1759 1359 1978 1414 vinculo
2010 1357 2222 1421 mortis,
2257 1355 2508 1411 Christus
2538 1354 2684 1408 intus
2708 1351 2965 1417 absolvit;
2997 1353 3177 1407 statim
3203 1367 3337 1422 apo-

1761 1451 1928 1507 stolos
1965 1451 2032 1506 de
2053 1449 2190 1505 foris
2226 1447 2436 1503 solvere
2474 1444 2750 1516 praecepit.
2799 1442 2868 1496 Et
2889 1443 3022 1497 dixit
3054 1443 3128 1496 eis
3151 1455 3170 1494 :
3209 1441 3334 1497 Sol-

1761 1541 1863 1595 vite
1890 1557 2009 1594 eum
2037 1549 2086 1594 et
2111 1538 2266 1593 sinite
2307 1537 2452 1592 abire
2491 1535 2674 1607 (Ioun.
2719 1549 2795 1597 XI,
2824 1531 2918 1603 44)
2972 1551 2986 1586 :
3039 1533 3150 1603 Ego
3191 1535 3330 1588 enim

1763 1633 1916 1687 dixi:
1959 1631 2049 1685 Dii
2083 1631 2205 1685 estis
2261 1627 2434 1702 (Psal.
2476 1643 2665 1692 LXXXI,
2712 1626 2766 1694 6)
2802 1643 2817 1692 ;
2851 1636 2906 1682 et
2942 1626 3052 1680 Diis
3085 1643 3190 1680 non
3247 1626 3338 1681 de-

1767 1723 1978 1788 trahes;
2013 1731 2069 1776 et
2101 1720 2322 1776 Servum
2373 1731 2429 1774 ut
2463 1719 2592 1774 liber
2646 1719 2742 1789 fiat
2783 1718 3071 1788 applicabis
3108 1718 3176 1770 ad
3213 1707 3336 1772 deos

107 1819 224 1872 Erat
251 1827 417 1871 autem
445 1813 717 1884 spelunca,
761 1822 812 1867 et
845 1811 984 1882 lapis
1027 1811 1328 1882 suppositus
1367 1819 1478 1864 erat
1518 1810 1566 1865 ei
1609 1819 1659 1873 ο,
1689 1829 1738 1889 Β
1767 1813 1964 1887 (Exod.
1991 1828 2125 1878 xm,
2154 1811 2254 1878 28;
2279 1827 2395 1876 χχι,
2427 1811 2503 1880 6).
2549 1810 2772 1875 Errant,
2805 1809 2991 1881 igitur,
3038 1807 3129 1878 qui
3167 1809 3343 1864 dimit-

107 1909 164 1962 tit
200 1907 348 1962 Iesus
373 1921 394 1960 :
432 1903 618 1959 Tollite
667 1902 915 1973 lapidem.
960 1901 1102 1956 Dicit
1143 1900 1191 1955 ei
1241 1898 1495 1953 Martha:
1545 1898 1656 1952 Do-

108 2000 249 2063 nine,
281 1997 399 2067 jam
437 1995 582 2065 fetet,
614 1993 1000 2064 quatriduanus
1033 2001 1128 2045 est.
1177 1990 1318 2044 Dicit
1367 1991 1416 2044 ei
1455 1989 1610 2044 Iesus
1637 2002 1658 2041 :

107 2091 278 2146 Nonne
314 2089 427 2143 dixi
453 2087 564 2148 tibi,
603 2087 852 2158 quoniam
887 2085 932 2139 si
964 2083 1272 2148 credideris,
1314 2081 1511 2136 videbis
1545 2079 1660 2152 glo-

107 2184 224 2237 -iam
263 2180 364 2236 Dei
394 2180 470 2232 <1?
511 2179 580 2236 Et
619 2193 742 2248 quae
781 2184 868 2231 est
909 2175 1081 2244 gloria
1137 2173 1232 2230 Dei
1265 2173 1334 2226 οἳ
1373 2171 1528 2240 Quod
1576 2171 1664 2224 ubi

107 2265 372 2328 ibuudauit
400 2271 670 2337 delictum,
695 2267 1141 2340 superabundavit
1173 2267 1347 2338 gratia
1396 2264 1576 2338 (Rom.
1606 2280 1662 2330 v,

107 2369 220 2438 20);
260 2378 314 2423 et
338 2369 482 2439 quod
521 2367 613 2422 illa
657 2367 826 2436 magis
868 2363 1054 2434 diligat
1091 2363 1177 2417 cui
1223 2361 1342 2434 plus
1381 2362 1665 2416 dimittitur

112 2458 241 2513 Luc.
269 2458 384 2530 vn).
412 2457 662 2512 Tulerunt
686 2472 814 2526 ergo
831 2454 1078 2526 lapidem.
1097 2452 1254 2507 Iesus
1273 2461 1468 2517 autem,
1499 2451 1666 2507 eleva—

109 2552 154 2604 is
196 2567 402 2606 sursum
446 2551 632 2615 oculis,
688 2550 822 2604 dixit
865 2562 885 2600 :
921 2547 1104 2614 Pater,
1160 2549 1356 2619 gratias
1395 2547 1488 2601 tibi
1540 2563 1659 2618 ago,

107 2644 210 2698 mia
229 2643 422 2696 audisti
451 2659 554 2697 me.
594 2641 708 2712 Ego
733 2653 909 2695 autem
937 2640 1184 2704 sciebant,
1211 2641 1335 2710 quia
1355 2655 1557 2709 semper
1585 2655 1664 2692 me

107 2733 275 2796 mdis;
320 2733 410 2787 sed
454 2742 662 2803 propter
693 2730 941 2801 populum
987 2729 1076 2801 qui
1117 2730 1417 2784 circumstat
1445 2769 1460 2793 ,
1498 2727 1610 2782 dixi
1649 2741 1667 2780 :

108 2823 156 2878 7t
199 2825 434 2891 credant,
475 2825 602 2896 quia
639 2833 694 2877 tu
738 2839 820 2876 me
855 2821 1065 2876 misisti.
1117 2819 1247 2874 Htec
1278 2835 1395 2873 cum
1429 2820 1669 2884 dixisset,

107 2932 206 2970 |oce
239 2932 432 2986 magna
454 2915 718 2970 clamavit.
768 2912 914 2969 Voce
947 2927 1142 2984 magna
1183 2913 1438 2968 clamavit
1468 2931 1482 2967 :
1544 2911 1670 2982 quia

1765 1917 1880 1962 tere
1914 1914 2137 1977 peccata
2169 1905 2245 1959 ita
2285 1903 2384 1959 soli
2417 1903 2528 1958 Deo
2559 1903 2824 1968 tribuunt,
2860 1911 2917 1956 ut
2945 1903 2998 1957 in
3023 1919 3086 1956 ro
3117 1902 3340 1972 partici-

1761 2014 1893 2070 pare
1923 1999 2194 2054 hominem
2234 2006 2431 2068 negent
2461 1995 2506 2050 i.
2553 1997 2827 2052 Etcontra
2850 1996 2941 2050 Dei
2968 1995 3189 2050 vetitum
3235 1994 3340 2050 diis

1764 2088 2073 2154 detrahunt,
2111 2089 2202 2158 qui
2229 2089 2310 2143 eis
2342 2104 2372 2142 a
2419 2089 2528 2142 Deo
2554 2089 2734 2142 datam
2769 2094 3091 2156 potestatem
3118 2085 3333 2140 tollunt.

1765 2183 1926 2240 Solus
1966 2184 2107 2238 Deus
2154 2184 2318 2238 bonus
2349 2192 2466 2247 est;
2499 2181 2642 2236 solus
2688 2182 2830 2237 Deus
2867 2182 2995 2252 facit
3029 2178 3337 2243 mirabilia;

1763 2273 1906 2329 solus
1951 2273 2093 2327 Deus
2135 2282 2347 2343 peccata
2382 2271 2596 2325 dimittit
2633 2269 2846 2341 (Matth.
2895 2270 3144 2335 “1,17;
3190 2267 3345 2323 Psal.

1766 2380 1918 2429 uxr,
1949 2364 2047 2428 18;
2077 2361 2208 2416 Luc.
2236 2377 2288 2428 v,
2321 2361 2446 2430 2i);
2481 2361 2598 2416 sine
2621 2361 2752 2424 Deo,
2795 2373 2953 2414 nemo
2980 2361 3189 2414 bonus:
3221 2358 3342 2414 sine

1768 2457 1897 2518 Deo,
1941 2469 2102 2509 nemo
2135 2453 2263 2508 facit
2296 2453 2592 2508 mirabilia:
2649 2452 2766 2507 sine
2806 2451 2936 2516 Deo,
2973 2465 3131 2506 nemo
3161 2460 3341 2520 potest

1767 2557 1987 2618 peccata
2031 2547 2325 2602 dimittere.
2386 2544 2554 2601 Nemo
2583 2546 2779 2609 bonus,
2828 2545 2929 2599 nisi
2974 2544 3121 2600 solus
3157 2544 3341 2606 Deus;

1769 2655 1932 2694 nemo
1958 2638 2090 2694 facit
2115 2637 2422 2703 mirabilia,
2462 2637 2565 2693 nisi
2597 2637 2744 2693 solus
2762 2639 2940 2703 Deus;
2977 2653 3138 2693 nemo
3165 2648 3347 2707 potest

1771 2730 2043 2784 dimittere
2062 2737 2310 2800 peccata,
2342 2729 2444 2783 nisi
2489 2729 2636 2784 solus
2672 2727 2832 2782 Deus.
2871 2727 3124 2782 Mentitur
3161 2727 3348 2798 igitur,

1771 2821 1862 2892 qui
1887 2821 2018 2875 dicit
2055 2819 2284 2889 dejusto
2304 2819 2502 2890 Ioseph
2531 2839 2544 2874 ε
2590 2819 2682 2873 Vir
2703 2824 2866 2874 bonus
2904 2829 2953 2874 et
2975 2819 3152 2889 justus
3195 2816 3348 2890 (Luc.

1773 2927 1928 2978 χχιιι,
1965 2910 2090 2983 50);
2138 2912 2231 2982 qui
2257 2911 2326 2968 de
2350 2912 2508 2966 beato
2534 2911 2692 2966 viro:
2737 2910 2887 2966 Fecit
2911 2912 3050 2966 enim
3085 2909 3352 2966 mirabilia

990 3062 1171 3106 NOTE
1209 3061 1598 3105 POTISSIMUM
1644 3061 1728 3104 EI
1772 3059 2027 3103 ΒΔΒΑΝΟ
2065 3059 2438 3102 DESUMPTE.

160 3201 187 3229 ε
222 3186 326 3254 Qui
364 3185 539 3241 noluit
576 3185 758 3241 facere
799 3192 860 3239 ut
898 3200 1003 3240 non
1053 3193 1374 3250 moreretur,
1418 3185 1539 3257 plus
1583 3192 1669 3257 est
1697 3188 1742 3251 C
1772 3186 1877 3240 cati
1914 3186 2227 3256 augebatur.
2279 3184 2486 3240 Rabani
2531 3185 2810 3257 Allegoriaz
2852 3186 2906 3240 in
2945 3202 3153 3241 sacram
3203 3187 3354 3244 Scri-

107 3259 235 3331 luod
274 3257 514 3331 facturus
557 3267 659 3331 est,
708 3264 769 3312 ut
809 3267 1056 3312 mortuus
1096 3254 1515 3311 suscitemus.
1559 3254 1671 3309 Au-

109 3327 248 3392 iust.,
278 3328 432 3392 ibid.,
461 3344 520 3380 ιιο
550 3327 638 3381 21.

161 3401 190 3439 ι)
213 3398 370 3452 Iesus
407 3415 525 3468 ergo
559 3414 743 3452 rursus
773 3397 997 3468 fremens
1017 3397 1071 3450 in
1105 3397 1398 3468 semetipso,
1430 3395 1670 3468 venitad

109 3465 506 3525 nonumentuui.
554 3465 783 3523 Fremat’
823 3477 880 3522 et
923 3469 979 3522 iu
1003 3475 1074 3530 te,
1117 3467 1163 3521 si
1194 3465 1437 3536 disponis
1479 3465 1672 3521 revivi-

109 3555 268 3595 tcere.
313 3538 472 3592 Omni
507 3538 710 3607 homini
744 3537 960 3600 dicitur,
1005 3538 1096 3605 qui
1134 3539 1397 3607 premitur
1436 3537 1672 3607 pessima

109 3607 504 3676 :onsuetudine.
549 3606 612 3660 S.
639 3608 884 3676 August.,
926 3607 1079 3668 ibid.,
1107 3624 1164 3660 n°
1198 3606 1286 3660 ‘22.

167 3689 190 3717 ο
226 3675 493 3745 Spelunca
537 3691 702 3745 prava
727 3674 916 3738 'iiiens,
961 3685 1022 3729 ut
1061 3677 1132 3746 in,
1155 3676 1445 3746 Evangelia
1474 3690 1488 3728 :
1513 3745 1518 3746 γ
1541 3674 1672 3746 Erat

109 3757 274 3803 tutem
303 3746 576 3814 spelunca,
623 3755 670 3798 et
699 3745 832 3816 lapis
867 3745 1220 3816 superpositus
1245 3745 1356 3799 erat
1389 3745 1454 3806 ei,
1509 3745 1562 3816 id
1591 3754 1675 3799 est

109 3827 215 3874 :rat
235 3815 505 3886 profunda
546 3830 643 3884 per
673 3815 956 3876 malitiam,
994 3823 1048 3867 et
1077 3816 1358 3869 tenebrosa
1400 3831 1497 3884 per
1525 3815 1676 3885 igno-

109 3885 329 3943 ‘antiam
359 3886 660 3954 peccatoris
689 3885 1041 3948 conscientia,
1085 3894 1140 3938 et
1161 3885 1544 3939 insensibilitas
1583 3885 1676 3938 du-

109 3960 234 4014 ’ἰιὶιε
270 3957 447 4011 inerat
465 3956 537 4012 ci.
571 3955 775 4009 Rabani
801 3955 1075 4026 Allegoria:
1104 3957 1160 4008 in
1193 3971 1398 4009 sacram
1437 3955 1677 4024 Scriptu-

109 4045 230 4084 ἀτη.

161 4098 190 4138 ἀ
218 4097 462 4153 Lazarus
485 4111 644 4165 quem
687 4096 940 4150 Dominus
977 4096 1392 4166 quatriduanum
1420 4095 1676 4151 fetentem

110 4171 158 4224 le
196 4178 548 4222 monumento
576 4167 854 4220 suscitavit
886 4167 1154 4236 signiﬁcat
1187 4167 1466 4230 mundum,
1514 4182 1675 4235 quem

109 4239 420 4309 gravissima
461 4237 664 4309 peccati
712 4239 1042 4309 consuetudo
1087 4246 1423 4309 corruperat,
1457 4237 1674 4309 (quita-

111 4306 218 4364 nen
244 4316 444 4378 quarto
469 4308 554 4362 die
584 4307 774 4378 mortis
807 4309 1125 4378 suscitatur.
1178 4306 1355 4360 Prima
1378 4308 1523 4378 enim
1542 4306 1675 4378 dies

110 4375 291 4434 nortis
323 4387 406 4432 est
441 4386 610 4430 tracta
653 4375 718 4430 de
738 4377 905 4449 Adam
955 4392 1190 4449 propago
1230 4377 1435 4449 mortis.
1492 4376 1674 4449 Altera

110 4451 213 4503 lies
240 4449 435 4503 mortis
459 4456 540 4502 est
580 4447 939 4518 transgressio
975 4449 1110 4518 legis
1131 4447 1443 4501 'naturalis.
1489 4447 1673 4501 Tertia

110 4522 211 4574 lies
243 4519 457 4582 mortis,
509 4517 880 4586 prmvariCatio
927 4517 1064 4572 data:
1101 4517 1253 4588 legis.
1312 4518 1517 4584 Quarta
1559 4518 1675 4571 dies

110 4590 292 4644 nortis
319 4599 404 4642 est
431 4597 769 4657 contemptus
805 4589 1136 4659 Evangelica:
1163 4589 1576 4658 praedicationis,
1621 4588 1675 4642 in

109 4677 200 4731 lua
234 4659 324 4714 die
358 4659 616 4731 Dominus
664 4673 818 4712 suum
858 4675 1002 4731 opus
1021 4659 1314 4731 reSpicietts
1359 4659 1673 4731 misericor-

109 4727 238 4784 liter
267 4728 534 4800 suscitare
564 4729 814 4800 dignatus
836 4727 938 4800 est:
967 4727 1166 4782 Rabani
1189 4729 1254 4782 de
1278 4729 1536 4800 universo,
1576 4727 1670 4800 lib.

111 4818 172 4864 ν,
217 4815 342 4868 cap.
383 4799 450 4852 1.-
483 4797 690 4852 Similia
729 4803 876 4868 apud
899 4797 1095 4852 Bedam
1143 4801 1199 4852 in
1225 4801 1383 4853 Joan.
1429 4809 1476 4852 et
1504 4799 1674 4866 fusius

111 4865 677 4941 rpuddlcuinum;_eu
713 4865 786 4941 S_.:
820 4869 1066 4938 August,
1096 4869 1222 4921 ibid.

171 4952 195 4978 ε
229 4940 492 5006 Quantam
526 4955 556 4992 ει
586 4939 822 4993 librariis
860 4937 999 4993 lorte
1027 4939 1411 5008 praetermissa,
1463 4954 1527 4991 ex
1558 4937 1672 4991 Att-

111 5011 322 5079 ;ustino
345 5009 553 5063 restitui
585 5018 819 5078 possent.
862 5009 954 5062 Ait
980 5010 1124 5064 enim
1158 5027 1169 5061 :
1217 5008 1355 5074 Quid
1384 5017 1458 5062 est
1480 5008 1672 5062 videbis

111 5081 328 5136 tloriam
385 5079 524 5148 Dei?
566 5079 692 5146 quia
740 5089 794 5133 et
836 5088 1111 5148 putcnlcm
1167 5088 1221 5133 ει
1253 5079 1670 5148 quatriduanum

112 5150 416 5205 'esuscitat.
444 5147 657 5218 Omnes
695 5147 851 5202 enim
871 5159 1204 5218 peccaverunt
1245 5147 1292 5202 et
1325 5159 1470 5218 egent
1506 5148 1675 5218 gloria

111 5221 229 5284 Dei;
265 5229 360 5274 et:
409 5217 506 5272 Ubi
533 5219 814 5272 abundavit
845 5217 1130 5289 peccatum,
1171 5217 1604 5289 superabundavit
1630 5226 1678 5289 et

111 5292 295 5344 tralia.
332 5290 393 5344 S.
438 5292 686 5358 August.,
730 5287 883 5352 ibidL,
922 5305 980 5342 u°
1025 5291 1114 5342 23.
1144 5287 1341 5356 γει-ιω,
1369 5290 1481 5343 lucc
1507 5287 1678 5358 gloria

111 5362 216 5424 Dei,
275 5362 379 5415 hoc
404 5360 457 5413 in
490 5360 608 5412 loco
631 5359 922 5430 duplicata,
962 5360 1306 5414 aman‘ucnsis
1334 5367 1572 5414 erratum
1600 5359 1682 5412 in-

111 5447 267 5484 tuere
294 5431 569 5486 videntur.

169 5500 192 5538 ί
239 5499 378 5555 Voce
441 5517 631 5570 magna
687 5498 950 5553 clamavit.
1002 5497 1174 5564 Quam
1231 5498 1442 5553 diiiicile
1492 5498 1684 5570 surgit,

111 5585 260 5640 [nem
285 5569 632 5642 niolesmala:
652 5571 1058 5626 consuetudinis
1093 5573 1309 5642 premit.
1361 5570 1438 5624 Ex
1475 5569 1533 5624 S.
1578 5571 1685 5622 Au-

111 5641 520 5781 'l_“Bl.Plft'i‘ritbutn
554 5712 766 5781 pondus,
787 5711 1014 5780 peccati,
1045 5721 1104 5766 ut
1133 5713 1184 5766 in
1211 5711 1468 5781 Zacliaria
1494 5728 1505 5761 τ
1545 5708 1683 5763 Ecce

111 5779 342 5835 tlentum
371 5779 572 5851 plumbi
597 5779 941 5848 portabatur:
971 5783 1022 5836 id
1052 5793 1156 5851 cst,
1193 5780 1506 5852 magnitudo
1546 5797 1677 5851 pec-

1810 3266 2002 3310 turam.

1774 3276 2128 3394 plirandidam
2175 3342 2278 3382 non
2309 3326 2479 3382 solum
2521 3327 2807 3397 cogitando
2848 3325 2933 3381 vel
2975 3325 3221 3382 faciendo
3245 3327 3350 3384 illi~

1775 3400 1903 3461 cita,
1953 3399 2044 3452 sed
2073 3406 2128 3452 et
2157 3397 2270 3466 ipsa
2305 3397 2557 3466 peccandi
2580 3398 2968 3454 consuetudine
2995 3413 3054 3451 se
3082 3399 3234 3467 quasi
3254 3415 3344 3455 se-

1772 3468 2018 3540 peliendo
2063 3477 2508 3540 corrumpunt...,
2560 3485 2683 3522 nam
2741 3470 2806 3522 ad
2850 3469 2951 3540 hoc
2996 3469 3354 3524 intimandum

1775 3537 2117 3596 resuscitavit
2163 3537 2446 3596 Lazarum.
2501 3548 2735 3608 quatuor
2762 3539 2876 3594 dies
2911 3539 2963 3592 in
2998 3549 3354 3596 monumento

1774 3611 2080 3673 habentem,
2115 3617 2234 3663 et...
2275 3608 2387 3676 jam
2425 3608 2747 3663 fetentem...
2786 3609 3356 3675 Quatriduanus-vero

1774 3688 2039 3740 mortuus,
2093 3689 2150 3732 ut
2172 3679 2327 3748 longa
2357 3680 2652 3747 prementis
2683 3679 2912 3748 sepulcri
2942 3679 3176 3732 claustra
3220 3695 3354 3734 eva-

1777 3752 1905 3805 dere
1961 3758 2164 3818 posset,
2231 3748 2451 3802 fremuit
2501 3749 2690 3816 spiritu
2741 3748 2920 3810 Iesus,
2983 3748 3222 3818 turbavit
3263 3764 3353 3804 sc-

1776 3817 1976 3890 ipsum,
2015 3818 2281 3890 lacrymas
2328 3818 2484 3890 ludit,
2541 3834 2750 3890 rursum
2803 3817 3040 3890 l'reumit,
3099 3835 3163 3872 ac
3218 3834 3353 3890 voce

1775 3887 1966 3958 magna
1988 3887 2240 3942 clamavit
2269 3906 2281 3940 :
2317 3887 2536 3949 Lazare,
2563 3889 2674 3941 veni
2699 3888 2860 3956 foras.
2901 3887 2965 3940 Et
3000 3889 3078 3943 sic
3104 3889 3344 3954 tandem,

1775 3960 1866 4028 qui
1903 3965 2020 4012 erat
2059 3958 2375 4028 desperatus
2427 3959 2670 4012 discusso
2704 3960 3044 4028 tenebrarum
3088 3959 3351 4028 pondere,

1775 4025 1900 4083 ut.»
1951 4037 2034 4082 est
2079 4027 2290 4096 lucique
2351 4028 2607 4082 redditus.
2686 4027 2892 4082 Rabani
2962 4025 3252 4084 Comment.
3293 4031 3352 4083 in

1777 4099 1995 4161 Matt/1.,
2039 4097 2128 4150 lib.
2169 4115 2251 4162 ιιι,
2294 4115 2411 4168 cap.
2443 4099 2496 4152 9.

1853 4171 1869 4208 ί
1904 4169 2192 4222 Interiores
2239 4167 2489 4223 tenebras
2537 4167 2764 4223 dicimus
2808 4172 3103 4223 cmcitatem
3145 4169 3349 4235 cordis,

1775 4239 2070 4294 exteriores
2115 4255 2242 4292 vero
2279 4241 2526 4293 tenebras
2565 4249 2824 4294 internum
2869 4251 3080 4295 noctem
3120 4241 3347 4296 damna-

1777 4311 1958 4364 tionis.
2005 4308 2266 4372 lbid.,lib.
2293 4326 2367 4362 γι.

1850 4381 1863 4429 i
1930 4379 2136 4434 Similia
2191 4381 2336 4448 apud
2392 4379 2696 4434 Alcuinum.
2764 4381 2887 4435 ideo
2951 4397 3074 4435 cum
3131 4397 3353 4449 proces-

1777 4450 1936 4505 sisset
1988 4458 2234 4504 mortuus
2279 4450 2453 4504 adhuc
2507 4451 2721 4518 ligatus,
2776 4453 3036 4506 conﬁtens
3085 4459 3141 4505 et
3175 4452 3354 4506 adhuc

1704 4543 1752 4601 ι)
1780 4530 2014 4601 νειιεηιιι
2045 4521 2382 4601 solrerentur
2406 4531 2638 4601 peccata
2663 4522 2799 4592 ejus,
2839 4523 3242 4601 ministris-bone
3273 4522 3354 4576 di-

1783 4593 1883 4656 xit,
1927 4591 1978 4645 id
2009 4603 2095 4646 est
2130 4591 2405 4660 discipulis
2437 4610 2449 4644 :
2494 4590 2703 4646 Solvite
2739 4609 2874 4645 eum.
2934 4591 3072 4645 Beda
3110 4593 3162 4646 in
3190 4590 3348 4647 Ioan.

1782 4678 1901 4732 cap.
1967 4662 2068 4728 ll;
2116 4677 2180 4716 ex
2231 4671 2418 4717 sancto
2460 4663 2798 4730 Augustino,
2853 4661 2978 4715 ibid.
3041 4661 3208 4732 Quis,
3262 4662 3347 4716 in-

1783 4733 1996 4802 quiunt,
2051 4742 2212 4801 potest
2263 4733 2519 4786 dimittere
2553 4744 2783 4800 peccata,
2831 4733 2928 4786 nisi
2981 4732 3123 4786 solus
3171 4731 3354 4786 Deus?

1782 4803 1910 4866 Sed,
1949 4802 2076 4857 licet
2115 4802 2436 4864 nescientes,
2493 4818 2678 4856 verum
2721 4803 2988 4866 dicebant,
3030 4803 3154 4872 quia
3191 4817 3352 4856 nemo

1780 4873 2052 4928 dimittere
2102 4882 2342 4943 peccata,
2397 4872 2499 4926 nisi
2541 4872 2701 4934 Deus,
2750 4883 2942 4942 potest.
2987 4873 3086 4940 Qui
3121 4887 3220 4942 per
3257 4888 3352 4926 eos

1780 4959 1994 5012 quoque
2023 4943 2264 5013 dimittit,
2292 4943 2812 5013 quibusdimittemli
2843 4943 2986 4997 dedit
3009 4951 3350 5013 potestatem.

1779 5011 1979 5068 Errant
2005 5013 2184 5082 itaque
2217 5011 2452 5067 Judaei...
2492 5011 2598 5068 Sed
2632 5013 2796 5067 multo
2831 5011 3133 5068 detinentius
3167 5022 3357 5068 errant

1779 5084 2032 5153 Ariani...
2059 5082 2255 5136 Rabani
2281 5082 2568 5137 Comment.
2595 5083 2648 5137 in
2672 5083 2886 5144 Matth.,
2914 5084 3003 5137 lib.
3033 5101 3114 5149 ιιι,
3147 5101 3266 5153 cap.
3296 5082 3350 5136 9.

1780 5154 1848 5209 Et
1892 5152 2092 5207 Homil.
2144 5153 2241 5206 fer.
2283 5169 2334 5205 vi
2371 5154 2519 5208 Pent.
2569 5154 2642 5207 Ex
2684 5153 2829 5207 Beda
2871 5154 2922 5208 in
2976 5155 3105 5210 Luc.
3151 5152 3243 5209 lib.
3288 5169 3350 5214 ιι,

1784 5240 1902 5292 cap.
1932 5240 1984 5276 v.
2037 5223 2110 5277 Bx
2143 5238 2248 5294 qua
2286 5226 2700 5287 resurrectione,
2753 5240 2870 5294 qua:
2905 5235 3052 5294 gesta
3107 5226 3160 5278 in
3207 5224 3352 5294 illius

1785 5305 1869 5348 est
1906 5310 2156 5364 corpore,
2200 5292 2442 5362 signatur
2486 5294 2716 5362 qualiter
2761 5292 2856 5349 nos
2884 5292 3271 5364 resuscitemur
3299 5293 3353 5346 in

1791 5366 1976 5428 corde,
2012 5363 2152 5418 cum
2192 5364 2440 5418 videlicet
2486 5374 2696 5419 mortuo
2720 5365 2954 5419 dicitur:
3016 5364 3146 5418 Veni
3169 5363 3356 5431 foras;

1791 5444 1852 5489 ut
1893 5435 2144 5489 nimirum
2183 5435 2342 5488 homo
2387 5435 2440 5488 in
2481 5444 2703 5504 peccato
2737 5451 2832 5489 suo
2877 5445 3138 5495 mortuus,
3181 5442 3234 5487 et
3261 5447 3358 5502 per

1793 5505 1987 5560 molem
2027 5504 2182 5558 mala:
2207 5503 2736 5573 consuctmliniaojam
2780 5505 3041 5573 sepultus,
3065 5505 3187 5572 quia
3211 5503 3356 5556 intra

1791 5576 2178 5630 conscientiam
2219 5591 2370 5630 suam
2415 5576 2710 5630 absconsus
2739 5574 2882 5638 jacet
2926 5591 3020 5643 per
3041 5574 3355 5643 nequitiam,

1791 5663 1821 5698 a
1851 5646 2140 5716 semetipso
2171 5645 2315 5701 foras
2344 5655 2500 5700 exeat
2531 5662 2625 5715 per
2653 5641 3064 5716 conifessioncm.
3104 5641 3165 5700 S.
3195 5641 3351 5714 Greg.

1791 5716 1960 5787 Mag.,
1992 5713 2086 5772 lib.
2119 5732 2250 5782 xxn,
2282 5717 2335 5772 in
2366 5731 2485 5787 cap.
2522 5713 2648 5771 m1
2671 5713 2770 5770 Job
