3938 6334
493 329 626 386 1155

1119 329 1180 384 Β.
1220 329 1472 385 RABANI
1514 327 1731 385 MAURI
1771 319 2083 380 ARCHIEP.
2126 319 2434 378 MOGUNT.
2475 320 2760 380 OPEBUM
2795 321 2978 378 PARS
3015 321 3102 378 ΠΙ.

3621 319 3757 375 “Si

481 447 540 504 in
555 449 669 503 vita
703 463 802 501 sua
822 443 1013 516 (Eccli.
1051 458 1198 508 xxxt,
1228 444 1283 516 9)
1308 461 1322 509 ;
1352 443 1433 499 vel
1455 443 1726 510 Christus,
1769 438 1861 513 qui
1890 441 2058 495 dicit:
2088 442 2138 500 Α
2163 446 2275 491 erat
2299 435 2525 499 Pascha,
2545 435 2661 490 dies
2684 433 2874 500 festus,
2901 432 3233 488 Iuda'orunt.
3276 431 3556 487 Dedemus
3583 445 3761 488 σιτε-

479 537 728 604 οιιοηιηι
781 533 1083 588 remiscritis
1121 541 1331 603 peccata
1380 533 1715 586 remittuntur
1757 533 1828 586 eis
1877 531 2056 602 (Ioan.

486 645 580 698 xx,
621 629 734 699 9.3).
787 626 923 684 Non.
969 625 1100 689 lmo,
1156 625 1268 695 ipse
1303 625 1439 678 Deus
1475 622 1606 678 facit
1643 624 1782 694 quod
1807 637 1902 692 per
1938 636 2060 677 eum

489 720 653 775 homo
691 720 846 784 facit;
877 718 984 772 imo
1017 716 1185 771 multo
1209 715 1398 770 melius
1425 724 1480 770 et
1508 715 1707 780 verius,
1750 714 1913 768 homo
1935 713 2065 767 facit

493 811 636 883 quod
661 824 760 880 per
785 823 906 863 cum
940 807 1078 862 Deus
1107 805 1254 860 facit.
1302 804 1418 860 Non
1446 807 1588 860 enim
1611 805 1748 860 dixit
1777 805 1919 859 Deus
1959 803 2061 858 Pe-

487 914 617 958 tro:
675 900 829 968 Quod
858 898 1090 954 solutum
1133 896 1295 951 fuerit
1323 897 1378 950 in
1407 896 1544 952 cmlo
1585 896 1752 966 prius,
1802 903 1858 949 tu
1891 895 2065 950 solves

486 995 542 1049 in
587 1002 730 1048 terra
775 998 959 1061 postea
1007 986 1224 1059 (Matth.
1269 1002 1377 1050 xvr,
1431 986 1539 1056 19),
1591 985 1684 1040 sed
1722 999 1752 1039 e
1781 999 2060 1038 converso.

491 1080 826 1137 Seutentiam
867 1092 994 1148 ergo
1027 1075 1170 1130 Petri
1207 1091 1310 1129 non
1333 1074 1609 1144 prtecedit,
1660 1073 1753 1128 sed
1785 1070 2066 1140 subsequi-

489 1185 583 1228 tur
627 1171 893 1228 sententia
949 1168 1094 1224 coeli.
1147 1165 1262 1221 Non
1312 1176 1395 1221 est
1446 1181 1574 1236 ergo
1621 1163 1766 1218 aliud
1815 1162 2060 1225 Domini,

500 1265 632 1318 dare
687 1261 886 1318 homini
940 1267 1264 1330 potestatem
1330 1257 1600 1312 dimittere
1663 1241 1911 1326 peccata,
1961 1252 2066 1307 nisi

497 1355 677 1425 ipsum
712 1351 902 1415 Deum,
928 1364 1023 1420 per
1051 1348 1344 1410 hominem,
1375 1353 1591 1416 peccata
1616 1341 2070 1408 dimittere.Quod

493 1447 540 1500 si
581 1445 743 1500 homo
791 1449 1141 1512 peccatorum
1188 1451 1408 1492 suorum
1463 1449 1590 1489 vere
1639 1435 1920 1504 poeniteat,
1970 1445 2069 1485 nec

495 1548 675 1592 tamen
704 1536 770 1589 ad
790 1531 1192 1589 confessionem.
1213 1529 1496 1600 pervenire
1525 1528 1693 1597 possit
1722 1539 1772 1592 ι,
1797 1524 2068 1581 conliden-

501 1639 586 1682 ter
612 1623 903 1698 pronuntio
928 1641 941 1676 :
973 1621 1116 1692 quod
1145 1635 1268 1675 cum
1290 1634 1353 1673 eo
1386 1633 1626 1673 summus
1653 1617 1902 1672 sacerdos
1928 1629 2070 1669 com-

492 1717 625 1788 plet,
664 1715 808 1786 quod
848 1711 1094 1768 mortalis
1125 1726 1230 1766 non
1260 1710 1470 1780 potuit;
1508 1716 1564 1761 et
1594 1707 1735 1776 apud
1762 1705 2066 1769 Dominum,

2160 529 2424 598 pontiﬁces
2450 528 2776 590 mandatum,
2819 537 2876 580 ut
2903 528 2949 580 si
2975 529 3094 598 quis
3115 528 3412 597 cognoverit
3435 527 3532 579 ubi
3555 525 3628 580 sit
3675 525 3768 581 Ie-

2165 635 2274 682 sus,
2319 619 2509 672 indicet
2540 628 2595 671 ut
2615 619 3052 688 apprehenderent
3073 635 3188 671 eum
3213 617 3398 680 (Ioan.
3427 634 3512 683 ιι,
3537 617 3764 687 ιὸοὗϐ).

2165 705 2323 762 Iesus
2366 721 2516 772 vero,
2543 707 2723 762 sciens
2757 722 2851 762 eos
2885 709 3223 776 conspirasse
3254 717 3446 763 contra
3482 723 3578 772 se,
3609 711 3772 762 rediit

2165 795 2504 859 Bethaniam,
2563 797 2718 866 juxta
2759 795 3147 868 Ierosolymatn
3179 810 3228 862 ε,
3277 800 3434 869 quasi
3488 815 3674 869 agnus
3705 801 3772 852 ed

2163 889 2422 948 victimam
2470 887 2521 954 ά,
2558 898 2684 943 ante
2727 902 2822 943 sex
2857 889 2971 942 dies
3017 887 3258 954 Pascha,
3310 891 3583 958 sequenti
3637 890 3774 944 feria

2166 988 2342 1044 sexta,
2386 979 2762 1043 immolandos,
2809 989 2960 1034 sexta
2996 979 3128 1035 hora
3175 980 3642 1050 emciligendus;
3681 982 3775 1049 (μή

2172 1088 2266 1128 sex
2296 1072 2482 1128 diebus
2509 1073 2690 1127 omnia
2711 1080 3008 1136 creaverat,
3056 1080 3210 1126 sexta
3231 1071 3320 1126 die
3343 1071 3642 1126 hominem
3675 1071 3778 1126 foro

2122 1174 2128 1178 ·
2167 1173 2434 1229 maverat,
2467 1164 2558 1232 qui
2585 1173 2736 1218 sexta
2754 1171 2932 1228 tetate,
2958 1162 3023 1216 ad
3054 1163 3433 1218 redimendum
3460 1162 3777 1226 hominem,

2169 1256 2462 1310 advenerat
2490 1254 2718 1311 e...Erat
2744 1263 2871 1308 tunc
2900 1253 3017 1309 dies
3056 1252 3314 1308 solemnis
3353 1251 3605 1318 sabbati,
3645 1252 3778 1322 fecs-

2170 1354 2392 1415 runtque
2437 1343 2486 1398 ei
2530 1359 2748 1408 mnam,
2807 1343 2918 1408 ibi,
2969 1344 3023 1397 in
3060 1344 3214 1396 domo
3271 1340 3518 1396 Simonis
3587 1342 3778 1410 ιφωέ

2170 1435 2350 1509 (Ioan.
2383 1451 2492 1502 xu,
2538 1435 2604 1502 2;
2653 1435 2844 1489 Matth.
2877 1451 3024 1501 xxvr,
3063 1435 3145 1504 6),
3193 1449 3360 1506 quem
3403 1450 3438 1488 a
3468 1434 3634 1504 lepra
3668 1435 3776 1504 jam

2169 1530 2374 1600 pridem
2413 1528 2763 1582 mundaverat
2791 1527 2838 1581 ί.
2871 1527 3150 1582 Discubuit
3174 1542 3308 1597 ergo
3327 1525 3526 1590 Iesus,
3575 1526 3780 1580 etde-

2169 1621 2342 1675 decim
2371 1619 2624 1689 apostoli,
2666 1627 2722 1672 et
2758 1619 2915 1673 multi
2952 1621 3045 1688 qui
3072 1626 3476 1684 convenerant.
3515 1615 3774 1681 Lazarus,

2169 1729 2307 1777 vero,
2346 1728 2481 1766 unus
2521 1721 2634 1766 erat
2666 1727 2731 1766 ea:
2751 1710 3188 1764 discumbentibus
3219 1727 3434 1788 cum-eo
3460 1709 3655 1780 (Iocis.
3683 1725 3772 1775 xu,

492 1807 694 1864 factum
717 1813 947 1870 constat,
984 1803 1126 1874 quod
1163 1803 1322 1856 homo
1351 1801 1566 1869 quidem
1590 1812 1717 1853 vere
1753 1797 1942 1862 voluit,
1980 1794 2071 1850 sed
2102 1798 2148 1857 Β
2174 1805 2254 1874 2),
2286 1813 2344 1858 ιιι
2366 1818 2471 1858 non
2501 1804 2844 1874 phantasma,
2878 1800 2972 1855 sed
2991 1815 3118 1855 vere
3149 1800 3340 1854 vivens
3363 1801 3708 1868 probaretur
3735 1801 3774 1852 ε,

495 1917 601 1957 non
633 1900 804 1954 valuit
837 1896 1167 1967 adimplere:
1223 1894 1266 1948 si
1313 1903 1491 1947 tamen
1522 1890 1918 1948 confessionem
1964 1903 2071 1943 non

491 1998 837 2062 contemptus
872 1986 1119 2052 exclusit,
1169 1986 1262 2040 sed
1293 1983 1568 2054 impedivit
1593 1981 1887 2037 necessitas
1914 1979 1964 2033 ιι.

511 2139 640 2195 CAP.
658 2134 819 2192 XVII.
843 2165 912 2174 —
937 2131 1036 2186 Ubi
1059 2132 1126 2186 ad
1147 2148 1342 2186 caenam
1369 2129 1580 2184 Martha
1599 2129 1883 2195 ministrat,
1906 2125 2078 2181 Laza-

805 2243 892 2281 rus
915 2225 1190 2290 accumbit,
1223 2222 1396 2278 Maria
1421 2221 1574 2293 pedes
1606 2222 1772 2292 ungit.

569 2357 725 2414 Iulli
759 2365 939 2411 autem
980 2372 1044 2410 ex
1073 2352 1278 2408 Iudaeis
1319 2352 1408 2422 qui
1441 2359 1682 2406 venerant
1724 2350 1793 2403 ad
1821 2347 2074 2415 Mariam,

491 2460 546 2503 et
575 2450 949 2518 oiderantquae
985 2445 1102 2515 fecit
1128 2444 1307 2508 Iesus,
1330 2443 1658 2496 crediderunt
1695 2442 1750 2494 in
1769 2455 1909 2493 eum.
1949 2438 2080 2505 Qui-

500 2542 626 2595 dam
663 2549 858 2602 autem,
901 2552 972 2591 ea:
1005 2536 1152 2606 ipsis,
1191 2534 1426 2588 abierunt
1468 2531 1536 2584 ad
1565 2531 1872 2601 pharisa'os,
1910 2538 1957 2584 et
1997 2529 2080 2583 di-

484 2641 683 2688 ccrunt
724 2631 799 2685 eis
830 2636 1026 2702 quanta
1051 2627 1173 2697 fecit
1211 2624 1390 2680 Iesus.
1433 2622 1760 2694 Collegerunt
1785 2639 1908 2694 ergo
1951 2639 2080 2692 pon-

500 2725 664 2795 tiﬁees
690 2732 738 2777 ct
783 2721 1030 2794 pharisaei
1069 2717 1352 2773 consilium
1391 2717 1446 2770 in
1487 2731 1675 2781 unum,
1725 2716 1778 2770 in
1819 2730 1926 2796 quo
1957 2712 2082 2768 Cai-

487 2818 651 2887 phas,
695 2813 945 2886 pontifex,
981 2809 1345 2883 prophetarit:
1403 2807 1555 2872 Quod
1603 2807 1758 2862 Iesus
1796 2806 2082 2860 moriturus

483 2916 616 2961 terat
650 2922 744 2977 pro
765 2913 914 2976 gente
949 2900 1279 2957 Juda'orum.
1319 2899 1397 2952 Ab
1426 2897 1518 2951 illo
1551 2914 1672 2968 ergo
1711 2897 1814 2963 die,
1855 2912 1960 2952 non
1985 2897 2084 2951 du-

495 3001 644 3056 bium
687 2999 817 3069 quin
857 2996 1101 3066 etprius,
1137 2994 1232 3048 sed
1271 3004 1340 3046 ex
1370 3002 1498 3045 tunc
1527 2988 1826 3055 dillinitive,
1889 2989 2084 3060 cogita-

496 3098 678 3145 verunt
705 3097 758 3142 ut
787 3086 1135 3156 interﬁcerent
1167 3099 1306 3138 eum.
1345 3082 1501 3137 Iesus
1542 3090 1723 3137 autem
1765 3098 1869 3136 non
1906 3081 2083 3152 palam

2177 1897 2246 1952 Et
2274 1895 2484 1950 Martha
2531 1893 2748 1963 quidem
2794 1891 3126 1956 beatissima,
3178 1906 3334 1946 more
3371 1891 3576 1954 solito,
3629 1891 3776 1943 uisi-

2175 1987 2374 2042 strabat
2413 1985 2636 2048 mensis,
2680 1983 2828 2051 larga
2855 1997 3038 2047 manu,
3087 1981 3237 2035 vultu
3265 1981 3462 2044 hilari,
3501 1989 3559 2034 et
3607 1982 3778 2034 animo

2175 2074 2417 2140 liberali;
2453 2073 2626 2127 Maria
2662 2085 2792 2126 vero
2833 2068 3163 2140 Magdalena,
3205 2070 3466 2122 omnium
3511 2068 3779 2122 ministra-

2177 2183 2297 2222 rum
2319 2165 2520 2222 Christi
2547 2162 2876 2234 primiceria,
2909 2177 3016 2216 non
3054 2159 3219 2214 oblita
3248 2161 3358 2225 sui,
3390 2161 3611 2231 quippe
3629 2174 3776 2229 qun

2178 2257 2326 2314 zelus
2374 2256 2583 2327 ingens,
2634 2264 2690 2309 et
2735 2253 2898 2307 ardor
2940 2251 3140 2306 amoris
3199 2249 3446 2315 Christi,
3500 2252 3778 2319 quiescere

2178 2365 2288 2406 non
2315 2349 2522 2404 sinebat
2565 2363 2579 2400 :
2626 2345 2822 2414 accepit
2870 2342 3058 2396 libram
3108 2342 3370 2411 unguenti
3432 2341 3693 2411 pretiosi,
3733 2351 3779 2391 et

2181 2439 2450 2496 accedens
2489 2436 2556 2492 ad
2599 2435 2957 2498 Salvatorem,
3009 2447 3131 2487 cum
3174 2447 3400 2486 summa
3456 2431 3775 2491 reverentia.

2180 2535 2330 2589 unxit
2357 2531 2510 2602 pedes
2532 2529 2694 2599 ipsius
2720 2525 3058 2580 recumbentis
3101 2523 3150 2580 le
3163 2539 3287 2576 oan.
3317 2537 3432 2586 xtl,
3458 2523 3524 2586 ὃς
3571 2521 3776 2582 Κακὴ..

2181 2624 2317 2696 xvi).
2344 2624 2475 2678 Erat
2508 2628 2688 2676 autem
2720 2624 3048 2688 unguentum
3086 2614 3214 2669 illud
3257 2613 3453 2678 fidele,
3506 2613 3778 2683 pisticnn,

2181 2735 2289 2775 non
2336 2714 2602 2772 similibus
2652 2711 2853 2775 herbis,
2905 2717 2997 2762 aut
3042 2707 3321 2762 radicibus
3377 2707 3774 2766 adulteratam,

2183 2821 2243 2867 ut
2265 2806 2748 2882 pigmentariorum
2779 2816 2897 2858 mos
2919 2810 3021 2867 est,
3048 2799 3510 2856 convenientium
3533 2797 3778 2852 fraudare

2182 2905 2465 2961 odoratum
2504 2899 2663 2957 simul
2708 2907 2762 2952 et
2810 2895 3062 2950 intuitum
3102 2894 3154 2948 ιι.
3217 2892 3292 2947 ΕΙ.
3330 2903 3466 2947 erat
3504 2907 3580 2947 ex
3621 2891 3776 2944 nardo

2185 2993 2564 3064 compositum,
2600 2988 2791 3042 frutice
2819 2983 3133 3042 aromatica.
3175 2997 3300 3052 qua:
3335 2982 3516 3035 situm
3561 2981 3773 3042 redolet,

2186 3095 2280 3142 aut
2308 3098 2562 3156 cyperum
2613 3083 2670 3148 i;
2725 3079 2874 3152 gravi
2915 3089 2970 3134 et
3007 3093 3186 3133 crassa
3227 3077 3425 3131 radice
3475 3075 3772 3145 fragilique,

499 3182 640 3252 apud
689 3181 908 3236 Iudicas
954 3174 1300 3250 (ambulabat)
1360 3217 1374 3241 ,
1407 3174 1496 3230 sed
1530 3173 1654 3228 abiit
1703 3175 1767 3229 in
1817 3176 2082 3246 regionem
2112 3171 2156 3234 C
2187 3176 2435 3250 quamvis
2474 3173 2691 3245 pingui,
2725 3187 2916 3242 aspera
2953 3185 3164 3241 sapore,
3207 3168 3339 3224 folio
3376 3185 3560 3240 parvo
3599 3171 3772 3224 densa-

492 3271 652 3341 juxta
676 3271 960 3334 desertum,
1005 3269 1061 3322 in
1087 3268 1346 3321 civitatem
1374 3281 1490 3336 qua:
1509 3264 1704 3318 dicitur
1734 3264 1993 3335 Ephrem;
2033 3274 2082 3319 et

501 3364 573 3416 ibi
604 3362 912 3416 morabatur
944 3377 1061 3414 cum
1093 3357 1360 3428 discipulis
1387 3359 1518 3412 suis.
1558 3355 1868 3412 Proximum
1909 3369 2084 3414 autem

2189 3284 2314 3340 que,
2359 3268 2622 3339 spicatum
2659 3279 2872 3337 quoque
2907 3272 3025 3317 erat
3065 3271 3404 3332 unguentum
3434 3281 3451 3316 :
3501 3263 3768 3316 cacumina

2191 3361 2389 3432 quippe
2433 3357 2590 3412 nardi
2625 3357 2688 3411 .in
2713 3355 2910 3410 aristas
2949 3368 3010 3409 se
3054 3360 3348 3424 spargunt;
3389 3352 3768 3420 «dabuntque

1425 3529 1610 3572 NOTE
1645 3529 2026 3579 POTISSIMUM
2071 3537 2155 3582 EX
2195 3535 2449 3581 ιιΑΒΔΝο
2491 3533 2865 3577 νεευηιιτε.

577 3672 601 3700 ι
640 3657 910 3729 Confessio
946 3661 1028 3710 est
1053 3653 1257 3729 peccati
1289 3660 1360 3729 _ut
1390 3653 1442 3707 in
1476 3653 1739 3729 Psalmis:
1769 3656 2084 3729 Conﬁtebor

507 3730 600 3786 tibi
639 3723 910 3800 adversum
943 3741 1024 3779 me
1055 3723 1406 3792 ‘injustitiam.
1475 3723 1678 3778 Rabani
1724 3723 1988 3800 allegoria:
2029 3731 2084 3784 in

507 3817 715 3857 sacram
737 3798 1088 3866 Scripturam.

579 3872 605 3912 δ
639 3862 896 3924 Hortatur
918 3881 1014 3920 nos
1057 3864 1252 3934 sapius
1277 3873 1461 3919 sancta
1493 3862 1772 3934 Scriptura
1821 3867 1887 3922 ad
1911 3870 2082 3925 medi-

506 3949 754 3997 camenta
776 3937 1063 4007 confugere
1088 3935 1461 4007 confessionis,
1511 3950 1616 3989 non
1643 3940 1786 4004 quod
1825 3938 1967 3995 Deus
1996 3942 2079 3994 in-

495 4013 684 4083 .digeat
717 4005 1070 4083 confessionis
1107 4014 1322 4083 nostrai,
1361 4005 1898 4083 -cui_omnia_pr_;aslo
1951 4018 2080 4064 ευηι

507 4075 638 4156 qlia;
667 4080 985 4156 cogitamus,
1022 4076 1289 4144 loquimur
1317 4084 1371 4129 et
1394 4075 1635 4156 agimus;
1663 4075 1770 4132 Sed
1795 4093 1892 4134 nos
1921 4080 2081 4134 aliter

507 4145 643 4208 salvi
691 4145 804 4203 ficri
846 4159 1303 4219 nonpossumus,
1355 4145 1457 4198 nisi
1499 4145 1855 4219 confiteamur
1911 4149 2083 4219 poeni-

509 4231 706 4285 tentes,
740 4218 880 4288 quod
908 4214 1372 4288 iniquegcssimus
1399 4214 1748 4288 negligentes.
1786 4214 1990 4273 Rabani
2017 4219 2081 4274 de

507 4284 698 4363 Agone
721 4284 1035 4363 Christiano,
1071 4284 1162 4339 lib.
1207 4299 1285 4346 Ill,
1322 4284 1386 4338 de
1426 4284 1847 4363 campunctione.

591 4372 612 4399 ε
642 4358 1318 4437 Αιιρτορῇηῃυὲηιθοδυιεᾳι
1342 4365 1582 4437 tempore
1607 4359 1869 4437 passionis
1890 4373 2081 4428 appro-

2184 3663 2424 3718 Adam...
2476 3661 2740 3717 formatus
2781 3667 2888 3724 est,
2918 3657 2999 3714 sic
3037 3667 3092 3713 et
3137 3658 3191 3712 in
3235 3658 3344 3713 ista
3386 3659 3580 3714 saeculi
3629 3670 3762 3715 atate

2186 3743 2336 3788 sexta
2365 3732 2612 3788 Christus
2647 3740 2807 3785 natus
2833 3737 2934 3784 est.
2977 3728 3144 3794 Ibid.,
3168 3729 3370 3784 similia
3414 3731 3564 3800 apud
3603 3730 3762 3785 Alui—

2184 3819 2334 3859 num.

2263 3875 2283 3914 τ
2320 3873 2387 3927 1η
2414 3873 2568 3928 domo
2596 3870 2824 3927 Simonis
2849 3869 3060 3938 leprosi.
3094 3867 3210 3922 Non
3237 3869 3386 3990 quod
3418 3868 3670 3939 leprosus
3691 3871 3768 3924 illo

2263 3958 2427 3990 nnnre
2451 3949 2796 3990 nermanerel
2819 3980 2829 3990 .
2859 3942 2953 3990 sed
2981 3939 3070 3990 uui
3104 3948 3228 3990 ante
3277 3955 3518 3990 enrosus
3541 3950 3720 3990 nostra
3743 3959 3768 3990 ι

2186 3953 2427 4014 tempore
2451 3949 2829 4014 permaneret,
2859 3942 2953 3994 sed
2981 3939 3070 4009 qui
3104 3948 3228 4014 ante
3259 3939 3518 4014 leprosus
3541 3950 3720 4009 postea
3743 3959 3769 3995 ει

2187 4009 2469 4068 Salvatoré
2519 4012 2808 4066 mundatus
2855 4018 2960 4074 est,
3009 4009 3224 4063 nomine
3271 4009 3524 4079 pristino
3569 4026 3769 4079 persia-

2185 4093 2369 4148 nente,
2395 4091 2452 4136 ut
2482 4083 2652 4137 virtus
2679 4081 2923 4150 curantis
2949 4089 3224 4150 appareat.
3258 4078 3482 4150 Βώαηί
3511 4078 3768 4133 inﬂatu.

2188 4155 2284 4209 lib.
2322 4147 2440 4216 vui,
2467 4168 2587 4222 cap.
2617 4151 2720 4214 ‘26;
2750 4166 2812 4204 ex
2847 4147 3033 4222 Beda;
3059 4164 3124 4201 ex
3153 4148 3213 4203 S.
3249 4147 3409 4222 (lict.

2265 4226 2289 4265 ε
2318 4223 2385 4278 Ει
2407 4239 2474 4277 ne
2500 4218 2739 4276 dicerent
2769 4219 3167 4274 machinatores
3189 4218 3598 4273 calumniarum
3621 4221 3772 4288 phan-

2189 4295 2381 4349 tastice
2407 4293 2722 4348 suscitatum
2754 4289 2918 4343 fuisse
2943 4289 3206 4342 Lazarum
3231 4329 3244 4352 ,
3274 4288 3422 4341 facta
3459 4289 3534 4342 ibi
3559 4289 3772 4343 Domino

2188 4379 2340 4419 cmna
2361 4403 2376 4426 ,
2410 4371 2464 4418 et
2490 4363 2602 4432 ipse
2631 4376 2769 4414 unus
2795 4369 2912 4432 erat
2934 4374 3010 4432 _e_x
3041 4359 3518 4432 discumbentibus
3542 4375 3665 4432 cum
3693 4374 3768 4412 es.

509 4423 774 4506 ρὶειιιυιῖιῖο
799 4423 962 4482 "muli
992 4423 1400 4506 D?!“i““5_,1990
1428 4423 1730 4506 βαδείοῖιζδῖ,
1756 4423 1938 4497 ίὺίψιέ
1959 4423 2083 4496 ίηό·
2109 4445 2162 4506 Ῑ)
2189 4435 2332 4488 Beda
2362 4423 2415 4487 in
2445 4423 2629 4506 Io'an:,
2660 4445 2779 4499 cap.
2817 4429 2901 4482 l2.
2932 4428 3008 4506 με
3037 4436 3290 4498 putarent
3322 4428 3582 4506 homines
3611 4431 3768 4498 phan-

511 4494 692 4558 iitnbs
721 4512 969 4560 manere,
995 4496 1085 4550 ubi
1121 4494 1412 4550 constituto
1435 4494 1504 4550 ac
1529 4497 1793 4565 praeﬁnito
1820 4494 2080 4552 aute—sa:-

511 4572 631 4628 cula
671 4579 910 4639 tempare
950 4565 1179 4639 inveniri
1218 4567 1505 4639 posset__ah
1531 4565 1750 4639 eis‘per
1785 4582 1920 4639 quos
1951 4576 2086 4639 erat

503 4641 694 4713 passio
721 4633 1054 4713 complenda.
1081 4633 1363 4713 Rabaniin
1389 4633 1693 4713 Mattlt._lib.
1724 4633 1866 4713 _V'l_,—C.
1897 4638 1991 4692 21.

591 4711 618 4750 ἀ
652 4704 898 4764 Salvator
939 4715 1122 4762 noster
1151 4704 1302 4775 quasi
1334 4720 1502 4774 agnus
1530 4707 1596 4760 ad
1625 4708 1954 4763 occisionem
1985 4708 2084 4762 du-

516 4789 636 4836 ctus
667 4788 722 4834 et
769 4780 821 4834 in
867 4777 1190 4832 sacrilicium
1237 4775 1680 4846 altarisoblatus
1736 4786 2086 4846 peccatorum

518 4849 888 4906 remissionem
929 4847 1180 4902 universo
1223 4844 1475 4916 praestitit
1519 4844 1752 4901 mundoi
1785 4846 1988 4902 Rabani
2033 4849 2087 4900 in

519 4919 684 4975 Num.
716 4918 806 4973 lib.
837 4933 910 4981 tv,
941 4932 1060 4986 cap.
1097 4916 1181 4970 19.

595 5001 618 5026 ε
650 4989 752 5043 Sex
783 4988 969 5042 diebus
992 4985 1384 5041 consummavit
1413 4985 1552 5056 Deus
1576 4985 1941 5056 omniaiopera
1969 5001 2084 5040 sua.

518 5058 628 5114 Sex
648 5059 895 5112 mtatibus
917 5059 1205 5111 humanum
1231 5070 1397 5124 genus
1414 5055 1465 5108 in
1486 5057 1584 5112 hoc
1616 5055 1934 5126 Steculo’per
1964 5073 2089 5111 suc-

518 5128 790 5183 cessiones
815 5136 1112 5197 temporum
1129 5127 1216 5180 Dei
1233 5140 1394 5194 opera
1410 5125 1700 5180 insinuant.
1715 5125 1958 5197 Quarum
1981 5127 2091 5197 pri:

521 5214 607 5254 ma
624 5207 708 5254 est
721 5199 788 5253 ab
803 5195 970 5250 Adam
992 5212 1161 5265 usque
1175 5197 1240 5250 ad
1266 5197 1395 5260 Noe,
1411 5197 1642 5250 secunda
1660 5213 1688 5249 a
1714 5195 1822 5250 Noe
1835 5195 2004 5266 usque
2025 5195 2091 5249 ad

516 5271 813 5333 Abraham,
832 5269 987 5335 tertia
1007 5268 1074 5320 ab
1093 5267 1362 5320 Abraham
1383 5281 1550 5334 usque
1566 5267 1631 5318 ad
1649 5266 1831 5328 David,
1847 5276 2040 5335 quarta
2063 5279 2092 5319 a

520 5339 689 5396 David
718 5352 884 5409 usque
915 5338 980 5391 ad
1005 5337 1528 5409 transmigrationcm
1553 5335 1886 5409 Babyloniae,
1905 5337 2093 5409 quinta

521 5409 713 5465 deinde
742 5406 913 5478 usque
952 5407 1018 5458 ad
1055 5406 1307 5460 humilem
1353 5407 1641 5478 adventum
1685 5406 1889 5460 Domini
1925 5406 2094 5459 nostri

519 5478 648 5534 Iesu
683 5477 904 5540 Christi,
930 5484 1079 5530 sexta
1101 5489 1220 5542 qua:
1254 5491 1394 5528 nunc
1422 5477 1600 5545 agitur
1636 5491 1912 5544 usquequo
1939 5491 2094 5528 mun-

523 5549 624 5605 dus
689 5549 935 5611 llniatur;
993 5545 1217 5615 septima
1266 5560 1391 5615 vero
1442 5544 1754 5615 intelligitur
1808 5546 1860 5599 in
1913 5545 2096 5615 requie

524 5623 860 5674 sanctorum:
919 5615 1124 5685 Rabani
1175 5614 1228 5685 in
1289 5613 1510 5685 Genesin
1564 5613 1656 5668 lib.
1722 5631 1768 5680 t,
1827 5631 1944 5685 cap.
1993 5613 2092 5668 10.

524 5687 644 5743 Sam
675 5696 886 5742 sextum
913 5684 1164 5740 saeculum
1204 5683 1264 5736 llt
1305 5681 1355 5735 in
1395 5684 1624 5738 adventu
1671 5681 2095 5739 Domini—nostri

520 5757 652 5813 Iesu
681 5755 900 5812 Chrisii.
931 5754 1063 5808 Nam
1083 5752 1218 5809 sicut
1242 5752 1296 5806 in
1319 5751 1405 5806 illa
1430 5763 1578 5808 sexta
1603 5754 1688 5808 die
1705 5754 1911 5810 primus
1933 5754 2095 5808 homo

2189 4515 2360 4558 tasma
2405 4517 2526 4556 esse
2576 4501 2810 4561 factum,
2858 4499 2984 4568 quia
3035 4506 3278 4551 mortuus
3330 4501 3604 4560 surrexit,
3649 4514 3772 4551 unus

2166 4584 2306 4637 ,ενοι
2351 4589 2418 4655 ex
2465 4571 2921 4629 recumbentibus.
2951 4568 3012 4623 S.
3046 4569 3292 4637 August.,
3331 4568 3497 4632 ibid.,
3528 4579 3686 4622 tract.
3713 4585 3768 4630 ι,

2189 4659 2336 4700 num.
2365 4643 2417 4696 5.

2258 4715 2285 4754 ιι
2317 4712 2656 4783 Unguentum
2689 4719 2867 4783 autem
2911 4708 3159 4783 pisticum
3181 4747 3193 4766 .
3226 4705 3278 4783 id
3310 4715 3396 4760 est
3445 4707 3634 4772 ﬁdele,
3667 4709 3772 4762 ideo

2189 4777 2553 4852 diciturfquia
2577 4795 2717 4852 saepe
2740 4777 3102 4852 solent’aliqni
3135 4777 3478 4852 medicorum
3513 4789 3768 4852 unguenta

2188 4847 2733 4925 pretiosa-similibus
2761 4850 2950 4925 herbis
2970 4847 3294 4925 adulterare.
3333 4847 3498 4925 Sicut
3532 4850 3768 4918 pigmen-

2192 4916 2312 4978 iarii
2363 4923 2452 4992 qui
2500 4922 2770 4992 pigmenta
2819 4916 3228 4992 v_endere_soliti
3271 4925 3434 4992 sunt,
3469 4916 3767 4992 frequenter

2193 4987 2582 5048 interm—isce'ut'
2601 4989 2884 5059 pigmentis
2918 4987 3162 5059 quaedam
3201 4987 3455 5056 germina
3509 5003 3610 5059 per
3641 4989 3768 5040 fras-

2193 5065 2336 5127 dem,
2365 5063 2560 5132 quibus
2587 5057 2878 5132 currentium
2909 5058 3161 5132 deludunt
3189 5067 3536 5132 aspectum.‘
3689 5060 3770 5109 huc

2193 5125 2672 5204 unguentumhou
2718 5127 3112 5204 adulterinum,
3156 5126 3250 5204 sed
3289 5125 3476 5204 ﬁdele
3509 5125 3770 5204 fuit,__qr_:o

2197 5194 2360 5256 Maria
2408 5199 2617 5256 Domini
2644 5198 2796 5250 unxit
2834 5207 2986 5267 caput
3037 5205 3092 5267 et
3134 5195 3340 5267 pedes._
3370 5194 3766 5267 RabaniLibm,

2197 5273 2288 5327 lib.
2320 5288 2437 5334 \‘tll,
2463 5286 2582 5337 cap.
2607 5269 2707 5333 ‘26;
2762 5263 3178 5337 videlilcuinum
3203 5266 3259 5317 in
3303 5263 3478 5317 Ioan.
3511 5264 3766 5319 «:th:-

2204 5345 2259 5396 in
2289 5341 2478 5395 Matth.
2505 5336 2595 5393 lib.
2623 5353 2695 5398 tv,
2722 5351 2839 5405 cap.
2869 5336 2958 5390 26.

2276 5414 2289 5452 ί
2327 5409 2502 5464 Codex
2527 5427 2544 5462 :
2569 5404 3006 5462 Ccthim’redolet
3031 5413 3122 5457 aut
3152 5404 3458 5472 ciprcssum
3483 5421 3500 5468 ;
3539 5404 3768 5458 ﬂebam

2199 5484 2252 5535 in
2285 5480 2589 5534 Matt/meum
2617 5477 2766 5530 habet
2791 5493 2809 5530 :
2831 5477 3006 5531 Citum
3037 5485 3128 5528 aut
3163 5489 3527 5543 cypressum;
3558 5483 3614 5528 et
3645 5473 3766 5526 Beda

2200 5554 2252 5604 in
2303 5548 2794 5603 Marrum:Sinum
2848 5555 2940 5600 aut
2983 5541 3324 5613 cypresﬁrm.
3401 5541 3602 5596 Venus:
3647 5543 3766 5610 apud

2202 5619 2457 5682 Plinium,
2489 5619 2642 5686 cujus
2671 5635 2700 5670 a
2727 5615 2872 5670 Beda
2899 5625 2945 5667 et
2973 5614 3185 5667 Ilabano
3223 5613 3414 5676 rerba,
3439 5615 3529 5668 his
3557 5617 3611 5668 in
3635 5613 3762 5674 leas,

2204 5691 2507 5754 recitantur,
2534 5690 2707 5757 agitur
2727 5687 2791 5741 de
2817 5687 2916 5740 situ
2949 5694 2995 5738 et
3024 5698 3228 5752 cypero.
