  <div class='ocr_page' id='page_1' title='image "/cluster/home/n/w/nwhite01/storage/ocr_20150623/112/hvd.32044015685407/738.png"; bbox 0 0 3938 6334; ppageno 0'>
   <div class='ocr_carea' id='block_1_1' title="bbox 99 351 229 411">
    <p class='ocr_par' dir='ltr' id='par_1_1' title="bbox 99 351 229 411">
     <span class='ocr_line' id='line_1_1' title="bbox 99 351 229 411; baseline -0.008 -1"><span class='ocrx_word' id='word_1_1' title='bbox 99 351 229 411; x_wconf 66' lang='grc'>1665</span> 
     </span>
    </p>
   </div>
   <div class='ocr_carea' id='block_1_2' title="bbox 1108 337 2282 426">
    <p class='ocr_par' dir='ltr' id='par_1_2' title="bbox 1108 337 2282 426">
     <span class='ocr_line' id='line_1_2' title="bbox 1108 337 2282 426; baseline -0.011 -21"><span class='ocrx_word' id='word_1_2' title='bbox 1108 347 1196 404; x_wconf 84' lang='lat' dir='ltr'><strong>DE</strong></span> <span class='ocrx_word' id='word_1_3' title='bbox 1234 347 1395 404; x_wconf 70' lang='lat' dir='ltr'><strong>VITA</strong></span> <span class='ocrx_word' id='word_1_4' title='bbox 1434 346 1493 401; x_wconf 83' lang='grc' dir='ltr'><strong>Β.</strong></span> <span class='ocrx_word' id='word_1_5' title='bbox 1537 341 1775 400; x_wconf 73' lang='grc' dir='ltr'><strong>ΜΛΒΙᾸΞ</strong></span> <span class='ocrx_word' id='word_1_6' title='bbox 1817 337 2282 426; x_wconf 66' lang='grc' dir='ltr'><strong>ΜΑΟΒΑιΕΝΑΞ,</strong></span> 
     </span>
    </p>
   </div>
   <div class='ocr_carea' id='block_1_3' title="bbox 3191 336 3327 392">
    <p class='ocr_par' dir='ltr' id='par_1_3' title="bbox 3191 336 3327 392">
     <span class='ocr_line' id='line_1_3' title="bbox 3191 336 3327 392; baseline 0.015 -2"><span class='ocrx_word' id='word_1_7' title='bbox 3191 336 3327 392; x_wconf 73' lang='grc'>1466</span> 
     </span>
    </p>
   </div>
   <div class='ocr_carea' id='block_1_4' title="bbox 99 449 3341 533">
    <p class='ocr_par' dir='ltr' id='par_1_4' title="bbox 99 449 3341 533">
     <span class='ocr_line' id='line_1_4' title="bbox 99 449 3341 533; baseline -0.005 -11"><span class='ocrx_word' id='word_1_8' title='bbox 99 479 144 522; x_wconf 76' lang='lat' dir='ltr'><strong>et</strong></span> <span class='ocrx_word' id='word_1_9' title='bbox 174 467 324 522; x_wconf 81' lang='lat' dir='ltr'><strong>aloes</strong></span> <span class='ocrx_word' id='word_1_10' title='bbox 345 478 394 532; x_wconf 76' lang='grc' dir='ltr'>α,</span> <span class='ocrx_word' id='word_1_11' title='bbox 424 465 492 521; x_wconf 88' lang='lat' dir='ltr'><strong>ad</strong></span> <span class='ocrx_word' id='word_1_12' title='bbox 517 462 804 533; x_wconf 76' lang='lat' dir='ltr'><strong>exsequias</strong></span> <span class='ocrx_word' id='word_1_13' title='bbox 829 461 1041 519; x_wconf 85' lang='lat' dir='ltr'><strong>Domini</strong></span> <span class='ocrx_word' id='word_1_14' title='bbox 1071 463 1426 532; x_wconf 65' lang='lat' dir='ltr'><strong>praeparantis</strong></span> <span class='ocrx_word' id='word_1_15' title='bbox 1457 457 1664 532; x_wconf 72' lang='lat' dir='ltr'><strong>{Forte,</strong></span> <span class='ocrx_word' id='word_1_16' title='bbox 1695 464 1739 521; x_wconf 82' lang='grc' dir='ltr'>Α</span> <span class='ocrx_word' id='word_1_17' title='bbox 1769 456 2002 510; x_wconf 74' lang='lat' dir='ltr'><strong>sedentes</strong></span> <span class='ocrx_word' id='word_1_18' title='bbox 2030 465 2212 508; x_wconf 87' lang='lat' dir='ltr'><strong>contra</strong></span> <span class='ocrx_word' id='word_1_19' title='bbox 2235 452 2527 522; x_wconf 70' lang='lat' dir='ltr'><strong>sepulcrum</strong></span> <span class='ocrx_word' id='word_1_20' title='bbox 2552 451 2988 506; x_wconf 75' lang='lat' dir='ltr'><strong>lamentabantur</strong></span> <span class='ocrx_word' id='word_1_21' title='bbox 3021 449 3208 506; x_wconf 84' lang='lat' dir='ltr'><strong>ﬁentes</strong></span> <span class='ocrx_word' id='word_1_22' title='bbox 3235 451 3341 506; x_wconf 79' lang='lat' dir='ltr'><strong>Do-</strong></span> 
     </span>
    </p>
   </div>
   <div class='ocr_carea' id='block_1_5' title="bbox 99 551 1662 628">
    <p class='ocr_par' dir='ltr' id='par_1_5' title="bbox 99 551 1662 628">
     <span class='ocr_line' id='line_1_5' title="bbox 99 551 1662 628; baseline -0.006 -16"><span class='ocrx_word' id='word_1_23' title='bbox 99 553 474 628; x_wconf 65' lang='lat' dir='ltr'><strong>prmparatis]!</strong></span> <span class='ocrx_word' id='word_1_24' title='bbox 523 553 694 620; x_wconf 88' lang='lat' dir='ltr'><strong>Quam</strong></span> <span class='ocrx_word' id='word_1_25' title='bbox 744 553 974 608; x_wconf 79' lang='lat' dir='ltr'><strong>libenter</strong></span> <span class='ocrx_word' id='word_1_26' title='bbox 1025 553 1332 607; x_wconf 85' lang='lat' dir='ltr'><strong>intuita&#39;est</strong></span> <span class='ocrx_word' id='word_1_27' title='bbox 1359 551 1540 606; x_wconf 87' lang='lat' dir='ltr'><strong>clavos</strong></span> <span class='ocrx_word' id='word_1_28' title='bbox 1568 565 1662 603; x_wconf 84' lang='lat' dir='ltr'><strong>ex-</strong></span> 
     </span>
    </p>
   </div>
   <div class='ocr_carea' id='block_1_6' title="bbox 99 641 1665 712">
    <p class='ocr_par' dir='ltr' id='par_1_6' title="bbox 99 641 1665 712">
     <span class='ocr_line' id='line_1_6' title="bbox 99 641 1665 712; baseline -0.005 -9"><span class='ocrx_word' id='word_1_29' title='bbox 99 649 236 703; x_wconf 91' lang='lat' dir='ltr'><strong>trahi</strong></span> <span class='ocrx_word' id='word_1_30' title='bbox 284 647 351 701; x_wconf 92' lang='lat' dir='ltr'><strong>de</strong></span> <span class='ocrx_word' id='word_1_31' title='bbox 404 646 684 708; x_wconf 91' lang='lat' dir='ltr'><strong>manibus,</strong></span> <span class='ocrx_word' id='word_1_32' title='bbox 729 651 783 698; x_wconf 88' lang='lat' dir='ltr'><strong>et</strong></span> <span class='ocrx_word' id='word_1_33' title='bbox 824 643 1048 712; x_wconf 87' lang='lat' dir='ltr'><strong>pedibus</strong></span> <span class='ocrx_word' id='word_1_34' title='bbox 1083 641 1422 705; x_wconf 83' lang='lat' dir='ltr'><strong>Salvatoris;</strong></span> <span class='ocrx_word' id='word_1_35' title='bbox 1467 657 1665 710; x_wconf 90' lang='lat' dir='ltr'><strong>corpus</strong></span> 
     </span>
    </p>
   </div>
   <div class='ocr_carea' id='block_1_7' title="bbox 99 730 1666 809">
    <p class='ocr_par' dir='ltr' id='par_1_7' title="bbox 99 730 1666 809">
     <span class='ocr_line' id='line_1_7' title="bbox 99 730 1666 809; baseline -0.007 -16"><span class='ocrx_word' id='word_1_36' title='bbox 99 737 309 809; x_wconf 82' lang='lat' dir='ltr'><strong>deponi,</strong></span> <span class='ocrx_word' id='word_1_37' title='bbox 338 745 393 792; x_wconf 91' lang='lat' dir='ltr'><strong>et</strong></span> <span class='ocrx_word' id='word_1_38' title='bbox 418 735 626 791; x_wconf 88' lang='lat' dir='ltr'><strong>condiri</strong></span> <span class='ocrx_word' id='word_1_39' title='bbox 644 751 660 793; x_wconf 88' lang='lat'><strong>;</strong></span> <span class='ocrx_word' id='word_1_40' title='bbox 694 734 871 788; x_wconf 88' lang='lat' dir='ltr'><strong>linteis</strong></span> <span class='ocrx_word' id='word_1_41' title='bbox 894 748 1112 802; x_wconf 88' lang='lat' dir='ltr'><strong>corpus,</strong></span> <span class='ocrx_word' id='word_1_42' title='bbox 1142 739 1303 800; x_wconf 88' lang='lat' dir='ltr'><strong>caput</strong></span> <span class='ocrx_word' id='word_1_43' title='bbox 1339 731 1554 785; x_wconf 88' lang='lat' dir='ltr'><strong>sudario</strong></span> <span class='ocrx_word' id='word_1_44' title='bbox 1585 730 1666 783; x_wconf 92' lang='lat' dir='ltr'><strong>in-</strong></span> 
     </span>
    </p>
   </div>
   <div class='ocr_carea' id='block_1_8' title="bbox 99 821 1665 884">
    <p class='ocr_par' dir='ltr' id='par_1_8' title="bbox 99 821 1665 884">
     <span class='ocr_line' id='line_1_8' title="bbox 99 821 1665 884; baseline -0.006 -2"><span class='ocrx_word' id='word_1_45' title='bbox 99 830 269 884; x_wconf 85' lang='lat' dir='ltr'><strong>volvi!</strong></span> <span class='ocrx_word' id='word_1_46' title='bbox 305 826 468 882; x_wconf 87' lang='lat' dir='ltr'><strong>Gesta</strong></span> <span class='ocrx_word' id='word_1_47' title='bbox 510 834 636 880; x_wconf 91' lang='lat' dir='ltr'><strong>sunt</strong></span> <span class='ocrx_word' id='word_1_48' title='bbox 665 830 777 878; x_wconf 66' lang='lat' dir='ltr'><strong>haec</strong></span> <span class='ocrx_word' id='word_1_49' title='bbox 810 823 1012 884; x_wconf 90' lang='lat' dir='ltr'><strong>omnia,</strong></span> <span class='ocrx_word' id='word_1_50' title='bbox 1045 821 1209 876; x_wconf 85' lang='lat' dir='ltr'><strong>Maria</strong></span> <span class='ocrx_word' id='word_1_51' title='bbox 1241 829 1471 884; x_wconf 89' lang='lat' dir='ltr'><strong>astante,</strong></span> <span class='ocrx_word' id='word_1_52' title='bbox 1503 821 1665 873; x_wconf 75' lang='lat' dir='ltr'><strong>Maria</strong></span> 
     </span>
    </p>
   </div>
   <div class='ocr_carea' id='block_1_9' title="bbox 99 910 1667 982">
    <p class='ocr_par' dir='ltr' id='par_1_9' title="bbox 99 910 1667 982">
     <span class='ocr_line' id='line_1_9' title="bbox 99 910 1667 982; baseline -0.006 -9"><span class='ocrx_word' id='word_1_53' title='bbox 99 921 362 982; x_wconf 84' lang='lat' dir='ltr'><strong>intuente,</strong></span> <span class='ocrx_word' id='word_1_54' title='bbox 391 915 559 970; x_wconf 85' lang='lat' dir='ltr'><strong>Maria</strong></span> <span class='ocrx_word' id='word_1_55' title='bbox 595 912 982 969; x_wconf 83' lang='lat' dir='ltr'><strong>miserabiliter</strong></span> <span class='ocrx_word' id='word_1_56' title='bbox 1009 921 1064 967; x_wconf 91' lang='lat' dir='ltr'><strong>et</strong></span> <span class='ocrx_word' id='word_1_57' title='bbox 1099 910 1554 966; x_wconf 87' lang='lat' dir='ltr'><strong>iuconsolabiliter</strong></span> <span class='ocrx_word' id='word_1_58' title='bbox 1591 910 1667 963; x_wconf 89' lang='lat' dir='ltr'><strong>la-</strong></span> 
     </span>
    </p>
   </div>
   <div class='ocr_carea' id='block_1_10' title="bbox 100 1018 391 1066">
    <p class='ocr_par' dir='ltr' id='par_1_10' title="bbox 100 1018 391 1066">
     <span class='ocr_line' id='line_1_10' title="bbox 100 1018 391 1066; baseline -0.014 -1"><span class='ocrx_word' id='word_1_59' title='bbox 100 1018 391 1066; x_wconf 89' lang='lat' dir='ltr'><strong>mentantc.</strong></span> 
     </span>
    </p>
   </div>
   <div class='ocr_carea' id='block_1_11' title="bbox 99 1155 1666 1228">
    <p class='ocr_par' dir='ltr' id='par_1_11' title="bbox 99 1155 1666 1228">
     <span class='ocr_line' id='line_1_11' title="bbox 99 1155 1666 1228; baseline -0.008 -6"><span class='ocrx_word' id='word_1_60' title='bbox 99 1167 226 1222; x_wconf 72' lang='lat' dir='ltr'><strong>CAP.</strong></span> <span class='ocrx_word' id='word_1_61' title='bbox 266 1162 520 1219; x_wconf 72' lang='lat' dir='ltr'><strong>XXIl.-—</strong></span> <span class='ocrx_word' id='word_1_62' title='bbox 559 1159 658 1214; x_wconf 84' lang='lat' dir='ltr'><strong>Ubi</strong></span> <span class='ocrx_word' id='word_1_63' title='bbox 691 1159 929 1214; x_wconf 78' lang='lat' dir='ltr'><strong>Christus</strong></span> <span class='ocrx_word' id='word_1_64' title='bbox 974 1158 1207 1228; x_wconf 86' lang='lat' dir='ltr'><strong>sepultus</strong></span> <span class='ocrx_word' id='word_1_65' title='bbox 1231 1159 1332 1224; x_wconf 88' lang='lat' dir='ltr'><strong>sit,</strong></span> <span class='ocrx_word' id='word_1_66' title='bbox 1370 1167 1418 1212; x_wconf 92' lang='lat' dir='ltr'><strong>et</strong></span> <span class='ocrx_word' id='word_1_67' title='bbox 1457 1155 1666 1228; x_wconf 84' lang='lat' dir='ltr'><strong>quando</strong></span> 
     </span>
    </p>
   </div>
   <div class='ocr_carea' id='block_1_12' title="bbox 578 1231 1170 1284">
    <p class='ocr_par' dir='ltr' id='par_1_12' title="bbox 578 1231 1170 1284">
     <span class='ocr_line' id='line_1_12' title="bbox 578 1231 1170 1284; baseline -0.002 0"><span class='ocrx_word' id='word_1_68' title='bbox 578 1231 625 1284; x_wconf 67' lang='lat' dir='ltr'><strong>ll</strong></span> <span class='ocrx_word' id='word_1_69' title='bbox 629 1232 744 1284; x_wconf 88' lang='lat' dir='ltr'><strong>aria</strong></span> <span class='ocrx_word' id='word_1_70' title='bbox 777 1231 897 1284; x_wconf 87' lang='lat' dir='ltr'><strong>emit</strong></span> <span class='ocrx_word' id='word_1_71' title='bbox 927 1239 1170 1283; x_wconf 78' lang='lat' dir='ltr'><strong>aromata</strong></span> 
     </span>
    </p>
   </div>
   <div class='ocr_carea' id='block_1_13' title="bbox 173 1361 1667 1436">
    <p class='ocr_par' dir='ltr' id='par_1_13' title="bbox 173 1361 1667 1436">
     <span class='ocr_line' id='line_1_13' title="bbox 173 1361 1667 1436; baseline -0.005 -14"><span class='ocrx_word' id='word_1_72' title='bbox 173 1367 426 1422; x_wconf 86' lang='lat' dir='ltr'><strong>llortulus</strong></span> <span class='ocrx_word' id='word_1_73' title='bbox 449 1365 667 1436; x_wconf 79' lang='lat' dir='ltr'><strong>quidam</strong></span> <span class='ocrx_word' id='word_1_74' title='bbox 704 1373 823 1420; x_wconf 90' lang='lat' dir='ltr'><strong>erat</strong></span> <span class='ocrx_word' id='word_1_75' title='bbox 858 1365 911 1419; x_wconf 92' lang='lat' dir='ltr'><strong>in</strong></span> <span class='ocrx_word' id='word_1_76' title='bbox 940 1365 1156 1436; x_wconf 88' lang='lat' dir='ltr'><strong>phastio</strong></span> <span class='ocrx_word' id='word_1_77' title='bbox 1180 1365 1208 1405; x_wconf 71' lang='grc' dir='ltr'>δ</span> <span class='ocrx_word' id='word_1_78' title='bbox 1235 1363 1490 1425; x_wconf 84' lang='lat' dir='ltr'><strong>civitatis,</strong></span> <span class='ocrx_word' id='word_1_79' title='bbox 1515 1361 1667 1430; x_wconf 83' lang='lat' dir='ltr'><strong>juxta</strong></span> 
     </span>
    </p>
   </div>
   <div class='ocr_carea' id='block_1_14' title="bbox 99 1449 1670 1521">
    <p class='ocr_par' dir='ltr' id='par_1_14' title="bbox 99 1449 1670 1521">
     <span class='ocr_line' id='line_1_14' title="bbox 99 1449 1670 1521; baseline -0.004 -9"><span class='ocrx_word' id='word_1_80' title='bbox 99 1458 277 1512; x_wconf 91' lang='lat' dir='ltr'><strong>locum</strong></span> <span class='ocrx_word' id='word_1_81' title='bbox 306 1457 394 1510; x_wconf 91' lang='lat' dir='ltr'><strong>ubi</strong></span> <span class='ocrx_word' id='word_1_82' title='bbox 420 1455 714 1511; x_wconf 79' lang='lat' dir='ltr'><strong>cruciﬁxus</strong></span> <span class='ocrx_word' id='word_1_83' title='bbox 741 1465 826 1510; x_wconf 92' lang='lat' dir='ltr'><strong>est</strong></span> <span class='ocrx_word' id='word_1_84' title='bbox 847 1455 1022 1511; x_wconf 85' lang='lat' dir='ltr'><strong>Jesus.</strong></span> <span class='ocrx_word' id='word_1_85' title='bbox 1054 1456 1110 1509; x_wconf 89' lang='lat' dir='ltr'><strong>In</strong></span> <span class='ocrx_word' id='word_1_86' title='bbox 1136 1455 1238 1508; x_wconf 93' lang='lat' dir='ltr'><strong>hoc</strong></span> <span class='ocrx_word' id='word_1_87' title='bbox 1263 1455 1438 1517; x_wconf 91' lang='lat' dir='ltr'><strong>horto,</strong></span> <span class='ocrx_word' id='word_1_88' title='bbox 1470 1449 1670 1521; x_wconf 84' lang='lat' dir='ltr'><strong>Joseph</strong></span> 
     </span>
    </p>
   </div>
   <div class='ocr_carea' id='block_1_15' title="bbox 100 1542 1668 1610">
    <p class='ocr_par' dir='ltr' id='par_1_15' title="bbox 100 1542 1668 1610">
     <span class='ocr_line' id='line_1_15' title="bbox 100 1542 1668 1610; baseline -0.005 -8"><span class='ocrx_word' id='word_1_89' title='bbox 100 1548 296 1602; x_wconf 78' lang='lat' dir='ltr'><strong>nobilis</strong></span> <span class='ocrx_word' id='word_1_90' title='bbox 343 1546 600 1610; x_wconf 89' lang='lat' dir='ltr'><strong>decurio,</strong></span> <span class='ocrx_word' id='word_1_91' title='bbox 643 1546 860 1600; x_wconf 87' lang='lat' dir='ltr'><strong>sibimet</strong></span> <span class='ocrx_word' id='word_1_92' title='bbox 908 1552 1316 1600; x_wconf 87' lang='lat' dir='ltr'><strong>monumentum</strong></span> <span class='ocrx_word' id='word_1_93' title='bbox 1372 1542 1668 1604; x_wconf 80' lang='lat' dir='ltr'><strong>exciderat,</strong></span> 
     </span>
    </p>
   </div>
   <div class='ocr_carea' id='block_1_16' title="bbox 100 1631 1673 1707">
    <p class='ocr_par' dir='ltr' id='par_1_16' title="bbox 100 1631 1673 1707">
     <span class='ocr_line' id='line_1_16' title="bbox 100 1631 1673 1707; baseline -0.006 -14"><span class='ocrx_word' id='word_1_94' title='bbox 100 1637 418 1702; x_wconf 86' lang='lat' dir='ltr'><strong>rotundum,</strong></span> <span class='ocrx_word' id='word_1_95' title='bbox 455 1637 522 1692; x_wconf 88' lang='lat' dir='ltr'><strong>de</strong></span> <span class='ocrx_word' id='word_1_96' title='bbox 549 1637 860 1707; x_wconf 77' lang='lat' dir='ltr'><strong>subjucente</strong></span> <span class='ocrx_word' id='word_1_97' title='bbox 888 1651 1041 1706; x_wconf 88' lang='lat' dir='ltr'><strong>rupe,</strong></span> <span class='ocrx_word' id='word_1_98' title='bbox 1074 1633 1356 1689; x_wconf 84' lang='lat' dir='ltr'><strong>rubicundi</strong></span> <span class='ocrx_word' id='word_1_99' title='bbox 1387 1631 1584 1686; x_wconf 90' lang='lat' dir='ltr'><strong>coloris</strong></span> <span class='ocrx_word' id='word_1_100' title='bbox 1617 1638 1673 1685; x_wconf 86' lang='lat' dir='ltr'><strong>et</strong></span> 
     </span>
    </p>
   </div>
   <div class='ocr_carea' id='block_1_17' title="bbox 100 1723 1666 1795">
    <p class='ocr_par' dir='ltr' id='par_1_17' title="bbox 100 1723 1666 1795">
     <span class='ocr_line' id='line_1_17' title="bbox 100 1723 1666 1795; baseline -0.004 -12"><span class='ocrx_word' id='word_1_101' title='bbox 100 1730 242 1794; x_wconf 89' lang='lat' dir='ltr'><strong>albi;</strong></span> <span class='ocrx_word' id='word_1_102' title='bbox 276 1736 436 1783; x_wconf 76' lang='lat' dir='ltr'><strong>tanta:</strong></span> <span class='ocrx_word' id='word_1_103' title='bbox 463 1726 781 1790; x_wconf 86' lang='lat' dir='ltr'><strong>altitudinis,</strong></span> <span class='ocrx_word' id='word_1_104' title='bbox 821 1732 881 1780; x_wconf 90' lang='lat' dir='ltr'><strong>ut</strong></span> <span class='ocrx_word' id='word_1_105' title='bbox 901 1740 1063 1794; x_wconf 86' lang='lat' dir='ltr'><strong>super</strong></span> <span class='ocrx_word' id='word_1_106' title='bbox 1090 1725 1476 1795; x_wconf 80' lang='lat' dir='ltr'><strong>pavimentum,</strong></span> <span class='ocrx_word' id='word_1_107' title='bbox 1505 1723 1666 1786; x_wconf 92' lang='lat' dir='ltr'><strong>intro,</strong></span> 
     </span>
    </p>
   </div>
   <div class='ocr_carea' id='block_1_18' title="bbox 1758 544 3340 616">
    <p class='ocr_par' dir='ltr' id='par_1_18' title="bbox 1758 544 3340 616">
     <span class='ocr_line' id='line_1_18' title="bbox 1758 544 3340 616; baseline -0.004 -13"><span class='ocrx_word' id='word_1_108' title='bbox 1758 549 1985 603; x_wconf 91' lang='lat' dir='ltr'><strong>minum.</strong></span> <span class='ocrx_word' id='word_1_109' title='bbox 2053 547 2304 616; x_wconf 88' lang='lat' dir='ltr'><strong>Inspecto</strong></span> <span class='ocrx_word' id='word_1_110' title='bbox 2351 545 2582 615; x_wconf 89' lang='lat' dir='ltr'><strong>denique</strong></span> <span class='ocrx_word' id='word_1_111' title='bbox 2628 544 2941 615; x_wconf 85' lang='lat' dir='ltr'><strong>diligentius</strong></span> <span class='ocrx_word' id='word_1_112' title='bbox 2988 544 3094 598; x_wconf 90' lang='lat' dir='ltr'><strong>situ</strong></span> <span class='ocrx_word' id='word_1_113' title='bbox 3145 558 3340 606; x_wconf 59' lang='lat' dir='ltr'><strong>monu-g</strong></span> 
     </span>
    </p>
   </div>
   <div class='ocr_carea' id='block_1_19' title="bbox 1761 634 3339 706">
    <p class='ocr_par' dir='ltr' id='par_1_19' title="bbox 1761 634 3339 706">
     <span class='ocr_line' id='line_1_19' title="bbox 1761 634 3339 706; baseline -0.003 -14"><span class='ocrx_word' id='word_1_114' title='bbox 1761 638 1948 698; x_wconf 90' lang='lat' dir='ltr'><strong>menti,</strong></span> <span class='ocrx_word' id='word_1_115' title='bbox 1999 637 2140 706; x_wconf 92' lang='lat' dir='ltr'><strong>quod</strong></span> <span class='ocrx_word' id='word_1_116' title='bbox 2181 635 2488 705; x_wconf 80' lang='lat' dir='ltr'><strong>frequenter</strong></span> <span class='ocrx_word' id='word_1_117' title='bbox 2531 635 2708 690; x_wconf 82' lang='lat' dir='ltr'><strong>visere</strong></span> <span class='ocrx_word' id='word_1_118' title='bbox 2753 635 3101 704; x_wconf 75' lang='lat' dir='ltr'><strong>Cogitabam,</strong></span> <span class='ocrx_word' id='word_1_119' title='bbox 3163 634 3339 690; x_wconf 78' lang='lat' dir='ltr'><strong>torum</strong></span> 
     </span>
    </p>
   </div>
   <div class='ocr_carea' id='block_1_20' title="bbox 1762 725 3345 805">
    <p class='ocr_par' dir='ltr' id='par_1_20' title="bbox 1762 725 3345 805">
     <span class='ocr_line' id='line_1_20' title="bbox 1762 725 3345 805; baseline -0.002 -23"><span class='ocrx_word' id='word_1_120' title='bbox 1762 727 2017 787; x_wconf 86' lang='lat' dir='ltr'><strong>civitatis,</strong></span> <span class='ocrx_word' id='word_1_121' title='bbox 2045 735 2099 780; x_wconf 90' lang='lat' dir='ltr'><strong>et</strong></span> <span class='ocrx_word' id='word_1_122' title='bbox 2127 725 2514 796; x_wconf 82' lang='lat' dir='ltr'><strong>pigmentarios</strong></span> <span class='ocrx_word' id='word_1_123' title='bbox 2547 725 2831 789; x_wconf 89' lang='lat' dir='ltr'><strong>adierunt,</strong></span> <span class='ocrx_word' id='word_1_124' title='bbox 2865 734 3104 805; x_wconf 81' lang='lat' dir='ltr'><strong>aromata</strong></span> <span class='ocrx_word' id='word_1_125' title='bbox 3145 726 3345 795; x_wconf 87' lang='lat' dir='ltr'><strong>pretio-</strong></span> 
     </span>
    </p>
   </div>
   <div class='ocr_carea' id='block_1_21' title="bbox 1764 817 3336 884">
    <p class='ocr_par' dir='ltr' id='par_1_21' title="bbox 1764 817 3336 884">
     <span class='ocr_line' id='line_1_21' title="bbox 1764 817 3336 884; baseline 0 -13"><span class='ocrx_word' id='word_1_126' title='bbox 1764 817 1976 872; x_wconf 83' lang='lat' dir='ltr'><strong>sissima</strong></span> <span class='ocrx_word' id='word_1_127' title='bbox 2028 823 2082 869; x_wconf 93' lang='lat' dir='ltr'><strong>et</strong></span> <span class='ocrx_word' id='word_1_128' title='bbox 2128 817 2368 870; x_wconf 86' lang='lat' dir='ltr'><strong>balsama</strong></span> <span class='ocrx_word' id='word_1_129' title='bbox 2415 821 2764 878; x_wconf 85' lang='lat' dir='ltr'><strong>coemerunt,</strong></span> <span class='ocrx_word' id='word_1_130' title='bbox 2808 823 2864 868; x_wconf 93' lang='lat' dir='ltr'><strong>et</strong></span> <span class='ocrx_word' id='word_1_131' title='bbox 2905 831 3028 884; x_wconf 69' lang='lat' dir='ltr'><strong>qua:</strong></span> <span class='ocrx_word' id='word_1_132' title='bbox 3068 817 3208 884; x_wconf 91' lang='lat' dir='ltr'><strong>apud</strong></span> <span class='ocrx_word' id='word_1_133' title='bbox 3257 831 3336 878; x_wconf 89' lang='lat' dir='ltr'><strong>se,</strong></span> 
     </span>
    </p>
   </div>
   <div class='ocr_carea' id='block_1_22' title="bbox 1764 905 3333 977">
    <p class='ocr_par' dir='ltr' id='par_1_22' title="bbox 1764 905 3333 977">
     <span class='ocr_line' id='line_1_22' title="bbox 1764 905 3333 977; baseline -0.003 -15"><span class='ocrx_word' id='word_1_134' title='bbox 1764 922 1937 977; x_wconf 84' lang='lat' dir='ltr'><strong>usque</strong></span> <span class='ocrx_word' id='word_1_135' title='bbox 1979 907 2031 960; x_wconf 90' lang='lat' dir='ltr'><strong>in</strong></span> <span class='ocrx_word' id='word_1_136' title='bbox 2075 905 2367 960; x_wconf 90' lang='lat' dir='ltr'><strong>secundam</strong></span> <span class='ocrx_word' id='word_1_137' title='bbox 2408 905 2617 960; x_wconf 82' lang='lat' dir='ltr'><strong>sabbati</strong></span> <span class='ocrx_word' id='word_1_138' title='bbox 2649 919 2927 973; x_wconf 88' lang='lat' dir='ltr'><strong>vesperam</strong></span> <span class='ocrx_word' id='word_1_139' title='bbox 2957 912 3333 974; x_wconf 88' lang='lat' dir='ltr'><strong>reposuerunt.</strong></span> 
     </span>
    </p>
   </div>
   <div class='ocr_carea' id='block_1_23' title="bbox 1764 996 3348 1070">
    <p class='ocr_par' dir='ltr' id='par_1_23' title="bbox 1764 996 3348 1070">
     <span class='ocr_line' id='line_1_23' title="bbox 1764 996 3348 1070; baseline -0.002 -16"><span class='ocrx_word' id='word_1_140' title='bbox 1764 1000 1900 1054; x_wconf 87' lang='lat' dir='ltr'><strong>Nam</strong></span> <span class='ocrx_word' id='word_1_141' title='bbox 1927 999 2176 1070; x_wconf 87' lang='lat' dir='ltr'><strong>quamvis</strong></span> <span class='ocrx_word' id='word_1_142' title='bbox 2227 998 2690 1053; x_wconf 87' lang='lat' dir='ltr'><strong>inconsolabiliter</strong></span> <span class='ocrx_word' id='word_1_143' title='bbox 2734 997 3000 1067; x_wconf 82' lang='lat' dir='ltr'><strong>lugerent,</strong></span> <span class='ocrx_word' id='word_1_144' title='bbox 3048 1006 3102 1052; x_wconf 93' lang='lat' dir='ltr'><strong>et</strong></span> <span class='ocrx_word' id='word_1_145' title='bbox 3128 996 3348 1051; x_wconf 89' lang='lat' dir='ltr'><strong>validis-</strong></span> 
     </span>
    </p>
   </div>
   <div class='ocr_carea' id='block_1_24' title="bbox 1764 1087 3347 1159">
    <p class='ocr_par' dir='ltr' id='par_1_24' title="bbox 1764 1087 3347 1159">
     <span class='ocr_line' id='line_1_24' title="bbox 1764 1087 3347 1159; baseline -0.004 -14"><span class='ocrx_word' id='word_1_146' title='bbox 1764 1091 1902 1146; x_wconf 87' lang='lat' dir='ltr'><strong>simo</strong></span> <span class='ocrx_word' id='word_1_147' title='bbox 1947 1089 2150 1159; x_wconf 88' lang='lat' dir='ltr'><strong>ejulatu</strong></span> <span class='ocrx_word' id='word_1_148' title='bbox 2201 1088 2436 1142; x_wconf 87' lang='lat' dir='ltr'><strong>lamenta</strong></span> <span class='ocrx_word' id='word_1_149' title='bbox 2487 1087 2958 1158; x_wconf 80' lang='lat' dir='ltr'><strong>congeminarent,</strong></span> <span class='ocrx_word' id='word_1_150' title='bbox 3001 1100 3105 1140; x_wconf 90' lang='lat' dir='ltr'><strong>non</strong></span> <span class='ocrx_word' id='word_1_151' title='bbox 3167 1094 3347 1140; x_wconf 90' lang='lat' dir='ltr'><strong>tamen</strong></span> 
     </span>
    </p>
   </div>
   <div class='ocr_carea' id='block_1_25' title="bbox 1766 1175 3347 1246">
    <p class='ocr_par' dir='ltr' id='par_1_25' title="bbox 1766 1175 3347 1246">
     <span class='ocr_line' id='line_1_25' title="bbox 1766 1175 3347 1246; baseline -0.003 -14"><span class='ocrx_word' id='word_1_152' title='bbox 1766 1179 2088 1233; x_wconf 89' lang='lat' dir='ltr'><strong>oblitterare</strong></span> <span class='ocrx_word' id='word_1_153' title='bbox 2137 1176 2313 1246; x_wconf 88' lang='lat' dir='ltr'><strong>potuit</strong></span> <span class='ocrx_word' id='word_1_154' title='bbox 2344 1176 2655 1246; x_wconf 80' lang='lat' dir='ltr'><strong>magnitudo</strong></span> <span class='ocrx_word' id='word_1_155' title='bbox 2696 1175 2988 1240; x_wconf 76' lang='lat' dir='ltr'><strong>mmstitizn,</strong></span> <span class='ocrx_word' id='word_1_156' title='bbox 3029 1176 3347 1230; x_wconf 85' lang='lat' dir='ltr'><strong>memoriam</strong></span> 
     </span>
    </p>
   </div>
   <div class='ocr_carea' id='block_1_26' title="bbox 1765 1263 3349 1338">
    <p class='ocr_par' dir='ltr' id='par_1_26' title="bbox 1765 1263 3349 1338">
     <span class='ocr_line' id='line_1_26' title="bbox 1765 1263 3349 1338; baseline -0.005 -13"><span class='ocrx_word' id='word_1_157' title='bbox 1765 1270 2043 1338; x_wconf 87' lang='lat' dir='ltr'><strong>religionis</strong></span> <span class='ocrx_word' id='word_1_158' title='bbox 2083 1268 2290 1322; x_wconf 84' lang='lat' dir='ltr'><strong>amicae.</strong></span> <span class='ocrx_word' id='word_1_159' title='bbox 2341 1265 2457 1320; x_wconf 86' lang='lat' dir='ltr'><strong>Dies</strong></span> <span class='ocrx_word' id='word_1_160' title='bbox 2495 1266 2639 1320; x_wconf 88' lang='lat' dir='ltr'><strong>enim</strong></span> <span class='ocrx_word' id='word_1_161' title='bbox 2679 1282 2955 1335; x_wconf 77' lang='lat' dir='ltr'><strong>parascere</strong></span> <span class='ocrx_word' id='word_1_162' title='bbox 2987 1275 3119 1330; x_wconf 88' lang='lat' dir='ltr'><strong>erat,</strong></span> <span class='ocrx_word' id='word_1_163' title='bbox 3151 1274 3201 1319; x_wconf 90' lang='lat' dir='ltr'><strong>et</strong></span> <span class='ocrx_word' id='word_1_164' title='bbox 3227 1263 3349 1318; x_wconf 85' lang='lat' dir='ltr'><strong>sab-</strong></span> 
     </span>
    </p>
   </div>
   <div class='ocr_carea' id='block_1_27' title="bbox 1769 1355 3350 1428">
    <p class='ocr_par' dir='ltr' id='par_1_27' title="bbox 1769 1355 3350 1428">
     <span class='ocr_line' id='line_1_27' title="bbox 1769 1355 3350 1428; baseline -0.005 -14"><span class='ocrx_word' id='word_1_165' title='bbox 1769 1361 1945 1414; x_wconf 88' lang='lat' dir='ltr'><strong>batum</strong></span> <span class='ocrx_word' id='word_1_166' title='bbox 1981 1358 2312 1412; x_wconf 86' lang='lat' dir='ltr'><strong>illucescebat</strong></span> <span class='ocrx_word' id='word_1_167' title='bbox 2338 1355 2488 1428; x_wconf 86' lang='lat' dir='ltr'><strong>(Luc.</strong></span> <span class='ocrx_word' id='word_1_168' title='bbox 2519 1371 2674 1420; x_wconf 82' lang='lat' dir='ltr'><strong>xxnt,</strong></span> <span class='ocrx_word' id='word_1_169' title='bbox 2703 1355 2827 1425; x_wconf 70' lang='lat'><strong>54);</strong></span> <span class='ocrx_word' id='word_1_170' title='bbox 2859 1363 3350 1425; x_wconf 80' lang='lat' dir='ltr'><strong>persuaserantque</strong></span> 
     </span>
    </p>
   </div>
   <div class='ocr_carea' id='block_1_28' title="bbox 1768 1447 3350 1522">
    <p class='ocr_par' dir='ltr' id='par_1_28' title="bbox 1768 1447 3350 1522">
     <span class='ocr_line' id='line_1_28' title="bbox 1768 1447 3350 1522; baseline -0.004 -17"><span class='ocrx_word' id='word_1_171' title='bbox 1768 1451 2053 1522; x_wconf 76' lang='lat' dir='ltr'><strong>pontifices</strong></span> <span class='ocrx_word' id='word_1_172' title='bbox 2106 1449 2322 1520; x_wconf 56' lang='lat' dir='ltr'><strong>praesidi</strong></span> <span class='ocrx_word' id='word_1_173' title='bbox 2373 1447 2582 1512; x_wconf 81' lang='lat' dir='ltr'><strong>Pilato,</strong></span> <span class='ocrx_word' id='word_1_174' title='bbox 2649 1455 2710 1500; x_wconf 92' lang='lat' dir='ltr'><strong>ut</strong></span> <span class='ocrx_word' id='word_1_175' title='bbox 2771 1447 3024 1500; x_wconf 82' lang='lat' dir='ltr'><strong>custodes</strong></span> <span class='ocrx_word' id='word_1_176' title='bbox 3069 1447 3350 1502; x_wconf 87' lang='lat' dir='ltr'><strong>adhiberet</strong></span> 
     </span>
    </p>
   </div>
   <div class='ocr_carea' id='block_1_29' title="bbox 1770 1537 3352 1612">
    <p class='ocr_par' dir='ltr' id='par_1_29' title="bbox 1770 1537 3352 1612">
     <span class='ocr_line' id='line_1_29' title="bbox 1770 1537 3352 1612; baseline -0.005 -14"><span class='ocrx_word' id='word_1_177' title='bbox 1770 1542 2022 1612; x_wconf 88' lang='lat' dir='ltr'><strong>sepulcro</strong></span> <span class='ocrx_word' id='word_1_178' title='bbox 2073 1558 2085 1592; x_wconf 93' lang='lat'>:</span> <span class='ocrx_word' id='word_1_179' title='bbox 2143 1540 2380 1610; x_wconf 88' lang='lat' dir='ltr'><strong>alioquin</strong></span> <span class='ocrx_word' id='word_1_180' title='bbox 2445 1539 2750 1592; x_wconf 71' lang='lat' dir='ltr'><strong>novissimus</strong></span> <span class='ocrx_word' id='word_1_181' title='bbox 2802 1554 2950 1591; x_wconf 86' lang='lat' dir='ltr'><strong>error</strong></span> <span class='ocrx_word' id='word_1_182' title='bbox 2996 1537 3141 1607; x_wconf 87' lang='lat' dir='ltr'><strong>pejor</strong></span> <span class='ocrx_word' id='word_1_183' title='bbox 3195 1537 3352 1591; x_wconf 86' lang='lat' dir='ltr'><strong>ﬁeret</strong></span> 
     </span>
    </p>
   </div>
   <div class='ocr_carea' id='block_1_30' title="bbox 1770 1629 3348 1704">
    <p class='ocr_par' dir='ltr' id='par_1_30' title="bbox 1770 1629 3348 1704">
     <span class='ocr_line' id='line_1_30' title="bbox 1770 1629 3348 1704; baseline -0.003 -18"><span class='ocrx_word' id='word_1_184' title='bbox 1770 1635 1965 1704; x_wconf 79' lang='lat' dir='ltr'><strong>priore.</strong></span> <span class='ocrx_word' id='word_1_185' title='bbox 1999 1631 2207 1699; x_wconf 86' lang='lat' dir='ltr'><strong>Quibus</strong></span> <span class='ocrx_word' id='word_1_186' title='bbox 2247 1631 2377 1686; x_wconf 89' lang='lat' dir='ltr'><strong>ille:</strong></span> <span class='ocrx_word' id='word_1_187' title='bbox 2405 1630 2596 1686; x_wconf 80' lang='lat' dir='ltr'><strong>Vester</strong></span> <span class='ocrx_word' id='word_1_188' title='bbox 2622 1630 2692 1684; x_wconf 90' lang='lat' dir='ltr'><strong>sit</strong></span> <span class='ocrx_word' id='word_1_189' title='bbox 2721 1645 2875 1683; x_wconf 90' lang='lat' dir='ltr'><strong>error</strong></span> <span class='ocrx_word' id='word_1_190' title='bbox 2904 1629 3054 1698; x_wconf 91' lang='lat' dir='ltr'><strong>prior</strong></span> <span class='ocrx_word' id='word_1_191' title='bbox 3087 1637 3144 1683; x_wconf 92' lang='lat' dir='ltr'><strong>et</strong></span> <span class='ocrx_word' id='word_1_192' title='bbox 3168 1637 3348 1698; x_wconf 87' lang='lat' dir='ltr'><strong>poste-</strong></span> 
     </span>
    </p>
   </div>
   <div class='ocr_carea' id='block_1_31' title="bbox 1775 1721 3353 1791">
    <p class='ocr_par' dir='ltr' id='par_1_31' title="bbox 1775 1721 3353 1791">
     <span class='ocr_line' id='line_1_31' title="bbox 1775 1721 3353 1791; baseline -0.003 -12"><span class='ocrx_word' id='word_1_193' title='bbox 1775 1725 1930 1791; x_wconf 91' lang='lat' dir='ltr'><strong>rior;</strong></span> <span class='ocrx_word' id='word_1_194' title='bbox 1980 1723 2210 1780; x_wconf 85' lang='lat' dir='ltr'><strong>sulliciat</strong></span> <span class='ocrx_word' id='word_1_195' title='bbox 2258 1722 2412 1778; x_wconf 85' lang='lat' dir='ltr'><strong>vobis</strong></span> <span class='ocrx_word' id='word_1_196' title='bbox 2455 1723 2596 1791; x_wconf 90' lang='lat' dir='ltr'><strong>quod</strong></span> <span class='ocrx_word' id='word_1_197' title='bbox 2653 1723 2705 1776; x_wconf 90' lang='lat' dir='ltr'><strong>in</strong></span> <span class='ocrx_word' id='word_1_198' title='bbox 2752 1721 2868 1788; x_wconf 84' lang='lat' dir='ltr'><strong>ejus</strong></span> <span class='ocrx_word' id='word_1_199' title='bbox 2921 1737 3054 1777; x_wconf 88' lang='lat' dir='ltr'><strong>nece</strong></span> <span class='ocrx_word' id='word_1_200' title='bbox 3100 1721 3353 1776; x_wconf 87' lang='lat' dir='ltr'><strong>consensi</strong></span> 
     </span>
    </p>
   </div>
   <div class='ocr_carea' id='block_1_32' title="bbox 100 1799 3349 1885">
    <p class='ocr_par' dir='ltr' id='par_1_32' title="bbox 100 1799 3349 1885">
     <span class='ocr_line' id='line_1_32' title="bbox 100 1799 3349 1885; baseline -0.003 -8"><span class='ocrx_word' id='word_1_201' title='bbox 100 1823 405 1878; x_wconf 79' lang='lat' dir='ltr'><strong>consistens</strong></span> <span class='ocrx_word' id='word_1_202' title='bbox 449 1821 630 1883; x_wconf 90' lang='lat' dir='ltr'><strong>homo,</strong></span> <span class='ocrx_word' id='word_1_203' title='bbox 673 1835 833 1873; x_wconf 89' lang='lat' dir='ltr'><strong>manu</strong></span> <span class='ocrx_word' id='word_1_204' title='bbox 860 1828 1099 1881; x_wconf 78' lang='lat' dir='ltr'><strong>extenta,</strong></span> <span class='ocrx_word' id='word_1_205' title='bbox 1121 1817 1212 1872; x_wconf 79' lang='lat' dir='ltr'><strong>vix</strong></span> <span class='ocrx_word' id='word_1_206' title='bbox 1259 1815 1472 1871; x_wconf 88' lang='lat' dir='ltr'><strong>culmen</strong></span> <span class='ocrx_word' id='word_1_207' title='bbox 1499 1815 1671 1885; x_wconf 88' lang='lat' dir='ltr'><strong>possit</strong></span> <span class='ocrx_word' id='word_1_208' title='bbox 1701 1799 1750 1860; x_wconf 80' lang='grc' dir='ltr'><strong>Β</strong></span> <span class='ocrx_word' id='word_1_209' title='bbox 1775 1817 1958 1881; x_wconf 88' lang='lat' dir='ltr'><strong>vobis;</strong></span> <span class='ocrx_word' id='word_1_210' title='bbox 1998 1831 2094 1871; x_wconf 93' lang='lat' dir='ltr'><strong>vos</strong></span> <span class='ocrx_word' id='word_1_211' title='bbox 2137 1815 2428 1869; x_wconf 83' lang='lat' dir='ltr'><strong>custodiam</strong></span> <span class='ocrx_word' id='word_1_212' title='bbox 2472 1813 2690 1878; x_wconf 78' lang='lat' dir='ltr'><strong>habetis,</strong></span> <span class='ocrx_word' id='word_1_213' title='bbox 2725 1815 2976 1870; x_wconf 89' lang='lat' dir='ltr'><strong>adhibete</strong></span> <span class='ocrx_word' id='word_1_214' title='bbox 3019 1815 3064 1869; x_wconf 90' lang='lat' dir='ltr'><strong>si</strong></span> <span class='ocrx_word' id='word_1_215' title='bbox 3103 1813 3267 1869; x_wconf 91' lang='lat' dir='ltr'><strong>vultis</strong></span> <span class='ocrx_word' id='word_1_216' title='bbox 3301 1812 3349 1866; x_wconf 73' lang='grc' dir='ltr'><strong>ί.</strong></span> 
     </span>
    </p>
   </div>
   <div class='ocr_carea' id='block_1_33' title="bbox 100 1908 1672 1988">
    <p class='ocr_par' dir='ltr' id='par_1_33' title="bbox 100 1908 1672 1988">
     <span class='ocr_line' id='line_1_33' title="bbox 100 1908 1672 1988; baseline -0.005 -16"><span class='ocrx_word' id='word_1_217' title='bbox 100 1918 365 1988; x_wconf 77' lang='lat' dir='ltr'><strong>attingere</strong></span> <span class='ocrx_word' id='word_1_218' title='bbox 393 1914 572 1986; x_wconf 82' lang='lat' dir='ltr'><strong>(Joan.</strong></span> <span class='ocrx_word' id='word_1_219' title='bbox 598 1929 710 1979; x_wconf 69' lang='grc' dir='ltr'>ιιι,</span> <span class='ocrx_word' id='word_1_220' title='bbox 730 1914 784 1978; x_wconf 79' lang='grc'><strong>1;</strong></span> <span class='ocrx_word' id='word_1_221' title='bbox 807 1911 997 1966; x_wconf 75' lang='lat' dir='ltr'><strong>Matth.</strong></span> <span class='ocrx_word' id='word_1_222' title='bbox 1027 1926 1199 1975; x_wconf 80' lang='lat' dir='ltr'><strong>xxvtt,</strong></span> <span class='ocrx_word' id='word_1_223' title='bbox 1222 1909 1332 1980; x_wconf 89' lang='lat'><strong>60).</strong></span> <span class='ocrx_word' id='word_1_224' title='bbox 1355 1908 1438 1964; x_wconf 83' lang='lat' dir='ltr'><strong>Ab</strong></span> <span class='ocrx_word' id='word_1_225' title='bbox 1463 1909 1672 1964; x_wconf 84' lang='lat' dir='ltr'><strong>oriente</strong></span> 
     </span>
    </p>
   </div>
   <div class='ocr_carea' id='block_1_34' title="bbox 99 2001 1673 2070">
    <p class='ocr_par' dir='ltr' id='par_1_34' title="bbox 99 2001 1673 2070">
     <span class='ocr_line' id='line_1_34' title="bbox 99 2001 1673 2070; baseline -0.006 -6"><span class='ocrx_word' id='word_1_226' title='bbox 99 2019 221 2064; x_wconf 89' lang='lat' dir='ltr'><strong>erat</strong></span> <span class='ocrx_word' id='word_1_227' title='bbox 265 2008 516 2063; x_wconf 88' lang='lat' dir='ltr'><strong>introitus</strong></span> <span class='ocrx_word' id='word_1_228' title='bbox 551 2015 606 2061; x_wconf 90' lang='lat' dir='ltr'><strong>et</strong></span> <span class='ocrx_word' id='word_1_229' title='bbox 642 2006 839 2062; x_wconf 82' lang='lat' dir='ltr'><strong>ostium</strong></span> <span class='ocrx_word' id='word_1_230' title='bbox 891 2003 1256 2068; x_wconf 90' lang='lat' dir='ltr'><strong>monumenti;</strong></span> <span class='ocrx_word' id='word_1_231' title='bbox 1309 2003 1378 2057; x_wconf 90' lang='lat' dir='ltr'><strong>ab</strong></span> <span class='ocrx_word' id='word_1_232' title='bbox 1424 2001 1673 2070; x_wconf 88' lang='lat' dir='ltr'><strong>aquilone</strong></span> 
     </span>
    </p>
   </div>
   <div class='ocr_carea' id='block_1_35' title="bbox 100 2093 1675 2167">
    <p class='ocr_par' dir='ltr' id='par_1_35' title="bbox 100 2093 1675 2167">
     <span class='ocr_line' id='line_1_35' title="bbox 100 2093 1675 2167; baseline -0.004 -13"><span class='ocrx_word' id='word_1_233' title='bbox 100 2099 456 2162; x_wconf 89' lang='lat' dir='ltr'><strong>mausoleum,</strong></span> <span class='ocrx_word' id='word_1_234' title='bbox 502 2111 664 2167; x_wconf 90' lang='lat' dir='ltr'><strong>super</strong></span> <span class='ocrx_word' id='word_1_235' title='bbox 711 2095 1076 2166; x_wconf 87' lang='lat' dir='ltr'><strong>pavimentum</strong></span> <span class='ocrx_word' id='word_1_236' title='bbox 1126 2094 1483 2158; x_wconf 89' lang='lat' dir='ltr'><strong>monumenti,</strong></span> <span class='ocrx_word' id='word_1_237' title='bbox 1530 2093 1675 2148; x_wconf 81' lang='lat' dir='ltr'><strong>exci-</strong></span> 
     </span>
    </p>
   </div>
   <div class='ocr_carea' id='block_1_36' title="bbox 100 2185 1671 2258">
    <p class='ocr_par' dir='ltr' id='par_1_36' title="bbox 100 2185 1671 2258">
     <span class='ocr_line' id='line_1_36' title="bbox 100 2185 1671 2258; baseline -0.002 -16"><span class='ocrx_word' id='word_1_238' title='bbox 100 2205 220 2242; x_wconf 89' lang='lat' dir='ltr'><strong>sum</strong></span> <span class='ocrx_word' id='word_1_239' title='bbox 250 2190 314 2243; x_wconf 89' lang='lat' dir='ltr'><strong>de</strong></span> <span class='ocrx_word' id='word_1_240' title='bbox 341 2189 457 2258; x_wconf 91' lang='lat' dir='ltr'><strong>ipso</strong></span> <span class='ocrx_word' id='word_1_241' title='bbox 483 2187 808 2256; x_wconf 85' lang='lat' dir='ltr'><strong>pavimento,</strong></span> <span class='ocrx_word' id='word_1_242' title='bbox 837 2185 1191 2257; x_wconf 77' lang='lat' dir='ltr'><strong>longitudinis</strong></span> <span class='ocrx_word' id='word_1_243' title='bbox 1220 2194 1426 2254; x_wconf 67' lang='lat' dir='ltr'><strong>septem</strong></span> <span class='ocrx_word' id='word_1_244' title='bbox 1455 2185 1671 2254; x_wconf 90' lang='lat' dir='ltr'><strong>pedum,</strong></span> 
     </span>
    </p>
   </div>
   <div class='ocr_carea' id='block_1_37' title="bbox 101 2275 1674 2348">
    <p class='ocr_par' dir='ltr' id='par_1_37' title="bbox 101 2275 1674 2348">
     <span class='ocr_line' id='line_1_37' title="bbox 101 2275 1674 2348; baseline -0.002 -15"><span class='ocrx_word' id='word_1_245' title='bbox 101 2296 208 2333; x_wconf 88' lang='lat' dir='ltr'><strong>non</strong></span> <span class='ocrx_word' id='word_1_246' title='bbox 238 2278 483 2348; x_wconf 86' lang='lat' dir='ltr'><strong>superius</strong></span> <span class='ocrx_word' id='word_1_247' title='bbox 503 2277 764 2348; x_wconf 89' lang='lat' dir='ltr'><strong>patulum,</strong></span> <span class='ocrx_word' id='word_1_248' title='bbox 790 2276 884 2332; x_wconf 91' lang='lat' dir='ltr'><strong>sed</strong></span> <span class='ocrx_word' id='word_1_249' title='bbox 916 2275 1178 2339; x_wconf 90' lang='lat' dir='ltr'><strong>solidum;</strong></span> <span class='ocrx_word' id='word_1_250' title='bbox 1202 2276 1273 2330; x_wconf 90' lang='lat' dir='ltr'><strong>ab</strong></span> <span class='ocrx_word' id='word_1_251' title='bbox 1300 2275 1520 2330; x_wconf 91' lang='lat' dir='ltr'><strong>australi</strong></span> <span class='ocrx_word' id='word_1_252' title='bbox 1543 2290 1674 2332; x_wconf 88' lang='lat' dir='ltr'><strong>vero</strong></span> 
     </span>
    </p>
   </div>
   <div class='ocr_carea' id='block_1_38' title="bbox 100 2369 1677 2444">
    <p class='ocr_par' dir='ltr' id='par_1_38' title="bbox 100 2369 1677 2444">
     <span class='ocr_line' id='line_1_38' title="bbox 100 2369 1677 2444; baseline -0.001 -18"><span class='ocrx_word' id='word_1_253' title='bbox 100 2382 255 2444; x_wconf 86' lang='lat' dir='ltr'><strong>parte</strong></span> <span class='ocrx_word' id='word_1_254' title='bbox 281 2372 422 2427; x_wconf 90' lang='lat' dir='ltr'><strong>latus</strong></span> <span class='ocrx_word' id='word_1_255' title='bbox 451 2379 693 2440; x_wconf 88' lang='lat' dir='ltr'><strong>apertum</strong></span> <span class='ocrx_word' id='word_1_256' title='bbox 715 2386 814 2441; x_wconf 89' lang='lat' dir='ltr'><strong>per</strong></span> <span class='ocrx_word' id='word_1_257' title='bbox 841 2379 1011 2425; x_wconf 89' lang='lat' dir='ltr'><strong>totum</strong></span> <span class='ocrx_word' id='word_1_258' title='bbox 1042 2381 1090 2423; x_wconf 79' lang='grc' dir='ltr'><strong>ο.</strong></span> <span class='ocrx_word' id='word_1_259' title='bbox 1140 2369 1427 2424; x_wconf 87' lang='lat' dir='ltr'><strong>Conditum</strong></span> <span class='ocrx_word' id='word_1_260' title='bbox 1464 2383 1677 2439; x_wconf 92' lang='lat' dir='ltr'><strong>quoque</strong></span> 
     </span>
    </p>
   </div>
   <div class='ocr_carea' id='block_1_39' title="bbox 102 2457 1677 2531">
    <p class='ocr_par' dir='ltr' id='par_1_39' title="bbox 102 2457 1677 2531">
     <span class='ocr_line' id='line_1_39' title="bbox 102 2457 1677 2531; baseline -0.003 -14"><span class='ocrx_word' id='word_1_261' title='bbox 102 2478 303 2531; x_wconf 90' lang='lat' dir='ltr'><strong>corpus</strong></span> <span class='ocrx_word' id='word_1_262' title='bbox 363 2460 661 2515; x_wconf 87' lang='lat' dir='ltr'><strong>Salvatoris</strong></span> <span class='ocrx_word' id='word_1_263' title='bbox 737 2467 792 2515; x_wconf 87' lang='lat' dir='ltr'><strong>et</strong></span> <span class='ocrx_word' id='word_1_264' title='bbox 841 2458 1178 2524; x_wconf 89' lang='lat' dir='ltr'><strong>involutum,</strong></span> <span class='ocrx_word' id='word_1_265' title='bbox 1250 2457 1556 2512; x_wconf 86' lang='lat' dir='ltr'><strong>intulerunt</strong></span> <span class='ocrx_word' id='word_1_266' title='bbox 1606 2459 1677 2513; x_wconf 91' lang='lat' dir='ltr'><strong>ab</strong></span> 
     </span>
    </p>
   </div>
   <div class='ocr_carea' id='block_1_40' title="bbox 100 2549 1677 2619">
    <p class='ocr_par' dir='ltr' id='par_1_40' title="bbox 100 2549 1677 2619">
     <span class='ocr_line' id='line_1_40' title="bbox 100 2549 1677 2619; baseline -0.001 -13"><span class='ocrx_word' id='word_1_267' title='bbox 100 2553 320 2606; x_wconf 83' lang='lat' dir='ltr'><strong>oriente</strong></span> <span class='ocrx_word' id='word_1_268' title='bbox 363 2551 417 2605; x_wconf 92' lang='lat' dir='ltr'><strong>in</strong></span> <span class='ocrx_word' id='word_1_269' title='bbox 449 2557 876 2614; x_wconf 82' lang='lat' dir='ltr'><strong>monumentum,</strong></span> <span class='ocrx_word' id='word_1_270' title='bbox 907 2551 975 2605; x_wconf 88' lang='lat' dir='ltr'><strong>ab</strong></span> <span class='ocrx_word' id='word_1_271' title='bbox 1015 2549 1239 2604; x_wconf 89' lang='lat' dir='ltr'><strong>australi</strong></span> <span class='ocrx_word' id='word_1_272' title='bbox 1280 2563 1408 2604; x_wconf 89' lang='lat' dir='ltr'><strong>vero</strong></span> <span class='ocrx_word' id='word_1_273' title='bbox 1441 2559 1594 2619; x_wconf 87' lang='lat' dir='ltr'><strong>parte</strong></span> <span class='ocrx_word' id='word_1_274' title='bbox 1621 2549 1677 2604; x_wconf 93' lang='lat' dir='ltr'><strong>in</strong></span> 
     </span>
    </p>
   </div>
   <div class='ocr_carea' id='block_1_41' title="bbox 103 2638 1678 2712">
    <p class='ocr_par' dir='ltr' id='par_1_41' title="bbox 103 2638 1678 2712">
     <span class='ocr_line' id='line_1_41' title="bbox 103 2638 1678 2712; baseline -0.003 -15"><span class='ocrx_word' id='word_1_275' title='bbox 103 2643 471 2706; x_wconf 88' lang='lat' dir='ltr'><strong>mausoleum;</strong></span> <span class='ocrx_word' id='word_1_276' title='bbox 506 2642 595 2696; x_wconf 91' lang='lat' dir='ltr'><strong>ubi</strong></span> <span class='ocrx_word' id='word_1_277' title='bbox 627 2642 877 2712; x_wconf 92' lang='lat' dir='ltr'><strong>supinum</strong></span> <span class='ocrx_word' id='word_1_278' title='bbox 909 2640 1162 2696; x_wconf 87' lang='lat' dir='ltr'><strong>collatum</strong></span> <span class='ocrx_word' id='word_1_279' title='bbox 1209 2638 1418 2711; x_wconf 85' lang='lat' dir='ltr'><strong>[Forte,</strong></span> <span class='ocrx_word' id='word_1_280' title='bbox 1448 2639 1678 2695; x_wconf 90' lang='lat' dir='ltr'><strong>colloca-</strong></span> 
     </span>
    </p>
   </div>
   <div class='ocr_carea' id='block_1_42' title="bbox 106 2729 1678 2803">
    <p class='ocr_par' dir='ltr' id='par_1_42' title="bbox 106 2729 1678 2803">
     <span class='ocr_line' id='line_1_42' title="bbox 106 2729 1678 2803; baseline -0.002 -17"><span class='ocrx_word' id='word_1_281' title='bbox 106 2731 246 2803; x_wconf 89' lang='lat' dir='ltr'><strong>tum]</strong></span> <span class='ocrx_word' id='word_1_282' title='bbox 280 2739 444 2800; x_wconf 88' lang='lat' dir='ltr'><strong>caput</strong></span> <span class='ocrx_word' id='word_1_283' title='bbox 480 2731 547 2785; x_wconf 91' lang='lat' dir='ltr'><strong>ad</strong></span> <span class='ocrx_word' id='word_1_284' title='bbox 583 2745 833 2786; x_wconf 88' lang='lat' dir='ltr'><strong>occasum</strong></span> <span class='ocrx_word' id='word_1_285' title='bbox 873 2731 1080 2794; x_wconf 88' lang='lat' dir='ltr'><strong>habuit,</strong></span> <span class='ocrx_word' id='word_1_286' title='bbox 1120 2730 1398 2784; x_wconf 90' lang='lat' dir='ltr'><strong>sinistrum</strong></span> <span class='ocrx_word' id='word_1_287' title='bbox 1441 2729 1583 2784; x_wconf 90' lang='lat' dir='ltr'><strong>latus</strong></span> <span class='ocrx_word' id='word_1_288' title='bbox 1611 2729 1678 2783; x_wconf 91' lang='lat' dir='ltr'><strong>ad</strong></span> 
     </span>
    </p>
   </div>
   <div class='ocr_carea' id='block_1_43' title="bbox 108 2817 1675 2892">
    <p class='ocr_par' dir='ltr' id='par_1_43' title="bbox 108 2817 1675 2892">
     <span class='ocr_line' id='line_1_43' title="bbox 108 2817 1675 2892; baseline -0.003 -15"><span class='ocrx_word' id='word_1_289' title='bbox 108 2823 380 2892; x_wconf 87' lang='lat' dir='ltr'><strong>aquilonis</strong></span> <span class='ocrx_word' id='word_1_290' title='bbox 417 2821 668 2884; x_wconf 88' lang='lat' dir='ltr'><strong>solidum,</strong></span> <span class='ocrx_word' id='word_1_291' title='bbox 695 2822 974 2876; x_wconf 79' lang='lat' dir='ltr'><strong>dexterum</strong></span> <span class='ocrx_word' id='word_1_292' title='bbox 1003 2821 1070 2876; x_wconf 89' lang='lat' dir='ltr'><strong>ad</strong></span> <span class='ocrx_word' id='word_1_293' title='bbox 1095 2819 1338 2875; x_wconf 88' lang='lat' dir='ltr'><strong>meridiei</strong></span> <span class='ocrx_word' id='word_1_294' title='bbox 1363 2819 1604 2888; x_wconf 83' lang='lat' dir='ltr'><strong>patulum</strong></span> <span class='ocrx_word' id='word_1_295' title='bbox 1624 2817 1675 2873; x_wconf 76' lang='grc' dir='ltr'><strong>δ.</strong></span> 
     </span>
    </p>
   </div>
   <div class='ocr_carea' id='block_1_44' title="bbox 106 2910 1680 2984">
    <p class='ocr_par' dir='ltr' id='par_1_44' title="bbox 106 2910 1680 2984">
     <span class='ocr_line' id='line_1_44' title="bbox 106 2910 1680 2984; baseline -0.001 -18"><span class='ocrx_word' id='word_1_296' title='bbox 106 2915 317 2982; x_wconf 86' lang='lat' dir='ltr'><strong>Quibus</strong></span> <span class='ocrx_word' id='word_1_297' title='bbox 363 2913 550 2984; x_wconf 85' lang='lat' dir='ltr'><strong>gestis,</strong></span> <span class='ocrx_word' id='word_1_298' title='bbox 591 2913 690 2968; x_wconf 89' lang='lat' dir='ltr'><strong>sub</strong></span> <span class='ocrx_word' id='word_1_299' title='bbox 733 2914 880 2966; x_wconf 87' lang='lat' dir='ltr'><strong>omni</strong></span> <span class='ocrx_word' id='word_1_300' title='bbox 929 2911 1228 2976; x_wconf 88' lang='lat' dir='ltr'><strong>celeritate,</strong></span> <span class='ocrx_word' id='word_1_301' title='bbox 1271 2923 1339 2965; x_wconf 91' lang='lat' dir='ltr'><strong>ne</strong></span> <span class='ocrx_word' id='word_1_302' title='bbox 1378 2910 1554 2979; x_wconf 89' lang='lat' dir='ltr'><strong>prima</strong></span> <span class='ocrx_word' id='word_1_303' title='bbox 1585 2924 1680 2965; x_wconf 87' lang='lat' dir='ltr'><strong>eos</strong></span> 
     </span>
    </p>
   </div>
   <div class='ocr_carea' id='block_1_45' title="bbox 107 3001 1680 3073">
    <p class='ocr_par' dir='ltr' id='par_1_45' title="bbox 107 3001 1680 3073">
     <span class='ocr_line' id='line_1_45' title="bbox 107 3001 1680 3073; baseline -0.005 -13"><span class='ocrx_word' id='word_1_304' title='bbox 107 3005 336 3060; x_wconf 74' lang='lat' dir='ltr'><strong>sabbati</strong></span> <span class='ocrx_word' id='word_1_305' title='bbox 351 3019 573 3073; x_wconf 89' lang='lat' dir='ltr'><strong>vespera</strong></span> <span class='ocrx_word' id='word_1_306' title='bbox 607 3011 920 3072; x_wconf 83' lang='lat' dir='ltr'><strong>occuparet,</strong></span> <span class='ocrx_word' id='word_1_307' title='bbox 949 3002 1199 3056; x_wconf 77' lang='lat' dir='ltr'><strong>exierunt</strong></span> <span class='ocrx_word' id='word_1_308' title='bbox 1239 3001 1304 3056; x_wconf 90' lang='lat' dir='ltr'><strong>de</strong></span> <span class='ocrx_word' id='word_1_309' title='bbox 1334 3007 1680 3056; x_wconf 91' lang='lat' dir='ltr'><strong>monumento</strong></span> 
     </span>
    </p>
   </div>
   <div class='ocr_carea' id='block_1_46' title="bbox 107 3090 1676 3164">
    <p class='ocr_par' dir='ltr' id='par_1_46' title="bbox 107 3090 1676 3164">
     <span class='ocr_line' id='line_1_46' title="bbox 107 3090 1676 3164; baseline -0.003 -13"><span class='ocrx_word' id='word_1_310' title='bbox 107 3113 232 3151; x_wconf 89' lang='lat' dir='ltr'><strong>cum</strong></span> <span class='ocrx_word' id='word_1_311' title='bbox 274 3095 458 3150; x_wconf 89' lang='lat' dir='ltr'><strong>multis</strong></span> <span class='ocrx_word' id='word_1_312' title='bbox 489 3094 761 3164; x_wconf 84' lang='lat' dir='ltr'><strong>lacrymis,</strong></span> <span class='ocrx_word' id='word_1_313' title='bbox 802 3104 859 3148; x_wconf 92' lang='lat' dir='ltr'><strong>et</strong></span> <span class='ocrx_word' id='word_1_314' title='bbox 897 3107 1091 3163; x_wconf 88' lang='lat' dir='ltr'><strong>magno</strong></span> <span class='ocrx_word' id='word_1_315' title='bbox 1138 3091 1316 3146; x_wconf 88' lang='lat' dir='ltr'><strong>cordis</strong></span> <span class='ocrx_word' id='word_1_316' title='bbox 1361 3090 1566 3145; x_wconf 87' lang='lat' dir='ltr'><strong>dolore.</strong></span> <span class='ocrx_word' id='word_1_317' title='bbox 1612 3090 1676 3146; x_wconf 86' lang='lat' dir='ltr'><strong>Et</strong></span> 
     </span>
    </p>
   </div>
   <div class='ocr_carea' id='block_1_47' title="bbox 1772 1905 3352 1978">
    <p class='ocr_par' dir='ltr' id='par_1_47' title="bbox 1772 1905 3352 1978">
     <span class='ocr_line' id='line_1_47' title="bbox 1772 1905 3352 1978; baseline -0.003 -16"><span class='ocrx_word' id='word_1_318' title='bbox 1772 1907 1942 1963; x_wconf 78' lang='lat' dir='ltr'><strong>Judzei</strong></span> <span class='ocrx_word' id='word_1_319' title='bbox 1997 1908 2161 1978; x_wconf 85' lang='lat' dir='ltr'><strong>igitur</strong></span> <span class='ocrx_word' id='word_1_320' title='bbox 2213 1907 2490 1968; x_wconf 87' lang='lat' dir='ltr'><strong>abeuntes,</strong></span> <span class='ocrx_word' id='word_1_321' title='bbox 2560 1905 2856 1960; x_wconf 86' lang='lat' dir='ltr'><strong>munierunt</strong></span> <span class='ocrx_word' id='word_1_322' title='bbox 2899 1905 3226 1976; x_wconf 85' lang='lat' dir='ltr'><strong>sepulcrum,</strong></span> <span class='ocrx_word' id='word_1_323' title='bbox 3276 1905 3352 1959; x_wconf 86' lang='lat' dir='ltr'><strong>si-</strong></span> 
     </span>
    </p>
   </div>
   <div class='ocr_carea' id='block_1_48' title="bbox 1773 1997 3354 2071">
    <p class='ocr_par' dir='ltr' id='par_1_48' title="bbox 1773 1997 3354 2071">
     <span class='ocr_line' id='line_1_48' title="bbox 1773 1997 3354 2071; baseline -0.001 -17"><span class='ocrx_word' id='word_1_324' title='bbox 1773 2009 1989 2071; x_wconf 86' lang='lat' dir='ltr'><strong>gnantes</strong></span> <span class='ocrx_word' id='word_1_325' title='bbox 2023 1999 2272 2071; x_wconf 88' lang='lat' dir='ltr'><strong>lapidem,</strong></span> <span class='ocrx_word' id='word_1_326' title='bbox 2315 2014 2433 2052; x_wconf 89' lang='lat' dir='ltr'><strong>cum</strong></span> <span class='ocrx_word' id='word_1_327' title='bbox 2471 1997 2770 2053; x_wconf 83' lang='lat' dir='ltr'><strong>custodibus</strong></span> <span class='ocrx_word' id='word_1_328' title='bbox 2813 1998 3028 2070; x_wconf 78' lang='lat' dir='ltr'><strong>(Matth.</strong></span> <span class='ocrx_word' id='word_1_329' title='bbox 3062 2015 3236 2064; x_wconf 81' lang='lat' dir='ltr'><strong>xxvtt,</strong></span> <span class='ocrx_word' id='word_1_330' title='bbox 3260 1998 3354 2064; x_wconf 77' lang='grc'><strong>64,</strong></span> 
     </span>
    </p>
   </div>
   <div class='ocr_carea' id='block_1_49' title="bbox 1775 2089 2000 2161">
    <p class='ocr_par' dir='ltr' id='par_1_49' title="bbox 1775 2089 2000 2161">
     <span class='ocr_line' id='line_1_49' title="bbox 1775 2089 2000 2161; baseline 0 -18"><span class='ocrx_word' id='word_1_331' title='bbox 1775 2089 1864 2155; x_wconf 84' lang='grc'><strong>65,</strong></span> <span class='ocrx_word' id='word_1_332' title='bbox 1887 2089 2000 2161; x_wconf 90' lang='grc'>66).</span> 
     </span>
    </p>
   </div>
   <div class='ocr_carea' id='block_1_50' title="bbox 1775 2200 3358 2275">
    <p class='ocr_par' dir='ltr' id='par_1_50' title="bbox 1775 2200 3358 2275">
     <span class='ocr_line' id='line_1_50' title="bbox 1775 2200 3358 2275; baseline 0 -18"><span class='ocrx_word' id='word_1_333' title='bbox 1775 2200 1906 2275; x_wconf 63' lang='lat' dir='ltr'><strong>Car.</strong></span> <span class='ocrx_word' id='word_1_334' title='bbox 1946 2200 2134 2275; x_wconf 52' lang='lat' dir='ltr'>XXIII.</span> <span class='ocrx_word' id='word_1_335' title='bbox 2156 2232 2227 2242; x_wconf 95' lang='lat'><strong><em>—</em></strong></span> <span class='ocrx_word' id='word_1_336' title='bbox 2249 2200 2476 2275; x_wconf 86' lang='lat' dir='ltr'><strong>Quando</strong></span> <span class='ocrx_word' id='word_1_337' title='bbox 2510 2202 2910 2275; x_wconf 77' lang='lat' dir='ltr'><strong>sabbatizaverit</strong></span> <span class='ocrx_word' id='word_1_338' title='bbox 2938 2202 3194 2266; x_wconf 81' lang='lat' dir='ltr'><strong>Christus,</strong></span> <span class='ocrx_word' id='word_1_339' title='bbox 3225 2220 3358 2275; x_wconf 82' lang='lat' dir='ltr'><strong>qua-</strong></span> 
     </span>
    </p>
   </div>
   <div class='ocr_carea' id='block_1_51' title="bbox 1847 2270 3354 2343">
    <p class='ocr_par' dir='ltr' id='par_1_51' title="bbox 1847 2270 3354 2343">
     <span class='ocr_line' id='line_1_51' title="bbox 1847 2270 3354 2343; baseline 0.003 -19"><span class='ocrx_word' id='word_1_340' title='bbox 1847 2272 1966 2343; x_wconf 83' lang='lat' dir='ltr'><strong>liter</strong></span> <span class='ocrx_word' id='word_1_341' title='bbox 1989 2270 2188 2334; x_wconf 82' lang='lat' dir='ltr'><strong>Maria,</strong></span> <span class='ocrx_word' id='word_1_342' title='bbox 2223 2281 2270 2325; x_wconf 89' lang='lat' dir='ltr'><strong>et</strong></span> <span class='ocrx_word' id='word_1_343' title='bbox 2299 2274 2362 2325; x_wconf 88' lang='lat' dir='ltr'><strong>de</strong></span> <span class='ocrx_word' id='word_1_344' title='bbox 2390 2274 2774 2343; x_wconf 74' lang='lat' dir='ltr'><strong>prceparatione</strong></span> <span class='ocrx_word' id='word_1_345' title='bbox 2805 2283 3123 2339; x_wconf 89' lang='lat' dir='ltr'><strong>aromatum,</strong></span> <span class='ocrx_word' id='word_1_346' title='bbox 3145 2283 3196 2328; x_wconf 86' lang='lat' dir='ltr'><strong>et</strong></span> <span class='ocrx_word' id='word_1_347' title='bbox 3223 2270 3354 2328; x_wconf 76' lang='lat' dir='ltr'><strong>nar-</strong></span> 
     </span>
    </p>
   </div>
   <div class='ocr_carea' id='block_1_52' title="bbox 1845 2341 2390 2411">
    <p class='ocr_par' dir='ltr' id='par_1_52' title="bbox 1845 2341 2390 2411">
     <span class='ocr_line' id='line_1_52' title="bbox 1845 2341 2390 2411; baseline 0.004 -17"><span class='ocrx_word' id='word_1_348' title='bbox 1845 2341 2052 2395; x_wconf 86' lang='lat' dir='ltr'><strong>ratione</strong></span> <span class='ocrx_word' id='word_1_349' title='bbox 2080 2350 2390 2411; x_wconf 87' lang='lat' dir='ltr'><strong>temporum.</strong></span> 
     </span>
    </p>
   </div>
   <div class='ocr_carea' id='block_1_53' title="bbox 1847 2454 3356 2530">
    <p class='ocr_par' dir='ltr' id='par_1_53' title="bbox 1847 2454 3356 2530">
     <span class='ocr_line' id='line_1_53' title="bbox 1847 2454 3356 2530; baseline 0.003 -22"><span class='ocrx_word' id='word_1_350' title='bbox 1847 2454 1981 2509; x_wconf 85' lang='lat' dir='ltr'><strong>Erat</strong></span> <span class='ocrx_word' id='word_1_351' title='bbox 2003 2465 2178 2526; x_wconf 85' lang='lat' dir='ltr'><strong>autem</strong></span> <span class='ocrx_word' id='word_1_352' title='bbox 2201 2472 2420 2526; x_wconf 89' lang='lat' dir='ltr'><strong>magnus</strong></span> <span class='ocrx_word' id='word_1_353' title='bbox 2443 2458 2553 2512; x_wconf 91' lang='lat' dir='ltr'><strong>dies</strong></span> <span class='ocrx_word' id='word_1_354' title='bbox 2575 2457 2663 2512; x_wconf 88' lang='lat' dir='ltr'><strong>ille</strong></span> <span class='ocrx_word' id='word_1_355' title='bbox 2687 2459 2892 2513; x_wconf 81' lang='lat' dir='ltr'><strong>sabbati</strong></span> <span class='ocrx_word' id='word_1_356' title='bbox 2913 2458 3094 2528; x_wconf 80' lang='lat' dir='ltr'><strong>(Joan.</strong></span> <span class='ocrx_word' id='word_1_357' title='bbox 3126 2475 3236 2522; x_wconf 65' lang='grc' dir='ltr'>χιχ,</span> <span class='ocrx_word' id='word_1_358' title='bbox 3264 2459 3356 2530; x_wconf 85' lang='lat'><strong>5|)</strong></span> 
     </span>
    </p>
   </div>
   <div class='ocr_carea' id='block_1_54' title="bbox 1777 2548 3360 2620">
    <p class='ocr_par' dir='ltr' id='par_1_54' title="bbox 1777 2548 3360 2620">
     <span class='ocr_line' id='line_1_54' title="bbox 1777 2548 3360 2620; baseline 0.001 -20"><span class='ocrx_word' id='word_1_359' title='bbox 1777 2562 1905 2616; x_wconf 91' lang='lat' dir='ltr'><strong>quo,</strong></span> <span class='ocrx_word' id='word_1_360' title='bbox 1932 2555 2056 2616; x_wconf 92' lang='lat' dir='ltr'><strong>post</strong></span> <span class='ocrx_word' id='word_1_361' title='bbox 2081 2554 2182 2611; x_wconf 92' lang='lat' dir='ltr'><strong>tot,</strong></span> <span class='ocrx_word' id='word_1_362' title='bbox 2207 2555 2262 2602; x_wconf 92' lang='lat' dir='ltr'><strong>et</strong></span> <span class='ocrx_word' id='word_1_363' title='bbox 2287 2555 2436 2602; x_wconf 86' lang='lat' dir='ltr'><strong>tanta</strong></span> <span class='ocrx_word' id='word_1_364' title='bbox 2466 2557 2752 2614; x_wconf 86' lang='lat' dir='ltr'><strong>tormenta,</strong></span> <span class='ocrx_word' id='word_1_365' title='bbox 2784 2566 2907 2603; x_wconf 85' lang='lat' dir='ltr'><strong>caro</strong></span> <span class='ocrx_word' id='word_1_366' title='bbox 2929 2548 3131 2604; x_wconf 88' lang='lat' dir='ltr'><strong>Christi</strong></span> <span class='ocrx_word' id='word_1_367' title='bbox 3160 2549 3360 2620; x_wconf 83' lang='lat' dir='ltr'><strong>requie-</strong></span> 
     </span>
    </p>
   </div>
   <div class='ocr_carea' id='block_1_55' title="bbox 1778 2639 3360 2710">
    <p class='ocr_par' dir='ltr' id='par_1_55' title="bbox 1778 2639 3360 2710">
     <span class='ocr_line' id='line_1_55' title="bbox 1778 2639 3360 2710; baseline 0.001 -17"><span class='ocrx_word' id='word_1_368' title='bbox 1778 2639 1877 2701; x_wconf 79' lang='lat' dir='ltr'><strong>vit,</strong></span> <span class='ocrx_word' id='word_1_369' title='bbox 1919 2639 1976 2692; x_wconf 90' lang='lat' dir='ltr'><strong>in</strong></span> <span class='ocrx_word' id='word_1_370' title='bbox 2016 2655 2104 2708; x_wconf 87' lang='lat' dir='ltr'><strong>spe</strong></span> <span class='ocrx_word' id='word_1_371' title='bbox 2157 2640 2574 2695; x_wconf 87' lang='lat' dir='ltr'><strong>resurrectionis</strong></span> <span class='ocrx_word' id='word_1_372' title='bbox 2621 2640 2804 2710; x_wconf 86' lang='lat' dir='ltr'><strong>(Psal.</strong></span> <span class='ocrx_word' id='word_1_373' title='bbox 2849 2657 2938 2705; x_wconf 83' lang='lat' dir='ltr'><strong>xv,</strong></span> <span class='ocrx_word' id='word_1_374' title='bbox 2986 2640 3106 2710; x_wconf 74' lang='lat'><strong>10),</strong></span> <span class='ocrx_word' id='word_1_375' title='bbox 3156 2641 3360 2710; x_wconf 83' lang='lat' dir='ltr'><strong>absque</strong></span> 
     </span>
    </p>
   </div>
   <div class='ocr_carea' id='block_1_56' title="bbox 1777 2727 3358 2802">
    <p class='ocr_par' dir='ltr' id='par_1_56' title="bbox 1777 2727 3358 2802">
     <span class='ocr_line' id='line_1_56' title="bbox 1777 2727 3358 2802; baseline 0.001 -19"><span class='ocrx_word' id='word_1_376' title='bbox 1777 2727 1900 2784; x_wconf 91' lang='lat' dir='ltr'><strong>labe</strong></span> <span class='ocrx_word' id='word_1_377' title='bbox 1929 2729 2106 2784; x_wconf 89' lang='lat' dir='ltr'><strong>omnis</strong></span> <span class='ocrx_word' id='word_1_378' title='bbox 2132 2730 2494 2800; x_wconf 89' lang='lat' dir='ltr'><strong>corruptionis</strong></span> <span class='ocrx_word' id='word_1_379' title='bbox 2521 2733 2567 2785; x_wconf 77' lang='grc'><strong>⁸.</strong></span> <span class='ocrx_word' id='word_1_380' title='bbox 2603 2730 2974 2786; x_wconf 86' lang='lat' dir='ltr'><strong>Sabbatizavit</strong></span> <span class='ocrx_word' id='word_1_381' title='bbox 3003 2731 3168 2802; x_wconf 86' lang='lat' dir='ltr'><strong>igitur</strong></span> <span class='ocrx_word' id='word_1_382' title='bbox 3193 2731 3358 2787; x_wconf 85' lang='lat' dir='ltr'><strong>Maria</strong></span> 
     </span>
    </p>
   </div>
   <div class='ocr_carea' id='block_1_57' title="bbox 1780 2820 3358 2893">
    <p class='ocr_par' dir='ltr' id='par_1_57' title="bbox 1780 2820 3358 2893">
     <span class='ocr_line' id='line_1_57' title="bbox 1780 2820 3358 2893; baseline -0.001 -17"><span class='ocrx_word' id='word_1_383' title='bbox 1780 2821 2111 2893; x_wconf 87' lang='lat' dir='ltr'><strong>Magdalena,</strong></span> <span class='ocrx_word' id='word_1_384' title='bbox 2137 2837 2204 2876; x_wconf 78' lang='lat' dir='ltr'><strong>ex</strong></span> <span class='ocrx_word' id='word_1_385' title='bbox 2231 2837 2402 2886; x_wconf 88' lang='lat' dir='ltr'><strong>more,</strong></span> <span class='ocrx_word' id='word_1_386' title='bbox 2434 2823 2670 2887; x_wconf 89' lang='lat' dir='ltr'><strong>sabbato,</strong></span> <span class='ocrx_word' id='word_1_387' title='bbox 2701 2821 2949 2892; x_wconf 84' lang='lat' dir='ltr'><strong>siluitque</strong></span> <span class='ocrx_word' id='word_1_388' title='bbox 2993 2822 3110 2876; x_wconf 90' lang='lat' dir='ltr'><strong>sine</strong></span> <span class='ocrx_word' id='word_1_389' title='bbox 3140 2820 3358 2875; x_wconf 87' lang='lat' dir='ltr'><strong>silentio</strong></span> 
     </span>
    </p>
   </div>
   <div class='ocr_carea' id='block_1_58' title="bbox 1782 2912 3362 2984">
    <p class='ocr_par' dir='ltr' id='par_1_58' title="bbox 1782 2912 3362 2984">
     <span class='ocr_line' id='line_1_58' title="bbox 1782 2912 3362 2984; baseline -0.003 -18"><span class='ocrx_word' id='word_1_390' title='bbox 1782 2912 1935 2984; x_wconf 81' lang='lat' dir='ltr'><strong>(Luc.</strong></span> <span class='ocrx_word' id='word_1_391' title='bbox 1965 2929 2116 2975; x_wconf 63' lang='grc' dir='ltr'>χχιιι,</span> <span class='ocrx_word' id='word_1_392' title='bbox 2152 2912 2242 2984; x_wconf 86' lang='grc'><strong>56)</strong></span> <span class='ocrx_word' id='word_1_393' title='bbox 2287 2931 2300 2965; x_wconf 93' lang='lat'><strong>:</strong></span> <span class='ocrx_word' id='word_1_394' title='bbox 2345 2913 2610 2984; x_wconf 80' lang='lat' dir='ltr'><strong>singultus</strong></span> <span class='ocrx_word' id='word_1_395' title='bbox 2657 2913 2799 2967; x_wconf 91' lang='lat' dir='ltr'><strong>enim</strong></span> <span class='ocrx_word' id='word_1_396' title='bbox 2835 2912 3278 2982; x_wconf 69' lang='lat' dir='ltr'><strong>praecordiorum,</strong></span> <span class='ocrx_word' id='word_1_397' title='bbox 3307 2917 3362 2962; x_wconf 93' lang='lat' dir='ltr'><strong>ct</strong></span> 
     </span>
    </p>
   </div>
   <div class='ocr_carea' id='block_1_59' title="bbox 1782 2996 3358 3070">
    <p class='ocr_par' dir='ltr' id='par_1_59' title="bbox 1782 2996 3358 3070">
     <span class='ocr_line' id='line_1_59' title="bbox 1782 2996 3358 3070; baseline -0.004 -14"><span class='ocrx_word' id='word_1_398' title='bbox 1782 3000 1940 3056; x_wconf 83' lang='lat' dir='ltr'><strong>ﬂetus</strong></span> <span class='ocrx_word' id='word_1_399' title='bbox 1964 3001 2240 3056; x_wconf 91' lang='lat' dir='ltr'><strong>oculorum</strong></span> <span class='ocrx_word' id='word_1_400' title='bbox 2285 3016 2391 3056; x_wconf 90' lang='lat' dir='ltr'><strong>non</strong></span> <span class='ocrx_word' id='word_1_401' title='bbox 2420 3009 2726 3070; x_wconf 85' lang='lat' dir='ltr'><strong>congruunt</strong></span> <span class='ocrx_word' id='word_1_402' title='bbox 2761 2999 3113 3054; x_wconf 88' lang='lat' dir='ltr'><strong>sabbatismo.</strong></span> <span class='ocrx_word' id='word_1_403' title='bbox 3143 2997 3233 3062; x_wconf 83' lang='lat' dir='ltr'><strong>At,</strong></span> <span class='ocrx_word' id='word_1_404' title='bbox 3267 2996 3358 3050; x_wconf 90' lang='lat' dir='ltr'><strong>ubi</strong></span> 
     </span>
    </p>
   </div>
   <div class='ocr_carea' id='block_1_60' title="bbox 1788 3087 3362 3161">
    <p class='ocr_par' dir='ltr' id='par_1_60' title="bbox 1788 3087 3362 3161">
     <span class='ocr_line' id='line_1_60' title="bbox 1788 3087 3362 3161; baseline -0.004 -13"><span class='ocrx_word' id='word_1_405' title='bbox 1788 3093 2090 3148; x_wconf 88' lang='lat' dir='ltr'><strong>desiderata</strong></span> <span class='ocrx_word' id='word_1_406' title='bbox 2156 3092 2374 3147; x_wconf 87' lang='lat' dir='ltr'><strong>advenit</strong></span> <span class='ocrx_word' id='word_1_407' title='bbox 2438 3107 2663 3161; x_wconf 87' lang='lat' dir='ltr'><strong>vespera</strong></span> <span class='ocrx_word' id='word_1_408' title='bbox 2720 3091 2977 3156; x_wconf 91' lang='lat' dir='ltr'><strong>sabbati,</strong></span> <span class='ocrx_word' id='word_1_409' title='bbox 3059 3087 3362 3144; x_wconf 90' lang='lat' dir='ltr'><strong>astantibus</strong></span> 
     </span>
    </p>
   </div>
   <div class='ocr_carea' id='block_1_61' title="bbox 108 3156 3362 3256">
    <p class='ocr_par' dir='ltr' id='par_1_61' title="bbox 108 3156 3362 3256">
     <span class='ocr_line' id='line_1_61' title="bbox 108 3156 3362 3256; baseline -0.002 -16"><span class='ocrx_word' id='word_1_410' title='bbox 108 3188 212 3241; x_wconf 89' lang='lat' dir='ltr'><strong>viri</strong></span> <span class='ocrx_word' id='word_1_411' title='bbox 253 3187 492 3256; x_wconf 82' lang='lat' dir='ltr'><strong>quidem,</strong></span> <span class='ocrx_word' id='word_1_412' title='bbox 533 3186 624 3255; x_wconf 89' lang='lat' dir='ltr'><strong>qui</strong></span> <span class='ocrx_word' id='word_1_413' title='bbox 665 3185 910 3247; x_wconf 86' lang='lat' dir='ltr'><strong>aderant,</strong></span> <span class='ocrx_word' id='word_1_414' title='bbox 956 3183 1307 3239; x_wconf 89' lang='lat' dir='ltr'><strong>advolverunt</strong></span> <span class='ocrx_word' id='word_1_415' title='bbox 1341 3199 1528 3237; x_wconf 79' lang='lat' dir='ltr'><strong>saxum</strong></span> <span class='ocrx_word' id='word_1_416' title='bbox 1559 3201 1677 3238; x_wconf 90' lang='lat' dir='ltr'><strong>ma-</strong></span> <span class='ocrx_word' id='word_1_417' title='bbox 1705 3156 1750 3219; x_wconf 66' lang='grc' dir='ltr'><strong>ϐ</strong></span> <span class='ocrx_word' id='word_1_418' title='bbox 1781 3183 1989 3240; x_wconf 83' lang='lat' dir='ltr'><strong>Joanna</strong></span> <span class='ocrx_word' id='word_1_419' title='bbox 2016 3193 2070 3239; x_wconf 91' lang='lat' dir='ltr'><strong>et</strong></span> <span class='ocrx_word' id='word_1_420' title='bbox 2095 3183 2364 3248; x_wconf 89' lang='lat' dir='ltr'><strong>Susanna,</strong></span> <span class='ocrx_word' id='word_1_421' title='bbox 2398 3184 2666 3253; x_wconf 89' lang='lat' dir='ltr'><strong>sociisque</strong></span> <span class='ocrx_word' id='word_1_422' title='bbox 2696 3182 2900 3248; x_wconf 79' lang='lat' dir='ltr'><strong>Mariis,</strong></span> <span class='ocrx_word' id='word_1_423' title='bbox 2925 3193 3166 3236; x_wconf 87' lang='lat' dir='ltr'><strong>aromata</strong></span> <span class='ocrx_word' id='word_1_424' title='bbox 3189 3180 3362 3235; x_wconf 90' lang='lat' dir='ltr'><strong>electa</strong></span> 
     </span>
    </p>
   </div>
   <div class='ocr_carea' id='block_1_62' title="bbox 108 3273 1677 3348">
    <p class='ocr_par' dir='ltr' id='par_1_62' title="bbox 108 3273 1677 3348">
     <span class='ocr_line' id='line_1_62' title="bbox 108 3273 1677 3348; baseline 0 -21"><span class='ocrx_word' id='word_1_425' title='bbox 108 3293 268 3348; x_wconf 82' lang='lat' dir='ltr'><strong>gnum</strong></span> <span class='ocrx_word' id='word_1_426' title='bbox 305 3275 376 3330; x_wconf 90' lang='lat' dir='ltr'><strong>ad</strong></span> <span class='ocrx_word' id='word_1_427' title='bbox 408 3277 596 3329; x_wconf 85' lang='lat' dir='ltr'><strong>ostium</strong></span> <span class='ocrx_word' id='word_1_428' title='bbox 640 3275 958 3329; x_wconf 84' lang='lat' dir='ltr'><strong>monumenti</strong></span> <span class='ocrx_word' id='word_1_429' title='bbox 990 3285 1013 3313; x_wconf 73' lang='grc' dir='ltr'>ε</span> <span class='ocrx_word' id='word_1_430' title='bbox 1041 3291 1054 3326; x_wconf 88' lang='lat'><strong>:</strong></span> <span class='ocrx_word' id='word_1_431' title='bbox 1091 3288 1323 3342; x_wconf 83' lang='lat' dir='ltr'><strong>moxque</strong></span> <span class='ocrx_word' id='word_1_432' title='bbox 1363 3273 1430 3327; x_wconf 88' lang='lat' dir='ltr'><strong>ad</strong></span> <span class='ocrx_word' id='word_1_433' title='bbox 1459 3274 1677 3343; x_wconf 89' lang='lat' dir='ltr'><strong>propria</strong></span> 
     </span>
    </p>
   </div>
   <div class='ocr_carea' id='block_1_63' title="bbox 110 3364 1680 3437">
    <p class='ocr_par' dir='ltr' id='par_1_63' title="bbox 110 3364 1680 3437">
     <span class='ocr_line' id='line_1_63' title="bbox 110 3364 1680 3437; baseline -0.002 -14"><span class='ocrx_word' id='word_1_434' title='bbox 110 3378 473 3426; x_wconf 85' lang='lat' dir='ltr'><strong>recesserunt.</strong></span> <span class='ocrx_word' id='word_1_435' title='bbox 505 3365 679 3422; x_wconf 84' lang='lat' dir='ltr'><strong>Maria</strong></span> <span class='ocrx_word' id='word_1_436' title='bbox 699 3383 816 3422; x_wconf 83' lang='lat' dir='ltr'><strong>vero</strong></span> <span class='ocrx_word' id='word_1_437' title='bbox 839 3364 1168 3437; x_wconf 75' lang='lat' dir='ltr'><strong>Hagdalene,</strong></span> <span class='ocrx_word' id='word_1_438' title='bbox 1210 3379 1332 3419; x_wconf 90' lang='lat' dir='ltr'><strong>cum</strong></span> <span class='ocrx_word' id='word_1_439' title='bbox 1362 3364 1525 3420; x_wconf 90' lang='lat' dir='ltr'><strong>sociis</strong></span> <span class='ocrx_word' id='word_1_440' title='bbox 1547 3366 1680 3432; x_wconf 92' lang='lat' dir='ltr'><strong>suis,</strong></span> 
     </span>
    </p>
   </div>
   <div class='ocr_carea' id='block_1_64' title="bbox 1784 3275 3359 3348">
    <p class='ocr_par' dir='ltr' id='par_1_64' title="bbox 1784 3275 3359 3348">
     <span class='ocr_line' id='line_1_64' title="bbox 1784 3275 3359 3348; baseline -0.005 -14"><span class='ocrx_word' id='word_1_441' title='bbox 1784 3287 1840 3334; x_wconf 91' lang='lat' dir='ltr'><strong>et</strong></span> <span class='ocrx_word' id='word_1_442' title='bbox 1863 3278 2150 3348; x_wconf 59' lang='lat' dir='ltr'><strong>praelecta</strong></span> <span class='ocrx_word' id='word_1_443' title='bbox 2176 3285 2479 3340; x_wconf 87' lang='lat' dir='ltr'><strong>conterere,</strong></span> <span class='ocrx_word' id='word_1_444' title='bbox 2518 3285 2574 3330; x_wconf 91' lang='lat' dir='ltr'><strong>et</strong></span> <span class='ocrx_word' id='word_1_445' title='bbox 2610 3275 2908 3330; x_wconf 89' lang='lat' dir='ltr'><strong>balsamum</strong></span> <span class='ocrx_word' id='word_1_446' title='bbox 2937 3275 3101 3346; x_wconf 72' lang='lat' dir='ltr'><strong>cmpit</strong></span> <span class='ocrx_word' id='word_1_447' title='bbox 3131 3275 3359 3328; x_wconf 86' lang='lat' dir='ltr'><strong>miscere</strong></span> 
     </span>
    </p>
   </div>
   <div class='ocr_carea' id='block_1_65' title="bbox 1787 3363 3363 3441">
    <p class='ocr_par' dir='ltr' id='par_1_65' title="bbox 1787 3363 3363 3441">
     <span class='ocr_line' id='line_1_65' title="bbox 1787 3363 3363 3441; baseline -0.004 -16"><span class='ocrx_word' id='word_1_448' title='bbox 1787 3369 2074 3441; x_wconf 88' lang='lat' dir='ltr'><strong>speciebus</strong></span> <span class='ocrx_word' id='word_1_449' title='bbox 2103 3367 2301 3440; x_wconf 90' lang='lat' dir='ltr'><strong>opimis</strong></span> <span class='ocrx_word' id='word_1_450' title='bbox 2329 3367 2555 3422; x_wconf 79' lang='lat' dir='ltr'><strong>universi</strong></span> <span class='ocrx_word' id='word_1_451' title='bbox 2582 3366 2807 3436; x_wconf 78' lang='lat' dir='ltr'><strong>pulveris</strong></span> <span class='ocrx_word' id='word_1_452' title='bbox 2831 3366 3162 3438; x_wconf 82' lang='lat' dir='ltr'><strong>pigmentarii</strong></span> <span class='ocrx_word' id='word_1_453' title='bbox 3187 3363 3363 3435; x_wconf 77' lang='lat' dir='ltr'><strong>(Cant.</strong></span> 
     </span>
    </p>
   </div>
   <div class='ocr_carea' id='block_1_66' title="bbox 1006 3494 2464 3544">
    <p class='ocr_par' dir='ltr' id='par_1_66' title="bbox 1006 3494 2464 3544">
     <span class='ocr_line' id='line_1_66' title="bbox 1006 3494 2464 3544; baseline 0.001 -4"><span class='ocrx_word' id='word_1_454' title='bbox 1006 3497 1188 3540; x_wconf 80' lang='lat' dir='ltr'><strong>NOTlE</strong></span> <span class='ocrx_word' id='word_1_455' title='bbox 1228 3494 1619 3541; x_wconf 77' lang='lat' dir='ltr'><strong>POTISSIMUM</strong></span> <span class='ocrx_word' id='word_1_456' title='bbox 1661 3500 1748 3543; x_wconf 78' lang='lat' dir='ltr'><strong>EX</strong></span> <span class='ocrx_word' id='word_1_457' title='bbox 1790 3501 2044 3544; x_wconf 71' lang='grc' dir='ltr'><strong>ΒᾹΒΔΝΟ</strong></span> <span class='ocrx_word' id='word_1_458' title='bbox 2091 3498 2464 3543; x_wconf 70' lang='grc' dir='ltr'><strong>ΒΕευΜΡΤΕ.</strong></span> 
     </span>
    </p>
   </div>
   <div class='ocr_carea' id='block_1_67' title="bbox 112 3598 1681 3656">
    <p class='ocr_par' dir='ltr' id='par_1_67' title="bbox 112 3598 1681 3656">
     <span class='ocr_line' id='line_1_67' title="bbox 112 3598 1681 3656; baseline -0.001 0"><span class='ocrx_word' id='word_1_459' title='bbox 112 3603 263 3656; x_wconf 89' lang='lat' dir='ltr'><strong>lum:</strong></span> <span class='ocrx_word' id='word_1_460' title='bbox 293 3599 386 3654; x_wconf 88' lang='lat' dir='ltr'><strong>sed</strong></span> <span class='ocrx_word' id='word_1_461' title='bbox 421 3606 476 3653; x_wconf 92' lang='lat' dir='ltr'><strong>ut</strong></span> <span class='ocrx_word' id='word_1_462' title='bbox 509 3599 814 3653; x_wconf 85' lang='lat' dir='ltr'><strong>ostenderet</strong></span> <span class='ocrx_word' id='word_1_463' title='bbox 852 3613 1070 3652; x_wconf 86' lang='lat' dir='ltr'><strong>causam</strong></span> <span class='ocrx_word' id='word_1_464' title='bbox 1097 3613 1263 3656; x_wconf 84' lang='lat' dir='ltr'><strong>auare</strong></span> <span class='ocrx_word' id='word_1_465' title='bbox 1296 3613 1325 3650; x_wconf 91' lang='lat' dir='ltr'><strong>a</strong></span> <span class='ocrx_word' id='word_1_466' title='bbox 1353 3598 1529 3651; x_wconf 87' lang='lat' dir='ltr'><strong>Pilato</strong></span> <span class='ocrx_word' id='word_1_467' title='bbox 1554 3615 1681 3654; x_wconf 88' lang='lat' dir='ltr'><strong>cor-</strong></span> 
     </span>
    </p>
   </div>
   <div class='ocr_carea' id='block_1_68' title="bbox 111 3668 1688 3742">
    <p class='ocr_par' dir='ltr' id='par_1_68' title="bbox 111 3668 1688 3742">
     <span class='ocr_line' id='line_1_68' title="bbox 111 3668 1688 3742; baseline 0.001 -19"><span class='ocrx_word' id='word_1_468' title='bbox 111 3689 215 3742; x_wconf 89' lang='lat' dir='ltr'><strong>pus</strong></span> <span class='ocrx_word' id='word_1_469' title='bbox 283 3669 408 3724; x_wconf 82' lang='lat' dir='ltr'><strong>Jesu</strong></span> <span class='ocrx_word' id='word_1_470' title='bbox 463 3669 695 3738; x_wconf 91' lang='lat' dir='ltr'><strong>potuerit</strong></span> <span class='ocrx_word' id='word_1_471' title='bbox 749 3669 1057 3742; x_wconf 70' lang='lat' dir='ltr'><strong>impetrare.</strong></span> <span class='ocrx_word' id='word_1_472' title='bbox 1107 3668 1378 3742; x_wconf 74' lang='lat' dir='ltr'><strong>Pauperes</strong></span> <span class='ocrx_word' id='word_1_473' title='bbox 1429 3668 1578 3742; x_wconf 65' lang='lat' dir='ltr'><strong>enim</strong></span> <span class='ocrx_word' id='word_1_474' title='bbox 1631 3678 1688 3724; x_wconf 90' lang='lat' dir='ltr'><strong>et</strong></span> 
     </span>
    </p>
   </div>
   <div class='ocr_carea' id='block_1_69' title="bbox 119 3737 1686 3812">
    <p class='ocr_par' dir='ltr' id='par_1_69' title="bbox 119 3737 1686 3812">
     <span class='ocr_line' id='line_1_69' title="bbox 119 3737 1686 3812; baseline -0.002 -16"><span class='ocrx_word' id='word_1_475' title='bbox 119 3737 284 3812; x_wconf 80' lang='lat' dir='ltr'><strong>ignoti</strong></span> <span class='ocrx_word' id='word_1_476' title='bbox 319 3755 422 3793; x_wconf 91' lang='lat' dir='ltr'><strong>non</strong></span> <span class='ocrx_word' id='word_1_477' title='bbox 453 3737 701 3812; x_wconf 83' lang='lat' dir='ltr'><strong>poterant</strong></span> <span class='ocrx_word' id='word_1_478' title='bbox 729 3739 796 3790; x_wconf 88' lang='lat' dir='ltr'><strong>ad</strong></span> <span class='ocrx_word' id='word_1_479' title='bbox 831 3737 1057 3812; x_wconf 80' lang='lat' dir='ltr'><strong>Pilatum</strong></span> <span class='ocrx_word' id='word_1_480' title='bbox 1085 3737 1387 3812; x_wconf 58' lang='lat' dir='ltr'><strong>prtesideur</strong></span> <span class='ocrx_word' id='word_1_481' title='bbox 1428 3737 1686 3793; x_wconf 71' lang='lat' dir='ltr'><strong>Romana:</strong></span> 
     </span>
    </p>
   </div>
   <div class='ocr_carea' id='block_1_70' title="bbox 115 3805 1684 3882">
    <p class='ocr_par' dir='ltr' id='par_1_70' title="bbox 115 3805 1684 3882">
     <span class='ocr_line' id='line_1_70' title="bbox 115 3805 1684 3882; baseline -0.001 -18"><span class='ocrx_word' id='word_1_482' title='bbox 115 3805 398 3882; x_wconf 61' lang='lat' dir='ltr'><strong>potestatis</strong></span> <span class='ocrx_word' id='word_1_483' title='bbox 438 3805 822 3882; x_wconf 67' lang='lat' dir='ltr'><strong>accedere,___et</strong></span> <span class='ocrx_word' id='word_1_484' title='bbox 861 3806 1103 3862; x_wconf 73' lang='lat' dir='ltr'><strong>cruciﬁxi</strong></span> <span class='ocrx_word' id='word_1_485' title='bbox 1133 3821 1328 3882; x_wconf 56' lang='lat' dir='ltr'><strong>corpus</strong></span> <span class='ocrx_word' id='word_1_486' title='bbox 1373 3805 1684 3882; x_wconf 71' lang='lat' dir='ltr'><strong>impetrare.</strong></span> 
     </span>
    </p>
   </div>
   <div class='ocr_carea' id='block_1_71' title="bbox 117 3875 1687 4002">
    <p class='ocr_par' dir='ltr' id='par_1_71' title="bbox 117 3875 1687 4002">
     <span class='ocr_line' id='line_1_71' title="bbox 117 3875 1687 3946; baseline -0.003 -11"><span class='ocrx_word' id='word_1_487' title='bbox 117 3875 325 3936; x_wconf 69' lang='lat' dir='ltr'><strong>&#39;liabani</strong></span> <span class='ocrx_word' id='word_1_488' title='bbox 375 3880 427 3932; x_wconf 88' lang='lat' dir='ltr'><strong>in</strong></span> <span class='ocrx_word' id='word_1_489' title='bbox 464 3878 680 3944; x_wconf 78' lang='lat' dir='ltr'><strong>Matth.,</strong></span> <span class='ocrx_word' id='word_1_490' title='bbox 716 3877 810 3932; x_wconf 91' lang='lat' dir='ltr'><strong>lib.</strong></span> <span class='ocrx_word' id='word_1_491' title='bbox 855 3892 985 3941; x_wconf 87' lang='lat' dir='ltr'><strong>vut,</strong></span> <span class='ocrx_word' id='word_1_492' title='bbox 1030 3892 1148 3946; x_wconf 87' lang='lat' dir='ltr'><strong>cap.</strong></span> <span class='ocrx_word' id='word_1_493' title='bbox 1176 3876 1265 3940; x_wconf 70' lang='grc'><strong>27,</strong></span> <span class='ocrx_word' id='word_1_494' title='bbox 1330 3890 1398 3930; x_wconf 78' lang='lat' dir='ltr'><strong>ex</strong></span> <span class='ocrx_word' id='word_1_495' title='bbox 1444 3875 1588 3930; x_wconf 85' lang='lat' dir='ltr'><strong>Beda</strong></span> <span class='ocrx_word' id='word_1_496' title='bbox 1633 3879 1687 3931; x_wconf 89' lang='lat' dir='ltr'><strong>in</strong></span> 
     </span>
     <span class='ocr_line' id='line_1_72' title="bbox 117 3950 370 4002; baseline 0 0"><span class='ocrx_word' id='word_1_497' title='bbox 117 3950 370 4002; x_wconf 82' lang='lat' dir='ltr'><strong>Evanacl.</strong></span> 
     </span>
    </p>
   </div>
   <div class='ocr_carea' id='block_1_72' title="bbox 115 3954 370 4006">
    <p class='ocr_par' dir='ltr' id='par_1_72' title="bbox 115 3954 370 4006">
     <span class='ocr_line' id='line_1_73' title="bbox 115 3954 370 4006; baseline -0.008 0"><span class='ocrx_word' id='word_1_498' title='bbox 115 3954 370 4006; x_wconf 84' lang='lat' dir='ltr'><strong>Evanacl.</strong></span> 
     </span>
    </p>
   </div>
   <div class='ocr_carea' id='block_1_73' title="bbox 186 3968 1682 4091">
    <p class='ocr_par' dir='ltr' id='par_1_73' title="bbox 186 3968 1682 4091">
     <span class='ocr_line' id='line_1_74' title="bbox 186 3968 1682 4091; baseline 0 -18"><span class='ocrx_word' id='word_1_499' title='bbox 186 3968 671 4091; x_wconf 46' lang='lat' dir='ltr'><strong>fngitlrrhaarbor</strong></span> <span class='ocrx_word' id='word_1_500' title='bbox 709 4015 1296 4091; x_wconf 73' lang='lat' dir='ltr'><strong>Arabize,_altit_ttd_ini_s_</strong></span> <span class='ocrx_word' id='word_1_501' title='bbox 1339 4015 1403 4070; x_wconf 90' lang='lat' dir='ltr'><strong>ad</strong></span> <span class='ocrx_word' id='word_1_502' title='bbox 1445 4017 1682 4091; x_wconf 85' lang='lat' dir='ltr'><strong>quinque</strong></span> 
     </span>
    </p>
   </div>
   <div class='ocr_carea' id='block_1_74' title="bbox 119 4086 1684 4159">
    <p class='ocr_par' dir='ltr' id='par_1_74' title="bbox 119 4086 1684 4159">
     <span class='ocr_line' id='line_1_75' title="bbox 119 4086 1684 4159; baseline -0.002 -14"><span class='ocrx_word' id='word_1_503' title='bbox 119 4086 421 4145; x_wconf 75' lang='lat' dir='ltr'><strong>cubitorum</strong></span> <span class='ocrx_word' id='word_1_504' title='bbox 452 4089 641 4143; x_wconf 90' lang='lat' dir='ltr'><strong>similis</strong></span> <span class='ocrx_word' id='word_1_505' title='bbox 665 4090 896 4159; x_wconf 67' lang='lat' dir='ltr'><strong>spiam...</strong></span> <span class='ocrx_word' id='word_1_506' title='bbox 924 4087 1054 4142; x_wconf 81' lang='lat' dir='ltr'><strong>Aloe</strong></span> <span class='ocrx_word' id='word_1_507' title='bbox 1103 4088 1157 4159; x_wconf 86' lang='lat' dir='ltr'><strong>in</strong></span> <span class='ocrx_word' id='word_1_508' title='bbox 1181 4086 1331 4159; x_wconf 81' lang='lat' dir='ltr'><strong>India</strong></span> <span class='ocrx_word' id='word_1_509' title='bbox 1362 4098 1522 4156; x_wconf 88' lang='lat' dir='ltr'><strong>atque</strong></span> <span class='ocrx_word' id='word_1_510' title='bbox 1551 4086 1684 4142; x_wconf 64' lang='lat' dir='ltr'><strong>Aia-</strong></span> 
     </span>
    </p>
   </div>
   <div class='ocr_carea' id='block_1_75' title="bbox 117 4157 1683 4230">
    <p class='ocr_par' dir='ltr' id='par_1_75' title="bbox 117 4157 1683 4230">
     <span class='ocr_line' id='line_1_76' title="bbox 117 4157 1683 4230; baseline -0.003 -14"><span class='ocrx_word' id='word_1_511' title='bbox 117 4164 204 4216; x_wconf 87' lang='lat' dir='ltr'><strong>bia</strong></span> <span class='ocrx_word' id='word_1_512' title='bbox 251 4161 502 4230; x_wconf 76' lang='lat' dir='ltr'><strong>gignitur,</strong></span> <span class='ocrx_word' id='word_1_513' title='bbox 551 4157 710 4213; x_wconf 84' lang='lat' dir='ltr'><strong>arbor</strong></span> <span class='ocrx_word' id='word_1_514' title='bbox 747 4158 931 4230; x_wconf 81' lang='lat' dir='ltr'><strong>odoris</strong></span> <span class='ocrx_word' id='word_1_515' title='bbox 964 4157 1275 4230; x_wconf 77' lang='lat' dir='ltr'><strong>suavissimi</strong></span> <span class='ocrx_word' id='word_1_516' title='bbox 1313 4173 1375 4230; x_wconf 82' lang='lat' dir='ltr'><strong>ac</strong></span> <span class='ocrx_word' id='word_1_517' title='bbox 1416 4159 1683 4230; x_wconf 76' lang='lat' dir='ltr'><strong>summi...</strong></span> 
     </span>
    </p>
   </div>
   <div class='ocr_carea' id='block_1_76' title="bbox 120 4226 1686 4300">
    <p class='ocr_par' dir='ltr' id='par_1_76' title="bbox 120 4226 1686 4300">
     <span class='ocr_line' id='line_1_77' title="bbox 120 4226 1686 4300; baseline -0.003 -15"><span class='ocrx_word' id='word_1_518' title='bbox 120 4235 176 4285; x_wconf 91' lang='lat' dir='ltr'><strong>In</strong></span> <span class='ocrx_word' id='word_1_519' title='bbox 209 4226 495 4300; x_wconf 59' lang='lat' dir='ltr'><strong>Ei&#39;a&#39;ngclio</strong></span> <span class='ocrx_word' id='word_1_520' title='bbox 523 4231 588 4283; x_wconf 91' lang='lat' dir='ltr'><strong>de</strong></span> <span class='ocrx_word' id='word_1_521' title='bbox 613 4228 884 4300; x_wconf 79' lang='lat' dir='ltr'><strong>sepultura</strong></span> <span class='ocrx_word' id='word_1_522' title='bbox 918 4227 1222 4300; x_wconf 65' lang='lat' dir='ltr'><strong>Dominiita</strong></span> <span class='ocrx_word' id='word_1_523' title='bbox 1250 4227 1458 4300; x_wconf 78' lang='lat' dir='ltr'><strong>legitur</strong></span> <span class='ocrx_word' id='word_1_524' title='bbox 1485 4246 1497 4280; x_wconf 79' lang='grc' dir='ltr'><strong><em>τ</em></strong></span> <span class='ocrx_word' id='word_1_525' title='bbox 1542 4226 1686 4300; x_wconf 65' lang='lat' dir='ltr'><strong>Venit</strong></span> 
     </span>
    </p>
   </div>
   <div class='ocr_carea' id='block_1_77' title="bbox 117 4296 1689 4370">
    <p class='ocr_par' dir='ltr' id='par_1_77' title="bbox 117 4296 1689 4370">
     <span class='ocr_line' id='line_1_78' title="bbox 117 4296 1689 4370; baseline -0.003 -15"><span class='ocrx_word' id='word_1_526' title='bbox 117 4319 241 4370; x_wconf 81' lang='lat' dir='ltr'><strong>ergo</strong></span> <span class='ocrx_word' id='word_1_527' title='bbox 273 4296 493 4370; x_wconf 72' lang='lat' dir='ltr'><strong>Ioseph,</strong></span> <span class='ocrx_word' id='word_1_528' title='bbox 511 4309 559 4352; x_wconf 88' lang='lat' dir='ltr'><strong>et</strong></span> <span class='ocrx_word' id='word_1_529' title='bbox 592 4296 708 4351; x_wconf 87' lang='lat' dir='ltr'><strong>tulit</strong></span> <span class='ocrx_word' id='word_1_530' title='bbox 743 4315 927 4368; x_wconf 86' lang='lat' dir='ltr'><strong>corpus</strong></span> <span class='ocrx_word' id='word_1_531' title='bbox 950 4297 1098 4352; x_wconf 74' lang='lat' dir='ltr'><strong>Iesu.</strong></span> <span class='ocrx_word' id='word_1_532' title='bbox 1135 4296 1279 4370; x_wconf 59' lang='lat' dir='ltr'><strong>l’euit</strong></span> <span class='ocrx_word' id='word_1_533' title='bbox 1310 4296 1484 4370; x_wconf 74' lang='lat' dir='ltr'><strong>autem</strong></span> <span class='ocrx_word' id='word_1_534' title='bbox 1521 4308 1566 4350; x_wconf 90' lang='lat' dir='ltr'><strong>et</strong></span> <span class='ocrx_word' id='word_1_535' title='bbox 1594 4297 1689 4351; x_wconf 87' lang='lat' dir='ltr'><strong>Ni-</strong></span> 
     </span>
    </p>
   </div>
   <div class='ocr_carea' id='block_1_78' title="bbox 119 4368 1690 4438">
    <p class='ocr_par' dir='ltr' id='par_1_78' title="bbox 119 4368 1690 4438">
     <span class='ocr_line' id='line_1_79' title="bbox 119 4368 1690 4438; baseline -0.001 -15"><span class='ocrx_word' id='word_1_536' title='bbox 119 4368 430 4423; x_wconf 76' lang='lat' dir='ltr'><strong>rodemus...</strong></span> <span class='ocrx_word' id='word_1_537' title='bbox 470 4369 638 4438; x_wconf 79' lang='lat' dir='ltr'><strong>ferens</strong></span> <span class='ocrx_word' id='word_1_538' title='bbox 679 4371 960 4438; x_wconf 71' lang='lat' dir='ltr'><strong>mixturam</strong></span> <span class='ocrx_word' id='word_1_539' title='bbox 996 4368 1235 4438; x_wconf 67' lang='lat' dir='ltr'><strong>myrrltte</strong></span> <span class='ocrx_word' id='word_1_540' title='bbox 1257 4377 1304 4420; x_wconf 90' lang='lat' dir='ltr'><strong>et</strong></span> <span class='ocrx_word' id='word_1_541' title='bbox 1349 4368 1512 4432; x_wconf 87' lang='lat' dir='ltr'><strong>aloes,</strong></span> <span class='ocrx_word' id='word_1_542' title='bbox 1539 4370 1690 4436; x_wconf 84' lang='lat' dir='ltr'><strong>quasi</strong></span> 
     </span>
    </p>
   </div>
   <div class='ocr_carea' id='block_1_79' title="bbox 121 4436 1688 4507">
    <p class='ocr_par' dir='ltr' id='par_1_79' title="bbox 121 4436 1688 4507">
     <span class='ocr_line' id='line_1_80' title="bbox 121 4436 1688 4507; baseline -0.001 -14"><span class='ocrx_word' id='word_1_543' title='bbox 121 4441 283 4493; x_wconf 86' lang='lat' dir='ltr'><strong>libras</strong></span> <span class='ocrx_word' id='word_1_544' title='bbox 325 4436 548 4492; x_wconf 78' lang='lat' dir='ltr'><strong>centum.</strong></span> <span class='ocrx_word' id='word_1_545' title='bbox 588 4437 788 4491; x_wconf 82' lang='lat' dir='ltr'><strong>Rabani</strong></span> <span class='ocrx_word' id='word_1_546' title='bbox 823 4443 887 4491; x_wconf 90' lang='lat' dir='ltr'><strong>de</strong></span> <span class='ocrx_word' id='word_1_547' title='bbox 913 4436 1182 4501; x_wconf 77' lang='lat' dir='ltr'><strong>Universo,</strong></span> <span class='ocrx_word' id='word_1_548' title='bbox 1223 4437 1315 4492; x_wconf 90' lang='lat' dir='ltr'><strong>lib.</strong></span> <span class='ocrx_word' id='word_1_549' title='bbox 1351 4454 1463 4500; x_wconf 74' lang='lat' dir='ltr'><strong>xtx,</strong></span> <span class='ocrx_word' id='word_1_550' title='bbox 1495 4455 1614 4507; x_wconf 89' lang='lat' dir='ltr'><strong>cap.</strong></span> <span class='ocrx_word' id='word_1_551' title='bbox 1637 4440 1688 4492; x_wconf 84' lang='lat'><strong>7.</strong></span> 
     </span>
    </p>
   </div>
   <div class='ocr_carea' id='block_1_80' title="bbox 199 4484 1770 4578">
    <p class='ocr_par' dir='ltr' id='par_1_80' title="bbox 199 4484 1770 4578">
     <span class='ocr_line' id='line_1_81' title="bbox 199 4484 1770 4578; baseline 0 -15"><span class='ocrx_word' id='word_1_552' title='bbox 199 4511 224 4549; x_wconf 70' lang='grc' dir='ltr'>δ</span> <span class='ocrx_word' id='word_1_553' title='bbox 265 4509 481 4564; x_wconf 88' lang='lat' dir='ltr'><strong>Phastio</strong></span> <span class='ocrx_word' id='word_1_554' title='bbox 519 4507 652 4562; x_wconf 65' lang='lat' dir='ltr'><strong>folle</strong></span> <span class='ocrx_word' id='word_1_555' title='bbox 699 4509 899 4576; x_wconf 87' lang='lat' dir='ltr'><strong>pascio,</strong></span> <span class='ocrx_word' id='word_1_556' title='bbox 945 4510 1132 4563; x_wconf 85' lang='lat' dir='ltr'><strong>eodem</strong></span> <span class='ocrx_word' id='word_1_557' title='bbox 1169 4484 1482 4578; x_wconf 51' lang='lat' dir='ltr'><strong>,signilicatit</strong></span> <span class='ocrx_word' id='word_1_558' title='bbox 1530 4484 1691 4578; x_wconf 68' lang='lat' dir='ltr'><strong>aique</strong></span> <span class='ocrx_word' id='word_1_559' title='bbox 1723 4484 1770 4544; x_wconf 72' lang='grc' dir='ltr'><strong>θ</strong></span> 
     </span>
    </p>
   </div>
   <div class='ocr_carea' id='block_1_81' title="bbox 123 4577 1180 4649">
    <p class='ocr_par' dir='ltr' id='par_1_81' title="bbox 123 4577 1180 4649">
     <span class='ocr_line' id='line_1_82' title="bbox 123 4577 1180 4649; baseline 0.001 -19"><span class='ocrx_word' id='word_1_560' title='bbox 123 4582 405 4649; x_wconf 78' lang='lat' dir='ltr'><strong>paschnm,</strong></span> <span class='ocrx_word' id='word_1_561' title='bbox 438 4577 489 4632; x_wconf 92' lang='lat' dir='ltr'><strong>id</strong></span> <span class='ocrx_word' id='word_1_562' title='bbox 517 4587 601 4632; x_wconf 87' lang='lat' dir='ltr'><strong>est</strong></span> <span class='ocrx_word' id='word_1_563' title='bbox 637 4593 914 4647; x_wconf 86' lang='lat' dir='ltr'><strong>pascuum,</strong></span> <span class='ocrx_word' id='word_1_564' title='bbox 948 4588 1180 4648; x_wconf 92' lang='lat' dir='ltr'><strong>pratum.</strong></span> 
     </span>
    </p>
   </div>
   <div class='ocr_carea' id='block_1_82' title="bbox 126 4650 1682 4719">
    <p class='ocr_par' dir='ltr' id='par_1_82' title="bbox 126 4650 1682 4719">
     <span class='ocr_line' id='line_1_83' title="bbox 126 4650 1682 4719; baseline 0.001 -14"><span class='ocrx_word' id='word_1_565' title='bbox 126 4650 462 4719; x_wconf 81' lang='lat' dir='ltr'><strong>supplement.</strong></span> <span class='ocrx_word' id='word_1_566' title='bbox 867 4718 870 4719; x_wconf 16' lang='grc' dir='ltr'><em>ν</em></span> <span class='ocrx_word' id='word_1_567' title='bbox 922 4718 928 4719; x_wconf 16' lang='grc' dir='ltr'><em>γ</em></span> <span class='ocrx_word' id='word_1_568' title='bbox 975 4717 984 4719; x_wconf 26' lang='grc' dir='ltr'><strong>Α</strong></span> <span class='ocrx_word' id='word_1_569' title='bbox 1271 4717 1278 4719; x_wconf 80' lang='lat'><strong><em>_</em></strong></span> <span class='ocrx_word' id='word_1_570' title='bbox 1663 4691 1682 4706; x_wconf 88' lang='lat'><strong>.</strong></span> 
     </span>
    </p>
   </div>
   <div class='ocr_carea' id='block_1_83' title="bbox 201 4717 1694 4786">
    <p class='ocr_par' dir='ltr' id='par_1_83' title="bbox 201 4717 1694 4786">
     <span class='ocr_line' id='line_1_84' title="bbox 201 4717 1694 4786; baseline 0.001 -14"><span class='ocrx_word' id='word_1_571' title='bbox 201 4717 231 4756; x_wconf 61' lang='grc' dir='ltr'>δ</span> <span class='ocrx_word' id='word_1_572' title='bbox 259 4720 330 4774; x_wconf 90' lang='lat' dir='ltr'><strong>De</strong></span> <span class='ocrx_word' id='word_1_573' title='bbox 358 4727 700 4772; x_wconf 88' lang='lat' dir='ltr'><strong>monumento</strong></span> <span class='ocrx_word' id='word_1_574' title='bbox 725 4718 931 4772; x_wconf 74' lang='lat' dir='ltr'><strong>Domini</strong></span> <span class='ocrx_word' id='word_1_575' title='bbox 966 4717 1161 4779; x_wconf 83' lang='lat' dir='ltr'><strong>ferunt,</strong></span> <span class='ocrx_word' id='word_1_576' title='bbox 1191 4717 1280 4786; x_wconf 92' lang='lat' dir='ltr'><strong>qui</strong></span> <span class='ocrx_word' id='word_1_577' title='bbox 1311 4726 1496 4772; x_wconf 88' lang='lat' dir='ltr'><strong>nostra</strong></span> <span class='ocrx_word' id='word_1_578' title='bbox 1537 4727 1694 4774; x_wconf 75' lang='lat' dir='ltr'><strong>aetate</strong></span> 
     </span>
    </p>
   </div>
   <div class='ocr_carea' id='block_1_84' title="bbox 127 4787 1693 4857">
    <p class='ocr_par' dir='ltr' id='par_1_84' title="bbox 127 4787 1693 4857">
     <span class='ocr_line' id='line_1_85' title="bbox 127 4787 1693 4857; baseline 0.001 -16"><span class='ocrx_word' id='word_1_579' title='bbox 127 4787 478 4842; x_wconf 76' lang='lat' dir='ltr'><strong>JeroSuhtnis</strong></span> <span class='ocrx_word' id='word_1_580' title='bbox 522 4789 690 4846; x_wconf 84' lang='lat' dir='ltr'><strong>fuere.</strong></span> <span class='ocrx_word' id='word_1_581' title='bbox 738 4789 880 4857; x_wconf 82' lang='lat' dir='ltr'><strong>quod</strong></span> <span class='ocrx_word' id='word_1_582' title='bbox 925 4788 1114 4842; x_wconf 85' lang='lat' dir='ltr'><strong>domus</strong></span> <span class='ocrx_word' id='word_1_583' title='bbox 1151 4788 1315 4842; x_wconf 84' lang='lat' dir='ltr'><strong>fuerit</strong></span> <span class='ocrx_word' id='word_1_584' title='bbox 1352 4790 1600 4857; x_wconf 73' lang='lat' dir='ltr'><strong>rotunda,</strong></span> <span class='ocrx_word' id='word_1_585' title='bbox 1628 4791 1693 4843; x_wconf 88' lang='lat' dir='ltr'><strong>de</strong></span> 
     </span>
    </p>
   </div>
   <div class='ocr_carea' id='block_1_85' title="bbox 131 4858 1696 4928">
    <p class='ocr_par' dir='ltr' id='par_1_85' title="bbox 131 4858 1696 4928">
     <span class='ocr_line' id='line_1_86' title="bbox 131 4858 1696 4928; baseline 0.001 -17"><span class='ocrx_word' id='word_1_586' title='bbox 131 4859 438 4926; x_wconf 85' lang='lat' dir='ltr'><strong>subiacente</strong></span> <span class='ocrx_word' id='word_1_587' title='bbox 478 4873 608 4928; x_wconf 89' lang='lat' dir='ltr'><strong>rupe</strong></span> <span class='ocrx_word' id='word_1_588' title='bbox 644 4861 846 4920; x_wconf 81' lang='lat' dir='ltr'><strong>excisa,</strong></span> <span class='ocrx_word' id='word_1_589' title='bbox 895 4867 1055 4912; x_wconf 72' lang='lat' dir='ltr'><strong>tanta:</strong></span> <span class='ocrx_word' id='word_1_590' title='bbox 1094 4858 1412 4920; x_wconf 86' lang='lat' dir='ltr'><strong>altitudinis,</strong></span> <span class='ocrx_word' id='word_1_591' title='bbox 1461 4869 1517 4912; x_wconf 88' lang='grc' dir='ltr'><strong>ιιι</strong></span> <span class='ocrx_word' id='word_1_592' title='bbox 1551 4859 1696 4912; x_wconf 89' lang='lat' dir='ltr'><strong>intus</strong></span> 
     </span>
    </p>
   </div>
   <div class='ocr_carea' id='block_1_86' title="bbox 130 4929 1697 4996">
    <p class='ocr_par' dir='ltr' id='par_1_86' title="bbox 130 4929 1697 4996">
     <span class='ocr_line' id='line_1_87' title="bbox 130 4929 1697 4996; baseline 0 -14"><span class='ocrx_word' id='word_1_593' title='bbox 130 4932 428 4984; x_wconf 82' lang='lat' dir='ltr'><strong>consistens</strong></span> <span class='ocrx_word' id='word_1_594' title='bbox 476 4929 656 4991; x_wconf 89' lang='lat' dir='ltr'><strong>homo,</strong></span> <span class='ocrx_word' id='word_1_595' title='bbox 702 4930 788 4982; x_wconf 82' lang='lat' dir='ltr'><strong>vix</strong></span> <span class='ocrx_word' id='word_1_596' title='bbox 834 4944 990 4981; x_wconf 81' lang='grc' dir='ltr'>ιιι-[ιιι</span> <span class='ocrx_word' id='word_1_597' title='bbox 1027 4936 1243 4982; x_wconf 75' lang='lat' dir='ltr'><strong>extenta</strong></span> <span class='ocrx_word' id='word_1_598' title='bbox 1278 4930 1486 4980; x_wconf 83' lang='lat' dir='ltr'><strong>culmen</strong></span> <span class='ocrx_word' id='word_1_599' title='bbox 1528 4929 1697 4996; x_wconf 71' lang='lat' dir='ltr'><strong>pos~it</strong></span> 
     </span>
    </p>
   </div>
   <div class='ocr_carea' id='block_1_87' title="bbox 135 4997 1697 5068">
    <p class='ocr_par' dir='ltr' id='par_1_87' title="bbox 135 4997 1697 5068">
     <span class='ocr_line' id='line_1_88' title="bbox 135 4997 1697 5068; baseline 0.002 -18"><span class='ocrx_word' id='word_1_600' title='bbox 135 5000 414 5068; x_wconf 88' lang='lat' dir='ltr'><strong>attingere,</strong></span> <span class='ocrx_word' id='word_1_601' title='bbox 452 5014 573 5066; x_wconf 71' lang='lat' dir='ltr'><strong>qute</strong></span> <span class='ocrx_word' id='word_1_602' title='bbox 601 4999 758 5052; x_wconf 88' lang='lat' dir='ltr'><strong>habet</strong></span> <span class='ocrx_word' id='word_1_603' title='bbox 784 4998 1058 5052; x_wconf 88' lang='lat' dir='ltr'><strong>introitum</strong></span> <span class='ocrx_word' id='word_1_604' title='bbox 1089 4997 1156 5050; x_wconf 88' lang='lat' dir='ltr'><strong>ab</strong></span> <span class='ocrx_word' id='word_1_605' title='bbox 1183 4998 1412 5061; x_wconf 89' lang='lat' dir='ltr'><strong>oriente,</strong></span> <span class='ocrx_word' id='word_1_606' title='bbox 1443 4998 1533 5068; x_wconf 86' lang='lat' dir='ltr'><strong>cui</strong></span> <span class='ocrx_word' id='word_1_607' title='bbox 1560 4998 1697 5066; x_wconf 88' lang='lat' dir='ltr'><strong>lapis</strong></span> 
     </span>
    </p>
   </div>
   <div class='ocr_carea' id='block_1_88' title="bbox 136 5067 1696 5138">
    <p class='ocr_par' dir='ltr' id='par_1_88' title="bbox 136 5067 1696 5138">
     <span class='ocr_line' id='line_1_89' title="bbox 136 5067 1696 5138; baseline -0.001 -17"><span class='ocrx_word' id='word_1_608' title='bbox 136 5069 222 5122; x_wconf 81' lang='lat' dir='ltr'><strong>ille</strong></span> <span class='ocrx_word' id='word_1_609' title='bbox 258 5067 478 5138; x_wconf 81' lang='lat' dir='ltr'><strong>magnus</strong></span> <span class='ocrx_word' id='word_1_610' title='bbox 527 5069 830 5130; x_wconf 83' lang='lat' dir='ltr'><strong>advolutus,</strong></span> <span class='ocrx_word' id='word_1_611' title='bbox 860 5080 1021 5136; x_wconf 85' lang='lat' dir='ltr'><strong>atque</strong></span> <span class='ocrx_word' id='word_1_612' title='bbox 1056 5068 1336 5138; x_wconf 82' lang='lat' dir='ltr'><strong>impositus</strong></span> <span class='ocrx_word' id='word_1_613' title='bbox 1379 5079 1480 5121; x_wconf 81' lang='lat' dir='ltr'><strong>est.</strong></span> <span class='ocrx_word' id='word_1_614' title='bbox 1518 5067 1570 5121; x_wconf 95' lang='lat' dir='ltr'><strong>ln</strong></span> <span class='ocrx_word' id='word_1_615' title='bbox 1601 5085 1696 5120; x_wconf 86' lang='lat' dir='ltr'><strong>ett-</strong></span> 
     </span>
    </p>
   </div>
   <div class='ocr_carea' id='block_1_89' title="bbox 129 5137 1694 5208">
    <p class='ocr_par' dir='ltr' id='par_1_89' title="bbox 129 5137 1694 5208">
     <span class='ocr_line' id='line_1_90' title="bbox 129 5137 1694 5208; baseline 0.002 -20"><span class='ocrx_word' id='word_1_616' title='bbox 129 5139 218 5203; x_wconf 88' lang='lat' dir='ltr'><strong>jns</strong></span> <span class='ocrx_word' id='word_1_617' title='bbox 258 5137 585 5193; x_wconf 88' lang='lat' dir='ltr'><strong>monumenti</strong></span> <span class='ocrx_word' id='word_1_618' title='bbox 626 5148 777 5208; x_wconf 89' lang='lat' dir='ltr'><strong>parte</strong></span> <span class='ocrx_word' id='word_1_619' title='bbox 812 5138 1098 5207; x_wconf 87' lang='lat' dir='ltr'><strong>aquilonali</strong></span> <span class='ocrx_word' id='word_1_620' title='bbox 1146 5137 1450 5207; x_wconf 86' lang='lat' dir='ltr'><strong>sepulcrum</strong></span> <span class='ocrx_word' id='word_1_621' title='bbox 1502 5138 1694 5208; x_wconf 89' lang='lat' dir='ltr'><strong>ipsum,</strong></span> 
     </span>
    </p>
   </div>
   <div class='ocr_carea' id='block_1_90' title="bbox 137 5207 1700 5276">
    <p class='ocr_par' dir='ltr' id='par_1_90' title="bbox 137 5207 1700 5276">
     <span class='ocr_line' id='line_1_91' title="bbox 137 5207 1700 5276; baseline -0.001 -14"><span class='ocrx_word' id='word_1_622' title='bbox 137 5211 238 5262; x_wconf 87' lang='lat' dir='ltr'><strong>hoc</strong></span> <span class='ocrx_word' id='word_1_623' title='bbox 263 5219 343 5263; x_wconf 89' lang='lat' dir='ltr'><strong>est</strong></span> <span class='ocrx_word' id='word_1_624' title='bbox 381 5208 527 5263; x_wconf 86' lang='lat' dir='ltr'><strong>locus</strong></span> <span class='ocrx_word' id='word_1_625' title='bbox 554 5207 816 5262; x_wconf 33' lang='lat' dir='ltr'><strong>Do’tninici</strong></span> <span class='ocrx_word' id='word_1_626' title='bbox 854 5208 1096 5276; x_wconf 79' lang='lat' dir='ltr'><strong>corporis</strong></span> <span class='ocrx_word' id='word_1_627' title='bbox 1123 5208 1188 5261; x_wconf 89' lang='lat' dir='ltr'><strong>de</strong></span> <span class='ocrx_word' id='word_1_628' title='bbox 1216 5208 1400 5260; x_wconf 87' lang='lat' dir='ltr'><strong>eadem</strong></span> <span class='ocrx_word' id='word_1_629' title='bbox 1427 5217 1578 5276; x_wconf 74' lang='lat' dir='ltr'><strong>petra</strong></span> <span class='ocrx_word' id='word_1_630' title='bbox 1621 5207 1700 5260; x_wconf 76' lang='lat' dir='ltr'><strong>fa—</strong></span> 
     </span>
    </p>
   </div>
   <div class='ocr_carea' id='block_1_91' title="bbox 139 5271 1698 5348">
    <p class='ocr_par' dir='ltr' id='par_1_91' title="bbox 139 5271 1698 5348">
     <span class='ocr_line' id='line_1_92' title="bbox 139 5271 1698 5348; baseline 0.001 -19"><span class='ocrx_word' id='word_1_631' title='bbox 139 5287 258 5332; x_wconf 79' lang='lat' dir='ltr'><strong>ctus</strong></span> <span class='ocrx_word' id='word_1_632' title='bbox 283 5289 398 5334; x_wconf 81' lang='lat' dir='ltr'><strong>est:</strong></span> <span class='ocrx_word' id='word_1_633' title='bbox 429 5288 632 5348; x_wconf 88' lang='lat' dir='ltr'><strong>septem</strong></span> <span class='ocrx_word' id='word_1_634' title='bbox 678 5280 880 5332; x_wconf 87' lang='lat' dir='ltr'><strong>habens</strong></span> <span class='ocrx_word' id='word_1_635' title='bbox 919 5271 1081 5346; x_wconf 80' lang='lat' dir='ltr'><strong>pedes</strong></span> <span class='ocrx_word' id='word_1_636' title='bbox 1129 5271 1494 5346; x_wconf 81' lang='lat' dir='ltr'><strong>longitudinis,</strong></span> <span class='ocrx_word' id='word_1_637' title='bbox 1536 5279 1698 5330; x_wconf 89' lang='lat' dir='ltr'><strong>trium</strong></span> 
     </span>
    </p>
   </div>
   <div class='ocr_carea' id='block_1_92' title="bbox 139 5348 1701 5418">
    <p class='ocr_par' dir='ltr' id='par_1_92' title="bbox 139 5348 1701 5418">
     <span class='ocr_line' id='line_1_93' title="bbox 139 5348 1701 5418; baseline 0 -17"><span class='ocrx_word' id='word_1_638' title='bbox 139 5363 266 5402; x_wconf 89' lang='lat' dir='ltr'><strong>vero</strong></span> <span class='ocrx_word' id='word_1_639' title='bbox 307 5349 602 5418; x_wconf 84' lang='lat' dir='ltr'><strong>palmarum</strong></span> <span class='ocrx_word' id='word_1_640' title='bbox 647 5362 896 5402; x_wconf 81' lang='lat' dir='ltr'><strong>mensura</strong></span> <span class='ocrx_word' id='word_1_641' title='bbox 945 5357 1142 5402; x_wconf 65' lang='grc' dir='ltr'>οιυιθιῸ</span> <span class='ocrx_word' id='word_1_642' title='bbox 1187 5348 1493 5415; x_wconf 86' lang='lat' dir='ltr'><strong>pavimento</strong></span> <span class='ocrx_word' id='word_1_643' title='bbox 1539 5348 1701 5401; x_wconf 87' lang='lat' dir='ltr'><strong>altius</strong></span> 
     </span>
    </p>
   </div>
   <div class='ocr_carea' id='block_1_93' title="bbox 139 5418 1700 5486">
    <p class='ocr_par' dir='ltr' id='par_1_93' title="bbox 139 5418 1700 5486">
     <span class='ocr_line' id='line_1_94' title="bbox 139 5418 1700 5486; baseline -0.001 -15"><span class='ocrx_word' id='word_1_644' title='bbox 139 5421 400 5474; x_wconf 87' lang='lat' dir='ltr'><strong>eminens.</strong></span> <span class='ocrx_word' id='word_1_645' title='bbox 440 5419 539 5485; x_wconf 86' lang='lat' dir='ltr'><strong>Qui</strong></span> <span class='ocrx_word' id='word_1_646' title='bbox 574 5419 819 5472; x_wconf 87' lang='lat' dir='ltr'><strong>videlicet</strong></span> <span class='ocrx_word' id='word_1_647' title='bbox 858 5418 1005 5472; x_wconf 91' lang='lat' dir='ltr'><strong>locus</strong></span> <span class='ocrx_word' id='word_1_648' title='bbox 1037 5434 1138 5470; x_wconf 88' lang='lat' dir='ltr'><strong>non</strong></span> <span class='ocrx_word' id='word_1_649' title='bbox 1165 5420 1412 5486; x_wconf 85' lang='lat' dir='ltr'><strong>desuper,</strong></span> <span class='ocrx_word' id='word_1_650' title='bbox 1441 5419 1533 5471; x_wconf 87' lang='lat' dir='ltr'><strong>sed</strong></span> <span class='ocrx_word' id='word_1_651' title='bbox 1561 5434 1589 5470; x_wconf 91' lang='lat' dir='ltr'><strong>a</strong></span> <span class='ocrx_word' id='word_1_652' title='bbox 1620 5418 1700 5470; x_wconf 85' lang='lat' dir='ltr'><strong>la-</strong></span> 
     </span>
    </p>
   </div>
   <div class='ocr_carea' id='block_1_94' title="bbox 141 5488 1701 5558">
    <p class='ocr_par' dir='ltr' id='par_1_94' title="bbox 141 5488 1701 5558">
     <span class='ocr_line' id='line_1_95' title="bbox 141 5488 1701 5558; baseline -0.001 -17"><span class='ocrx_word' id='word_1_653' title='bbox 141 5495 256 5558; x_wconf 74' lang='lat' dir='ltr'><strong>tere</strong></span> <span class='ocrx_word' id='word_1_654' title='bbox 283 5491 575 5544; x_wconf 84' lang='lat' dir='ltr'><strong>meridiano</strong></span> <span class='ocrx_word' id='word_1_655' title='bbox 613 5505 708 5557; x_wconf 86' lang='lat' dir='ltr'><strong>per</strong></span> <span class='ocrx_word' id='word_1_656' title='bbox 743 5497 908 5558; x_wconf 87' lang='lat' dir='ltr'><strong>totum</strong></span> <span class='ocrx_word' id='word_1_657' title='bbox 946 5488 1178 5558; x_wconf 85' lang='lat' dir='ltr'><strong>patulus,</strong></span> <span class='ocrx_word' id='word_1_658' title='bbox 1211 5489 1352 5540; x_wconf 86' lang='lat' dir='ltr'><strong>unde</strong></span> <span class='ocrx_word' id='word_1_659' title='bbox 1389 5503 1584 5557; x_wconf 86' lang='lat' dir='ltr'><strong>corpus</strong></span> <span class='ocrx_word' id='word_1_660' title='bbox 1615 5489 1701 5540; x_wconf 85' lang='lat' dir='ltr'><strong>in-</strong></span> 
     </span>
    </p>
   </div>
   <div class='ocr_carea' id='block_1_95' title="bbox 139 5556 1700 5623">
    <p class='ocr_par' dir='ltr' id='par_1_95' title="bbox 139 5556 1700 5623">
     <span class='ocr_line' id='line_1_96' title="bbox 139 5556 1700 5623; baseline 0 -13"><span class='ocrx_word' id='word_1_661' title='bbox 139 5557 436 5612; x_wconf 76' lang='lat' dir='ltr'><strong>ferebatur:</strong></span> <span class='ocrx_word' id='word_1_662' title='bbox 461 5556 807 5613; x_wconf 28' lang='lat' dir='ltr'><strong>color’autem</strong></span> <span class='ocrx_word' id='word_1_663' title='bbox 833 5556 1070 5623; x_wconf 73' lang='lat' dir='ltr'><strong>ejusdem</strong></span> <span class='ocrx_word' id='word_1_664' title='bbox 1099 5558 1429 5610; x_wconf 87' lang='lat' dir='ltr'><strong>monumenti</strong></span> <span class='ocrx_word' id='word_1_665' title='bbox 1456 5556 1518 5610; x_wconf 67' lang='lat' dir='ltr'><strong>at:</strong></span> <span class='ocrx_word' id='word_1_666' title='bbox 1544 5558 1700 5611; x_wconf 89' lang='lat' dir='ltr'><strong>loculi</strong></span> 
     </span>
    </p>
   </div>
   <div class='ocr_carea' id='block_1_96' title="bbox 141 5627 1703 5697">
    <p class='ocr_par' dir='ltr' id='par_1_96' title="bbox 141 5627 1703 5697">
     <span class='ocr_line' id='line_1_97' title="bbox 141 5627 1703 5697; baseline 0.001 -17"><span class='ocrx_word' id='word_1_667' title='bbox 141 5630 431 5683; x_wconf 71' lang='lat' dir='ltr'><strong>rubii-nudo</strong></span> <span class='ocrx_word' id='word_1_668' title='bbox 456 5640 510 5684; x_wconf 89' lang='lat' dir='ltr'><strong>et</strong></span> <span class='ocrx_word' id='word_1_669' title='bbox 557 5629 678 5683; x_wconf 89' lang='lat' dir='ltr'><strong>albo</strong></span> <span class='ocrx_word' id='word_1_670' title='bbox 704 5629 899 5681; x_wconf 86' lang='lat' dir='ltr'><strong>dicitur</strong></span> <span class='ocrx_word' id='word_1_671' title='bbox 923 5645 1041 5682; x_wconf 88' lang='lat' dir='ltr'><strong>esse</strong></span> <span class='ocrx_word' id='word_1_672' title='bbox 1071 5628 1386 5697; x_wconf 82' lang='lat' dir='ltr'><strong>permixtus.</strong></span> <span class='ocrx_word' id='word_1_673' title='bbox 1421 5627 1626 5680; x_wconf 81' lang='lat' dir='ltr'><strong>Rubmti</strong></span> <span class='ocrx_word' id='word_1_674' title='bbox 1651 5629 1703 5681; x_wconf 87' lang='lat' dir='ltr'><strong>in</strong></span> 
     </span>
    </p>
   </div>
   <div class='ocr_carea' id='block_1_97' title="bbox 145 5697 1702 5769">
    <p class='ocr_par' dir='ltr' id='par_1_97' title="bbox 145 5697 1702 5769">
     <span class='ocr_line' id='line_1_98' title="bbox 145 5697 1702 5769; baseline 0.001 -20"><span class='ocrx_word' id='word_1_675' title='bbox 145 5697 327 5752; x_wconf 82' lang='lat' dir='ltr'><strong>Matth.</strong></span> <span class='ocrx_word' id='word_1_676' title='bbox 353 5701 442 5753; x_wconf 85' lang='lat' dir='ltr'><strong>lib.</strong></span> <span class='ocrx_word' id='word_1_677' title='bbox 470 5717 584 5764; x_wconf 84' lang='lat' dir='ltr'><strong>vttt,</strong></span> <span class='ocrx_word' id='word_1_678' title='bbox 609 5715 725 5769; x_wconf 83' lang='lat' dir='ltr'><strong>cap.</strong></span> <span class='ocrx_word' id='word_1_679' title='bbox 754 5698 842 5752; x_wconf 69' lang='grc' dir='ltr'><strong>Ξῖ.</strong></span> <span class='ocrx_word' id='word_1_680' title='bbox 878 5698 1158 5769; x_wconf 77' lang='lat' dir='ltr'><strong>Desumpta</strong></span> <span class='ocrx_word' id='word_1_681' title='bbox 1191 5700 1313 5769; x_wconf 78' lang='lat' dir='ltr'><strong>luvt_</strong></span> <span class='ocrx_word' id='word_1_682' title='bbox 1327 5697 1602 5769; x_wconf 80' lang='lat' dir='ltr'><strong>descriptio</strong></span> <span class='ocrx_word' id='word_1_683' title='bbox 1628 5707 1702 5750; x_wconf 83' lang='lat' dir='ltr'><strong>est</strong></span> 
     </span>
    </p>
   </div>
   <div class='ocr_carea' id='block_1_98' title="bbox 140 5767 1699 5838">
    <p class='ocr_par' dir='ltr' id='par_1_98' title="bbox 140 5767 1699 5838">
     <span class='ocr_line' id='line_1_99' title="bbox 140 5767 1699 5838; baseline -0.003 -16"><span class='ocrx_word' id='word_1_684' title='bbox 140 5782 203 5822; x_wconf 70' lang='lat' dir='ltr'><strong>ex</strong></span> <span class='ocrx_word' id='word_1_685' title='bbox 239 5770 375 5825; x_wconf 84' lang='lat' dir='ltr'><strong>Beda</strong></span> <span class='ocrx_word' id='word_1_686' title='bbox 411 5773 463 5825; x_wconf 86' lang='lat' dir='ltr'><strong>in</strong></span> <span class='ocrx_word' id='word_1_687' title='bbox 492 5767 793 5824; x_wconf 54' lang='lat' dir='ltr'><strong>MatthJIib.</strong></span> <span class='ocrx_word' id='word_1_688' title='bbox 821 5785 890 5832; x_wconf 87' lang='lat' dir='ltr'><strong>tv,</strong></span> <span class='ocrx_word' id='word_1_689' title='bbox 934 5785 1050 5838; x_wconf 81' lang='lat' dir='ltr'><strong>cap.</strong></span> <span class='ocrx_word' id='word_1_690' title='bbox 1076 5768 1176 5833; x_wconf 71' lang='lat'><strong>&quot;&#39;28;</strong></span> <span class='ocrx_word' id='word_1_691' title='bbox 1206 5769 1258 5819; x_wconf 84' lang='lat' dir='ltr'><strong>in</strong></span> <span class='ocrx_word' id='word_1_692' title='bbox 1289 5767 1453 5820; x_wconf 79' lang='lat' dir='ltr'><strong>Marc.</strong></span> <span class='ocrx_word' id='word_1_693' title='bbox 1493 5768 1590 5838; x_wconf 66' lang='lat' dir='ltr'><strong>lib.</strong></span> <span class='ocrx_word' id='word_1_694' title='bbox 1628 5784 1699 5831; x_wconf 91' lang='lat' dir='ltr'><strong>tv,</strong></span> 
     </span>
    </p>
   </div>
   <div class='ocr_carea' id='block_1_99' title="bbox 1255 4577 1691 4648">
    <p class='ocr_par' dir='ltr' id='par_1_99' title="bbox 1255 4577 1691 4648">
     <span class='ocr_line' id='line_1_100' title="bbox 1255 4577 1691 4648; baseline 0.005 -18"><span class='ocrx_word' id='word_1_695' title='bbox 1255 4577 1410 4648; x_wconf 67' lang='lat' dir='ltr'><strong>Iangt&#39;i</strong></span> <span class='ocrx_word' id='word_1_696' title='bbox 1436 4577 1691 4634; x_wconf 79' lang='lat' dir='ltr'><strong>Glossarii</strong></span> 
     </span>
    </p>
   </div>
   <div class='ocr_carea' id='block_1_100' title="bbox 1789 3601 3366 3726">
    <p class='ocr_par' dir='ltr' id='par_1_100' title="bbox 1789 3601 3366 3726">
     <span class='ocr_line' id='line_1_101' title="bbox 1789 3601 3366 3726; baseline -0.002 -68"><span class='ocrx_word' id='word_1_697' title='bbox 1789 3620 1910 3673; x_wconf 88' lang='lat' dir='ltr'><strong>cap.</strong></span> <span class='ocrx_word' id='word_1_698' title='bbox 1936 3603 2029 3726; x_wconf 50' lang='lat'><strong>$5.</strong></span> <span class='ocrx_word' id='word_1_699' title='bbox 2069 3602 2192 3658; x_wconf 79' lang='lat' dir='ltr'><strong>Vide</strong></span> <span class='ocrx_word' id='word_1_700' title='bbox 2222 3604 2379 3658; x_wconf 90' lang='lat' dir='ltr'><strong>etiam</strong></span> <span class='ocrx_word' id='word_1_701' title='bbox 2407 3603 2548 3674; x_wconf 88' lang='lat' dir='ltr'><strong>apud</strong></span> <span class='ocrx_word' id='word_1_702' title='bbox 2585 3606 2840 3659; x_wconf 90' lang='lat' dir='ltr'><strong>eumdem.</strong></span> <span class='ocrx_word' id='word_1_703' title='bbox 2865 3604 2941 3659; x_wconf 79' lang='lat' dir='ltr'><strong>De</strong></span> <span class='ocrx_word' id='word_1_704' title='bbox 2964 3601 3116 3658; x_wconf 86' lang='lat' dir='ltr'><strong>Locis</strong></span> <span class='ocrx_word' id='word_1_705' title='bbox 3149 3603 3366 3668; x_wconf 87' lang='lat' dir='ltr'><strong>sanctis,</strong></span> 
     </span>
     <span class='ocr_line' id='line_1_102' title="bbox 1790 3689 1992 3726; baseline 0 0"><span class='ocrx_word' id='word_1_706' title='bbox 1790 3689 1910 3726; x_wconf 85' lang='lat' dir='ltr'><strong>ean.</strong></span> <span class='ocrx_word' id='word_1_707' title='bbox 1980 3715 1992 3726; x_wconf 93' lang='lat'><strong>.</strong></span> 
     </span>
    </p>
   </div>
   <div class='ocr_carea' id='block_1_101' title="bbox 1790 3689 1992 3728">
    <p class='ocr_par' dir='ltr' id='par_1_101' title="bbox 1790 3689 1992 3728">
     <span class='ocr_line' id='line_1_103' title="bbox 1790 3689 1992 3728; baseline -0.01 0"><span class='ocrx_word' id='word_1_708' title='bbox 1790 3689 1910 3728; x_wconf 85' lang='lat' dir='ltr'><strong>can.</strong></span> <span class='ocrx_word' id='word_1_709' title='bbox 1936 3689 1992 3726; x_wconf 68' lang='lat'><strong>2.</strong></span> 
     </span>
    </p>
   </div>
   <div class='ocr_carea' id='block_1_102' title="bbox 1857 3689 3368 3812">
    <p class='ocr_par' dir='ltr' id='par_1_102' title="bbox 1857 3689 3368 3812">
     <span class='ocr_line' id='line_1_104' title="bbox 1857 3689 3368 3812; baseline -0.001 -17"><span class='ocrx_word' id='word_1_710' title='bbox 1857 3689 2148 3812; x_wconf 46' lang='lat' dir='ltr'><strong>5{.(iirpus,</strong></span> <span class='ocrx_word' id='word_1_711' title='bbox 2177 3741 2318 3810; x_wconf 91' lang='lat' dir='ltr'><strong>quod</strong></span> <span class='ocrx_word' id='word_1_712' title='bbox 2345 3743 2590 3811; x_wconf 88' lang='lat' dir='ltr'><strong>supinum</strong></span> <span class='ocrx_word' id='word_1_713' title='bbox 2614 3741 2822 3811; x_wconf 74' lang='lat' dir='ltr'><strong>iacens,</strong></span> <span class='ocrx_word' id='word_1_714' title='bbox 2853 3751 3015 3812; x_wconf 88' lang='lat' dir='ltr'><strong>caput</strong></span> <span class='ocrx_word' id='word_1_715' title='bbox 3040 3741 3274 3796; x_wconf 88' lang='lat' dir='ltr'><strong>habebat</strong></span> <span class='ocrx_word' id='word_1_716' title='bbox 3302 3740 3368 3794; x_wconf 85' lang='lat' dir='ltr'><strong>ad</strong></span> 
     </span>
    </p>
   </div>
   <div class='ocr_carea' id='block_1_103' title="bbox 1790 3812 3368 3874">
    <p class='ocr_par' dir='ltr' id='par_1_103' title="bbox 1790 3812 3368 3874">
     <span class='ocr_line' id='line_1_105' title="bbox 1790 3812 3368 3874; baseline -0.003 -8"><span class='ocrx_word' id='word_1_717' title='bbox 1790 3827 2065 3874; x_wconf 89' lang='lat' dir='ltr'><strong>occasum,</strong></span> <span class='ocrx_word' id='word_1_718' title='bbox 2089 3813 2366 3865; x_wconf 82' lang='lat' dir='ltr'><strong>dexteram</strong></span> <span class='ocrx_word' id='word_1_719' title='bbox 2399 3827 2622 3866; x_wconf 89' lang='lat' dir='ltr'><strong>necesse</strong></span> <span class='ocrx_word' id='word_1_720' title='bbox 2645 3822 2728 3866; x_wconf 88' lang='lat' dir='ltr'><strong>est</strong></span> <span class='ocrx_word' id='word_1_721' title='bbox 2753 3813 2977 3866; x_wconf 86' lang='lat' dir='ltr'><strong>haberet</strong></span> <span class='ocrx_word' id='word_1_722' title='bbox 3006 3812 3071 3864; x_wconf 90' lang='lat' dir='ltr'><strong>ad</strong></span> <span class='ocrx_word' id='word_1_723' title='bbox 3104 3821 3368 3864; x_wconf 89' lang='lat' dir='ltr'><strong>austrum.</strong></span> 
     </span>
    </p>
   </div>
   <div class='ocr_carea' id='block_1_104' title="bbox 1791 3878 3372 4004">
    <p class='ocr_par' dir='ltr' id='par_1_104' title="bbox 1791 3878 3372 4004">
     <span class='ocr_line' id='line_1_106' title="bbox 1791 3878 3372 4004; baseline -0.002 -69"><span class='ocrx_word' id='word_1_724' title='bbox 1791 3881 1935 4004; x_wconf 45' lang='lat' dir='ltr'><strong>Dida</strong></span> <span class='ocrx_word' id='word_1_725' title='bbox 1966 3881 2022 3934; x_wconf 89' lang='lat' dir='ltr'><strong>in</strong></span> <span class='ocrx_word' id='word_1_726' title='bbox 2047 3880 2242 3947; x_wconf 69' lang='lat' dir='ltr'><strong>illam,</strong></span> <span class='ocrx_word' id='word_1_727' title='bbox 2272 3881 2364 3937; x_wconf 89' lang='lat' dir='ltr'><strong>lib.</strong></span> <span class='ocrx_word' id='word_1_728' title='bbox 2392 3885 2616 3952; x_wconf 64' lang='lat' dir='ltr'><strong>tv,‘cap.</strong></span> <span class='ocrx_word' id='word_1_729' title='bbox 2648 3882 2736 3946; x_wconf 77' lang='grc'><strong>16,</strong></span> <span class='ocrx_word' id='word_1_730' title='bbox 2757 3891 2803 3934; x_wconf 91' lang='lat' dir='ltr'><strong>et</strong></span> <span class='ocrx_word' id='word_1_731' title='bbox 2840 3881 3039 3935; x_wconf 80' lang='lat' dir='ltr'><strong>llomil.</strong></span> <span class='ocrx_word' id='word_1_732' title='bbox 3067 3881 3120 3934; x_wconf 85' lang='lat' dir='ltr'><strong>in</strong></span> <span class='ocrx_word' id='word_1_733' title='bbox 3150 3881 3232 3934; x_wconf 89' lang='lat' dir='ltr'><strong>die</strong></span> <span class='ocrx_word' id='word_1_734' title='bbox 3263 3878 3372 3932; x_wconf 83' lang='lat' dir='ltr'><strong>Pa-</strong></span> 
     </span>
     <span class='ocr_line' id='line_1_107' title="bbox 1791 3968 1952 4004; baseline 0 0"><span class='ocrx_word' id='word_1_735' title='bbox 1791 3969 1846 4004; x_wconf 88' lang='lat' dir='ltr'><strong>sc</strong></span> <span class='ocrx_word' id='word_1_736' title='bbox 1886 3968 1952 4004; x_wconf 78' lang='grc' dir='ltr'><strong>ω.</strong></span> 
     </span>
    </p>
   </div>
   <div class='ocr_carea' id='block_1_105' title="bbox 1790 3968 1952 4006">
    <p class='ocr_par' dir='ltr' id='par_1_105' title="bbox 1790 3968 1952 4006">
     <span class='ocr_line' id='line_1_108' title="bbox 1790 3968 1952 4006; baseline -0.006 -1"><span class='ocrx_word' id='word_1_737' title='bbox 1790 3968 1952 4006; x_wconf 77' lang='lat' dir='ltr'><strong>some.</strong></span> 
     </span>
    </p>
   </div>
   <div class='ocr_carea' id='block_1_106' title="bbox 1865 4020 3367 4090">
    <p class='ocr_par' dir='ltr' id='par_1_106' title="bbox 1865 4020 3367 4090">
     <span class='ocr_line' id='line_1_109' title="bbox 1865 4020 3367 4090; baseline -0.002 -15"><span class='ocrx_word' id='word_1_738' title='bbox 1865 4037 1887 4060; x_wconf 71' lang='grc' dir='ltr'><strong>υ</strong></span> <span class='ocrx_word' id='word_1_739' title='bbox 1912 4021 2175 4089; x_wconf 74' lang='lat' dir='ltr'><strong>Ioseph...</strong></span> <span class='ocrx_word' id='word_1_740' title='bbox 2200 4020 2422 4074; x_wconf 74' lang='lat' dir='ltr'><strong>advolvit</strong></span> <span class='ocrx_word' id='word_1_741' title='bbox 2453 4038 2642 4075; x_wconf 75' lang='lat' dir='ltr'><strong>saxum</strong></span> <span class='ocrx_word' id='word_1_742' title='bbox 2679 4037 2924 4090; x_wconf 85' lang='lat' dir='ltr'><strong>magnum</strong></span> <span class='ocrx_word' id='word_1_743' title='bbox 2948 4020 3016 4074; x_wconf 89' lang='lat' dir='ltr'><strong>ad</strong></span> <span class='ocrx_word' id='word_1_744' title='bbox 3040 4021 3228 4075; x_wconf 86' lang='lat' dir='ltr'><strong>ostium</strong></span> <span class='ocrx_word' id='word_1_745' title='bbox 3254 4036 3367 4072; x_wconf 88' lang='lat' dir='ltr'><strong>mo-</strong></span> 
     </span>
    </p>
   </div>
   <div class='ocr_carea' id='block_1_107' title="bbox 1791 4090 3368 4161">
    <p class='ocr_par' dir='ltr' id='par_1_107' title="bbox 1791 4090 3368 4161">
     <span class='ocr_line' id='line_1_110' title="bbox 1791 4090 3368 4161; baseline -0.002 -16"><span class='ocrx_word' id='word_1_746' title='bbox 1791 4091 2024 4145; x_wconf 83' lang='lat' dir='ltr'><strong>numenti</strong></span> <span class='ocrx_word' id='word_1_747' title='bbox 2057 4101 2104 4143; x_wconf 88' lang='lat' dir='ltr'><strong>et</strong></span> <span class='ocrx_word' id='word_1_748' title='bbox 2135 4090 2280 4143; x_wconf 89' lang='lat' dir='ltr'><strong>abiit.</strong></span> <span class='ocrx_word' id='word_1_749' title='bbox 2321 4090 2520 4145; x_wconf 78' lang='lat' dir='ltr'><strong>Saxum</strong></span> <span class='ocrx_word' id='word_1_750' title='bbox 2557 4106 2828 4161; x_wconf 89' lang='lat' dir='ltr'><strong>magnum,</strong></span> <span class='ocrx_word' id='word_1_751' title='bbox 2857 4091 2998 4158; x_wconf 88' lang='lat' dir='ltr'><strong>quod</strong></span> <span class='ocrx_word' id='word_1_752' title='bbox 3028 4107 3133 4145; x_wconf 91' lang='lat' dir='ltr'><strong>non</strong></span> <span class='ocrx_word' id='word_1_753' title='bbox 3165 4091 3368 4161; x_wconf 80' lang='lat' dir='ltr'><strong>absque</strong></span> 
     </span>
    </p>
   </div>
   <div class='ocr_carea' id='block_1_108' title="bbox 1791 4159 3369 4284">
    <p class='ocr_par' dir='ltr' id='par_1_108' title="bbox 1791 4159 3369 4284">
     <span class='ocr_line' id='line_1_111' title="bbox 1791 4159 3369 4284; baseline -0.001 -71"><span class='ocrx_word' id='word_1_754' title='bbox 1791 4161 2396 4284; x_wconf 44' lang='lat' dir='ltr'><strong>ﬁtziliobplurimorum</strong></span> <span class='ocrx_word' id='word_1_755' title='bbox 2442 4159 2708 4231; x_wconf 74' lang='lat' dir='ltr'><strong>potuisset</strong></span> <span class='ocrx_word' id='word_1_756' title='bbox 2762 4161 3064 4231; x_wconf 90' lang='lat' dir='ltr'><strong>sepulcrum</strong></span> <span class='ocrx_word' id='word_1_757' title='bbox 3115 4159 3369 4214; x_wconf 86' lang='lat' dir='ltr'><strong>reserari.</strong></span> 
     </span>
     <span class='ocr_line' id='line_1_112' title="bbox 1841 4247 2091 4284; baseline 0 0"><span class='ocrx_word' id='word_1_758' title='bbox 1841 4249 1866 4284; x_wconf 89' lang='lat' dir='ltr'><strong>e</strong></span> <span class='ocrx_word' id='word_1_759' title='bbox 1908 4249 1978 4284; x_wconf 77' lang='lat' dir='ltr'><strong>at</strong></span> <span class='ocrx_word' id='word_1_760' title='bbox 2018 4247 2032 4282; x_wconf 84' lang='lat' dir='ltr'><strong>t</strong></span> <span class='ocrx_word' id='word_1_761' title='bbox 2079 4271 2091 4284; x_wconf 95' lang='lat'><strong>.</strong></span> 
     </span>
    </p>
   </div>
   <div class='ocr_carea' id='block_1_109' title="bbox 1841 4247 2091 4285">
    <p class='ocr_par' dir='ltr' id='par_1_109' title="bbox 1841 4247 2091 4285">
     <span class='ocr_line' id='line_1_113' title="bbox 1841 4247 2091 4285; baseline 0 -1"><span class='ocrx_word' id='word_1_762' title='bbox 1841 4247 1938 4285; x_wconf 84' lang='lat' dir='ltr'><strong>eaa</strong></span> <span class='ocrx_word' id='word_1_763' title='bbox 1963 4247 2091 4284; x_wconf 79' lang='grc' dir='ltr'>ιυια.</span> 
     </span>
    </p>
   </div>
   <div class='ocr_carea' id='block_1_110' title="bbox 1873 4299 3367 4366">
    <p class='ocr_par' dir='ltr' id='par_1_110' title="bbox 1873 4299 3367 4366">
     <span class='ocr_line' id='line_1_114' title="bbox 1873 4299 3367 4366; baseline -0.003 -11"><span class='ocrx_word' id='word_1_764' title='bbox 1873 4300 1891 4339; x_wconf 70' lang='grc' dir='ltr'>ί</span> <span class='ocrx_word' id='word_1_765' title='bbox 1934 4301 2021 4355; x_wconf 87' lang='lat' dir='ltr'><strong>Ait</strong></span> <span class='ocrx_word' id='word_1_766' title='bbox 2052 4300 2155 4354; x_wconf 87' lang='lat' dir='ltr'><strong>illis</strong></span> <span class='ocrx_word' id='word_1_767' title='bbox 2180 4299 2420 4355; x_wconf 83' lang='lat' dir='ltr'><strong>Pilatus:</strong></span> <span class='ocrx_word' id='word_1_768' title='bbox 2448 4300 2670 4355; x_wconf 80' lang='lat' dir='ltr'><strong>Habetis</strong></span> <span class='ocrx_word' id='word_1_769' title='bbox 2706 4301 3028 4366; x_wconf 88' lang='lat' dir='ltr'><strong>custodiam,</strong></span> <span class='ocrx_word' id='word_1_770' title='bbox 3061 4301 3154 4363; x_wconf 88' lang='lat' dir='ltr'><strong>ite,</strong></span> <span class='ocrx_word' id='word_1_771' title='bbox 3185 4307 3367 4353; x_wconf 82' lang='lat' dir='ltr'><strong>custo-</strong></span> 
     </span>
    </p>
   </div>
   <div class='ocr_carea' id='block_1_111' title="bbox 1797 4367 3368 4440">
    <p class='ocr_par' dir='ltr' id='par_1_111' title="bbox 1797 4367 3368 4440">
     <span class='ocr_line' id='line_1_115' title="bbox 1797 4367 3368 4440; baseline -0.003 -15"><span class='ocrx_word' id='word_1_772' title='bbox 1797 4370 1909 4425; x_wconf 90' lang='lat' dir='ltr'><strong>dite</strong></span> <span class='ocrx_word' id='word_1_773' title='bbox 1937 4371 2076 4426; x_wconf 90' lang='lat' dir='ltr'><strong>sicut</strong></span> <span class='ocrx_word' id='word_1_774' title='bbox 2116 4372 2287 4426; x_wconf 88' lang='lat' dir='ltr'><strong>scitis.</strong></span> <span class='ocrx_word' id='word_1_775' title='bbox 2319 4371 2397 4426; x_wconf 84' lang='lat' dir='ltr'><strong>Ac</strong></span> <span class='ocrx_word' id='word_1_776' title='bbox 2433 4371 2476 4425; x_wconf 90' lang='lat' dir='ltr'><strong>si</strong></span> <span class='ocrx_word' id='word_1_777' title='bbox 2517 4371 2738 4426; x_wconf 80' lang='lat' dir='ltr'><strong>dixisset</strong></span> <span class='ocrx_word' id='word_1_778' title='bbox 2773 4389 2787 4424; x_wconf 90' lang='lat'><strong><em>:</em></strong></span> <span class='ocrx_word' id='word_1_779' title='bbox 2827 4371 3049 4426; x_wconf 87' lang='lat' dir='ltr'><strong>sulliciat</strong></span> <span class='ocrx_word' id='word_1_780' title='bbox 3086 4371 3198 4440; x_wconf 87' lang='lat' dir='ltr'><strong>jam</strong></span> <span class='ocrx_word' id='word_1_781' title='bbox 3224 4367 3368 4438; x_wconf 89' lang='lat' dir='ltr'><strong>quod</strong></span> 
     </span>
    </p>
   </div>
   <div class='ocr_carea' id='block_1_112' title="bbox 1801 4441 3368 4510">
    <p class='ocr_par' dir='ltr' id='par_1_112' title="bbox 1801 4441 3368 4510">
     <span class='ocr_line' id='line_1_116' title="bbox 1801 4441 3368 4510; baseline 0.001 -19"><span class='ocrx_word' id='word_1_782' title='bbox 1801 4441 1952 4494; x_wconf 80' lang='lat' dir='ltr'><strong>vobis</strong></span> <span class='ocrx_word' id='word_1_783' title='bbox 1987 4457 2082 4510; x_wconf 87' lang='lat' dir='ltr'><strong>per</strong></span> <span class='ocrx_word' id='word_1_784' title='bbox 2109 4441 2216 4494; x_wconf 91' lang='lat' dir='ltr'><strong>vim</strong></span> <span class='ocrx_word' id='word_1_785' title='bbox 2252 4442 2592 4496; x_wconf 90' lang='lat' dir='ltr'><strong>consentiens</strong></span> <span class='ocrx_word' id='word_1_786' title='bbox 2641 4442 2692 4495; x_wconf 88' lang='lat' dir='ltr'><strong>in</strong></span> <span class='ocrx_word' id='word_1_787' title='bbox 2725 4457 2854 4496; x_wconf 89' lang='lat' dir='ltr'><strong>nece</strong></span> <span class='ocrx_word' id='word_1_788' title='bbox 2897 4441 3201 4510; x_wconf 73' lang='lat' dir='ltr'><strong>innocentis</strong></span> <span class='ocrx_word' id='word_1_789' title='bbox 3239 4454 3368 4493; x_wconf 90' lang='lat' dir='ltr'><strong>con-</strong></span> 
     </span>
    </p>
   </div>
   <div class='ocr_carea' id='block_1_113' title="bbox 1797 4507 3360 4580">
    <p class='ocr_par' dir='ltr' id='par_1_113' title="bbox 1797 4507 3360 4580">
     <span class='ocr_line' id='line_1_117' title="bbox 1797 4507 3360 4580; baseline -0.003 -14"><span class='ocrx_word' id='word_1_790' title='bbox 1797 4511 1920 4575; x_wconf 69' lang='lat' dir='ltr'><strong>leci,</strong></span> <span class='ocrx_word' id='word_1_791' title='bbox 1951 4507 2226 4565; x_wconf 76' lang='lat' dir='ltr'><strong>vobiscum</strong></span> <span class='ocrx_word' id='word_1_792' title='bbox 2257 4520 2568 4580; x_wconf 87' lang='lat' dir='ltr'><strong>permaneat</strong></span> <span class='ocrx_word' id='word_1_793' title='bbox 2599 4528 2768 4567; x_wconf 88' lang='lat' dir='ltr'><strong>error.</strong></span> <span class='ocrx_word' id='word_1_794' title='bbox 2813 4510 3016 4564; x_wconf 85' lang='lat' dir='ltr'><strong>Rabani</strong></span> <span class='ocrx_word' id='word_1_795' title='bbox 3055 4511 3109 4564; x_wconf 87' lang='lat' dir='ltr'><strong>in</strong></span> <span class='ocrx_word' id='word_1_796' title='bbox 3145 4507 3360 4573; x_wconf 64' lang='lat' dir='ltr'><strong>Matt/4.,</strong></span> 
     </span>
    </p>
   </div>
   <div class='ocr_carea' id='block_1_114' title="bbox 1797 4581 2608 4650">
    <p class='ocr_par' dir='ltr' id='par_1_114' title="bbox 1797 4581 2608 4650">
     <span class='ocr_line' id='line_1_118' title="bbox 1797 4581 2608 4650; baseline -0.004 -13"><span class='ocrx_word' id='word_1_797' title='bbox 1797 4583 1916 4637; x_wconf 83' lang='lat' dir='ltr'><strong>cod.</strong></span> <span class='ocrx_word' id='word_1_798' title='bbox 1971 4597 2069 4636; x_wconf 92' lang='lat' dir='ltr'><strong>ms.</strong></span> <span class='ocrx_word' id='word_1_799' title='bbox 2102 4581 2240 4635; x_wconf 80' lang='lat' dir='ltr'><strong>Bibl.</strong></span> <span class='ocrx_word' id='word_1_800' title='bbox 2267 4585 2418 4650; x_wconf 76' lang='lat' dir='ltr'><strong>regite</strong></span> <span class='ocrx_word' id='word_1_801' title='bbox 2451 4582 2608 4636; x_wconf 70' lang='grc'><strong>2459.</strong></span> 
     </span>
    </p>
   </div>
   <div class='ocr_carea' id='block_1_115' title="bbox 1870 4650 3370 4720">
    <p class='ocr_par' dir='ltr' id='par_1_115' title="bbox 1870 4650 3370 4720">
     <span class='ocr_line' id='line_1_119' title="bbox 1870 4650 3370 4720; baseline -0.001 -15"><span class='ocrx_word' id='word_1_802' title='bbox 1870 4654 1893 4690; x_wconf 71' lang='grc' dir='ltr'><em>ε</em></span> <span class='ocrx_word' id='word_1_803' title='bbox 1922 4652 2285 4705; x_wconf 87' lang='lat' dir='ltr'><strong>Sabbatnm...</strong></span> <span class='ocrx_word' id='word_1_804' title='bbox 2313 4654 2364 4705; x_wconf 90' lang='lat' dir='ltr'><strong>in</strong></span> <span class='ocrx_word' id='word_1_805' title='bbox 2395 4665 2459 4704; x_wconf 89' lang='lat' dir='ltr'><strong>eo</strong></span> <span class='ocrx_word' id='word_1_806' title='bbox 2487 4652 2573 4705; x_wconf 90' lang='lat' dir='ltr'><strong>die</strong></span> <span class='ocrx_word' id='word_1_807' title='bbox 2606 4651 2868 4720; x_wconf 84' lang='lat' dir='ltr'><strong>requievit</strong></span> <span class='ocrx_word' id='word_1_808' title='bbox 2901 4650 3158 4705; x_wconf 88' lang='lat' dir='ltr'><strong>Dominus</strong></span> <span class='ocrx_word' id='word_1_809' title='bbox 3203 4650 3255 4703; x_wconf 90' lang='lat' dir='ltr'><strong>in</strong></span> <span class='ocrx_word' id='word_1_810' title='bbox 3283 4664 3370 4704; x_wconf 86' lang='lat' dir='ltr'><strong>se-</strong></span> 
     </span>
    </p>
   </div>
   <div class='ocr_carea' id='block_1_116' title="bbox 1795 4720 3367 4791">
    <p class='ocr_par' dir='ltr' id='par_1_116' title="bbox 1795 4720 3367 4791">
     <span class='ocr_line' id='line_1_120' title="bbox 1795 4720 3367 4791; baseline 0 -19"><span class='ocrx_word' id='word_1_811' title='bbox 1795 4722 2005 4790; x_wconf 89' lang='lat' dir='ltr'><strong>pulcro,</strong></span> <span class='ocrx_word' id='word_1_812' title='bbox 2037 4732 2094 4791; x_wconf 75' lang='lat' dir='ltr'><strong>ut</strong></span> <span class='ocrx_word' id='word_1_813' title='bbox 2119 4723 2315 4791; x_wconf 79' lang='lat' dir='ltr'><strong>quieti-</strong></span> <span class='ocrx_word' id='word_1_814' title='bbox 2348 4722 2488 4774; x_wconf 81' lang='lat' dir='ltr'><strong>illius</strong></span> <span class='ocrx_word' id='word_1_815' title='bbox 2513 4722 2828 4791; x_wconf 81' lang='lat' dir='ltr'><strong>mysterium</strong></span> <span class='ocrx_word' id='word_1_816' title='bbox 2856 4722 3222 4774; x_wconf 88' lang='lat' dir='ltr'><strong>conlirmaret.</strong></span> <span class='ocrx_word' id='word_1_817' title='bbox 3259 4720 3367 4772; x_wconf 77' lang='lat' dir='ltr'><strong>Ita-</strong></span> 
     </span>
    </p>
   </div>
   <div class='ocr_carea' id='block_1_117' title="bbox 1798 4789 3371 4859">
    <p class='ocr_par' dir='ltr' id='par_1_117' title="bbox 1798 4789 3371 4859">
     <span class='ocr_line' id='line_1_121' title="bbox 1798 4789 3371 4859; baseline -0.001 -16"><span class='ocrx_word' id='word_1_818' title='bbox 1798 4789 1917 4843; x_wconf 82' lang='lat' dir='ltr'><strong>buni</strong></span> <span class='ocrx_word' id='word_1_819' title='bbox 1951 4793 2014 4844; x_wconf 90' lang='lat' dir='ltr'><strong>de</strong></span> <span class='ocrx_word' id='word_1_820' title='bbox 2051 4789 2320 4854; x_wconf 81' lang='lat' dir='ltr'><strong>Uuirerso,</strong></span> <span class='ocrx_word' id='word_1_821' title='bbox 2350 4792 2442 4844; x_wconf 91' lang='lat' dir='ltr'><strong>lib.</strong></span> <span class='ocrx_word' id='word_1_822' title='bbox 2473 4808 2549 4853; x_wconf 74' lang='lat' dir='ltr'><strong>ts,</strong></span> <span class='ocrx_word' id='word_1_823' title='bbox 2571 4789 2711 4859; x_wconf 37' lang='lat' dir='ltr'><strong>_cap.</strong></span> <span class='ocrx_word' id='word_1_824' title='bbox 2741 4791 2824 4844; x_wconf 77' lang='lat' dir='ltr'><strong>lli.</strong></span> <span class='ocrx_word' id='word_1_825' title='bbox 2888 4791 3021 4858; x_wconf 89' lang='lat' dir='ltr'><strong>Quia</strong></span> <span class='ocrx_word' id='word_1_826' title='bbox 3049 4807 3177 4859; x_wconf 81' lang='lat' dir='ltr'><strong>ergo</strong></span> <span class='ocrx_word' id='word_1_827' title='bbox 3219 4800 3371 4844; x_wconf 82' lang='lat' dir='ltr'><strong>sexta</strong></span> 
     </span>
    </p>
   </div>
   <div class='ocr_carea' id='block_1_118' title="bbox 1796 4860 3369 4930">
    <p class='ocr_par' dir='ltr' id='par_1_118' title="bbox 1796 4860 3369 4930">
     <span class='ocr_line' id='line_1_122' title="bbox 1796 4860 3369 4930; baseline -0.002 -15"><span class='ocrx_word' id='word_1_828' title='bbox 1796 4860 1885 4915; x_wconf 88' lang='lat' dir='ltr'><strong>die</strong></span> <span class='ocrx_word' id='word_1_829' title='bbox 1913 4863 2073 4915; x_wconf 88' lang='lat' dir='ltr'><strong>homo</strong></span> <span class='ocrx_word' id='word_1_830' title='bbox 2103 4860 2276 4914; x_wconf 74' lang='lat' dir='ltr'><strong>factus</strong></span> <span class='ocrx_word' id='word_1_831' title='bbox 2304 4870 2356 4914; x_wconf 88' lang='lat' dir='ltr'><strong>et</strong></span> <span class='ocrx_word' id='word_1_832' title='bbox 2379 4870 2490 4914; x_wconf 87' lang='lat' dir='ltr'><strong>tota</strong></span> <span class='ocrx_word' id='word_1_833' title='bbox 2517 4869 2599 4914; x_wconf 89' lang='lat' dir='ltr'><strong>est</strong></span> <span class='ocrx_word' id='word_1_834' title='bbox 2627 4861 2807 4914; x_wconf 89' lang='lat' dir='ltr'><strong>mundi</strong></span> <span class='ocrx_word' id='word_1_835' title='bbox 2838 4870 3082 4915; x_wconf 82' lang='lat' dir='ltr'><strong>creatura</strong></span> <span class='ocrx_word' id='word_1_836' title='bbox 3114 4863 3369 4930; x_wconf 75' lang='lat' dir='ltr'><strong>perfecta,</strong></span> 
     </span>
    </p>
   </div>
   <div class='ocr_carea' id='block_1_119' title="bbox 1799 4930 3372 5000">
    <p class='ocr_par' dir='ltr' id='par_1_119' title="bbox 1799 4930 3372 5000">
     <span class='ocr_line' id='line_1_123' title="bbox 1799 4930 3372 5000; baseline -0.001 -16"><span class='ocrx_word' id='word_1_837' title='bbox 1799 4933 2024 4999; x_wconf 86' lang='lat' dir='ltr'><strong>septima</strong></span> <span class='ocrx_word' id='word_1_838' title='bbox 2064 4939 2244 4984; x_wconf 88' lang='lat' dir='ltr'><strong>autem</strong></span> <span class='ocrx_word' id='word_1_839' title='bbox 2285 4932 2527 4985; x_wconf 91' lang='lat' dir='ltr'><strong>conditor</strong></span> <span class='ocrx_word' id='word_1_840' title='bbox 2563 4930 2630 4983; x_wconf 89' lang='lat' dir='ltr'><strong>ab</strong></span> <span class='ocrx_word' id='word_1_841' title='bbox 2651 4945 2812 4999; x_wconf 77' lang='lat' dir='ltr'><strong>opere</strong></span> <span class='ocrx_word' id='word_1_842' title='bbox 2852 4946 2948 4984; x_wconf 87' lang='lat' dir='ltr'><strong>suo</strong></span> <span class='ocrx_word' id='word_1_843' title='bbox 2978 4932 3262 5000; x_wconf 84' lang='lat' dir='ltr'><strong>requievit,</strong></span> <span class='ocrx_word' id='word_1_844' title='bbox 3289 4946 3372 4983; x_wconf 88' lang='lat' dir='ltr'><strong>re-</strong></span> 
     </span>
    </p>
   </div>
   <div class='ocr_carea' id='block_1_120' title="bbox 1799 5000 3375 5064">
    <p class='ocr_par' dir='ltr' id='par_1_120' title="bbox 1799 5000 3375 5064">
     <span class='ocr_line' id='line_1_124' title="bbox 1799 5000 3375 5064; baseline 0 -10"><span class='ocrx_word' id='word_1_845' title='bbox 1799 5009 1884 5054; x_wconf 89' lang='lat' dir='ltr'><strong>cte</strong></span> <span class='ocrx_word' id='word_1_846' title='bbox 1931 5000 2181 5054; x_wconf 81' lang='lat' dir='ltr'><strong>Salvator</strong></span> <span class='ocrx_word' id='word_1_847' title='bbox 2217 5002 2405 5054; x_wconf 83' lang='lat' dir='ltr'><strong>eadem</strong></span> <span class='ocrx_word' id='word_1_848' title='bbox 2448 5009 2599 5054; x_wconf 80' lang='lat' dir='ltr'><strong>sexta</strong></span> <span class='ocrx_word' id='word_1_849' title='bbox 2642 5000 2727 5054; x_wconf 88' lang='lat' dir='ltr'><strong>die</strong></span> <span class='ocrx_word' id='word_1_850' title='bbox 2771 5001 3082 5064; x_wconf 75' lang='lat' dir='ltr'><strong>cruciﬁxus,</strong></span> <span class='ocrx_word' id='word_1_851' title='bbox 3129 5002 3375 5055; x_wconf 72' lang='lat' dir='ltr'><strong>ltttmante</strong></span> 
     </span>
    </p>
   </div>
   <div class='ocr_carea' id='block_1_121' title="bbox 1802 5070 3373 5139">
    <p class='ocr_par' dir='ltr' id='par_1_121' title="bbox 1802 5070 3373 5139">
     <span class='ocr_line' id='line_1_125' title="bbox 1802 5070 3373 5139; baseline 0 -17"><span class='ocrx_word' id='word_1_852' title='bbox 1802 5071 2217 5124; x_wconf 74' lang='lat' dir='ltr'><strong>restattratnonis</strong></span> <span class='ocrx_word' id='word_1_853' title='bbox 2247 5070 2485 5139; x_wconf 84' lang='lat' dir='ltr'><strong>implevit</strong></span> <span class='ocrx_word' id='word_1_854' title='bbox 2521 5085 2798 5123; x_wconf 88' lang='lat' dir='ltr'><strong>arcanum.</strong></span> <span class='ocrx_word' id='word_1_855' title='bbox 2825 5071 3048 5138; x_wconf 87' lang='lat' dir='ltr'><strong>Ideoque</strong></span> <span class='ocrx_word' id='word_1_856' title='bbox 3071 5087 3191 5124; x_wconf 88' lang='lat' dir='ltr'><strong>cum</strong></span> <span class='ocrx_word' id='word_1_857' title='bbox 3222 5084 3373 5123; x_wconf 84' lang='lat' dir='ltr'><strong>acce-</strong></span> 
     </span>
    </p>
   </div>
   <div class='ocr_carea' id='block_1_122' title="bbox 1801 5141 3376 5208">
    <p class='ocr_par' dir='ltr' id='par_1_122' title="bbox 1801 5141 3376 5208">
     <span class='ocr_line' id='line_1_126' title="bbox 1801 5141 3376 5208; baseline 0.001 -18"><span class='ocrx_word' id='word_1_858' title='bbox 1801 5141 1965 5208; x_wconf 84' lang='lat' dir='ltr'><strong>pisset</strong></span> <span class='ocrx_word' id='word_1_859' title='bbox 1993 5148 2202 5194; x_wconf 86' lang='lat' dir='ltr'><strong>acetum</strong></span> <span class='ocrx_word' id='word_1_860' title='bbox 2230 5141 2386 5200; x_wconf 80' lang='lat' dir='ltr'><strong>dixit,</strong></span> <span class='ocrx_word' id='word_1_861' title='bbox 2409 5151 2817 5193; x_wconf 80' lang='lat' dir='ltr'><strong>consummatum</strong></span> <span class='ocrx_word' id='word_1_862' title='bbox 2851 5151 2946 5202; x_wconf 82' lang='lat' dir='ltr'><strong>est,</strong></span> <span class='ocrx_word' id='word_1_863' title='bbox 2976 5143 3075 5195; x_wconf 89' lang='lat' dir='ltr'><strong>hoc</strong></span> <span class='ocrx_word' id='word_1_864' title='bbox 3101 5150 3186 5194; x_wconf 87' lang='lat' dir='ltr'><strong>est</strong></span> <span class='ocrx_word' id='word_1_865' title='bbox 3213 5148 3376 5194; x_wconf 73' lang='lat' dir='ltr'><strong>sextae</strong></span> 
     </span>
    </p>
   </div>
   <div class='ocr_carea' id='block_1_123' title="bbox 1800 5209 3373 5279">
    <p class='ocr_par' dir='ltr' id='par_1_123' title="bbox 1800 5209 3373 5279">
     <span class='ocr_line' id='line_1_127' title="bbox 1800 5209 3373 5279; baseline -0.001 -17"><span class='ocrx_word' id='word_1_866' title='bbox 1800 5210 1924 5270; x_wconf 90' lang='lat' dir='ltr'><strong>dici,</strong></span> <span class='ocrx_word' id='word_1_867' title='bbox 1960 5211 2101 5278; x_wconf 90' lang='lat' dir='ltr'><strong>quod</strong></span> <span class='ocrx_word' id='word_1_868' title='bbox 2132 5225 2228 5279; x_wconf 85' lang='lat' dir='ltr'><strong>pro</strong></span> <span class='ocrx_word' id='word_1_869' title='bbox 2261 5211 2440 5279; x_wconf 84' lang='lat' dir='ltr'><strong>mundi</strong></span> <span class='ocrx_word' id='word_1_870' title='bbox 2481 5209 2770 5264; x_wconf 79' lang='lat' dir='ltr'><strong>refectione</strong></span> <span class='ocrx_word' id='word_1_871' title='bbox 2801 5211 3031 5279; x_wconf 83' lang='lat' dir='ltr'><strong>suscepi,</strong></span> <span class='ocrx_word' id='word_1_872' title='bbox 3060 5211 3172 5276; x_wconf 81' lang='lat' dir='ltr'><strong>iam</strong></span> <span class='ocrx_word' id='word_1_873' title='bbox 3203 5219 3373 5262; x_wconf 87' lang='lat' dir='ltr'><strong>totttrtt</strong></span> 
     </span>
    </p>
   </div>
   <div class='ocr_carea' id='block_1_124' title="bbox 1802 5277 3374 5348">
    <p class='ocr_par' dir='ltr' id='par_1_124' title="bbox 1802 5277 3374 5348">
     <span class='ocr_line' id='line_1_128' title="bbox 1802 5277 3374 5348; baseline -0.002 -15"><span class='ocrx_word' id='word_1_874' title='bbox 1802 5288 1883 5333; x_wconf 91' lang='lat' dir='ltr'><strong>est</strong></span> <span class='ocrx_word' id='word_1_875' title='bbox 1917 5277 2052 5344; x_wconf 73' lang='lat' dir='ltr'><strong>opus</strong></span> <span class='ocrx_word' id='word_1_876' title='bbox 2079 5277 2370 5348; x_wconf 72' lang='lat' dir='ltr'><strong>expletum.</strong></span> <span class='ocrx_word' id='word_1_877' title='bbox 2419 5278 2654 5334; x_wconf 89' lang='lat' dir='ltr'><strong>Sabbato</strong></span> <span class='ocrx_word' id='word_1_878' title='bbox 2697 5289 2872 5335; x_wconf 87' lang='lat' dir='ltr'><strong>autem</strong></span> <span class='ocrx_word' id='word_1_879' title='bbox 2913 5277 2971 5333; x_wconf 85' lang='lat' dir='ltr'><strong>in</strong></span> <span class='ocrx_word' id='word_1_880' title='bbox 3007 5280 3251 5348; x_wconf 83' lang='lat' dir='ltr'><strong>sepulcro</strong></span> <span class='ocrx_word' id='word_1_881' title='bbox 3293 5294 3374 5330; x_wconf 81' lang='lat' dir='ltr'><strong>re-</strong></span> 
     </span>
    </p>
   </div>
   <div class='ocr_carea' id='block_1_125' title="bbox 1803 5349 3375 5419">
    <p class='ocr_par' dir='ltr' id='par_1_125' title="bbox 1803 5349 3375 5419">
     <span class='ocr_line' id='line_1_129' title="bbox 1803 5349 3375 5419; baseline -0.001 -17"><span class='ocrx_word' id='word_1_882' title='bbox 1803 5350 2111 5419; x_wconf 88' lang='lat' dir='ltr'><strong>quiescens,</strong></span> <span class='ocrx_word' id='word_1_883' title='bbox 2172 5349 2581 5403; x_wconf 83' lang='lat' dir='ltr'><strong>resurrectionis</strong></span> <span class='ocrx_word' id='word_1_884' title='bbox 2625 5364 2743 5419; x_wconf 69' lang='lat' dir='ltr'><strong>qua;</strong></span> <span class='ocrx_word' id='word_1_885' title='bbox 2790 5361 2980 5404; x_wconf 85' lang='lat' dir='ltr'><strong>octava</strong></span> <span class='ocrx_word' id='word_1_886' title='bbox 3026 5353 3112 5419; x_wconf 85' lang='lat' dir='ltr'><strong>die</strong></span> <span class='ocrx_word' id='word_1_887' title='bbox 3151 5357 3375 5419; x_wconf 78' lang='lat' dir='ltr'><strong>ventura</strong></span> 
     </span>
    </p>
   </div>
   <div class='ocr_carea' id='block_1_126' title="bbox 1803 5417 3373 5487">
    <p class='ocr_par' dir='ltr' id='par_1_126' title="bbox 1803 5417 3373 5487">
     <span class='ocr_line' id='line_1_130' title="bbox 1803 5417 3373 5487; baseline -0.003 -14"><span class='ocrx_word' id='word_1_888' title='bbox 1803 5417 1944 5482; x_wconf 79' lang='lat' dir='ltr'><strong>erat,</strong></span> <span class='ocrx_word' id='word_1_889' title='bbox 1991 5421 2338 5487; x_wconf 56' lang='lat' dir='ltr'><strong>exspectabat</strong></span> <span class='ocrx_word' id='word_1_890' title='bbox 2386 5417 2656 5473; x_wconf 86' lang='lat' dir='ltr'><strong>eventum.</strong></span> <span class='ocrx_word' id='word_1_891' title='bbox 2711 5417 2916 5473; x_wconf 66' lang='grc' dir='ltr'><strong>[ἐπινιιηί</strong></span> <span class='ocrx_word' id='word_1_892' title='bbox 2958 5421 3009 5471; x_wconf 85' lang='lat' dir='ltr'><strong>in</strong></span> <span class='ocrx_word' id='word_1_893' title='bbox 3027 5418 3240 5482; x_wconf 78' lang='lat' dir='ltr'><strong>Matth.,</strong></span> <span class='ocrx_word' id='word_1_894' title='bbox 3275 5417 3373 5487; x_wconf 62' lang='grc' dir='ltr'>ιιι),</span> 
     </span>
    </p>
   </div>
   <div class='ocr_carea' id='block_1_127' title="bbox 1809 5486 3380 5611">
    <p class='ocr_par' dir='ltr' id='par_1_127' title="bbox 1809 5486 3380 5611">
     <span class='ocr_line' id='line_1_131' title="bbox 1809 5486 3380 5611; baseline 0.001 -70"><span class='ocrx_word' id='word_1_895' title='bbox 1809 5490 2203 5611; x_wconf 56' lang='lat' dir='ltr'><strong>vlttthcap.27.</strong></span> <span class='ocrx_word' id='word_1_896' title='bbox 2237 5489 2370 5544; x_wconf 72' lang='lat' dir='ltr'><strong>Vide</strong></span> <span class='ocrx_word' id='word_1_897' title='bbox 2397 5489 2594 5543; x_wconf 88' lang='lat' dir='ltr'><strong>Bedam</strong></span> <span class='ocrx_word' id='word_1_898' title='bbox 2633 5491 2687 5542; x_wconf 83' lang='lat' dir='ltr'><strong>in</strong></span> <span class='ocrx_word' id='word_1_899' title='bbox 2715 5489 2930 5542; x_wconf 81' lang='lat' dir='ltr'><strong>Matth..</strong></span> <span class='ocrx_word' id='word_1_900' title='bbox 2949 5487 3038 5541; x_wconf 89' lang='lat' dir='ltr'><strong>lib.</strong></span> <span class='ocrx_word' id='word_1_901' title='bbox 3061 5505 3135 5552; x_wconf 87' lang='lat' dir='ltr'><strong>tv,</strong></span> <span class='ocrx_word' id='word_1_902' title='bbox 3166 5503 3284 5558; x_wconf 85' lang='lat' dir='ltr'><strong>cap.</strong></span> <span class='ocrx_word' id='word_1_903' title='bbox 3308 5486 3380 5542; x_wconf 67' lang='grc'><strong>28</strong></span> 
     </span>
     <span class='ocr_line' id='line_1_132' title="bbox 1809 5575 2031 5611; baseline 0 0"><span class='ocrx_word' id='word_1_904' title='bbox 1809 5575 1831 5611; x_wconf 87' lang='lat' dir='ltr'><strong>e</strong></span> <span class='ocrx_word' id='word_1_905' title='bbox 1883 5576 1908 5609; x_wconf 72' lang='grc' dir='ltr'><strong>ιι</strong></span> <span class='ocrx_word' id='word_1_906' title='bbox 1939 5575 2031 5611; x_wconf 66' lang='grc' dir='ltr'>ιιι.</span> 
     </span>
    </p>
   </div>
   <div class='ocr_carea' id='block_1_128' title="bbox 1805 5560 2031 5612">
    <p class='ocr_par' dir='ltr' id='par_1_128' title="bbox 1805 5560 2031 5612">
     <span class='ocr_line' id='line_1_133' title="bbox 1805 5560 2031 5612; baseline -0.004 -1"><span class='ocrx_word' id='word_1_907' title='bbox 1805 5568 1858 5612; x_wconf 84' lang='lat' dir='ltr'><strong>et</strong></span> <span class='ocrx_word' id='word_1_908' title='bbox 1883 5560 2031 5612; x_wconf 79' lang='lat' dir='ltr'><strong>alibi.</strong></span> 
     </span>
    </p>
   </div>
   <div class='ocr_carea' id='block_1_129' title="bbox 1876 5627 3380 5696">
    <p class='ocr_par' dir='ltr' id='par_1_129' title="bbox 1876 5627 3380 5696">
     <span class='ocr_line' id='line_1_134' title="bbox 1876 5627 3380 5696; baseline -0.001 -14"><span class='ocrx_word' id='word_1_909' title='bbox 1876 5628 2097 5682; x_wconf 87' lang='lat' dir='ltr'><strong>Sabbati</strong></span> <span class='ocrx_word' id='word_1_910' title='bbox 2144 5628 2419 5684; x_wconf 82' lang='lat' dir='ltr'><strong>Paschalis</strong></span> <span class='ocrx_word' id='word_1_911' title='bbox 2455 5629 2730 5683; x_wconf 87' lang='lat' dir='ltr'><strong>veneratio</strong></span> <span class='ocrx_word' id='word_1_912' title='bbox 2761 5629 2888 5682; x_wconf 88' lang='lat' dir='ltr'><strong>hinc</strong></span> <span class='ocrx_word' id='word_1_913' title='bbox 2933 5627 3252 5688; x_wconf 84' lang='lat' dir='ltr'><strong>celebratur.</strong></span> <span class='ocrx_word' id='word_1_914' title='bbox 3281 5642 3380 5696; x_wconf 88' lang='lat' dir='ltr'><strong>pro</strong></span> 
     </span>
    </p>
   </div>
   <div class='ocr_carea' id='block_1_130' title="bbox 1806 5697 3367 5770">
    <p class='ocr_par' dir='ltr' id='par_1_130' title="bbox 1806 5697 3367 5770">
     <span class='ocr_line' id='line_1_135' title="bbox 1806 5697 3367 5770; baseline 0 -18"><span class='ocrx_word' id='word_1_915' title='bbox 1806 5713 1870 5770; x_wconf 79' lang='lat' dir='ltr'><strong>eo</strong></span> <span class='ocrx_word' id='word_1_916' title='bbox 1899 5701 2058 5770; x_wconf 80' lang='lat' dir='ltr'><strong>quod</strong></span> <span class='ocrx_word' id='word_1_917' title='bbox 2099 5699 2286 5753; x_wconf 83' lang='lat' dir='ltr'><strong>eadem</strong></span> <span class='ocrx_word' id='word_1_918' title='bbox 2325 5702 2410 5755; x_wconf 89' lang='lat' dir='ltr'><strong>die</strong></span> <span class='ocrx_word' id='word_1_919' title='bbox 2451 5701 2708 5755; x_wconf 86' lang='lat' dir='ltr'><strong>Dominus</strong></span> <span class='ocrx_word' id='word_1_920' title='bbox 2756 5698 3102 5770; x_wconf 26' lang='lat' dir='ltr'><strong>in‘septtlcro</strong></span> <span class='ocrx_word' id='word_1_921' title='bbox 3153 5697 3367 5770; x_wconf 68' lang='lat' dir='ltr'><strong>quievit.</strong></span> 
     </span>
    </p>
   </div>
   <div class='ocr_carea' id='block_1_131' title="bbox 1811 5767 3249 5838">
    <p class='ocr_par' dir='ltr' id='par_1_131' title="bbox 1811 5767 3249 5838">
     <span class='ocr_line' id='line_1_136' title="bbox 1811 5767 3249 5838; baseline 0.002 -17"><span class='ocrx_word' id='word_1_922' title='bbox 1811 5767 2011 5822; x_wconf 74' lang='lat' dir='ltr'><strong>Rabani</strong></span> <span class='ocrx_word' id='word_1_923' title='bbox 2033 5770 2096 5823; x_wconf 82' lang='lat' dir='ltr'><strong>de</strong></span> <span class='ocrx_word' id='word_1_924' title='bbox 2119 5770 2452 5826; x_wconf 67' lang='lat' dir='ltr'><strong>Institutione</strong></span> <span class='ocrx_word' id='word_1_925' title='bbox 2475 5770 2800 5830; x_wconf 79' lang='lat' dir='ltr'><strong>clericorum,</strong></span> <span class='ocrx_word' id='word_1_926' title='bbox 2830 5767 2925 5822; x_wconf 83' lang='lat' dir='ltr'><strong>lib.</strong></span> <span class='ocrx_word' id='word_1_927' title='bbox 2951 5785 3008 5832; x_wconf 90' lang='grc' dir='ltr'>ιι,</span> <span class='ocrx_word' id='word_1_928' title='bbox 3038 5784 3154 5838; x_wconf 85' lang='lat' dir='ltr'><strong>cap.</strong></span> <span class='ocrx_word' id='word_1_929' title='bbox 3181 5768 3249 5824; x_wconf 80' lang='grc'><strong>’58</strong></span> 
     </span>
    </p>
   </div>
  </div>
