3938 6334
119 284 264 341 1469

1172 278 1263 336 DE
1303 279 1460 335 VITA
1497 278 1559 334 Β.
1600 279 1840 337 ΜΑΜΕ
1878 279 2351 339 ΗΑΟΒΑΙΕΝΛΕ.

119 394 363 467 lapidem
411 392 477 447 ab
514 393 646 448 ostio
686 391 1044 448 monumenti?
1081 389 1213 445 Erat
1252 391 1440 461 quippe
1487 405 1708 461 magnus
1734 392 1784 452 Α
1811 388 1979 446 Maria
2006 392 2237 447 dixerat.
2269 391 2553 447 Rediefunt
2589 407 2711 464 ergo
2737 393 2981 464 discipuli
3002 395 3057 450 in
3081 409 3201 461 sua,
3227 397 3375 453 unde

119 483 294 540 valde.
338 481 413 537 Et
444 497 567 537 cum
600 482 1093 553 appropinquarent
1132 488 1498 547 monumento,
1540 481 1703 551 respi-

119 574 317 628 cientes
348 572 587 629 uiderunt
620 573 906 628 revolutum
935 572 1160 644 lapidem
1187 570 1402 644 (Matth.
1424 587 1617 637 xxvm,
1644 571 1699 636 2,

119 662 171 727 ὅ,
196 662 284 734 4),
315 670 383 718 ut
412 660 746 718 Salvatorem
777 660 891 730 jam
917 674 1195 732 egressum
1224 673 1346 715 esse
1373 660 1700 725 ostenderet,

119 751 317 808 clauso
367 751 509 807 ostio
550 750 901 816 monumenti,
939 750 1151 821 integro
1197 749 1372 820 sigillo
1397 750 1698 821 pontiﬁcis;

119 844 219 913 qui
260 844 527 899 mundum
564 843 841 914 ingressus
887 851 1004 907 est,
1045 843 1231 897 clauso
1269 850 1424 897 utero
1456 842 1700 912 virginis,

119 935 413 1008 signaculo
443 936 668 1008 pudoris
694 947 745 990 ι.
782 932 953 1005 Hujus
994 934 1075 990 rei
1112 934 1287 1005 gratia
1325 933 1533 989 revolvit
1564 933 1702 1005 lapi-

119 1006 242 1081 dem
280 1039 335 1081 et
374 1006 585 1083 sedebat
626 1042 783 1098 super
820 1043 962 1081 eum.
1004 1023 1129 1079 Prw
1172 1024 1356 1079 timore
1386 1034 1559 1079 autem
1588 1024 1703 1095 ejus

119 1119 366 1173 exterriti
413 1128 533 1173 sunt
585 1117 858 1183 custodes,
902 1125 951 1170 et
995 1115 1124 1187 {acti
1153 1123 1275 1168 sunt
1316 1114 1453 1168 velut
1486 1114 1699 1169 mortui.

119 1206 258 1262 Erat
292 1208 433 1262 enim
468 1217 709 1279 aspectus
731 1207 846 1278 ejus
874 1206 1007 1263 sicut
1029 1205 1212 1278 fulgur
1245 1205 1523 1273 terribilis,
1550 1205 1704 1260 uesti-

119 1310 306 1355 menta
332 1308 511 1355 autem
537 1299 764 1355 candida
794 1300 928 1356 sicut
956 1301 1067 1356 nix.

119 1411 249 1468 Car.
294 1410 463 1467 XXV.
516 1442 587 1453 —
616 1409 716 1467 Ubi
760 1411 936 1468 Maria
975 1410 1193 1469 Petrum
1233 1422 1284 1469 et
1326 1410 1586 1467 Joannem
1607 1411 1705 1467 ad-

187 1483 379 1548 duxit;
408 1492 459 1536 et
490 1482 705 1552 angelus
738 1483 891 1552 foris,
917 1482 1131 1553 angelus
1154 1484 1297 1538 intus
1325 1482 1629 1554 alloquitur.

188 1571 470 1628 Joannes:
524 1571 702 1628 Maria
741 1571 1061 1644 Hagdalena
1111 1574 1321 1629 veniens
1359 1588 1537 1637 mane,
1581 1588 1702 1626 cum

119 1663 296 1717 adhuc
319 1665 546 1719 tenebrat
569 1672 757 1729 essent,
782 1664 854 1718 ad
874 1673 1289 1728 monumentum,
1323 1661 1453 1718 vidit
1472 1661 1701 1732 lapidem

1805 490 2157 536 cucurrerunt
2193 492 2239 535 ο.
2290 480 2467 536 Maria
2510 491 2683 536 autem
2708 521 2726 547 ,
2770 482 2879 539 illis
2924 485 3268 551 abeuntibus,
3314 486 3373 541 in

1803 571 1992 626 eodem
2022 571 2141 628 loco
2164 570 2417 628 fortiores
2446 570 2562 627 ﬁxit
2592 571 2814 629 allectus
2844 574 2865 614 τ
2879 590 2901 640 ;
2940 576 3211 649 stabatque
3242 576 3374 647 {oris

1803 661 1873 715 ad
1902 672 2315 728 monumentum,
2344 665 2626 719 tabescens
2669 664 2941 736 lacrymis,
2964 666 3127 721 anxia
3164 666 3373 723 deside-

1801 754 1905 810 rio.
1955 753 2213 822 Turbata,
2247 763 2428 811 mente
2464 764 2520 811 et
2543 755 2737 822 oculis,
2766 756 2951 813 dolore
2996 765 3053 813 et
3095 757 3375 830 lacrymis,

1801 843 2074 899 Christum
2104 845 2394 916 quaerendo
2424 844 2623 912 ﬂebat;
2652 855 2709 903 et
2751 847 2928 904 llendo
2949 851 3246 920 quaerebat,
3277 865 3374 906 cu-

1794 929 1885 1001 jus
1910 932 2177 990 desiderio
2209 933 2515 990 anhelabat.
2547 934 2834 1003 Qumrebat
2858 936 3068 1005 sedulo,
3096 939 3377 1008 quaerebat

1800 1021 1999 1093 ubique
2023 1023 2482 1094 circumspiciens,
2516 1032 2572 1087 et
2594 1024 2972 1097 interrogans;
3010 1034 3196 1083 etnon
3224 1028 3374 1084 inve-

1800 1111 1976 1179 niens,
2017 1113 2073 1167 in
2119 1114 2366 1184 proprios
2406 1129 2469 1171 se
2507 1114 2715 1183 oculos,
2740 1115 2993 1188 lacrymis
3039 1117 3370 1183 vindicabat,

1801 1202 1893 1272 qui
1922 1203 2249 1259 desiderium
2278 1204 2474 1261 anima:
2499 1220 2612 1261 suae
2639 1207 2973 1278 quaerebant,
3005 1223 3106 1267 nec
3130 1208 3373 1265 invenie-

1800 1290 1951 1346 bant.
1998 1290 2267 1347 Videhant
2294 1308 2396 1349 nec
2430 1295 2813 1364 agnoscebant.
2868 1293 2975 1351 Sed
3002 1296 3106 1352 hoc
3131 1306 3371 1368 postmo-

1801 1382 1928 1437 dum
1952 1381 2201 1437 adierunt
2230 1391 2288 1439 et
2326 1382 2550 1454 reliqua:
2577 1383 2845 1456 religiosa:
2872 1394 3156 1454 matronas,
3186 1396 3375 1444 mente

1800 1480 2180 1540 consternatae,
2210 1482 2268 1529 et
2292 1473 2552 1547 laerytuis
2568 1483 2843 1533 vacantes.
2874 1474 2987 1534 Nec
3010 1477 3211 1533 diutius
3252 1478 3378 1536 tulit

1802 1563 2043 1634 angelus,
2091 1565 2185 1635 qui
2229 1579 2393 1635 super
2436 1565 2667 1637 lapidem
2708 1584 2868 1639 quem
2896 1569 2967 1626 ah
2996 1570 3135 1626 ostio
3181 1586 3374 1627 monu-

1801 1655 1972 1709 menti
2020 1657 2345 1723 revolverat,
2376 1655 2526 1719 foris.
2558 1659 2660 1714 sub
2703 1659 2865 1726 clivo,
2891 1674 2922 1717 a
2951 1660 3162 1719 dextris
3190 1660 3370 1733 ingre-

119 1752 389 1807 sublatum
415 1770 449 1807 a
474 1763 804 1809 monumento
828 1752 1008 1825 (Joan.
1034 1768 1128 1818 xx,
1164 1753 1241 1825 i).
1272 1752 1340 1809 Et
1364 1753 1537 1812 verita
1566 1767 1692 1809 cor-

1805 1743 2089 1811 dientium,
2131 1746 2392 1813 sedebat;
2441 1748 2536 1803 sed
2571 1748 2823 1805 maeroris
2874 1762 3060 1804 earum
3089 1750 3364 1817 misertus,

119 1859 225 1914 pus
250 1844 370 1915 ejus
398 1844 669 1901 sublatum
698 1858 842 1909 esse,
879 1842 1047 1910 velut,
1079 1842 1213 1914 ipsis
1241 1851 1346 1898 tam
1370 1843 1523 1898 chari
1543 1843 1695 1913 capi-

119 1936 211 1999 tis,
239 1933 499 1999 indicata,
524 1935 787 2005 reliquiis,
815 1941 996 1989 mente
1037 1940 1442 1998 consternatur,
1473 1941 1692 1999 aestuat,

119 2024 395 2079 anxiatur.
443 2023 831 2096 Recurrensque
869 2024 997 2089 cito,
1036 2024 1169 2078 venit
1195 2022 1267 2077 ad
1299 2020 1564 2079 Simonem
1593 2020 1698 2078 Pe-

119 2122 283 2177 trum,
306 2122 355 2168 et
383 2113 452 2167 ad
475 2113 639 2169 alium
660 2111 978 2184 discipulum
1000 2128 1152 2184 quem
1181 2110 1430 2183 diligebat
1451 2111 1607 2166 Iesus
1640 2110 1693 2165 δε

119 2211 201 2265 ut,
225 2210 322 2255 aut
350 2216 536 2258 secum
577 2213 904 2273 quaererent,
934 2212 1030 2258 aut
1079 2218 1263 2260 secum
1309 2202 1576 2259 dolerent.
1624 2203 1697 2259 Et

119 2294 237 2347 ait:
288 2292 544 2350 Tulerunt
580 2295 865 2353 Dominum
910 2312 1090 2354 meum
1138 2297 1204 2352 de
1241 2306 1599 2363 monumento,
1645 2305 1696 2352 et

119 2384 381 2439 nescimus
407 2385 496 2439 ubi
519 2398 802 2456 posuerunt
821 2404 939 2443 eum
964 2399 1013 2444 ε.
1042 2388 1164 2456 Hic,
1192 2387 1283 2444 ubi
1331 2387 1490 2444 dicit:
1537 2386 1696 2442 Tule-

119 2483 245 2527 runt
278 2474 559 2530 Dominum
576 2476 650 2531 de
688 2488 1055 2546 monumento;
1092 2480 1147 2535 in
1185 2479 1376 2551 graecis
1419 2478 1699 2535 codicibus

119 2568 372 2624 additur:
406 2569 604 2638 Meum,
634 2573 967 2645 propensiori
992 2572 1274 2629 charitatis
1295 2573 1382 2628 vel
1401 2568 1698 2628 famulatus

119 2658 320 2715 afl‘eetu
350 2658 402 2713 ἀ.
458 2661 604 2717 Exiit
645 2680 767 2733 ergo
816 2663 1001 2719 Simon
1051 2663 1270 2731 Petrus,
1332 2673 1383 2718 et
1425 2663 1516 2718 ille
1557 2662 1695 2719 alius

120 2749 450 2822 discipulus;
492 2761 547 2807 et
576 2753 824 2808 abierunt
852 2754 1039 2809 videre
1061 2752 1202 2825 quod
1228 2753 1533 2809 audierant.
1561 2752 1697 2809 Cur-

120 2850 255 2896 runt
295 2842 562 2915 discipuli,
612 2843 781 2899 Maria
822 2844 1084 2914 sequitur.
1116 2841 1356 2915 Uterque
1399 2841 1697 2913 discipulus

120 2934 422 3003 ingreditur
440 2945 848 3002 monumentum,
871 2933 1444 2999 cernuntlinteamina,
1465 2940 1698 2990 cernunt

120 3024 417 3087 sudarium,
443 3026 724 3096 separatim
748 3023 1070 3091 involutum;
1105 3033 1161 3080 et
1185 3023 1437 3079 viderunt
1459 3038 1693 3080 vacuum

1796 1832 2106 1904 diligentius
2131 1850 2226 1892 eas
2269 1836 2562 1903 consolari,
2606 1847 2758 1893 etne
2794 1847 3028 1910 paveant
3070 1839 3373 1909 exhortari,

1795 1922 2136 1981 familiariter
2162 1927 2329 1999 ecepit
2360 1926 2511 1983 al'fari
2551 1930 2597 1983 ε.
2628 1928 2908 1986 Mattbaaus
2928 1930 3144 2003 (Matth.
3177 1948 3369 1998 xxvnt,

1796 2017 1916 2088 5):
1964 2016 2298 2088 Respondens
2341 2028 2515 2073 autem
2561 2018 2775 2091 angelus
2827 2020 2961 2075 dixit
3016 2021 3321 2076 mulieribus
3350 2036 3371 2074 :

1798 2107 1979 2164 Nolite
2008 2110 2221 2176 timere;
2249 2109 2357 2165 scio
2383 2110 2520 2166 enim
2545 2110 2683 2183 quod
2726 2110 2931 2177 Iesum,
2956 2113 3048 2184 qui
3086 2114 3371 2183 cruciﬁxus

1794 2209 1892 2266 est,
1914 2202 2169 2272 quaeritis.
2199 2202 2325 2258 Non
2348 2213 2421 2257 est
2447 2202 2563 2258 hic:
2590 2204 2818 2259 surrexit
2854 2205 3015 2271 enim,
3041 2205 3174 2260 sicut
3194 2205 3369 2269 dixit;

1794 2288 2129 2360 lmpossibile
2190 2292 2332 2347 enim
2363 2299 2466 2356 est,
2497 2307 2606 2347 non
2632 2291 2745 2348 ﬁeri
2786 2294 2929 2364 quod
2960 2291 3118 2351 dixit.
3168 2292 3236 2349 Et
3255 2292 3373 2365 jus-

1796 2381 1868 2438 sit
1912 2396 2006 2438 eas
2054 2382 2257 2438 intrare
2302 2382 2359 2438 in
2411 2393 2839 2449 monumentum,
2873 2391 2930 2439 et
2974 2384 3096 2440 inde
3140 2384 3195 2439 in
3245 2383 3365 2439 loco

1794 2473 1884 2528 ubi
1911 2476 2111 2545 positus
2129 2484 2240 2530 erat
2268 2474 2558 2532 Dominus:
2589 2484 2647 2533 et
2672 2476 2717 2532 si
2750 2477 2888 2532 meis
2906 2478 3089 2533 verbis
3114 2492 3224 2532 non
3251 2491 3372 2532 cre-

1796 2566 1943 2631 ditis,
1958 2566 2131 2622 oculis
2152 2567 2351 2625 vestris
2371 2568 2573 2625 credite
2596 2568 2649 2623 ιι.
2675 2567 2888 2625 Marcus
2908 2567 3104 2641 (Marc.
3132 2584 3247 2635 xvt,
3270 2568 3360 2643 5):

1794 2658 1865 2714 Et
1896 2660 2212 2716 introeuntes
2254 2661 2311 2715 in
2356 2670 2749 2718 monumentum
2775 2704 2794 2729 ,
2847 2663 3084 2719 uiderunt
3123 2663 3372 2734 juvenem

1798 2760 2058 2806 sedentem
2103 2752 2160 2807 in
2207 2751 2444 2811 dextris.
2490 2753 2557 2807 ad
2607 2752 2960 2808 meridianam
3003 2762 3212 2825 partem
3262 2751 3367 2807 loci

1799 2841 1961 2908 illius,
1990 2842 2082 2898 ubi
2121 2843 2354 2913 positum
2397 2842 2577 2899 fuerat
2607 2858 2803 2914 corpus
2842 2842 2968 2899 Iesu
3000 2845 3045 2909 ί,
3071 2850 3370 2914 coopertum

1798 2931 1933 2989 stola
1962 2932 2211 2999 candida,
2242 2942 2293 2988 et
2321 2934 2730 3004 obstupuerunt:
2769 2934 2861 3004 qui
2890 2935 2966 2988 ait
3003 2933 3110 2989 illis
3130 2947 3149 2985 :
3191 2932 3372 2987 Nolite

1799 3040 2170 3095 expauescere;
2210 3039 2385 3096 neque
2415 3025 2561 3081 enim
2606 3041 2806 3096 pavere
2831 3024 3071 3082 debetis:
3118 3025 3372 3082 concives

123 3115 454 3184 sepulcrum,
493 3092 550 3173 et
595 3116 941 3173 crediderunt
981 3116 1252 3174 sublatum
1293 3115 1604 3182 Dominum,
1635 3124 1695 3170 ut
1720 3092 1766 3156 (ἶ
1795 3092 1964 3187 vestri
1985 3123 2110 3172 sunt
2150 3092 2511 3187 quos—videtis
2540 3114 2588 3172 ἱ.
2610 3092 2727 3174 Vos
2753 3115 2986 3182 caelibes,
3022 3131 3122 3172 nos
3149 3114 3367 3172 etelico-

1014 3272 1198 3317 NOTE
1236 3271 1622 3316 POTISSIMUM
1663 3271 1753 3315 EX
1794 3271 2046 3315 RABANO
2092 3272 2459 3323 υεευηινιυε.

198 3390 224 3419 ιι
247 3376 482 3449 Angelus
504 3377 730 3433 revolvit
760 3384 940 3449 autem
984 3376 1243 3449 lapidem,
1272 3391 1379 3431 non
1406 3384 1473 3449 ut
1505 3390 1695 3449 egres-

127 3463 257 3517 suro
282 3445 505 3503 Domino
525 3449 745 3517 januam
771 3448 996 3517 pandat,
1024 3445 1119 3501 sed
1146 3460 1400 3517 egressus
1427 3445 1562 3516 ejus'
1580 3445 1695 3515 jam

133 3516 265 3571 facti
288 3516 593 3571 hominibus
632 3516 842 3585 praestet
882 3517 1159 3570 indicium.
1185 3516 1287 3582 Qui
1321 3517 1465 3570 enim
1493 3524 1698 3571 morta-

130 3587 201 3641 lis
229 3585 397 3641 adhuc
421 3586 604 3641 clauso
624 3586 847 3654 virginis
866 3594 1023 3639 utero
1046 3586 1218 3654 potuit
1243 3585 1515 3654 nascendo
1542 3602 1699 3640 mun-

131 3657 258 3709 dum
300 3654 526 3726 ingredi,
558 3656 672 3723 ipse
699 3653 902 3726 absque
930 3653 1340 3726 ulla’dubietate
1377 3653 1488 3722 jam
1520 3654 1699 3710 factus

132 3724 449 3781 immortalis
476 3726 659 3780 clauso
687 3724 823 3794 _lieet
863 3724 1110 3794 sepulcro
1146 3725 1322 3793 potuit
1366 3726 1699 3794 resurgendo

132 3796 282 3851 exire
321 3795 386 3864 de
408 3795 637 3864 mundat
676 3792 881 3864 Rabani
926 3792 984 3864 in
1014 3792 1203 3864 Metili.
1232 3795 1350 3849 cod.
1376 3793 1504 3864 Reg.
1532 3792 1695 3849 'Bibl.

132 3865 302 3931 2459;
340 3862 544 3920 Rabani
589 3862 790 3919 Homil.
820 3865 878 3919 in
927 3863 1067 3924 eieil.
1115 3861 1380 3931 Pascite;
1431 3861 1499 3920 ex
1529 3864 1697 3921 Beda.

133 3965 204 3976 —-
222 3935 353 3988 Vide
374 3933 585 3988 Bedam.

133 3965 204 3976 —-
222 3936 353 3989 Vide
374 3936 585 3989 Bedam.

208 4006 235 4046 δ
265 4005 419 4077 Venit
440 4013 642 4077 autem,
669 4005 811 4077 sicut
836 4003 1079 4077 Joannes
1100 4004 1247 4067 dicit,
1279 4003 1446 4059 Maria
1480 4004 1699 4077 Magda-

138 4075 257 4129 lena
289 4076 403 4129 sine
432 4075 594 4130 dubio
615 4076 826 4131 caeteris
853 4075 1313 4144 mulieribusque:
1338 4075 1699 4132 Domino—mi-

138 4146 494 4199 nistraverant
521 4145 811 4213 pluri'num
841 4144 1125 4200 devotione
1162 4143 1478 4210 ferventior,
1503 4155 1564 4201 nt
1590 4163 1695 4202 non

140 4216 401 4271 immerito
442 4213 675 4270 Joannes
721 4216 889 4271 solam
941 4225 1346 4279 commemoret,
1394 4218 1573 4271 tacitis
1617 4218 1699 4272 eis

141 4299 256 4353 quae
296 4300 416 4340 cum
462 4284 553 4339 illa
601 4284 839 4349 fuerunt,
875 4284 1015 4339 sicut
1065 4284 1154 4339 alii
1199 4294 1484 4341 testantur.
1536 4287 1701 4343 Venit

142 4369 288 4424 ergo,
333 4367 385 4408 et
423 4363 483 4409 ut
531 4354 664 4409 vidit
698 4355 927 4424 lapidem
973 4354 1241 4410 sublatum
1289 4371 1319 4410 a
1351 4366 1698 4413 monumento

144 4433 419 4495 antequam
463 4424 663 4495 aliquid
692 4425 999 4495 diligentius
1038 4424 1346 4495 inspiceret,
1379 4442 1485 4481 non
1537 4427 1695 4481 dubi-

146 4505 266 4548 tans
284 4493 541 4564 sublatum
555 4493 690 4550 esse
722 4493 845 4551 inde
873 4509 1069 4564 corpus
1095 4493 1243 4564 Jesu.
1268 4497 1531 4561 cucurrit,
1556 4497 1699 4552 sicut

146 4564 283 4637 idem
315 4564 454 4637 dicit
476 4563 750 4637 Joannes,
771 4574 853 4637 eti
874 4565 1149 4637 nuntiavit
1172 4563 1347 4637 Petro
1375 4574 1538 4636 atque
1591 4568 1695 4637 ipsi

145 4631 349 4706 Joanui.
382 4632 585 4706 Rabani
614 4636 668 4687 in
699 4634 897 4706 Matth.
919 4634 1037 4706 cod.
1065 4634 1201 4706 Bibl.
1228 4634 1354 4706 Reg.

217 4714 238 4741 ε
270 4703 514 4758 Cucurrit
540 4719 669 4773 ergo
694 4713 751 4759 et
779 4704 929 4759 venit
960 4704 1026 4758 ad
1072 4703 1345 4760 Simonem
1375 4705 1595 4760 Petrum
1640 4715 1697 4762 et

151 4772 215 4826 ad
239 4773 389 4826 alium
411 4772 728 4842 discipulum
751 4789 909 4843 quem
926 4773 1143 4828 amabat
1170 4774 1327 4831 Jesus
1350 4785 1404 4831 et
1429 4775 1559 4831 dicit
1579 4777 1690 4832 eis:

151 4843 399 4897 Tulcrunt
424 4843 705 4898 Dominum
731 4845 798 4899 de
825 4854 1191 4907 monmnento,
1219 4853 1275 4898 et
1303 4846 1584 4901 nescimus
1601 4848 1691 4901 ubi

150 4921 430 4986 posuerunt
463 4928 608 4986 eum.
652 4914 848 4986 Amore
890 4913 1056 4986 nimio
1103 4915 1335 4986 turbata,
1362 4916 1489 4969 dum
1534 4931 1694 4986 quem

150 4983 384 5051 quzesivit
430 4997 535 5037 non
575 4983 780 5038 invenit
821 4984 1082 5045 cucurrit,
1112 4984 1387 5053 discipulis
1422 4983 1693 5052 nuntiare,

152 5062 229 5109 ut.
243 5062 334 5107 aut
349 5067 526 5122 secum
548 5060 971 5122 quaererent,aut
983 5068 1166 5108 secum
1181 5055 1423 5110 dolerent
1436 5055 1695 5111 ablatum.

152 5123 421 5190 Dominum
443 5121 648 5177 Rabnn.
676 5122 875 5177 Homil.
911 5123 1128 5177 Sabbati
1157 5124 1211 5177 in
1258 5136 1424 5180 octav.
1454 5124 1695 5181 Pascitur.

158 5193 350 5263 Similia
374 5192 511 5263 apud
540 5191 839 5256 Alcuinum,
867 5208 933 5248 ex
962 5190 1020 5263 S_.
1052 5194 1271 5261 August.

219 5262 245 5302 ἀ
273 5261 512 5317 Nonnulli
549 5264 761 5318 codices
787 5263 949 5317 etiam
964 5261 1133 5318 Graeci
1161 5264 1393 5320 habent:
1446 5263 1698 5320 Tulerunt

159 5331 659 5406 Dominum_meum_,
706 5334 847 5406 quod
888 5333 1058 5406 videri
1108 5333 1307 5406 dictum
1352 5343 1530 5406 potest
1574 5351 1698 5406 pro-

158 5402 388 5473 pensiore
409 5402 685 5458 cbaritatis
712 5400 794 5458 vel
814 5401 1101 5457 famulatus
1126 5400 1317 5458 affectu
1343 5400 1370 5457 :'
1388 5406 1481 5459 sed
1504 5400 1605 5459 hoc
1642 5405 1696 5459 in

162 5472 381 5554 pluribus
404 5472 696 5554 codicibus,
724 5488 862 5554 quos
885 5473 1209 5554 in_promptu
1254 5474 1563 5554 habuimus,
1591 5480 1697 5529 n'on

164 5541 460 5614 invenimus.
491 5541 552 5599 S.
577 5541 796 5614 August.
838 5544 895 5614 in
921 5541 1083 5614 Joan.
1109 5541 1226 5612 cap.
1256 5543 1347 5607 20,
1374 5553 1529 5597 tract.
1571 5560 1692 5609 ccx,

144 5616 219 5683 'n°
244 5610 290 5666 6.
321 5612 428 5667 Etsi
450 5628 514 5666 ea:
556 5610 846 5683 Augustino
879 5613 989 5683 lucc
1012 5610 1283 5683 desnniere
1310 5614 1547 5667 videatur
1588 5614 1698 5667 Rn-

166 5682 347 5749 banus,
386 5692 611 5736 attamen
642 5680 754 5738 non
798 5680 955 5738 semel
1005 5682 1059 5735 in
1099 5684 1206 5736 suis
1249 5684 1452 5753 scriptis
1503 5684 1698 5739 similes

1798 3375 2165 3449 adnotatione;
2207 3378 2442 3449 apponit,
2485 3386 2544 3432 ut
2577 3384 2695 3449 pote
2743 3376 3039 3433 litterarum
3083 3394 3374 3449 grn'carum

1798 3462 2017 3519 gnarus.
2067 3466 2086 3498 t
2120 3447 2247 3502 Jam
2276 3447 2427 3519 enim
2480 3447 2683 3519 tempus
2723 3447 3183 3513 resolutionis,'vel
3217 3459 3285 3519 ut
3320 3450 3375 3505 in

1798 3518 1993 3639 graecis
2040 3518 2316 3573 codicibus
2366 3517 2593 3589 legimus
2635 3520 2943 3574 reversionis
2991 3520 3171 3574 instat.
3208 3542 3228 3573 ι
3258 3518 3369 3573 Ra-

1833 3587 1923 3639 ani
1941 3587 1998 3639 in
2020 3586 2273 3639 Numen.
2301 3587 2394 3639 lib.
2427 3602 2499 3639 tv.
2533 3603 2651 3639 can.
2681 3588 2733 3639 l.

1833 3587 1923 3639 ani
1941 3587 1998 3656 in
2020 3586 2273 3652 Numen,
2301 3587 2394 3641 lib.
2424 3586 2499 3651 iv,
2533 3603 2651 3656 cap.
2681 3588 2733 3642 l.

1876 3665 1901 3694 ο
1922 3654 2193 3727 Abierunt
2205 3670 2334 3727 ergo
2359 3656 2559 3711 iterum
2579 3654 2825 3727 discipuli
2848 3658 2916 3712 ad
2945 3658 3288 3724 semetipsos,
3320 3658 3371 3713 id

1799 3732 1904 3790 est,
1938 3725 2031 3780 ubi
2075 3725 2411 3789 habitabant,
2443 3734 2499 3781 et
2523 3727 2663 3782 unde
2695 3725 2761 3781 ad
2814 3737 3221 3783 monumentum
3269 3744 3371 3783 cu-

1799 3803 2103 3850 currerunt.
2151 3793 2355 3848 Rabani
2382 3794 2581 3850 Homil.
2628 3795 2829 3851 sabbat.
2852 3797 2909 3850 in
2950 3806 3116 3853 octav.
3147 3796 3371 3864 Pasch.,

1799 3877 1863 3918 ex
1891 3863 2228 3933 S.7August.,
2258 3865 2410 3930 ibid.,
2446 3874 2600 3920 tract.
2631 3881 2780 3930 cm,
2804 3882 2862 3921 n.
2901 3866 2953 3920 i.

1876 3933 1897 3973 ι
1938 3932 2280 3990 PenSandum
2317 3942 2399 3991 est
2425 3934 2586 4004 hujus
2615 3934 2858 3992 mulieris
2882 3943 3118 3991 mentem
3165 3946 3369 4005 quanta

1797 4004 1882 4076 vis
1921 4005 2124 4076 amoris
2168 4006 2509 4076 accenderat,
2538 4020 2658 4076 qua:
2688 4021 2719 4059 a
2758 4017 3109 4061 monumento
3154 4004 3369 4062 Domini

1797 4074 1963 4128 etiam
1994 4074 2271 4145 discipulis
2299 4074 2672 4130 recedentibus
2699 4092 2806 4131 non
2840 4076 3148 4140 recedebat,
3178 4077 3373 4145 exqui-

1798 4146 1963 4215 rebat
1996 4144 2157 4212 quem
2203 4160 2309 4199 non
2353 4146 2651 4209 invenerat,
2698 4144 2861 4201 ﬂebat
2905 4146 3227 4215 inquirendo
3254 4144 3273 4207 ,⁷
3314 4155 3375 4201 et

1797 4214 2101 4296 amoris‘sui
2129 4214 2255 4296 igne
2275 4230 2530 4296 succgnsa
2551 4215 2851 4296 ejus-quem
2873 4214 3110 4296 aplatum
3130 4216 3369 4296 'credidit

1798 4284 2025 4355 ardebat
2063 4283 2347 4355 desiderio.
2392 4283 2596 4339 Rabani
2642 4283 2841 4340 Homil.
2896 4284 2994 4355 fer.
3044 4303 3077 4339 v
3125 4284 3368 4351 Pasclur,

1797 4354 1942 4409 Viris
1984 4353 2353 4419 redeuntibus,
2401 4356 2753 4411 inﬁrmiorem
2782 4397 2797 4423 ,
2844 4353 3029 4411 sexum
3071 4356 3126 4411 in
3174 4357 3370 4415 eodem

1797 4425 1917 4481 loco
1935 4423 2134 4496 fortior
2156 4424 2352 4496 figebat
2380 4424 2620 4496 affectus.
2650 4425 2803 4496 Beda
2825 4426 2882 4479 in
2912 4425 3099 4489 Joan.,
3128 4440 3246 4494 cap.
3274 4425 3366 4479 20.

1870 4497 1897 4536 ε
1923 4494 2180 4576 (Angelus
2200 4494 2321 4566 qui)
2348 4495 2569 4576 sedebat
2590 4511 2771 4576 super.
2796 4495 3029 4576 lapidem
3061 4495 3365 4576 revolutum

1797 4579 1905 4645 quo
1933 4565 2148 4645 _ostium
2183 4565 2520 4645 monumenti
2567 4565 2980 4645 claudebatur”
3000 4566 3363 4645 ._visitatric_es

1724 4658 1773 4717 ι)
1797 4634 2034 4717 ejusdem
2049 4635 2277 4705 sepulcri
2298 4636 2570 4717 piissima-s
2591 4635 2820 4717 benigna
2844 4634 3371 4717 consolatione‘refo-

1798 4713 1909 4775 vet,
1935 4719 2114 4775 ae__ne
2152 4716 2385 4775 paveant
2422 4705 2722 4769 eonfortat;
2760 4706 2980 4775 insuper
3008 4707 3170 4760 etiam
3207 4705 3366 4759 fami-

1798 4774 1922 4828 liari
1953 4773 2116 4845 all‘atu
2145 4773 2296 4845 prior
2321 4775 2437 4844 ipse
2457 4776 2583 4844 quia
2607 4775 2772 4831 sciret
2790 4773 2974 4845 Iesum
3015 4790 3257 4845 qumrere
3277 4775 3366 4829 di-

1799 4845 1893 4907 cit,
1921 4853 1983 4914 ct
2025 4842 2162 4914 quia
2192 4842 2306 4914 jam
2343 4842 2589 4900 surrexit
2626 4845 2800 4914 addit.
2832 4842 3050 4899 Rabani'
3075 4846 3132 4900 in
3171 4845 3363 4899 Matth.

1799 4914 1918 5037 cBodi.
1950 4912 2089 4968 Bibl.
2116 4912 2241 4986 Reg.
2268 4912 2470 4968 Rabani
2494 4913 2695 4969 Homil.
2725 4914 2781 4969 in
2812 4913 2987 4985 uigilia
3015 4914 3267 4980 Pascitur;
3295 4929 3366 4969 ex

1848 5000 1875 5037 e
1912 5000 1966 5037 a.

1848 5000 1966 5037 eaa.

1870 5055 1901 5094 ιι
1930 5053 2216 5125 Surrexit,
2268 5053 2480 5122 inquit,
2516 5054 2667 5125 sicut
2706 5055 2858 5125 vobis
2905 5054 3183 5125 promisit:
3238 5051 3368 5123 quia

1804 5123 2139 5195 impossibile
2164 5132 2248 5178 est
2271 5139 2378 5195 non
2406 5124 2591 5195 venire
2619 5123 2761 5195 quod
2790 5123 3058 5195 praedixit.
3070 5125 3282 5195 JVenite
3309 5130 3367 5195 et

1804 5139 1880 5177 tm
1956 5139 2139 5179 ssmue
2164 5139 2248 5178 est
2271 5139 2378 5178 non
2406 5139 2591 5178 venire
2619 5139 2761 5195 quoa
2790 5139 3058 5195 praemitti.
3101 5139 3282 5179 venue
3309 5139 3367 5175 et

1804 5139 1982 5249 vitieote
2010 5192 2183 5247 locum
2229 5193 2319 5249 ubi
2364 5193 2571 5263 positus
2592 5203 2710 5249 erat
2739 5195 3014 5251 Dominus.
3059 5194 3202 5263 Etsi
3232 5193 3373 5250 meis

1804 5264 1988 5337 veritis
2009 5278 2113 5337 non
2143 5261 2391 5337 creditis}
2410 5279 2585 5337 vacuo
2607 5265 2842 5321 credatis
2854 5265 3126 5337 sepulcro.
3156 5261 3367 5318 Raban.

1802 5332 1860 5387 in
1885 5332 2076 5414 ﬁguli.
2107 5332 2226 5414 cod.
2260 5332 2399 5414 Bibl.
2438 5333 2565 5414 Reg.

1883 5404 1916 5476 ίλ
1938 5402 2226 5476 Sedeutem
2253 5403 2321 5457 ad
2344 5401 3060 5476 meridianampartem‘loei
3082 5401 3248 5476 illius,
3275 5401 3368 5457 ubi

1802 5473 2035 5555 positum
2063 5472 2241 5555 fuerat
2264 5487 2460 5555 curpus
2485 5471 2635 5555 iesu:
2679 5470 2821 5555 Beda
2841 5474 2898 5528 in
2923 5470 3122 5528 Hora.
3167 5471 3260 5526 lib.
3294 5487 3368 5539 1v,

1802 5559 1921 5611 cap.
1955 5542 2038 5603 id,
2083 5551 2139 5597 et
2174 5541 2375 5597 Homili
2393 5544 2448 5596 in
2473 5544 2558 5597 die
2587 5542 2826 5599 Pascha.

1879 5613 1892 5662 i
1934 5612 2236 5667 Paveant...
2288 5614 2376 5681 qui
2426 5614 2733 5667 carnalibus
2772 5611 3054 5667 desideriis
3094 5609 3369 5680 pressiad

1806 5686 2185 5755 (supernorum
2214 5681 2432 5757 civium)
2457 5698 2513 5738 sc
2540 5683 2853 5740 societatem
2884 5681 3186 5754 pertingere
3212 5697 3370 5754 posse

3234 284 3377 342 me
3464 264 3467 265 ⁷
