3938 6334
105 343 221 406 ιτς

1121 341 1213 399 DE
1245 340 1404 399 VITA
1441 340 1503 399 Β.
1541 340 1780 397 MANE
1818 340 2289 399 MAGDALENE.

3211 345 3348 403 “7‘

105 472 177 513 ur
200 455 394 521 lleret,
414 452 501 511 vel
523 466 682 524 quem
701 460 992 524 quaereret,
1015 454 1248 509 naturali
1268 467 1420 509 more
1447 452 1670 509 multum
1698 458 1751 519 Α
1773 467 1897 508 cum
1920 452 2166 509 mortuis.
2199 451 2339 518 Quin
2367 442 2563 522 potius,
2593 460 2756 523 tange
2789 468 2877 510 me
2903 454 3056 525 prius
3081 456 3346 527 amplexi—

110 546 417 611 mantium,
458 543 551 615 qui
576 542 719 614 quod
747 542 848 614 ipsi
887 551 1071 598 amant
1112 544 1372 614 cogitant,
1401 542 1675 599 nemiuem

105 652 191 692 που
221 634 473 707 cogitare
492 642 713 704 sperant
729 630 915 704 [Forte
931 631 1143 706 putant}
1167 645 1214 696 ι,
1245 633 1339 689 sed
1360 648 1558 703 parans
1577 634 1675 688 hu-

105 739 273 781 neros
322 732 386 780 ut
431 729 733 794 reportaret
779 737 942 793 quem
988 730 1323 794 asportatum
1366 722 1670 781 credebat:

105 815 341 880 )omine,
371 814 570 884 inquit,
608 814 654 867 si
689 822 746 867 tu
783 811 1044 868 sustulisti
1081 829 1219 877 cum,
1248 812 1409 867 dicito
1435 812 1562 866 mihi
1587 813 1676 867 ubi

105 905 322 959 posuisti
347 920 507 969 eum;
532 911 580 958 et
598 912 796 973 egomet
816 917 936 955 eum
961 900 1165 956 tollam.
1187 900 1232 958 0
1254 900 1408 958 fortis
1434 909 1496 957 ut
1527 917 1677 958 mors

105 994 342 1052 Iilectiol
382 1007 512 1049 vere
559 992 763 1047 amanti
796 991 932 1047 nihil
968 990 1203 1048 dillicile.
1255 992 1413 1049 Vires
1453 992 1672 1061 amoris,

105 1103 196 1158 [uo
225 1088 283 1142 in
313 1084 593 1143 Christum
621 1084 865 1149 ardebat,
901 1084 1302 1159 persuadebunt
1329 1082 1511 1139 Maria:
1551 1099 1676 1139 cor-

105 1193 190 1233 tus
216 1174 544 1240 Salvatoris,
572 1183 789 1230 centum
826 1173 982 1230 libris
1015 1174 1161 1231 aloes
1205 1183 1261 1231 et
1286 1175 1521 1246 myrrha:
1561 1175 1675 1230 cir-

105 1267 405 1333 :umlitum,
432 1280 493 1322 se
516 1264 686 1321 solam
705 1279 863 1337 posse
892 1272 1129 1336 portare.
1156 1266 1239 1320 Ad
1261 1265 1379 1322 hate
1401 1264 1673 1333 Salvator,

105 1375 214 1416 tum
249 1358 481 1415 Mariam
510 1373 673 1428 quam
700 1357 973 1414 consolari
1001 1370 1247 1423 venerat,
1276 1358 1451 1430 magis
1476 1372 1673 1413 accen-

105 1449 247 1504 Ieret
268 1448 762 1519 quaerendoquem
792 1456 1091 1518 quaereret;
1134 1464 1242 1504 non
1289 1446 1470 1504 ferens
1506 1448 1678 1505 latere

105 1538 318 1602 Iiutius,
340 1544 397 1592 et
415 1536 761 1591 anhelantem
786 1538 1053 1608 aspicere,
1081 1547 1136 1594 et
1155 1538 1445 1607 ejulantem
1467 1539 1673 1606 audire;

106 1642 199 1682 am
227 1627 378 1682 enim
395 1640 577 1698 usque
607 1626 675 1681 ad
704 1625 972 1683 defectum
1001 1628 1225 1698 spiritus
1250 1629 1574 1695 increverat,
1605 1645 1676 1686 ex

105 1715 466 1788 nagnitudine
499 1715 772 1779 desiderii,
806 1715 1093 1772 multitudo
1127 1717 1351 1785 doloris,
1381 1718 1506 1773 dum
1533 1729 1674 1789 pra:-

105 1820 220 1861 tens
266 1807 403 1877 ipse,
449 1820 611 1876 quem
653 1806 949 1876 quaerebat,
982 1822 1055 1862 .se
1103 1807 1316 1864 celabat
1356 1808 1579 1875 videnti,
1618 1817 1675 1864 et

105 1897 416 1954 istendebat
444 1912 551 1953 non
572 1897 775 1954 videnti
810 1916 825 1952 :
856 1899 1068 1955 vocavit
1095 1915 1164 1955 ex
1184 1900 1423 1967 nomine,
1449 1901 1506 1955 in
1530 1899 1667 1955 mul-
1704 1883 1752 1944 Β

108 1988 319 2057 ἱιιιειὶιυ
338 1987 636 2043 dulcedinis
648 2002 773 2047 suae
801 1986 974 2061 (Psal.
1000 2006 1128 2055 xxx,
1150 1990 1265 2062 20),
1304 1991 1491 2047 dicens
1519 2009 1533 2045 :
1560 1989 1676 2046 Ha-

105 2080 197 2145 ’ίαν
220 2093 458 2151 agnosce
483 2094 570 2135 me
590 2095 621 2134 a
647 2094 755 2150 quo
781 2082 1202 2152 recognosceris.
1236 2081 1376 2138 Novi
1409 2092 1458 2138 te
1482 2099 1547 2138 ea:
1573 2100 1670 2138 no-

105 2171 235 2225 nine
256 2168 457 2243 (Exod.
480 2184 655 2237 χχιιι,
677 2170 789 2242 l2),
815 2171 930 2227 scio
952 2186 1075 2242 qua:
1097 2172 1173 2228 sis
1194 2172 1247 2239 ι,
1263 2180 1325 2228 et
1348 2172 1478 2243 quid
1501 2172 1669 2229 velis:

105 2260 235 2314 Ecce
263 2274 374 2324 me,
405 2274 473 2315 ne
511 2259 710 2332 plores,
740 2274 868 2316 ecce
895 2275 983 2315 me
1028 2275 1189 2332 quem
1215 2262 1434 2333 quaeris.
1463 2261 1677 2330 Quievit

110 2349 243 2406 Ilico
274 2348 459 2407 Mariae
489 2350 770 2407 merentis
796 2351 1121 2419 amaritudo,
1168 2361 1231 2408 ut
1270 2355 1453 2409 sonuit
1476 2346 1672 2410 conso-

106 2447 237 2494 atus
285 2440 471 2507 amici,
508 2448 565 2496 et
609 2440 825 2497 Domini
868 2442 1117 2499 dulcedo.
1160 2443 1394 2514 Agnovit
1445 2445 1674 2502 amicam

105 2545 301 2597 vocem,
352 2532 525 2588 sensit
549 2532 762 2588 solitam
794 2533 1143 2599 suavitatem,
1172 2550 1280 2605 qua
1308 2537 1492 2592 vocari
1534 2552 1669 2593 con-

105 2632 371 2690 sueverat,
400 2623 616 2685 ,Ilaria.
668 2624 913 2697 Moxque,
972 2627 1211 2682 demisso
1254 2627 1426 2692 vultu,
1475 2627 1674 2699 suppli-

105 2708 230 2772 eitei
293 2717 564 2784 adorans,
617 2716 929 2790 Magistrum
983 2719 1245 2791 discipula
1293 2721 1547 2776 salutavit
1594 2721 1675 2776 di—

105 2821 259 2863 cens:
292 2806 533 2862 Rabboni
571 2807 732 2879 (quod
774 2809 991 2875 dicitur,
1024 2809 1298 2883 Magister)
1338 2811 1520 2885 (Joan.
1569 2828 1664 2879 xx,

105 2897 187 2963 l6)
216 2910 263 2953 ο.
308 2898 378 2954 Ει
419 2900 704 2967 accedens,
747 2909 809 2956 ut
859 2915 919 2957 se
956 2902 1025 2958 ad
1073 2900 1277 2959 Christi
1302 2902 1527 2975 vestigia
1572 2902 1675 2958 hu-

105 2991 372 3059 miliaret,
429 2999 486 3047 et
535 2991 701 3062 pedes
747 3001 806 3048 ut
861 2993 1059 3051 nudius
1106 3010 1249 3050 nona
1314 2993 1404 3050 die
1447 2993 1673 3061 fecerat,

105 3083 481 3154 amplectitur;
531 3084 738 3140 audivit
765 3099 796 3140 a
820 3085 1083 3141 Domino:
1133 3086 1262 3142 Noti
1296 3101 1378 3141 me
1422 3095 1669 3157 tangere:

105 3175 330 3231 nondum
378 3176 517 3230 enim
562 3176 774 3231 ascendi
814 3176 884 3231 ad
927 3174 1143 3231 Patrem
1193 3193 1385 3231 meum.
1418 3175 1547 3231 Noli
1591 3192 1676 3232 mc

1776 543 1879 600 bus
1921 543 2122 609 cordis,
2152 542 2380 598 ﬁrmiter
2429 555 2618 599 tenens
2664 543 2824 600 tidem
2875 560 3009 602 mea:
3054 549 3345 605 anastasis.

1777 631 1903 689 Non
1950 635 2087 689 enim
2135 635 2347 689 escendi
2394 635 2464 689 ad
2494 630 2710 689 Patrem
2751 635 2806 689 in
2831 637 2996 692 corde
3042 646 3158 704 tuo,
3186 653 3349 710 quem

1775 740 1879 781 nec
1930 726 2256 791 surrexisse,
2284 740 2384 782 nec
2434 726 2539 782 Deo
2588 725 2737 781 Patri
2779 728 2958 784 credis
3002 731 3266 801 aequalem
3287 730 3339 788 δ.

1773 815 2014 872 Audiens
2041 817 2178 882 h:ec,
2206 816 2373 871 Maria
2420 831 2525 871 non
2552 817 2752 873 diutius
2778 817 3064 886 dubitavit,
3091 821 3187 876 sed
3233 836 3353 878 cre-

1776 907 1856 963 dit
1880 907 2120 974 Cbristo,
2141 906 2298 977 cujus
2326 907 2582 963 hauriens
2615 907 2771 965 ﬁdem
2801 922 2869 963 ex
2901 910 3083 964 auditu
3129 912 3346 968 Domini

1776 998 2093 1055 desiderata;
2135 999 2309 1064 vocis,
2356 1005 2413 1054 et
2467 1013 2534 1054 ex
2563 998 2681 1053 visu
2722 997 2881 1053 faciei
2927 999 3333 1059 desiderabilis:

1775 1103 1902 1143 nam
1922 1104 2144 1159 granum
2170 1088 2389 1158 sinapis,
2419 1087 2557 1159 quod
2580 1088 2639 1142 in
2656 1088 2835 1143 cordis
2856 1087 2973 1158 ejus
2996 1090 3149 1145 horto
3169 1090 3344 1148 bonus

1776 1179 2094 1237 hortulanus
2121 1180 2461 1235 seminaverat
2486 1177 2664 1244 Jesus,
2697 1179 2841 1235 illico
2866 1180 3187 1248 radicatum,
3227 1199 3345 1238 cre-

1775 1271 1845 1326 uit
1887 1271 1943 1325 in
1982 1271 2221 1325 arborem
2263 1284 2508 1341 magnam
2535 1268 2750 1342 (Matth.
2777 1286 2899 1337 χιιι,
2941 1273 3039 1339 51;
3070 1272 3200 1329 Luc.
3224 1290 3351 1342 xm,

1777 1361 2207 1434 i9)lirmissima:
2235 1360 2392 1426 ﬁdei;
2423 1362 2761 1432 crediditque
2787 1362 3167 1431 indubitanter,
3192 1379 3354 1436 quem

1774 1455 1991 1511 videbat
2039 1454 2316 1510 Christum
2359 1453 2557 1509 Filium
2594 1455 2709 1519 Dei,
2735 1470 2925 1511 verum
2971 1472 3094 1512 esse
3149 1459 3346 1528 Deum,

1776 1560 1937 1618 quem
1970 1545 2234 1601 dilexerat
2262 1544 2533 1602 viventem
2572 1557 2630 1613 ες
2665 1562 2789 1602 vere
2816 1563 2848 1603 a
2893 1549 3121 1605 mortuis
3165 1565 3350 1606 resur—

1775 1639 2004 1704 resisse,
2033 1653 2194 1709 quem
2241 1639 2452 1694 viderat
2497 1641 2855 1706 morientem;
2886 1655 3014 1696 vere
3058 1642 3169 1697 Deo
3202 1641 3351 1700 Patri

1778 1728 2041 1800 aequalem
2087 1744 2232 1798 esse,
2260 1743 2425 1801 quam
2470 1730 2759 1801 quaesierat
2786 1730 2843 1787 in
2884 1730 3129 1801 sepulcro
3157 1731 3351 1803 jumen-

1779 1827 1911 1875 tem.

1775 1972 1904 2032 CAP.
1941 1971 2152 2030 XXVII.
2186 2003 2260 2015 —
2295 1973 2398 2048 Ubi
2438 1974 2811 2048 Magdalenam
2854 1972 3093 2032 Christus
3127 1975 3198 2033 ad
3226 1993 3354 2048 apo-

2227 2044 2387 2101 stolos
2417 2045 2571 2100 mittit
2596 2046 2909 2117 apostolum.

1846 2159 2143 2216 Persuasus
2198 2156 2429 2228 denique
2467 2155 2734 2222 Salvator,
2780 2144 3101 2213 suavissima
3146 2172 3353 2229 praero-

1774 2249 1956 2322 gativa
1988 2247 2234 2319 pristini,
2272 2247 2366 2317 qui
2407 2246 2463 2301 in
2499 2246 2822 2318 primicerius
2859 2262 2973 2302 sua:
3007 2255 3061 2301 et
3102 2247 3354 2318 specialis

1774 2341 1962 2395 amicae
1998 2348 2218 2411 pectore
2262 2352 2537 2408 nunquam
2580 2337 2774 2393 ardere
2814 2337 3088 2404 desierat,
3116 2339 3350 2405 amoris;

1774 2430 1952 2486 sciens
1991 2428 2325 2494 certissime,
2352 2428 2549 2499 quippe
2577 2443 2739 2499 quem
2775 2428 2984 2484 nullum
3011 2427 3142 2484 latet
3166 2444 3353 2485 secre-

1774 2530 1908 2585 tum,
1940 2536 2021 2588 se,
2044 2520 2098 2576 in
2120 2521 2282 2576 corde
2304 2520 2574 2576 credentis
2592 2519 2965 2592 pigmentariae
2983 2535 3116 2586 sum,
3137 2520 3253 2592 jam
3282 2520 3353 2576 ad

1773 2613 1989 2670 Patrem
2013 2612 2350 2676 ascendisse;
2383 2611 2715 2667 ascensionis
2744 2626 2856 2666 sua:
2890 2624 3009 2666 eam
3038 2612 3107 2666 ad
3128 2619 3350 2681 aposto-

1775 2704 1856 2761 los
1884 2703 2115 2760 instituit
2140 2701 2460 2772 apostolum,
2479 2700 2638 2772 digna
2664 2700 2914 2756 mercede
2939 2708 3127 2771 gratia:
3155 2708 3210 2754 et
3235 2699 3352 2771 glo-

1776 2797 1892 2862 riae,
1918 2794 2203 2867 primoque
2233 2800 2290 2848 et
2312 2791 2582 2862 praecipuo
2610 2789 2830 2845 honoris
2862 2789 3162 2860 privilegio,
3193 2789 3356 2860 digne

1774 2906 1875 2963 pro
1914 2888 2124 2944 meritis
2157 2886 2397 2942 omnium
2436 2884 2803 2940 ministrarum
2843 2898 3063 2937 suarum
3108 2899 3358 2941 remune-

1776 2997 1906 3038 rans
1933 2979 2270 3052 siguil'eram,
2296 2993 2459 3049 quam
2483 2984 2611 3032 ante
2637 2975 2908 3031 modicum
2938 2975 3245 3031 instituerat
3270 2992 3330 3032 re
3352 3011 3359 3018 ι

1776 3070 2130 3130 surrectionis
2165 3068 2548 3141 evangelistam
2568 3107 2584 3134 ,
2625 3075 2682 3122 et
2714 3067 2791 3122 ait
2819 3065 2896 3122 illi
2925 3081 2941 3123 :
2977 3064 3122 3122 Vade
3144 3067 3214 3122 ad
3242 3069 3357 3138 [ra-

1778 3175 1881 3221 tres
1902 3180 2072 3229 meos,
2102 3171 2150 3217 et
2189 3161 2275 3217 dic
2308 3162 2382 3217 eis
2410 3174 2430 3213 :
2456 3158 2583 3216 Haec
2617 3159 2749 3216 dicit
2782 3158 3041 3215 Dominus
3070 3176 3085 3213 :
3115 3158 3354 3215 Ascendo

105 3273 328 3337 tangere,
358 3267 693 3337 amplexibus
721 3268 995 3339 corporis:
1037 3268 1275 3325 nondum
1306 3268 1452 3323 enim
1492 3268 1671 3324 credis

1790 3258 1844 3314 td
1879 3253 2094 3311 Patrem
2131 3268 2306 3308 meum
2345 3266 2442 3323 per
2476 3259 2755 3316 naturam,
2797 3259 2852 3305 et
2886 3249 3101 3304 Patrem
3129 3258 3355 3304 vestrum

105 3372 188 3414 tne
210 3360 446 3417 evasisse
470 3361 755 3433 compedes
781 3361 988 3428 mortis,
1017 3376 1137 3433 quae
1165 3360 1435 3416 viventem
1467 3361 1668 3431 quaeris
1772 3369 1872 3427 per
1901 3349 2131 3422 gratiam
2172 3346 2233 3415 ‘;
2268 3345 2338 3400 ad
2364 3344 2532 3400 Deum
2556 3359 2750 3411 meum,
2775 3343 2875 3400 sub
2896 3358 3005 3415 quo
3029 3358 3148 3399 sum
3169 3343 3353 3408 homo,

998 3514 1182 3559 ROTE
1223 3512 1609 3558 POTISSIMUM
1658 3513 1743 3555 EX
1785 3505 2037 3554 BABANO
2079 3498 2450 3546 DESUMPTB.

105 3645 371 3718 quatenus
400 3652 524 3718 cum
558 3638 1057 3718 nominaretnquem
1080 3648 1365 3718 qugreret,
1410 3638 1466 3692 in
1492 3650 1679 3693 amore

105 3706 227 3777 ejus
248 3708 527 3777 ardentius
547 3715 821 3763 aestuaret.
856 3706 1063 3762 Raban.
1091 3706 1221 3765 ibid.

179 3790 205 3821 ι
240 3776 354 3833 Hoc
391 3778 553 3832 habet
581 3778 660 3832 vis
684 3777 904 3840 amoris,
930 3776 1034 3833 hoc
1056 3792 1218 3847 agere
1237 3776 1375 3833 solet
1395 3775 1449 3831 in
1472 3775 1676 3847 animo,

106 3856 170 3903 ut
195 3863 353 3916 quem
385 3848 503 3918 ipse
527 3861 741 3918 semper
785 3846 1006 3918 cogitat,
1046 3845 1251 3901 nullum
1296 3847 1459 3918 alium
1492 3845 1680 3918 credat

106 3914 376 3999 ignorare.
407 3914 596 3999 'Recte
618 3914 675 3999 et
702 3917 817 3999 mea
841 3914 1034 3999 mulier
1064 3930 1223 3999 quem
1247 3914 1679 3999 quaeritnon‘di:

108 3984 214 4050 cit:
259 3996 315 4042 et
340 3996 521 4045 tamen
547 3988 708 4044 dicit:
740 3986 803 4043 Si
832 3997 889 4041 tu
910 3984 1170 4042 sustulisti
1200 3984 1339 4049 eum,
1367 3985 1494 4055 quia
1524 3984 1681 4055 alteri

109 4072 216 4129 non
262 4066 413 4129 putat
446 4072 577 4129 esse
625 4058 955 4129 incognitum
984 4097 1001 4125 ,
1053 4071 1215 4127 quem
1263 4054 1399 4128 ipsa
1423 4054 1680 4111 continuo

109 4126 313 4250 plabngJit
343 4126 810 4209 desiderioalbid.
936 4194 949 4207 ο
1074 4126 1081 4127 ⁷
1252 4126 1299 4207 ,⁷
1434 4194 1446 4207 _

286 4208 373 4250 κη
413 4214 460 4250 ei
508 4197 770 4250 Maria...
800 4211 864 4250 ac
907 4212 952 4250 Si
1000 4204 1184 4250 auerte
1214 4194 1361 4249 dicat
1398 4210 1446 4250 et

188 4198 214 4236 δ
238 4194 373 4252 Dicit
413 4198 461 4252 ei
508 4197 770 4253 Maria...
800 4211 864 4252 ac
907 4194 952 4251 si
1000 4204 1184 4266 aperte
1214 4194 1361 4266 dicat
1398 4194 1479 4250 ei:
1529 4207 1683 4248 reco-

111 4281 305 4338 gnosce
346 4283 470 4322 eum
495 4283 533 4338 7a
557 4282 665 4338 quo
689 4264 1115 4338 recognoscens.
1166 4264 1417 4338 Perfecto
1459 4277 1674 4338 quoque

114 4335 231 4391 viro
264 4337 391 4392 dicit
418 4356 432 4391 :
484 4335 619 4392 Noui
663 4347 711 4391 te
731 4354 795 4392 ex
820 4335 1044 4391 nomine.
1065 4375 1080 4391 .
1107 4377 1120 4391 .
1148 4335 1228 4391 Ac
1256 4335 1302 4390 si
1348 4343 1538 4406 aperte
1578 4335 1682 4387 Do-

116 4407 291 4477 minus
317 4408 459 4463 dicat
483 4423 589 4477 nou
619 4416 671 4463 te
699 4406 1023 4477 generaliter
1046 4414 1106 4461 ut
1141 4405 1393 4477 cancros,
1419 4405 1513 4460 sed
1557 4418 1681 4477 spe-

117 4471 730 4548 qialiterg_sciu.rliaban'.
777 4476 904 4532 ibid.
945 4486 1001 4532 et
1043 4476 1184 4548 apud
1233 4474 1445 4530 Alcuin.
1498 4471 1678 4529 ex’S.

121 4542 271 4616 Greg.
312 4546 368 4602 Μ
370 4564 455 4617 ag.
482 4547 618 4617 ibid.

194 4614 381 4671 (Dicit
403 4614 724 4672 eiRabboni.
758 4614 860 4671 Hic
883 4615 1154 4672 recolebat
1181 4616 1481 4681 doctorem,
1513 4633 1544 4673 a
1576 4632 1684 4684 quo

126 4686 424 4758 discernere
472 4688 705 4742 humana
736 4694 791 4739 et
817 4687 1001 4758 divina
1037 4685 1298 4751 discebat,
1327 4684 1385 4742 S.
1429 4687 1681 4758 August.,

123 4755 271 4822 ibid.,
300 4765 507 4812 tractat.
538 4771 685 4819 CXXI,
714 4771 775 4810 u°
811 4754 868 4809 2.

196 4825 355 4881 Maria
400 4841 530 4896 ergo
585 4826 709 4895 quia
755 4833 980 4897 vocatur
1022 4839 1089 4897 ex
1118 4824 1377 4897 nomine
1405 4826 1686 4897 cognoscit

123 4907 406 4960 auctorem,
429 4894 734 4966 atquecum
764 4894 1010 4964 protinus
1031 4895 1299 4966 Rabboui,
1330 4896 1383 4966 id
1397 4894 1681 4966 est'magi-

125 4974 292 5036 struut
318 4964 644 5036 vocat,_quia
668 4974 723 5020 et
754 4966 866 5036 ipse
889 4973 1009 5036 erat
1028 4964 1119 5033 qui
1154 4965 1497 5033 quazrebatur
1533 4964 1683 5021 este-

124 5035 254 5097 rius,
274 5044 336 5105 et
364 5036 475 5105 ipse
518 5034 609 5105 qui
638 5035 799 5105 etiam
821 5034 1073 5105 interius,
1102 5042 1161 5105 ut
1188 5044 1478 5105 qumrerct,
1522 5036 1682 5105 doce-

262 5096 398 5160 Ibid:
424 5115 481 5161 et
506 5096 649 5177 apud
679 5102 914 5168 Alcuin.,
948 5096 1077 5158 ibid.
1103 5103 1181 5157 Ex
1206 5096 1271 5159 3.
1319 5096 1476 5176 Creg.
1510 5104 1680 5175 Mag.,

132 5192 148 5228 t
186 5192 200 5227 ι
242 5214 255 5228 .

132 5192 255 5229 ιυια.

192 5243 218 5284 ἀ
256 5243 378 5299 Noli
407 5242 1019 5327 mc‘tangerc:‘nondum
1055 5244 1193 5327 enim
1228 5243 1439 5327 (tacendi
1472 5244 1541 5326 ad
1574 5242 1687 5297 Pa-

129 5323 251 5368 trem
273 5331 456 5379 nicum,
485 5317 541 5371 in
572 5312 653 5369 liis
683 5312 861 5368 verbis
884 5314 1187 5367 ostenditur
1212 5315 1353 5383 quod
1384 5313 1549 5368 Maria
1571 5328 1689 5369 arn-

128 5383 279 5454 plccti
308 5385 473 5440 voluit
510 5385 625 5451 ejus
642 5383 878 5454 vestigia
919 5398 1083 5453 quem
1119 5384 1458 5454 recognovit,
1502 5384 1594 5439 sed
1637 5383 1689 5438 ei

128 5452 369 5525 inagistcr
395 5456 525 5510 dicit
553 5469 568 5509 :
602 5452 730 5508 Noli
757 5468 838 5505 me
873 5452 1117 5522 tangere,
1150 5452 1266 5507 non
1291 5455 1414 5525 quia
1444 5463 1568 5525 post
1607 5468 1691 5509 re-

131 5523 505 5580 surrectionem
548 5525 806 5579 Dominus
835 5531 1035 5577 tactqu
1066 5527 1303 5577 renuerit
1342 5523 1684 5586 feminarum,

128 5607 248 5650 eum
288 5594 350 5649 de
389 5596 597 5650 duabus
637 5595 704 5647 ad
748 5591 1057 5663 sepulcrum
1101 5592 1218 5661 ejus
1261 5596 1521 5663 scriptum
1567 5594 1638 5649 sit
1671 5609 1685 5645 :

133 5664 445 5719 Accesserant
465 5675 512 5719 et
539 5673 809 5717 tenuerunt
822 5662 987 5733 pedes
1007 5661 1141 5731 ejus.
1168 5663 1273 5718 Sed
1293 5661 1392 5733 cur
1414 5664 1559 5733 tangi
1586 5678 1690 5717 non

136 5735 313 5804 debeat
337 5734 472 5790 ratio
491 5749 706 5804 quoque
732 5731 949 5804 ad_dilur
996 5747 1118 5788 cum
1145 5732 1481 5804 subiul‘ertur
1506 5731 1529 5788 ξ
1550 5733 1695 5804 Non-

134 5798 248 5875 ξειηι
278 5806 403 5859 enim
437 5798 649 5861 escendi
680 5801 749 5859 ad
780 5798 990 5859 Patrem
1036 5818 1225 5858 meum.
1266 5802 1322 5859 in
1354 5804 1516 5860 corde
1549 5802 1694 5859 enim

1780 3643 1968 3691 nostro
1995 3641 2122 3688 tunc
2148 3629 2307 3686 Jesus
2338 3624 2580 3683 ascendit
2608 3625 2675 3681 ad
2708 3625 2923 3681 Patrem
2964 3640 3087 3681 cum
3127 3625 3355 3694 aequalis

1782 3704 1929 3760 Patri
1948 3703 2204 3758 creditur.
2233 3698 2365 3752 Nam
2386 3696 2631 3766 quisquis
2650 3711 2771 3750 eum
2792 3694 3053 3766 aqualem
3075 3694 3223 3751 Patri
3249 3712 3358 3752 non

1787 3773 1990 3837 credit,
2021 3768 2283 3837 adhuc_iu
2319 3765 2434 3837 ejus
2458 3775 2675 3837 pectore
2698 3766 2773 3837 ad
2794 3765 3008 3820 Patrem
3036 3780 3143 3837 non
3172 3781 3358 3837 ascen-

1783 3845 1882 3898 dit.
1923 3831 2131 3895 Rabani
2167 3831 2365 3891 Homil.
2400 3831 2500 3904 fer.
2536 3850 2571 3889 v
2615 3831 2871 3904 Pascha,
2912 3843 2966 3889 et
3005 3835 3145 3904 apud
3178 3834 3357 3904 Alcai—

1784 3928 1931 3974 num,
1956 3926 2020 3966 ex
2058 3907 2119 3964 S.
2147 3901 2613 3977 Gregorio’dlagno
2633 3944 2647 3969 ,
2677 3902 2805 3957 ibid.
2843 3901 3055 3959 Similia
3090 3903 3231 3973 apud
3256 3903 3362 3960 Be-

1783 3972 1988 4037 dam'in
2009 3977 2192 4039 Joan.,
2223 3972 2342 4045 cap.
2372 3972 2464 4028 20.

1859 4064 1883 4091 ο
1922 4049 2028 4104 Illa
2056 4041 2356 4102 existimans
2386 4044 2510 4108 quia
2539 4041 2849 4097 hortulanus
2884 4052 3105 4108 esset...,
3128 4042 3358 4100 forsitan

1784 4137 1885 4178 nec
1915 4117 2145 4176 errando
2173 4115 2365 4169 mulier
2390 4111 2504 4168 lucc
2528 4113 2727 4168 erravit
2754 4127 2872 4181 qua:
2899 4111 3083 4168 Iesum
3108 4113 3353 4168 hortula-

1784 4207 1916 4246 num
1968 4186 2216 4244 crcdidit.
2263 4184 2344 4239 An
2392 4200 2496 4239 non
2547 4184 2595 4238 ei
2644 4182 2992 4253 spiritualiter
3041 4183 3360 4241 hortulanus

1783 4270 1919 4326 erat,
1950 4258 2115 4328 quiin
2142 4256 2258 4328 ejus
2284 4263 2500 4328 pectore
2527 4269 2624 4323 per
2659 4254 2858 4328 amoris
2896 4253 3221 4328 sui__sem_ina_
3250 4255 3362 4310 vir-

1788 4321 2223 4386 tutum'virenlia
2247 4321 2512 4397 plantavit
2528 4321 2692 4380 sata?
2720 4321 2923 4376 Rabani
2965 4322 3166 4377 Homil.
3196 4324 3296 4395 fer.
3326 4339 3360 4380 ν

1784 4400 2040 4525 “diligi.
2062 4464 2357 4538 perfectam
2379 4478 2551 4535 grano
2570 4463 2774 4534 sinapis
2793 4469 3070 4533 comparat
3089 4460 3357 4520 Christus.

1782 4539 1970 4605 Hann,
2000 4538 2127 4593 ibid.
2506 4604 2509 4605 ν
2572 4594 2581 4605 ,

1855 4604 2027 4666 Homo
2053 4607 2143 4679 qui
2181 4604 2467 4679 seminavit
2502 4604 2724 4679 inagro
2761 4618 2858 4679 suo
2897 4617 3122 4679 granum
3157 4604 3361 4679 sinapis

1783 4679 2034 4736 Christus
2057 4673 2159 4741 est,
2190 4676 2280 4747 qui
2312 4674 2602 4747 seminavit
2630 4674 2784 4747 Iidem
2812 4673 2865 4747 in
2898 4673 3099 4728 mundo
3128 4687 3143 4747 :
3175 4674 3226 4728 in
3251 4673 3361 4744 qua

1782 4750 2032 4806 volucres
2058 4743 2220 4811 cteli,
2249 4746 2301 4800 id
2328 4752 2429 4803 est.
2461 4743 2730 4814 spiritales
2767 4744 2961 4814 animae
2998 4743 3357 4813 requiescunt.

1784 4818 1991 4874 Rabani
2020 4820 2084 4872 de
2108 4815 2377 4879 Universo,
2402 4813 2505 4869 lib.
2528 4828 2602 4877 tv,
2631 4827 2748 4881 cap.
2780 4813 2831 4867 i.
2896 4872 2901 4879 ,

1856 4891 2028 4944 Arbor
2052 4890 2185 4942 lides
2212 4887 2429 4941 robusta
2458 4891 2515 4937 ut
2541 4884 2593 4936 in
2616 4881 2938 4953 Evangelio;
2963 4881 3115 4936 crevit
3138 4899 3362 4953 granum

1712 4946 1761 5005 Ι)
1787 4959 1987 5030 sinapis
2008 4969 2055 5013 et
2078 4958 2275 5030 factum
2302 4964 2376 5009 est
2398 4955 2454 5009 in
2478 4953 2714 5030 arborem
2735 4946 2999 5030 Magnam,
3024 4946 3171 5030 quod
3190 4969 3313 5030 crev
3320 4956 3364 5009 it

1790 5020 1995 5084 ﬁdes...
2026 5020 2089 5082 ρι’
2122 5028 2285 5081 robur
2319 5023 2522 5093 accepit
2553 5020 3061 5093 maguumJRabani
3083 5020 3362 5094 Allegoria:

1788 5100 1843 5153 in
1869 5115 2073 5152 sacram
2100 5095 2450 5163 Scripturam.

1858 5166 2016 5222 .lcsus
2044 5183 2164 5223 cum
2194 5159 2308 5220 haec
2341 5163 2391 5217 ei
2416 5162 2784 5231 responderet,
2817 5159 2977 5215 ﬁdem
3005 5161 3236 5217 docebat
3263 5179 3277 5215 :
3309 5172 3367 5216 et

1790 5238 2107 5295 hortulanus
2147 5236 2235 5290 ille
2275 5234 2326 5288 in
2364 5232 2481 5299 ejus
2517 5232 2677 5286 corde
2715 5244 2966 5300 tauquam
2998 5231 3051 5285 in
3082 5240 3239 5285 horto
3268 5246 3367 5293 suo

1830 5323 2017 5362 ranum
2056 5306 2258 5375 sinapis
2291 5303 2612 5375 seminabat.
2640 5300 2782 5355 Beda
2816 5302 2870 5355 in
2908 5300 3092 5375 Jquu,
3119 5317 3237 5371 cap.
3272 5300 3361 5355 ΞΟ.

1830 5323 2017 5362 1⁸31111111
2056 5323 2258 5375 Stttapls
2291 5323 2612 5359 δθηιιιιυυὶιι.
2640 5323 2782 5355 Dea“
2816 5323 2870 5355 ιη
2908 5323 3014 5355 δυη

1790 5323 1872 5433 Ex
1907 5376 1969 5446 S,
2001 5380 2247 5446 August,
2275 5373 2429 5435 ibid.,
2454 5382 2846 5446 tractabucxs‘t,
2875 5387 2933 5446 η.
2961 5368 3014 5425 5.

1868 5447 1887 5487 ι
1931 5445 2071 5501 Vade
2085 5437 2171 5500 "ad
2196 5447 2385 5514 fratres
2412 5459 2551 5496 meos
2571 5453 2616 5496 et
2640 5441 2726 5496 dic
2750 5442 2823 5494 eis
2851 5439 3136 5514 :_A_scendo
3161 5438 3231 5492 ad
3259 5437 3367 5493 Pa-

1791 5528 1921 5572 trem
1952 5532 2121 5570 nteum
2154 5508 2206 5569 et
2227 5513 2438 5569 Patrem
2470 5524 2714 5576 vestrum,
2745 5522 2793 5564 et
2824 5511 2892 5563 ad
2921 5508 3088 5563 Deum
3122 5524 3293 5562 meum
3319 5516 3368 5562 rt

1794 5588 1962 5643 Deum
1988 5596 2235 5643 vestrum.
2270 5583 2384 5638 Non
2410 5585 2484 5636 ait
2516 5583 2726 5637 Patrem
2756 5588 3022 5642 nostrum,
3054 5578 3211 5632 aliter
3239 5593 3369 5647 ergo

1796 5672 1975 5713 meum
1995 5697 2011 5722 ,
2040 5656 2209 5729 aliter:
2238 5663 2497 5709 vestrum.
2541 5654 2908 5729 Deuurtueum
2936 5648 3036 5729 sub
3057 5661 3164 5729 quo
3188 5655 3245 5702 et
3265 5662 3368 5717 ego

1799 5728 1963 5783 homo
1991 5742 2109 5783 sum
2139 5746 2152 5782 :
2184 5727 2349 5780 Deum
2376 5732 2615 5778 vestrum
2650 5722 2788 5774 inter
2811 5732 2949 5787 quos
2974 5726 3031 5781 ct
3057 5722 3229 5787 ipsum
3259 5731 3368 5772 meo

1798 5797 1976 5854 diutor
2001 5812 2189 5853 sum...
2219 5794 2450 5851 ascendo
2473 5792 2537 5847 ad
2563 5790 2775 5845 Patrem
2801 5786 2979 5842 meum
3008 5786 3252 5844 videlicet
3275 5802 3373 5859 pur
