3938 6334
487 341 631 397 1475

1011 301 1014 308 1
1097 335 1165 389 13.
1207 334 1458 390 RABANI
1498 330 1714 388 MAURI
1748 324 2065 384 ARCHlEP.
2108 319 2410 376 MOGUNT.
2439 317 2722 374 OPERUM
2763 318 2940 373 PARS
2973 315 3057 372 ill.

3612 317 3741 370 ηπ

486 467 538 510 et
564 455 730 508 Deum
761 463 984 505 vestrum
1021 446 1202 518 (Joan.
1229 463 1320 512 xx,
1355 447 1406 515 l)
1425 485 1440 510 ,
1470 445 1611 499 inter
1641 457 1777 513 quos
1802 449 1858 495 et
1885 439 2058 509 ipsum
2087 440 2134 498 Α
2161 432 2292 485 lena:
2314 430 2506 502 (Marc.
2538 445 2646 492 va,
2676 428 2754 500 9).
2781 431 2849 484 Et
2869 430 3126 498 quoniam
3152 427 3352 482 multas
3381 427 3593 483 nat-ias
3617 429 3743 501 legi-

489 545 755 599 mediator
774 555 911 593 sum.
937 537 1096 600 Dicit,
1129 551 1360 604 moxque
1385 533 1603 587 evanuit
1630 547 1696 585 ex
1724 528 1895 584 oculis
1920 525 2057 593 ejus.

487 636 560 687 At
585 630 672 685 illa
697 637 879 690 tanta,
905 636 1126 696 tamque
1159 625 1429 692 praicipua
1459 621 1719 692 dignitate
1757 616 1980 673 honoris
2008 624 2064 668 et

491 723 680 795 gratiae
715 719 1034 780 sublimata,
1071 717 1138 770 ab
1177 717 1294 784 ipso
1324 715 1416 768 Dei
1453 713 1590 767 Filio
1625 711 1850 766 Domino
1877 708 2062 762 Salva-

491 822 640 876 tore;
673 810 951 879 primaque
980 815 1036 860 et
1063 803 1553 874 przecellentissima
1589 802 1705 870 ejus
1731 799 2064 869 apparitione

491 901 610 956 sola
651 899 947 960 illustrata,
979 903 1040 948 ut
1075 903 1198 963 pote
1227 894 1283 946 iu
1308 892 1455 947 omni
1498 891 1730 945 femineo
1760 905 1912 951 sexu,
1943 895 2064 958 post

493 989 822 1060 singularem
847 986 1109 1056 virginem
1133 982 1226 1037 Dei
1250 981 1586 1051 genitricem,
1613 979 1723 1034 Deo
1751 978 2064 1032 familiaris-

491 1081 655 1144 sima,
685 1077 1051 1139 devotissima,
1069 1083 1228 1143 atque
1257 1071 1594 1136 charissima,
1625 1069 1953 1139 apostolatus
1980 1067 2064 1122 of-

491 1170 618 1224 ficio
647 1183 754 1237 quo
783 1168 1044 1222 honorata
1073 1163 1251 1217 fuerat
1277 1161 1422 1230 fungi
1447 1175 1550 1213 non
1575 1158 1798 1223 distulit,
1824 1157 2065 1227 quinimo

494 1256 853 1314 incontinenti
879 1268 1106 1323 propere
1144 1253 1277 1305 venit
1316 1250 1384 1304 ad
1418 1248 1688 1319 apostolos
1717 1256 1772 1303 ct
1801 1247 1877 1301 ait
1912 1246 2018 1302 illis
2047 1263 2062 1299 :

495 1347 949 1422 Congratulamini
973 1345 1126 1409 mihi,
1151 1357 1339 1398 omnes
1367 1342 1458 1411 qui
1499 1340 1717 1412 diligitis
1756 1339 2064 1404 Dominum,

492 1443 620 1514 quia
649 1454 806 1509 quem
831 1435 1139 1507 quwrcbam
1167 1432 1416 1503 apparuit
1443 1431 1606 1497 mihi;
1640 1439 1694 1485 et
1729 1431 1855 1485 dum
1884 1429 2068 1484 fierem

495 1533 568 1586 ad
601 1535 1026 1591 monumentum,
1056 1525 1160 1579 vidi
1182 1525 1465 1578 Dominum
1489 1539 1696 1589 meum;
1723 1533 1771 1577 et
1799 1523 1911 1576 haec
1934 1522 2065 1575 dixit

497 1621 624 1674 mihi
654 1634 671 1672 :
707 1618 851 1672 Vade
888 1618 956 1670 ad
999 1615 1186 1684 fratres
1226 1631 1396 1680 meos,
1442 1624 1488 1668 et
1527 1614 1610 1667 dic
1641 1615 1713 1667 eis
1744 1630 1762 1667 :
1789 1613 1913 1667 Hice
1941 1612 2071 1667 dicit

497 1711 755 1768 Dominus
783 1727 796 1762 :
828 1708 1061 1762 Ascendo
1100 1707 1168 1760 ad
1211 1704 1422 1772 Patrem
1460 1721 1629 1758 meum
1650 1745 1665 1769 ,
1695 1705 1787 1774 qui
1822 1717 1909 1759 me
1942 1713 2068 1758 ante

2162 540 2302 587 unus,
2339 538 2405 576 ne
2425 523 2588 576 etiam
2611 522 2791 591 plures
2820 521 3181 591 Magdalenas,
3211 530 3271 574 ut
3298 521 3531 590 quidam
3563 523 3744 578 volne-

2161 623 2310 676 runt,
2335 622 2606 682 putemus,
2648 611 2890 682 adjungit
2917 611 3131 666 celebre
3163 611 3522 677 beneficium,
3553 608 3612 666 et
3637 630 3750 668 cer-

2163 717 2275 760 tum
2324 707 2579 760 indicium
2625 724 2638 759 :
2686 705 2764 758 De
2802 721 2906 775 qua
2950 705 3172 774 ejeeerat
3216 716 3410 774 septem
3459 706 3748 763 daemonia.

2163 797 2417 865 Qumque,
2450 811 2558 850 non
2587 795 2757 849 solum
2789 797 2963 865 prima
2995 806 3370 865 resurgentem
3403 795 3634 859 viderit,
3665 800 3752 852 sed

2163 897 2325 941 etiam
2352 887 2526 956 prima
2557 885 2812 956 apostolis
2849 885 3298 954 evangelizaverit
3337 893 3608 950 testatur,
3637 889 3755 942 sub—

2155 975 2389 1048 jungens
2424 995 2436 1030 :
2469 976 2573 1030 Illa
2609 978 2798 1031 vadens
2832 977 3086 1031 nuntiavit
3122 978 3186 1030 iis
3212 978 3299 1047 qui
3327 995 3448 1030 cum
3474 976 3614 1031 Iesu
3644 980 3754 1033 fu.

2165 1079 2312 1135 rant,
2350 1068 2643 1141 lugentibus
2683 1078 2731 1122 et
2771 1067 3046 1138 ﬂentibus;
3091 1079 3138 1122 et
3173 1068 3254 1121 illi
3281 1069 3605 1133 audientes,
3640 1072 3758 1139 quia

2164 1161 2369 1224 viveret,
2399 1171 2446 1214 et
2469 1162 2607 1214 visus
2634 1171 2763 1215 esset
2789 1161 2854 1214 ab
2879 1177 2940 1214 ea
2963 1199 2979 1225 ,
3006 1177 3111 1214 non
3147 1161 3514 1214 crediderunt.
3555 1162 3759 1229 Quibus

2167 1251 2257 1305 illa
2287 1266 2412 1304 cum
2447 1251 2772 1320 persuadere
2805 1266 2912 1305 non
2953 1260 3169 1320 posset,
3199 1252 3442 1306 recurrit
3466 1251 3544 1305 ad
3574 1268 3760 1306 unua-

2168 1350 2441 1407 mentum,
2491 1355 2748 1410 sperans,
2793 1351 2855 1396 ut
2891 1341 3147 1412 contigit,
3196 1342 3380 1396 denuo
3419 1342 3618 1397 videre
3661 1345 3761 1398 Do-

2170 1448 2398 1487 minum.

2171 1584 2300 1642 CAP.
2332 1584 2566 1640 XXVIII.
2604 1614 2671 1624 —
2712 1569 2814 1636 Ubi
2849 1583 2952 1636 duo
2979 1581 3151 1652 angeli
3177 1591 3404 1642 stantes,
3441 1591 3494 1634 et
3525 1581 3758 1635 Christus

2259 1657 2484 1709 secundo
2509 1654 2774 1728 apparuit,
2803 1665 2850 1707 et
2881 1654 2945 1707 de
2972 1653 3183 1722 reliquis
3212 1652 3674 1722 apparitionibus.

496 1804 693 1859 saecula
728 1801 943 1872 genuit;
983 1810 1029 1853 et
1067 1798 1135 1851 ad
1177 1795 1391 1850 Patrem
1427 1806 1680 1861 vestrum,
1713 1796 1804 1864 qui
1835 1811 1928 1850 vos
1965 1795 2068 1850 sibi
2095 1783 2145 1843 Β
2244 1783 2534 1854 Ηυειιειιιιθ
2573 1783 2641 1839 de
2674 1783 2851 1853 Prima
2890 1781 3187 1837 5³¹ν³ῑ⁰¹⁹ί⁵
3228 1781 3630 1853 apparitione,
3665 1798 3758 1851 ⁸1³³

499 1894 636 1948 lilios
664 1890 956 1961 adoptavit.
989 1888 1070 1941 Ad
1097 1887 1264 1940 Deum
1301 1903 1469 1940 meum
1489 1925 1504 1949 ,
1549 1885 1672 1954 quia
1712 1884 1993 1949 descendi;
2022 1893 2070 1938 et

495 1986 565 2039 ad
595 1985 762 2037 Deum
788 1969 1034 2044 vestrum,
1064 1979 1190 2049 quia
1219 1977 1538 2033 ascendistis
1566 1989 1617 2030 ει.
1649 1975 1785 2030 Ecce
1813 1976 1922 2029 vita
1950 1989 2072 2046 quae

498 2092 596 2146 per
625 2075 792 2128 Evam
823 2072 1025 2126 mundo
1060 2068 1237 2124 ablata
1265 2076 1394 2132 ~est,
1429 2081 1653 2136 qumque
1677 2081 1772 2136 per
1798 2065 2070 2134 Virginem

505 2167 728 2220 Mariam
757 2163 1054 2226 nuntiatur,
1083 2159 1310 2214 reddita.
1340 2157 1492 2212 Tunc
1516 2156 1694 2210 toxico
1722 2155 1931 2225 potorio
1960 2155 2071 2208 Eva

501 2257 675 2310 virum
701 2255 754 2308 in
782 2252 1032 2324 paradiso
1061 2250 1352 2314 debriavit;
1383 2263 1527 2302 nunc
1547 2256 1762 2302 aeternae
1789 2246 1909 2300 vita:
1937 2245 2070 2300 cali-

495 2363 614 2404 cem
640 2346 895 2416 apostolis
913 2343 1222 2416 Magdalena
1250 2340 1553 2411 propinavit
1584 2340 1634 2394 b.
1657 2338 1846 2393 Hausit
1868 2338 1977 2393 Eva
2001 2338 2070 2408 fel

500 2439 696 2508 aspidis
738 2437 860 2508 (Job
899 2452 966 2490 xx
990 2475 1004 2497 ,
1047 2435 1134 2504 14)
1171 2434 1340 2503 prima
1381 2433 1436 2486 in
1479 2433 1636 2485 horto
1670 2430 1980 2484 deliciarum
2007 2442 2068 2496 ας

503 2531 632 2584 vidit
649 2529 815 2582 Maria
838 2529 1093 2582 victorem
1116 2525 1322 2588 mortis,
1341 2524 1537 2594 prima,
1556 2523 1608 2577 in
1624 2524 1780 2577 horto
1792 2523 2073 2590 exsequia-

502 2635 642 2674 rum.
670 2618 780 2673 Eva
815 2616 1035 2688 proprio
1065 2615 1182 2669 viro
1216 2613 1518 2684 persuasit,
1545 2613 1812 2682 serpentis
1843 2612 2072 2682 promis-

499 2711 654 2766 sione
686 2729 699 2762 :
734 2707 896 2762 Erilis
918 2708 1048 2761 sicut
1075 2707 1149 2760 dii
1171 2707 1389 2760 scientes
1411 2705 1599 2759 bonum
1621 2717 1670 2758 et
1692 2704 1888 2758 malum
1915 2703 2069 2776 (Gen.

503 2816 587 2864 ιιι,
618 2799 692 2870 5).
727 2798 914 2862 Maria,
947 2799 1060 2852 suis
1087 2796 1410 2866 coapostulis
1444 2794 1836 2866 evangelizavit
1866 2795 2072 2851 Messia:

504 2895 955 2951 resurrectionem
990 2911 1002 2946 :
1035 2892 1172 2958 Quia
1211 2891 1315 2945 vidi
1356 2890 1635 2944 Dominum
1657 2930 1672 2955 ,
1701 2897 1756 2944 et
1781 2889 2070 2960 propheta-

503 2991 580 3045 vit
619 2986 992 3043 ascensionem
1029 2999 1045 3039 :
1088 2983 1157 3036 Et
1199 2983 1312 3036 lucc
1345 2981 1480 3034 dixit
1519 2981 1692 3034 mihi:
1728 2980 1964 3034 Ascendo
2003 2980 2072 3032 ad

505 3081 718 3136 Patrem
752 3093 958 3142 meum,
995 3085 1043 3129 et
1088 3071 1301 3127 Patrem
1347 3081 1568 3127 vestrum
1609 3069 1786 3142 (Joan.
1824 3086 1916 3134 xx,
1959 3069 2068 3139 18).

503 3173 686 3242 Longe
710 3171 889 3226 verior
926 3169 1263 3238 prophetissa
1303 3165 1500 3230 Maria,
1539 3181 1700 3236 quam
1735 3165 1878 3232 Eva;
1913 3164 2070 3234 longe

505 3263 693 3318 melior
720 3260 1038 3320 novissima,
1077 3273 1238 3326 quam
1271 3258 1442 3327 prima
1471 3257 1748 3326 pincerna.
1786 3256 1913 3312 Haec
1947 3273 2067 3312 mu-

501 3355 631 3406 tatio
659 3353 885 3406 dea-tera:
923 3349 1131 3402 Excelsi
1166 3345 1336 3418 (Psal.
1371 3361 1550 3410 Lxxvt,
1587 3347 1695 3414 ll).
1721 3346 1850 3413 Quae
1883 3346 1949 3400 ad
1980 3361 2069 3401 se-

503 3441 746 3511 pulcrum
775 3447 998 3492 venerat
1023 3437 1353 3492 aromatibus
1379 3445 1573 3490 onusta
1605 3437 1985 3508 pigmentaria,
2009 3445 2068 3490 ut

506 3539 774 3586 mortuum
811 3529 1080 3592 condiret,
1124 3527 1400 3582 inveniens
1437 3527 1648 3594 vivum,
1686 3528 1917 3583 libenter
1944 3544 2066 3583 mu-

507 3619 641 3674 tavit
675 3615 936 3682 ollicium,
975 3631 1081 3686 quo
1109 3614 1257 3686 fungi
1296 3615 1658 3686 cogitaverat;
1695 3617 1951 3686 pincerna
1985 3617 2068 3671 vi-

506 3712 684 3762 ventis
710 3705 1025 3770 Salvatoris,
1053 3720 1191 3760 vera:
1209 3705 1336 3760 vita:
1361 3705 1600 3760 balsama
1621 3707 1926 3777 propinavit
1944 3721 2075 3777 apo—

506 3799 678 3856 stolis.
729 3796 883 3864 Quod
921 3805 1100 3851 autem
1152 3796 1329 3866 primo
1375 3797 1475 3852 soli
1522 3796 1703 3852 Maria:
1752 3795 2074 3868 Magdalentc

507 3886 816 3958 apparuerit
841 3884 1108 3951 Salvator,
1136 3893 1197 3940 ut
1217 3885 1510 3940 secundum
1535 3883 1797 3941 Joannem
1821 3885 2064 3956 exposui-

513 3994 653 4040 mus,
685 3985 914 4032 testatur
940 3985 994 4031 et
1021 3976 1348 4046 evangelista
1377 3975 1607 4030 Marcus.
1640 3975 1870 4045 Surgens
1897 3975 2052 4030 Iesus

510 4085 680 4133 mane,
708 4069 878 4140 prima
913 4068 1136 4135 sabbati,
1166 4067 1408 4138 apparuit
1446 4067 1613 4137 primo
1641 4064 1829 4118 Maria:
1851 4064 2075 4136 Magda—

2168 1874 2343 1946 primo
2384 1873 2692 1930 mortalium
2732 1875 2833 1930 soli
2862 1873 3043 1928 Maria:
3079 1873 3421 1943 Magdalena:
3451 1875 3634 1929 videri
3675 1891 3757 1929 vo-

2170 1966 2298 2032 luit;
2327 1967 2472 2021 etde
2500 1967 2838 2037 apparitione
2860 1967 3086 2023 duorum
3107 1967 3458 2038 angelorum,
3487 1984 3634 2038 quas
3659 1969 3758 2024 sola

2172 2055 2340 2110 Maria
2384 2057 2636 2113 sedentes
2671 2058 2834 2123 vidit,
2867 2066 2923 2112 et
2955 2057 3184 2112 allocuta
3215 2067 3330 2122 est;
3361 2067 3423 2113 et
3458 2059 3534 2112 de
3559 2070 3762 2128 aposto-

2172 2145 2284 2200 latu
2305 2145 2507 2211 Mariis,
2523 2163 2652 2216 quo,
2683 2148 2737 2202 in
2762 2147 2850 2202 die
2875 2155 3039 2200 tanta
3065 2147 3466 2212 solemnitatis,
3490 2163 3608 2218 qua
3633 2149 3760 2204 ll

2172 2251 2407 2304 unquam
2433 2235 2643 2291 felicior
2674 2237 2760 2293 vel
2785 2237 3054 2293 celebrior
3075 2237 3200 2303 fuit,
3219 2237 3312 2292 vel
3335 2248 3456 2305 est,
3480 2240 3576 2295 vel
3597 2242 3698 2295 ait
3713 2242 3758 2307 4,

2173 2329 2243 2384 ab
2271 2329 2388 2398 ipso
2415 2327 2510 2384 Dei
2541 2328 2679 2384 Filio
2716 2329 3038 2395 sublimata,
3060 2329 3396 2398 conpostolis
3427 2332 3556 2386 suis
3589 2347 3757 2386 resur-

2171 2420 2465 2475 rectionem
2491 2418 2604 2489 jam
2629 2419 2826 2475 factum
2853 2421 3028 2492 prima
3049 2421 3477 2494 evangelisavit,
3509 2432 3572 2478 et
3593 2439 3760 2480 ascen-

2171 2511 2380 2568 sionem
2411 2511 2646 2566 futuram
2676 2512 2788 2568 sola
2811 2512 3183 2582 prophetavit;
3210 2522 3270 2567 et
3303 2513 3564 2582 qualiter
3591 2525 3758 2584 potum

2171 2602 2296 2656 vita:
2325 2601 2500 2672 prima
2541 2603 2838 2673 propinans
2873 2602 3162 2673 apostolis,
3203 2603 3333 2658 Eva:
3367 2606 3651 2674 potorium
3679 2623 3760 2660 es-

2173 2693 2373 2762 piavit,
2420 2694 2521 2748 sub
2564 2693 2890 2748 testimoniis
2926 2693 3395 2761 evangelistarum
3445 2694 3676 2750 Joannis
3713 2709 3762 2752 et

2172 2786 2340 2842 Marci
2369 2788 2667 2842 retulimus.
2699 2787 2854 2842 Nune
2873 2788 3136 2842 visionem
3155 2788 3396 2843 duorum
3425 2791 3758 2859 angelorum,

2172 2895 2309 2950 quos
2329 2919 2346 2944 ,
2375 2879 2532 2934 simul
2559 2895 2682 2934 cum
2719 2879 2840 2934 aliis
2869 2879 3203 2945 mulieribus,
3243 2888 3469 2935 stantes
3495 2881 3654 2944 vidit,
3679 2898 3756 2936 se-

2174 2969 2408 3024 cundum
2436 2968 2660 3034 Lucam,
2684 2968 2844 3024 simul
2864 2977 2919 3023 et
2941 2969 3230 3024 secundam
3257 2967 3582 3026 Salvatoris
3605 2988 3758 3041 appa-

2177 3063 2448 3128 ritionem,
2491 3079 2620 3133 qua,
2650 3063 2943 3117 secundum
2977 3062 3315 3129 Matthzeum,
3338 3064 3562 3119 duabus
3593 3066 3758 3120 Mariis

2175 3155 2346 3210 videri
2393 3154 2590 3220 voluit,
2621 3153 2858 3209 breviter
2903 3153 3334 3224 explanabimus.
3391 3154 3580 3211 Lucas
3619 3157 3754 3227 (Lac.

2177 3261 2324 3309 xxnv,
2350 3243 2406 3316 4)
2441 3263 2454 3298 :
2483 3244 2552 3298 Et
2577 3244 2776 3314 factum
2799 3253 2874 3298 est
2894 3282 2909 3307 ,
2938 3244 3062 3297 dum
3088 3255 3258 3298 mente
3297 3256 3660 3301 consternata
3679 3265 3757 3300 es-

2173 3346 2285 3390 sent
2309 3335 2575 3400 mulieres,
2602 3351 2706 3389 non
2733 3335 2940 3389 invento
2968 3351 3182 3403 corpore
3208 3335 3436 3390 Domini
3463 3337 3632 3398 Iesu:
3653 3357 3760 3391 ecce

2174 3428 2280 3482 duo
2307 3429 2403 3482 viri
2442 3437 2691 3482 steterunt
2720 3428 2881 3500 juxta
2914 3428 3064 3493 illas,
3103 3430 3155 3482 in
3185 3440 3329 3484 veste
3353 3431 3608 3501 fulgenti.
3633 3429 3754 3484 Cs-

2172 3519 2410 3582 timerent
2435 3528 2606 3573 autem
2637 3519 2909 3585 mulieres,
2938 3532 2988 3574 et
3007 3520 3332 3574 declinarent
3353 3522 3568 3576 uultum
3591 3525 3646 3576 ἱιι
3665 3534 3756 3575 νγ·-

2178 3627 2290 3665 ram
2320 3624 2337 3662 :
2366 3610 2508 3666 unde
2529 3620 2584 3666 et
2609 3626 2725 3666 mos
2752 3611 2972 3668 inolevit
2996 3612 3050 3667 in
3078 3613 3314 3668 ecclesia
3340 3613 3471 3680 Dei,
3501 3625 3622 3670 toto
3646 3630 3753 3684 pas-

2179 3701 2320 3755 chali
2351 3705 2622 3773 tempore,
2649 3693 2756 3756 non
2785 3701 3087 3774 genuﬂexo,
3120 3704 3214 3758 sed
3237 3702 3358 3759 solo
3391 3705 3548 3759 vultu
3579 3706 3633 3759 in
3659 3713 3755 3758 ter-

2173 3809 2290 3857 ram
2327 3792 2592 3848 declinato
2616 3834 2632 3860 ,
2671 3810 2830 3849 orare
2871 3806 2925 3860 e;
2965 3795 3209 3849 dixerunt
3243 3796 3320 3849 ad
3355 3795 3488 3850 illas
3534 3797 3702 3867 angeli
3736 3815 3748 3848 :

2187 3884 2320 3950 Quid
2362 3886 2596 3955 quaeritis
2642 3885 2890 3940 viventem
2941 3901 3058 3938 cum
3104 3886 3327 3939 mortuis
3354 3885 3380 3938 2
3425 3896 3752 3941 mortuorum

2171 3983 2320 4030 enim
2363 3975 2478 4030 loca
2509 3984 2852 4030 monumenta
2879 3983 3035 4040 sunt;
3073 3992 3178 4030 non
3210 3987 3286 4030 est
3314 3976 3428 4041 hic,
3463 3979 3560 4031 sed
3591 3993 3754 4030 sam-

2175 4070 2253 4121 xit
2284 4066 2327 4121 ί.
2359 4067 2726 4122 Recordamini
2752 4068 2976 4138 qualiter
2998 4067 3202 4121 locutus
3227 4068 3296 4121 sit
3319 4069 3472 4122 vobis
3501 4082 3524 4120 :
3549 4086 3656 4122 non
3681 4085 3752 4121 so-

1409 4173 1590 4218 ΝΟΤΔΞ
1631 4173 2014 4219 Ροτιδειιιυιιι
2057 4176 2137 4218 ΕΣ
2181 4176 2432 4221 ΒΔΒΔΝΟ
2476 4177 2846 4220 DESUMPTE.

511 4265 758 4336 naturam
777 4296 792 4320 ,
831 4267 887 4336 et
926 4254 1144 4336 Patrem
1175 4262 1432 4336 vestrum.
1456 4269 1554 4336 pe_r
1587 4255 1834 4325 gratiam.
1869 4253 2077 4336 {fabam
2107 4262 2154 4321 D
2180 4268 2229 4312 et
2255 4257 2554 4336 basiliscum
2573 4257 2887 4336 auibulabis,
2914 4257 2966 4312 id
2993 4266 3095 4336 est,
3119 4259 3270 4336 illum
3291 4260 3580 4336 deprimes
3598 4263 3683 4336 qui
3704 4270 3752 4336 et

512 4326 709 4382 Hmm‘t.
751 4341 786 4380 ν
823 4326 918 4393 fer.
961 4324 1201 4394 Pascitur.
1235 4324 1380 4394 Beda
1414 4323 1472 4377 in
1499 4323 1684 4390 Joa'n.,
1721 4341 1840 4394 cap.
1881 4325 1971 4380 ΞΟ.
2013 4327 2078 4378 Et

511 4398 650 4466 apud
670 4394 901 4518 Αιειὲἰηη
923 4395 977 4448 in
1001 4393 1160 4449 Joan.
1188 4395 1267 4449 Ex
1313 4393 1372 4449 S.
1412 4396 1629 4448 Auaust.
1685 4393 1838 4460 ibid},
1869 4405 2077 4449 tractat.

511 4483 655 4518 cm.
693 4482 746 4518 ιι.
813 4505 826 4518 .
1178 4517 1182 4518 ,

509 4483 655 4531 cm,
693 4482 746 4519 ιι.
774 4482 826 4518 o.
1177 4517 1182 4531 ι

584 4549 609 4576 α
639 4536 872 4589 Ascendo
923 4535 992 4588 ad
1039 4533 1207 4587 Deum
1256 4551 1458 4597 meum,
1505 4534 1629 4602 quia
1675 4534 1956 4600 descendi;
2009 4535 2079 4588 ad

512 4606 680 4661 Dium
709 4617 955 4669 vestrum,
985 4605 1109 4674 quia
1146 4605 1455 4659 ascendisti.
1485 4603 1711 4668 Raban.,
1737 4605 1863 4657 ibid.

586 4677 612 4716 δ
654 4676 789 4730 Ecce
817 4675 1032 4730 humani
1059 4675 1269 4743 generis
1294 4675 1448 4743 culpa
1483 4674 1553 4726 ibi
1583 4674 1913 4728 abscinditur
1937 4675 2078 4729 unde

510 4746 804 4816 processit;
831 4747 955 4815 quia
990 4748 1133 4797 enim
1163 4746 1214 4816 in
1247 4745 1496 4816 paradiso
1525 4743 1716 4816 mulier
1750 4743 1865 4798 viro
1899 4745 2078 4816 pr0pi-

512 4814 659 4868 navit
694 4814 952 4876 mortem,
990 4830 1019 4867 a
1048 4815 1293 4882 sepulcro
1321 4814 1514 4868 mulier
1534 4814 1664 4868 viris
1685 4817 1963 4866 annuntiat
1992 4815 2075 4867 vi-

515 4893 647 4949 tam,
674 4894 728 4939 et
754 4887 895 4940 dicta
923 4885 1005 4938 sui
1032 4885 1377 4939 vivilicatoris
1412 4893 1626 4946 narrat,
1655 4898 1773 4952 quae
1799 4883 2075 4938 mortifera

511 4956 776 5022 serpentis
799 4957 958 5009 verba
979 4963 1311 5010 narraverat.
1338 4954 1416 5008 Ac
1437 4955 1480 5008 si
1511 4954 1742 5006 humano
1767 4953 1948 5021 generi
1970 4969 2074 5007 non

509 5025 691 5080 verbis
720 5024 976 5078 Dominus
1001 5026 1092 5078 sed
1121 5025 1281 5079 rebus
1302 5024 1480 5078 dicat;
1511 5023 1582 5075 De
1608 5038 1713 5090 qua
1739 5038 1897 5075 manu
1925 5024 2078 5078 vobis

515 5095 692 5148 illatus
723 5102 806 5146 est
840 5105 996 5160 potus
1033 5097 1254 5158 mortis,
1287 5095 1353 5147 de
1388 5094 1501 5162 ipsa
1545 5091 1797 5162 suscipite
1827 5092 2076 5161 poculum

512 5165 654 5217 vita}.
691 5162 914 5216 Rabani.
947 5165 1001 5216 in
1027 5163 1216 5217 Matth.
1246 5163 1360 5216 cod.
1402 5161 1515 5216 Bib.
1546 5161 1695 5231 Reg.,
1727 5170 1782 5214 et
1818 5162 1956 5230 apud
1987 5162 2078 5214 Al-

512 5235 744 5296 cuinum,
775 5233 902 5286 ibid.
931 5232 1008 5284 Ex
1043 5233 1104 5286 S.
1145 5235 1298 5302 Greg.
1331 5231 1492 5302 Mag.,
1529 5230 1683 5302 Huni.
1716 5232 1768 5283 in
1805 5232 2002 5300 Ecang.

586 5303 738 5357 Sicut
776 5303 828 5355 in
866 5302 1126 5371 principio
1154 5300 1342 5357 mulier
1379 5300 1568 5356 auctor
1599 5300 1766 5370 culpm
1806 5303 1920 5355 viro
1957 5302 2073 5365 l'uit,

513 5374 597 5428 vir
624 5382 909 5427 exsecutor
949 5373 1182 5434 erroris,
1223 5373 1292 5426 ita
1334 5387 1476 5425 nunc
1511 5387 1630 5439 qua:
1663 5371 1812 5439 prius
1850 5381 2078 5426 mortem

513 5451 832 5512 gustaverat,
843 5443 1287 5512 resurrectionem
1309 5442 1457 5510 prior
1479 5442 1633 5512 vidit,
1649 5450 1703 5493 et
1726 5458 1843 5512 qum
1867 5442 2076 5512 culpam

512 5511 630 5566 viro
661 5511 1023 5566 transfuderat
1053 5511 1338 5564 transl‘udit
1366 5521 1421 5564 et
1446 5511 1692 5580 gratiam.
1734 5511 1938 5564 Βαριαηὶ
1969 5511 2079 5565 Ho-

514 5581 623 5635 mil.
654 5583 705 5635 in
730 5582 942 5635 sabbato
969 5591 1132 5634 octav.
1169 5580 1402 5633 Pascltce.
1441 5580 1571 5634 Vide
1607 5581 1768 5636 etiam
1800 5581 2000 5634 Bedam
2023 5583 2078 5635 in

517 5649 707 5714 Mam,
742 5652 832 5705 lib.
866 5667 938 5716 tv,
971 5669 1087 5721 cap.
1115 5651 1199 5703 16.

587 5733 608 5757 υ
635 5722 785 5789 Aspis
813 5730 894 5775 est
921 5717 1176 5787 diabolus,
1203 5727 1259 5773 ut
1287 5719 1338 5772 in
1363 5718 1591 5774 Psalmis
1615 5737 1627 5772 :
1648 5717 1817 5788 Super
1843 5721 2074 5790 aspidem

2179 4329 2388 4398 occulte
2415 4328 2632 4398 decipit,
2657 4337 2714 4398 et
2733 4339 2918 4398 aperte
2945 4329 3111 4382 saevit.
3138 4331 3293 4398 Aspis
3313 4328 3536 4385 occulta
3561 4328 3748 4386 saevitia

2180 4397 2394 4470 diaboli.
2423 4397 2626 4450 Rabani
2653 4397 2928 4470 Alleyorite
2949 4399 3000 4451 in
3024 4397 3230 4451 sacram
3259 4399 3620 4470 Scripturam.

2249 4467 2346 4521 Fel
2382 4475 2465 4522 est
2507 4468 2784 4536 persuasio
2825 4468 3124 4523 daamonum
3147 4509 3162 4524 .
3206 4479 3265 4523 ut
3303 4471 3361 4524 in
3381 4467 3503 4525 'Job
3537 4491 3550 4524 :
3591 4471 3657 4525 In
3687 4470 3748 4538 [Α

2177 4538 2460 4607 aspidum.,
2491 4538 2620 4590 ibid.

2247 4607 2274 4646 ά
2315 4607 2414 4661 Hic
2444 4623 2572 4677 ergo
2608 4607 2722 4662 dies
2763 4608 3171 4662 resurrectionis
3207 4607 3486 4664 Christi...
3516 4611 3750 4664 omnium

2175 4677 2386 4732 dierum
2407 4687 2565 4746 caput
2593 4686 2742 4731 est...
2769 4688 2822 4731 et
2849 4679 2984 4731 hanc
3012 4679 3412 4733 solemnitatem
3443 4682 3752 4735 solemnita-

2176 4756 2287 4800 tum
2324 4748 2516 4800 merito
2543 4747 2788 4801 dicimus.
2819 4746 3020 4800 Rabani
3057 4747 3255 4800 Homil.
3286 4751 3344 4802 in
3382 4751 3474 4803 die
3517 4751 3746 4804 Pascite.

2251 4829 2275 4855 ε
2304 4817 2370 4870 Et
2412 4817 2702 4870 notandum
2744 4818 2885 4884 quod
2920 4825 3118 4871 sanctae
3155 4818 3409 4873 mulieres
3451 4821 3750 4874 astantibus

2176 4887 2276 4940 sibi
2305 4887 2507 4956 angelis
2536 4901 2638 4938 non
2679 4887 2741 4956 in
2761 4897 2956 4956 terram
2996 4887 3275 4951 cecidisse,
3307 4889 3405 4942 sed
3437 4891 3648 4942 vultum
3679 4891 3749 4941 di-

2175 4965 2373 5010 cuntur
2402 4958 2454 5009 in
2489 4963 2684 5010 terram
2712 4955 3036 5026 declinasse;
3069 4970 3166 5010 nec
3190 4959 3510 5026 quempiam
3545 4968 3749 5012 sancto-

2175 5043 2295 5080 rum
2329 5026 2570 5094 legimus,
2604 5035 2838 5092 tempore
2875 5025 3166 5079 Dominicze
3202 5025 3644 5084 resurrectionis.
3673 5027 3744 5079 vd

2176 5097 2290 5165 ipso
2318 5095 2542 5166 Domino
2571 5094 2653 5166 vel
2683 5095 2883 5162 angelis
2911 5095 3028 5166 sibi
3047 5096 3195 5158 visis,
3227 5106 3388 5150 terra:
3421 5107 3742 5166 prostratum

2176 5163 2449 5220 adorasse.
2496 5163 2642 5218 Unde
2678 5180 2793 5217 ιιιιιδ
2829 5165 3060 5219 obtinuit
3090 5163 3535 5232 ecclesiasticus,
3571 5179 3630 5220 ut
3666 5165 3741 5218 vel

2177 5235 2230 5288 in
2257 5235 2570 5288 memoriam
2598 5234 2918 5298 Dominicae,
2957 5235 3041 5288 vel
3080 5235 3132 5288 in
3160 5246 3362 5290 nostra:
3391 5252 3550 5304 spem
3577 5252 3744 5290 resur-

2177 5305 2450 5365 rectionis,
2475 5313 2528 5357 et
2553 5305 2802 5357 omnibus
2832 5305 3122 5374 Dominicis
3139 5305 3352 5369 diebus,
3377 5317 3433 5360 et
3463 5317 3579 5360 toto
3599 5307 3744 5374 quia-

2177 5375 2501 5442 quagcsima:
2529 5383 2789 5442 tempore,
2813 5391 2915 5428 non
2945 5373 3096 5428 ﬂexis
3117 5377 3367 5443 genibus,
3395 5381 3492 5429 sed
3521 5373 3744 5429 declina-

2179 5446 2247 5498 tis
2295 5447 2348 5498 in
2395 5455 2595 5498 terram
2643 5443 2875 5498 vultibus
2917 5459 3154 5498 oremus.
3195 5443 3404 5498 Rabam
3450 5445 3654 5498 Homil.
3697 5447 3744 5494 in

2178 5515 2332 5568 Dom.
2376 5515 2399 5567 i
2429 5523 2553 5638 gzst
2587 5512 2703 5567 Oct.
2735 5511 2970 5567 Pascltar.
3013 5514 3092 5567 Ex
3129 5512 3276 5568 Beda
3305 5515 3360 5568 in
3391 5515 3619 5576 Lucam,
3657 5515 3742 5566 lib.

2178 5600 2253 5638 vn.
2284 5601 2402 5638 can.
2506 5622 2520 5635 .

2178 5600 2253 5648 vt,
2284 5601 2402 5648 cap.
2429 5600 2520 5638 24.

2284 5601 2343 5638 ca
2367 5605 2402 5638 ι.
2429 5601 2520 5638 24.

2259 5654 2278 5692 ῖ
2321 5601 2460 5719 ([[uid
2479 5652 2710 5722 qutm'itis
2739 5654 2982 5707 virentem
3009 5670 3126 5705 cum
3158 5655 3418 5707 mortuis?
3445 5653 3642 5710 Nolite.
3673 5655 3744 5704 iu-

2181 5725 2391 5794 quiunt,
2417 5741 2538 5778 cum
2569 5723 2814 5788 mortuis,
2845 5726 2941 5778 hoc
2967 5733 3048 5778 cst
3077 5725 3130 5777 in
3162 5735 3537 5786 monumento,
3562 5727 3651 5791 qui
3675 5723 3742 5772 lo-

3907 300 3909 330 1
