3938 6334
109 360 241 417 H77

1134 355 1221 409 DE
1262 351 1412 408 VlTA
1456 351 1514 405 Β.
1556 348 1792 404 ΜᾹΠΙΑΞ
1834 345 2296 402 ΜᾹΟΟᾹΙΕΝΕ.

3204 338 3338 392 1478

106 473 216 524 lum
240 467 383 523 enim
417 469 566 533 viris,
591 468 684 521 sed
712 466 875 521 etiam
901 463 1104 519 sanctis
1131 463 1464 526 mulieribus,
1495 477 1673 516 resur-
1699 466 1749 524 Α
1777 460 1920 514 enim
1950 459 2190 514 omnium
2225 457 2459 510 virorum
2501 455 2746 524 apparuit
2780 455 2940 510 Petro
2978 468 3023 508 ο.
3056 454 3194 508 Dum
3229 455 3341 508 hau:

104 569 377 616 recturum
406 572 527 613 esse
559 555 880 625 pmdixerat
909 564 958 618 ⁸,
997 568 1114 605 cum
1153 551 1322 604 adhuc
1359 551 1412 602 in
1451 547 1671 603 Calilu'u

106 659 259 716 esset,
287 649 463 704 dicens
497 661 515 698 :
555 645 694 712 Quia
734 653 929 714 oportet
958 641 1159 696 Filium
1197 641 1420 694 hominis
1455 639 1592 692 tradi
1619 638 1675 692 in

107 759 291 797 manus
319 749 644 812 peccatorum
669 746 716 790 et
743 735 993 805 cruciﬁgi,
1026 743 1072 787 et
1102 734 1185 787 die
1215 733 1366 786 tertia
1389 747 1673 800 resurgere.

108 833 178 886 Et
211 831 491 887 recordata
527 837 648 882 sunt
688 826 929 880 mulieres
970 825 1238 878 verborum
1278 823 1489 877 Domini
1525 821 1671 876 Jesu.

110 924 388 978 Mattbatus
417 919 630 990 (Matth.
665 932 855 1004 ιδνιιι,
876 915 929 987 8)
972 932 985 968 :
1030 914 1096 968 Et
1135 914 1371 967 exierunt
1404 911 1467 966 de
1493 928 1676 965 monu-

111 1027 280 1070 mento
306 1013 473 1068 Maria
495 1010 827 1082 Magdalena,
849 1017 903 1061 et
928 1007 1094 1061 altera
1119 1005 1308 1070 Maria,
1326 1021 1440 1058 cum
1469 1005 1672 1068 timore,

110 1117 160 1161 et
189 1106 376 1177 gaudio
413 1119 623 1174 magno,
652 1110 914 1155 currentes
950 1099 1192 1153 nuntiare
1228 1095 1499 1166 discipulis
1541 1095 1675 1163 eius.

105 1197 180 1269 L’t
211 1214 350 1262 ecce,
389 1209 664 1250 occurrens
691 1191 797 1246 ill's
830 1191 962 1245 dixit
987 1207 1005 1244 :
1034 1190 1220 1254 Avete;
1251 1197 1310 1243 ut
1335 1187 1676 1242 maledictum

110 1288 252 1350 Evze,
284 1287 425 1342 sicut
451 1285 599 1356 prius
622 1284 675 1338 in
699 1281 959 1353 singulari
986 1279 1226 1350 Virgine,
1258 1293 1355 1349 per
1379 1293 1440 1333 os
1461 1275 1681 1332 Gabrie-

112 1379 197 1442 lis,
221 1377 297 1432 sic
315 1390 456 1432 nunc
472 1375 771 1431 solveretur
799 1373 852 1426 in
880 1371 1082 1434 Mariis,
1105 1384 1204 1439 per
1225 1384 1286 1423 os
1310 1367 1476 1438 ipsius
1497 1364 1680 1420 Salva-

115 1468 268 1522 toris.
313 1465 451 1536 Ipsa:
495 1474 669 1518 autem
716 1467 1079 1524 accesserunt,
1121 1468 1168 1512 et
1217 1465 1489 1511 tenuerunt
1527 1453 1678 1524 pedes

109 1555 246 1624 ejus,
273 1568 407 1623 quos
433 1553 582 1622 prius
617 1551 707 1604 uni
737 1565 943 1613 earum,
975 1549 1099 1617 quia
1129 1547 1364 1600 nondum
1399 1543 1674 1608 credebat,

111 1655 330 1715 tangere
367 1649 609 1698 vetuerat
647 1641 715 1706 b;
757 1650 802 1694 et
843 1639 1189 1692 adoraverunt
1233 1652 1373 1700 eum,
1423 1641 1494 1697 et,
1541 1632 1682 1686 sicut

110 1734 430 1790 universalis
459 1731 722 1797 Ecclesia,
751 1728 1005 1784 osculatae
1039 1735 1162 1781 sunt
1192 1723 1403 1780 Domini
1430 1723 1676 1794 vestigia.

112 1824 160 1879 Τ
161 1842 258 1879 unc
289 1823 442 1878 Iesus
480 1821 682 1876 locutus
728 1829 804 1874 est
849 1819 923 1873 eis
953 1817 1139 1872 dicens
1188 1833 1201 1869 :
1247 1813 1424 1868 Nolite
1458 1815 1672 1878 timere;

1774 558 1946 601 autem
1983 547 2288 617 loquuntur,
2315 546 2450 598 stetit
2478 544 2630 598 Iesus
2663 545 2716 597 in
2745 545 2914 598 medio
2945 562 3144 609 eorum,
3176 553 3224 597 et
3254 545 3342 598 di-

1773 643 1850 694 :rit
1877 654 1894 692 :
1925 638 2045 694 Pax
2081 640 2240 693 vobis.
2286 640 2351 693 Et
2391 639 2503 693 haec
2539 647 2664 692 sunt
2701 639 2938 708 quinque
2975 640 3340 710 apparitiones

1775 727 1986 782 Domini
2011 726 2324 791 Salvatoris,
2350 727 2561 795 quibus,
2587 727 2640 780 in
2664 727 2748 781 die
2772 729 3182 782 resurrectionis
3208 743 3341 795 suae,

1775 819 2047 874 consolari
2077 818 2241 872 voluit
2280 833 2415 887 quos
2443 818 2723 888 diligebat,
2751 828 2805 872 et
2831 819 2998 872 videri
3039 819 3205 874 voluit
3230 822 3343 876 suis

1776 911 2123 967 dilectoribus
2166 911 2345 965 nimis.
2385 909 2454 963 Et
2498 921 2612 980 post
2649 911 2756 964 dies
2798 923 2944 976 octo,
2983 913 3230 981 apparuit
3263 915 3346 969 eis

1778 1010 1963 1066 sexto;
1990 1003 2317 1071 Thomreque
2343 1001 2584 1070 apostolo
2611 1001 2750 1055 latus
2776 1001 3094 1072 palpandum
3118 1003 3350 1073 praebuit

1778 1090 1958 1160 (Ioan.
1982 1106 2070 1155 xx,
2091 1089 2203 1161 26).
2230 1088 2470 1160 Septimo
2491 1090 2737 1160 apparuit
2757 1091 3089 1160 piscantibus
3112 1093 3180 1144 ad
3203 1109 3348 1147 mare

1778 1183 2080 1238 Tiberiadis
2119 1181 2305 1253 (Ioan.
2347 1197 2471 1245 XXI,
2506 1180 2589 1251 l).
2623 1180 2826 1236 Octavo
2863 1184 3109 1252 apparuit
3145 1184 3257 1247 eis,
3288 1192 3348 1237 ut

1777 1279 2125 1330 mandaverat
2150 1288 2246 1345 per
2275 1272 2499 1327 Mariam
2529 1272 2919 1345 Magdalenam,
2948 1275 3002 1330 in
3033 1286 3216 1332 monte
3243 1277 3349 1333 Ga-

1777 1364 1926 1419 lilaaa:
1957 1364 1998 1419 τ.

1777 1474 1912 1558 (Ιλιεξἶ
2185 1506 2256 1516 -
2301 1474 2931 1558 .Recgpitulatiovﬂuam
2968 1488 3117 1558 grata
3154 1479 3348 1546 fuerint

1849 1543 2055 1600 Christo
2105 1545 2347 1616 obsequia
2391 1543 2613 1612 Marica,
2651 1556 2700 1600 et
2742 1543 2796 1600 iri
2832 1543 3073 1617 prrcsénti
3115 1543 3350 1604 remune-

1848 1627 1984 1672 rata.

1849 1709 1962 1764 Nec
1996 1709 2514 1780 praetermittendum
2535 1751 2550 1776 ,
2580 1710 2722 1780 quod
2751 1726 2855 1764 non
2886 1711 3158 1768 immerito
3195 1714 3350 1769 multi

1780 1800 2077 1865 mirantur,
2119 1800 2247 1869 quin
2293 1799 2472 1870 potius
2517 1802 2864 1869 repetendum
2904 1801 3094 1868 altius,
3137 1811 3193 1858 et
3229 1820 3352 1859 cum

109 1919 200 1982 ite,
230 1917 462 1971 nuntiate
490 1914 742 1983 fratribus
771 1913 918 1976 meis,
949 1922 1002 1964 ut
1031 1921 1148 1964 eant
1179 1909 1231 1961 in
1267 1905 1538 1962 Galilwam
1557 1947 1571 1972 ,
1611 1906 1679 1961 ibi

1790 1892 1950 1946 multa
1972 1892 2250 1948 dulcedine
2272 1892 2494 1961 spiritus
2525 1892 2863 1948 recolendum
2887 1895 3211 1965 diligentius,
3237 1898 3353 1951 sinu

107 2025 194 2063 uie
219 2005 476 2061 videbunt.
509 2003 681 2058 Lucas
703 2002 853 2075 (Luc.
879 2017 1030 2067 xxrv,
1054 2001 1108 2071 9)
1138 2018 1149 2052 :
1183 1998 1251 2052 Et
1277 2013 1495 2069 egresso:
1517 2014 1548 2050 α
1574 2013 1683 2050 mo—

107 2105 388 2160 numento,
433 2094 798 2148 nuntiaverunt
836 2093 947 2152 lucc
978 2092 1152 2146 omnia
1194 2089 1297 2142 illis
1332 2089 1598 2152 undecim,
1632 2097 1681 2142 et

103 2183 311 2238 ca‘teris
349 2181 606 2236 omnibus.
639 2180 806 2234 Erant
835 2190 1006 2234 autem
1044 2178 1222 2233 Maria
1249 2176 1565 2248 Magdalena
1585 2217 1598 2242 ,
1631 2185 1679 2229 et

107 2276 352 2341 Ioauna,
388 2272 651 2328 et.l|laria
692 2271 912 2336 Jacobi,
949 2279 997 2325 et
1037 2280 1236 2324 ett-tem:
1273 2285 1391 2339 (μίαν
1415 2283 1533 2321 cum
1573 2265 1682 2320 illis

107 2375 262 2419 erant
293 2376 341 2431 ο,
375 2381 489 2436 qua:
517 2363 755 2418 dicebant
780 2365 848 2416 ad
877 2361 1136 2432 apostolos
1162 2361 1291 2414 lucc.
1323 2359 1392 2413 Et
1423 2361 1531 2413 visa
1561 2367 1681 2428 sunt

103 2468 234 2512 ante
257 2457 392 2523 illos,
419 2460 553 2513 sicut
581 2457 998 2522 deliramentum,
1021 2456 1171 2510 verba
1203 2457 1339 2521 ista;
1363 2466 1412 2510 et
1442 2473 1544 2510 non
1566 2471 1679 2509 cre-

101 2549 296 2603 debant
335 2549 462 2606 illis.
507 2547 696 2604 Petrus
724 2558 895 2602 autem
921 2565 1170 2618 surgens,
1207 2547 1438 2602 cucurrit
1472 2547 1541 2600 ad
1572 2562 1682 2600 uto-

103 2650 412 2694 ammentum
433 2681 448 2706 ,
482 2651 530 2694 et
563 2639 902 2711 procumbens
933 2640 1060 2693 vidit
1105 2639 1408 2693 linteamina
1446 2639 1558 2693 sola
1583 2655 1680 2710 po-

103 2729 250 2792 sita;
283 2738 332 2782 et
357 2729 482 2782 abiit
509 2745 681 2783 secum
708 2729 906 2782 mirans
927 2727 1065 2795 quod
1093 2727 1290 2797 factum
1316 2727 1508 2797 fuerat.
1531 2728 1683 2783 Tunc

101 2821 355 2890 apparuit
392 2821 642 2876 Salvator
673 2821 723 2876 ei
765 2839 778 2874 :
822 2821 979 2876 tertio
1016 2819 1157 2875 enim
1197 2821 1437 2892 apparuit
1478 2819 1681 2875 Simoni

101 2908 288 2966 Petro.
339 2910 551 2966 Marcus
593 2911 801 2984 (Marc.
841 2926 961 2977 xvi,
1007 2909 1095 2982 12)
1133 2908 1302 2964 :Post
1337 2909 1448 2964 ha'c
1485 2919 1679 2977 autem,

101 3001 310 3056 duobus
332 3002 719 3056 ambulantibus
747 3011 982 3056 ostensus
1009 3011 1083 3056 est
1113 3002 1167 3054 in
1197 3001 1302 3055 alia
1325 3001 1497 3072 efﬁgie
1516 3041 1531 3066 ,
1555 3017 1683 3054 eun-

99 3091 245 3146 tibus
274 3093 327 3147 in
362 3093 536 3148 vittam
564 3109 683 3164 qua:
709 3109 852 3149 nunc
878 3101 962 3149 est
988 3092 1276 3163 Nicopolis,
1301 3091 1582 3148 Palestina:
1605 3091 1682 3146 ci-

107 3181 254 3236 vitas
299 3181 524 3253 insignis
562 3181 611 3250 ἀ,
650 3183 922 3254 sexaginta
967 3182 1154 3237 stadiis
1195 3182 1263 3237 ab
1307 3181 1678 3254 Jerosolymis,

101 3271 251 3341 quod
283 3280 367 3326 est
404 3282 609 3343 septem
647 3272 944 3338 milliariis,
981 3281 1035 3326 et
1069 3272 1250 3328 semis.
1282 3271 1350 3326 Et
1379 3271 1455 3326 illi
1481 3282 1678 3340 euntes,

102 3363 476 3416 nuntiaverunt
527 3364 760 3430 cwteris,
810 3380 902 3418 nec
948 3363 1054 3418 illis
1111 3363 1462 3418 crediderunt.
1509 3362 1682 3420 Lucas

103 3450 259 3520 (Luc.
304 3468 460 3516 xxiv,
503 3452 591 3524 55)
637 3472 650 3507 ;
699 3452 764 3506 Et
797 3453 1100 3508 invenerunt
1141 3463 1477 3524 congregatos
1517 3453 1682 3509 unde-

102 3543 231 3606 cim,
262 3553 308 3596 et
337 3559 422 3595 eos
451 3544 539 3612 qui
566 3560 682 3597 cum
711 3545 786 3598 eis
809 3555 956 3598 erant
976 3585 991 3609 ,
1019 3545 1244 3599 dicentes
1274 3545 1414 3614 quod
1441 3559 1459 3596 :
1489 3544 1681 3601 Surre-

101 3634 183 3686 xit
213 3632 466 3686 Dominus
496 3649 642 3700 vere,
678 3644 726 3687 et
757 3636 997 3704 apparuit
1038 3633 1242 3689 Simoni
1275 3635 1456 3690 Petro.
1493 3634 1678 3691 Primo

1012 3769 1047 3810 Ν
1058 3767 1194 3812 ΟΤΕ
1237 3767 1620 3814 Ροτιεειιιιτιι
1663 3773 1749 3814 EX

104 3865 207 3907 cus
244 3857 329 3922 est
368 3851 584 3921 proprie
621 3858 981 3922 mortuorum,
1023 3865 1266 3922 maerere
1311 3866 1434 3922 eum
1477 3853 1568 3922 qui
1614 3853 1684 3908 ad

106 3922 277 3976 vitam
299 3920 411 3988 jam
441 3921 676 3975 surrexit
707 3937 736 3974 a
768 3921 1015 3976 mortuis.
1043 3921 1272 3982 Raban.,
1307 3921 1435 3975 ibid.

181 3989 850 4061 {Recordamini‘qualiter
868 3990 1070 4061 locutus
1096 4001 1170 4045 est
1192 3991 1348 4061 vobis,
1374 4007 1490 4044 cum
1513 3992 1684 4046 adhuc

106 4063 165 4116 in
189 4058 411 4114 Galiltea
433 4071 580 4114 esset.
606 4058 863 4115 Dominus
883 4060 1023 4115 inter
1045 4060 1332 4130 discipulos
1353 4062 1500 4116 viros
1519 4063 1682 4117 etiam

108 4131 330 4186 feminis
361 4145 478 4201 qu:_e
503 4144 623 4184 eum
659 4131 1022 4201 sequebantur
1047 4131 1310 4198 praedixit.
1351 4131 1484 4184 Ibid.

182 4201 209 4240 ι)
249 4197 390 4255 Ecce
425 4197 582 4254 Jesus
612 4197 847 4254 occu'rrit
883 4199 988 4254 illis
1016 4197 1200 4255 dicens
1229 4219 1240 4253 :
1275 4201 1452 4266 Avete,
1484 4208 1542 4254 nt
1567 4215 1685 4254 ma-

107 4270 364 4324 ledictum
393 4270 517 4324 Eva:
546 4270 788 4325 mulieris
813 4271 865 4324 in
895 4271 1211 4325 mulieribus
1237 4272 1557 4326 solveretur.
1580 4271 1686 4325 lllze

108 4349 294 4394 autem
320 4350 666 4410 accesserunt,
691 4350 738 4394 et
771 4350 1044 4395 tenuerunt
1074 4341 1227 4405 pedes
1251 4342 1387 4410 ejus,
1414 4350 1462 4394 et
1494 4343 1687 4394 adora-

106 4419 290 4480 verunt
318 4425 453 4462 eum.
484 4409 602 4463 Istae
625 4411 884 4464 accedunt
911 4419 965 4464 et
997 4418 1181 4465 tenent
1209 4409 1372 4480 pedes
1393 4410 1528 4479 ejus,
1561 4411 1686 4480 quia

111 4479 470 4533 adoraverunt
498 4494 642 4550 eum.
667 4480 928 4534 Czeternm
955 4479 1041 4533 illa
1067 4496 1184 4549 qua:
1207 4479 1480 4550 quaerebat
1507 4479 1688 4534 viven-

108 4558 220 4602 tem
249 4564 371 4602 cum
400 4549 644 4611 mortuis,
679 4559 732 4605 et
761 4550 1030 4604 nesciebat
1061 4549 1235 4604 adhuc
1261 4551 1451 4604 Filium
1484 4550 1577 4604 Dei
1604 4566 1687 4604 re-

107 4620 446 4692 surrexisse,
468 4621 672 4692 _t'neri_to
707 4621 914 4673 audivit
945 4639 957 4673 :
992 4619 1182 4692 Nonne
1213 4629 1418 4692 tangas,
1450 4621 1688 4692 nondum

107 4689 256 4741 enim
283 4689 498 4741 ascemli
523 4689 586 4741 ad
607 4689 819 4743 Patrem
844 4706 1038 4743 meum.
1059 4689 1261 4742 Rabani
1285 4689 1337 4744 in
1362 4691 1551 4742 Matth.
1568 4690 1684 4742 cod.

104 4757 425 4828 Βὶὺιηβεθε
442 4757 637 4828 fluuit.
669 4760 766 4828 fer.
799 4775 850 4811 vt
881 4758 1061 4813 Octav.
1089 4758 1328 4813 Pascha).
1561 4819 1564 4822 ,

188 4839 210 4865 ο
255 4827 382 4881 Haec
410 4826 576 4880 Maria
600 4826 910 4897 Magdalena
939 4831 1048 4897 ipsa
1073 4838 1156 4883 est
1177 4845 1332 4883 soror
1360 4829 1546 4882 Lazari
1571 4843 1690 4897 qua:

107 4898 269 4952 unxit
297 4897 576 4968 Dominum
605 4908 905 4968 unguento;
934 4897 1138 4952 Ioanna
1171 4915 1306 4952 uxor
1332 4899 1533 4961 Cbuza,
1562 4914 1687 4968 pro—

108 4967 383 5021 curatoris
413 4966 665 5032 Herodis;
685 4966 865 5021 Maria
895 4968 1075 5022 Jacobi
1109 4978 1280 5022 mater
1304 4978 1359 5022 et
1393 4966 1575 5022 Jacobi
1603 4969 1690 5036 ju-

109 5039 286 5091 nioris
315 5047 370 5091 et
403 5037 632 5104 Ioseph,
667 5055 823 5091 soror
848 5040 1032 5094 matris
1070 5039 1300 5092 Dutnini.
1342 5037 1552 5091 Rubuni
1577 5038 1692 5092 Ho-

108 5107 225 5160 mil.
260 5107 416 5176 Dom.
448 5108 470 5159 1
503 5119 615 5176 post
645 5108 826 5162 OClttt'.
856 5107 1094 5162 l’asclur'.

187 5175 212 5214 «1
255 5175 576 5248 Pilumnus...
618 5179 731 5248 lucc
760 5186 841 5231 est
868 5195 1019 5248 nunc
1045 5178 1330 5248 Νἱοοροιίδ,
1365 5178 1587 5248 insignis
1619 5177 1694 5231 ci-

109 5246 254 5299 vitas
283 5245 586 5316 Palestinte.
639 5247 842 5300 Rabani
873 5248 936 5301 de
981 5245 1259 5313 Universo,
1293 5250 1380 5303 lib.
1423 5245 1540 5309 xiv,
1569 5263 1688 5316 cap.

113 5317 166 5368 1.
201 5316 278 5369 Ex
308 5315 452 5370 Beda
479 5317 531 5370 in
559 5317 776 5387 Lucam,
806 5317 898 5371 lib.
928 5333 1000 5382 γι,
1035 5334 1151 5386 cap.
1183 5319 1272 5372 :14.
1300 5321 1428 5385 Qua:
1456 5315 1691 5387 (civitas)

110 5395 236 5456 post
265 5388 718 5456 expugnationem
744 5385 939 5441 Judzem
958 5429 971 5451 ,
1004 5385 1115 5441 sub
1137 5388 1313 5442 Marco
1341 5385 1558 5442 Aurelio
1584 5389 1695 5440 An-

113 5455 302 5510 tonino
326 5455 564 5526 principe
593 5465 913 5520 restaurata,
937 5474 1058 5511 cum
1091 5466 1230 5510 statu
1262 5459 1486 5511 mutavit
1516 5468 1570 5511 et
1599 5475 1694 5512 no-

116 5541 261 5579 men.
293 5526 450 5579 Bedtc
477 5526 676 5580 llomil.
708 5526 804 5595 fer.
842 5543 876 5582 ιι
913 5525 1153 5581 Pasc/ur.

192 5607 215 5667 ὲ
252 5595 504 5667 omnium
549 5613 680 5666 ergo
703 5597 960 5667 _virorum
1013 5599 1188 5665 primo
1229 5597 1486 5651 Dominus
1535 5613 1694 5667 appa-

116 5664 656 5787 ruissee‘intelliginfr
702 5664 880 5721 Petro.
928 5664 1073 5722 Beda
1114 5668 1168 5719 in
1206 5668 1433 5728 Lucam,
1484 5664 1578 5721 lib.
1604 5664 1691 5732 'vt,

116 5751 238 5787 ean.

116 5751 238 5788 C89.

186 5781 215 5844 ’ί
257 5804 385 5876 (ιιιο
429 5806 542 5878 die)
572 5806 714 5862 visus
753 5815 834 5864 est
873 5807 1170 5863 Dominus:
1205 5809 1434 5880 primum
1464 5824 1492 5862 a
1531 5807 1693 5863 Maria

1780 1984 1902 2055 gula
1930 1984 2186 2054 obsequia
2223 1999 2342 2055 quae
2371 1984 2613 2040 dilectori
2642 2000 2771 2050 suo,
2803 1985 3030 2041 Domino
3061 1985 3352 2055 Salvatori,

1779 2075 2024 2130 exhibuit
2060 2075 2224 2129 Maria
2268 2074 2596 2146 Magdalena,
2629 2090 2735 2131 non
2778 2085 2838 2130 ut
2875 2077 3101 2132 aliorum
3141 2089 3356 2136 sancto-

1778 2187 1898 2226 rum
1939 2171 2150 2238 solent,
2183 2171 2341 2225 tacite
2367 2179 2618 2240 accepta,
2655 2179 2708 2225 et
2745 2180 2958 2226 mternze
2995 2175 3228 2228 mercedi
3265 2189 3352 2229 se-

1780 2261 1942 2316 cretis
1969 2272 2240 2317 reservata
2267 2277 2385 2316 esse
2410 2262 2550 2332 apud
2576 2260 2790 2316 Patrem
2809 2261 3084 2330 luminum,
3111 2265 3202 2335 qui
3221 2266 3354 2319 videt

1776 2353 1833 2407 in
1863 2353 2167 2407 abscondito
2192 2352 2397 2424 (Iacob.
2430 2369 2468 2417 ι,
2499 2352 2598 2418 17;
2627 2351 2816 2406 Matth.
2844 2369 2915 2419 v1,
2947 2353 3025 2423 4),
3050 2355 3354 2411 retribuen-

1779 2441 1868 2508 da,
1902 2458 2094 2498 verum
2124 2443 2502 2508 ineontinenti,
2543 2443 2708 2512 ipsius
2749 2443 2860 2498 oris
2897 2443 3194 2499 Salvatoris
3233 2461 3358 2514 pro-

1779 2533 1976 2602 palata,
2009 2533 2222 2588 laudata
2249 2541 2303 2587 et
2329 2533 2700 2605 magniﬁcam;
2745 2541 2799 2588 et
2828 2533 2872 2587 si
2903 2532 3042 2588 forte
3069 2535 3356 2605 quisquam

1781 2637 1844 2676 ea
1871 2623 2183 2692 depravare,
2215 2622 2298 2676 vel
2327 2637 2582 2678 accusare
2623 2623 3054 2693 praesumpserit,
3083 2625 3228 2679 illico
3253 2641 3352 2680 ex-

1781 2719 1969 2767 cusata
1999 2710 2310 2784 [recensata]
2345 2714 2392 2778 8,
2423 2720 2477 2767 et
2498 2712 2818 2782 approbata;
2849 2713 2922 2767 ita
2949 2721 3028 2780 ut,
3044 2713 3196 2783 juxta
3227 2715 3356 2770 illud

1781 2801 1947 2857 Marci
1985 2803 2326 2873 evangelista:
2363 2802 2383 2874 (
2404 2801 2570 2857 Marc.
2617 2819 2683 2870 ιι,
2723 2803 2826 2874 50)
2868 2805 3160 2876 :centuplo
3186 2806 3274 2861 hic
3303 2807 3358 2861 in

1780 2895 2030 2966 prassenti
2073 2895 2338 2965 receperit
2363 2895 2592 2966 gratiam
2627 2911 2723 2965 pro
2761 2895 2931 2966 gratia
2961 2896 3141 2966 (Ioan.
3177 2912 3216 2961 t,
3247 2897 3355 2968 t6),

1781 2985 1955 3041 donec
1980 2985 2034 3040 in
2063 2984 2372 3040 caelestibus
2394 2985 2662 3040 frueretur
2689 2987 3013 3056 sempiterna
3036 2986 3227 3058 gloria.
3250 2988 3359 3043 lm-

1779 3076 2082 3145 meritoque
2123 3075 2462 3131 sanctissima
2509 3090 2696 3130 sorore
2741 3075 2857 3144 ejus
2899 3076 2965 3132 de
3012 3092 3076 3132 ea
3123 3092 3362 3148 conque-

1782 3178 1957 3236 rente,
1988 3168 2082 3224 sub
2103 3169 2289 3223 umbra
2315 3167 2479 3234 illius,
2509 3185 2659 3240 quem
2688 3167 2964 3240 diligebat,
2993 3169 3144 3234 sedit,
3175 3181 3222 3224 et
3246 3171 3360 3241 fru-

1785 3275 1898 3319 ctus
1923 3265 2030 3319 oris
2061 3263 2196 3334 ejus,
2237 3262 2416 3317 dulces
2453 3263 2652 3334 gutturi
2689 3277 2788 3317 suo
2819 3259 2995 3333 (Cant.
3027 3277 3090 3328 ιι,
3115 3261 3194 3332 5),
3216 3262 3363 3318 colli-

1783 3372 1950 3428 gens,
2000 3353 2272 3421 Gustavit,
2313 3364 2362 3408 et
2407 3354 2532 3409 vidit
2568 3370 2726 3426 quam
2763 3353 2937 3408 suavis
2988 3363 3064 3408 est
3106 3353 3361 3408 Dominus

1784 3445 1965 3520 (Psal.
2014 3447 2240 3519 xum).
2289 3445 2554 3501 Hauriens
2599 3446 2857 3515 praeclara
2905 3446 3162 3500 aviditate
3207 3462 3360 3500 venas

1781 3542 1898 3597 vitte
1924 3539 2105 3612 (Prov.
2137 3556 2194 3607 ι,
2227 3539 2338 3611 Η),
2368 3555 2435 3594 ex
2478 3537 2627 3594 fonte
2655 3538 2890 3608 pectoris
2926 3535 3061 3606 ejus,
3091 3537 3181 3608 qui
3219 3536 3360 3590 mul-

1783 3633 2036 3704 tiplicauit
2063 3631 2380 3703 locupletare
2416 3648 2532 3687 eam
2569 3632 2775 3689 divitiis
2803 3631 3193 3704 spiritualibus,
3225 3631 3361 3684 rivos

1792 3768 2044 3813 BABANO
2088 3765 2457 3809 DESUMPTJ'S.

1790 3851 2103 3922 Magdalena
2129 3849 2196 3904 ad
2237 3857 2674 3922 monumentum,
2707 3848 2921 3922 quando
2949 3848 2998 3922 ei
3034 3848 3362 3904 desideranti

1825 3917 1953 3977 ed'es
1989 3918 2105 3987 ejus
2143 3917 2390 3988 amplecti
2429 3917 2632 3988 dictum
2671 3917 2754 3972 est
2796 3935 2809 3972 :
2855 3917 2982 3971 Noli
3017 3935 3097 3972 me
3131 3931 3359 3987 tangere.

1825 3939 1953 3977 eues
1989 3939 2105 3987 ejus
2143 3939 2390 3988 amplecu
2429 3939 2632 3972 metum
2671 3939 2754 3972 εει
2796 3939 2809 3972 ἶ
2855 3939 2981 3971 λνοη
3017 3939 3097 3972 me
3131 3939 3359 3987 tangere.

1790 3939 1994 4047 Beinde
2034 3991 2207 4045 eidem
2245 3997 2300 4042 et
2335 3987 2424 4041 alii
2465 3987 2644 4042 Mariae
2684 4003 2716 4042 a
2760 3998 3106 4043 monumento
3143 4004 3366 4044 curren-

1791 4061 2032 4117 rentibus
2059 4058 2661 4130 nuntiatumdiscipulis
2685 4073 2806 4127 qua:
2833 4058 3126 4130 abangelis
3151 4062 3216 4112 de
3246 4075 3362 4130 per-

1789 4141 1909 4187 acta
1944 4131 2060 4200 ejus
2094 4129 2488 4200 resurreCtione
2531 4128 2857 4193 didicerant;
2893 4128 2959 4182 de
2997 4128 3192 4198 quibus
3233 4128 3366 4184 scri-

1788 4212 1936 4274 ptum
1963 4199 2045 4255 est
2075 4215 2089 4253 :
2123 4199 2260 4264 Quia
2291 4207 2724 4274 accesserunttet
2752 4209 3023 4274 tenuerunt
3051 4201 3204 4274 pedes
3226 4201 3363 4274 ejus,

1787 4269 1834 4327 ct
1865 4272 2214 4324 adoraverunt
2251 4285 2387 4338 eum.
2425 4269 2685 4338 Apparuit
2715 4278 2892 4323 autem
2930 4282 2982 4322 et
3007 4271 3123 4338 ipso
3149 4270 3234 4323 die
3273 4270 3366 4324 ad-

1788 4348 2197 4412 vesperascente
2219 4337 2424 4394 duobus
2443 4337 2692 4412 euntibus
2714 4341 2765 4394 in
2788 4337 3062 4412 castellum
3089 4340 3362 4412 Emmaus.

1788 4409 2050 4482 Apparuit
2071 4420 2126 4482 et
2155 4409 2387 4482 Petro...
2412 4409 2706 4482 statimque
2729 4410 2966 4482 annectit
2997 4409 3364 4482 (evangelista)

1790 4479 2032 4551 quintam
2064 4479 2595 4551 ejus_apparitionem
2629 4498 2640 4532 :
2671 4480 2808 4551 Dum
2839 4480 2948 4532 ha’c
2977 4479 3364 4551 autem/aque-

1793 4549 1986 4612 rentur,
2020 4552 2126 4619 ipse
2155 4549 2310 4603 Iesus
2336 4550 2473 4602 stetit
2501 4550 2555 4619 in
2585 4550 2753 4602 medio
2783 4565 2984 4613 eorum,
3015 4559 3060 4602 et
3088 4549 3214 4602 dicit
3246 4551 3322 4619 eis
3345 4562 3364 4601 :

1790 4620 1908 4675 Pax
1942 4617 2100 4675 vobis.
2152 4619 2353 4672 Ilubani
2391 4621 2442 4672 in
2471 4618 2696 4688 Matth”
2724 4619 2814 4674 lib.
2853 4635 2981 4684 vttl,
3009 4633 3127 4688 cap.
3171 4619 3257 4673 28.
3286 4617 3360 4672 Ex

1787 4690 1931 4744 Beda
1962 4690 2160 4743 Homil.
2193 4691 2340 4757 ferite
2369 4704 2426 4742 ιιι
2457 4687 2697 4744 Post/ue.

1861 4763 1978 4831 Ipso
2016 4760 2424 4815 resurrectionis
2457 4775 2566 4812 suae
2605 4760 2691 4814 die
2728 4759 3013 4828 quinquies
3053 4759 3363 4829 apparuisse

1789 4833 2002 4902 legitur.
2030 4831 2293 4902 Apparuit
2331 4839 2500 4902 sexto.
2537 4839 2656 4902 post
2687 4831 2802 4902 dies
2837 4839 2982 4902 octo,
3007 4831 3218 4902 quando
3247 4839 3364 4884 erat

1790 4899 1997 4957 tit—cum
2032 4899 2111 4955 eis
2149 4901 2403 4953 Thomas.
2457 4899 2698 4966 Septimo
2739 4901 3072 4968 piscantibus
3109 4900 3173 4952 ad
3216 4915 3364 4954 mare

1791 4971 2110 5036 Tiberiadis,
2133 4979 2325 5025 octavo
2349 4969 2402 5022 in
2426 4979 2608 5022 monte
2629 4968 2880 5024 Galil-irae.
2907 4970 3061 5039 Apud
3085 4969 3364 5023 Alcuinum

1790 5043 1844 5096 in
1868 5041 2029 5094 Ioan.
3333 5043 3338 5048 ‘

1863 5112 2013 5164 Nono
2060 5109 2494 5180 recumbentibus
2530 5109 2633 5163 illis
2671 5109 2916 5164 undecim
2955 5109 3363 5180 apparuit,die

1790 5199 1897 5252 quo
1934 5181 2187 5252 ascendit
2216 5180 2268 5232 in
2305 5178 2519 5233 malum.
2545 5181 2770 5252 Decimo
2801 5178 3053 5252 viderunt
3087 5193 3208 5252 eum
3250 5179 3362 5246 ipsa

1792 5250 1879 5306 die
1910 5267 2012 5305 non
2036 5251 2147 5318 jam
2179 5251 2229 5302 in
2264 5258 2404 5302 terra
2443 5250 2700 5318 positum,
2723 5250 2816 5303 sed
2843 5251 3104 5303 elevatuut
3136 5250 3186 5318 in
3211 5263 3360 5311 acra,

1791 5316 2062 5390 coelosque
2090 5328 2388 5388 petentem,
2419 5316 2718 5390 dicentibus
2747 5320 2847 5374 sibi
2875 5321 3078 5390 angelis
3111 5337 3124 5371 :
3156 5316 3245 5390 Sic
3277 5334 3366 5368 ve-

1793 5394 1905 5447 niet
1929 5387 2378 5461 quemadmodum
2411 5389 2619 5461 vidistis
2653 5406 2773 5444 eum
2801 5387 3019 5461 euntem
3038 5387 3107 5461 Ain
3127 5387 3361 5461 coelum.

1792 5455 2018 5526 Rabah.,
2042 5461 2168 5513 ibid.
2196 5460 2274 5512 De
2303 5458 2502 5513 duobus
2523 5461 2790 5528 postremis
2821 5458 3234 5529 apparitionibus
3259 5455 3365 5508 Ila-

1794 5533 1972 5604 banus
1988 5530 2229 5604 loquitur
2245 5529 2410 5595 infra,
2435 5544 2553 5604 cap.
2582 5545 2728 5583 xxxi.
3086 5599 3096 5604 _
3220 5594 3231 5604 ο

1868 5605 1893 5641 ⁸
1933 5599 2108 5655 Codex
2141 5601 2324 5660 habet,
2355 5601 2622 5652 enceriata
2645 5641 2658 5664 ,
2700 5615 2764 5652 ex.
2792 5599 3186 5651 amanuensium
3213 5599 3363 5647 inru-

1795 5673 1893 5724 ria.
1937 5670 2096 5723 Forte
2134 5669 2403 5738 legendum
2444 5679 2756 5734 recensata,
2789 5685 2817 5721 e
2860 5668 3010 5721 verbo
3060 5680 3365 5732 rcceasare,

1796 5745 1848 5796 id
1872 5752 1945 5796 est
1971 5754 2308 5795 enumerare.
