3938 6334
173 459 307 517 N81

1193 455 1281 511 DE
1319 454 1480 512 VITA
1513 455 1572 510 Β.
1614 453 1851 512 ΜΑΒΙᾸΕ
1890 452 2352 510 MAGDALENrE.

3271 449 3410 506 i482

171 570 422 643 pisticum
448 566 742 638 pretiosum
769 577 797 606 ει
819 565 1107 620 multarum
1130 566 1370 636 gentium
1398 565 1428 605 ιι
1457 563 1614 620 oﬂ‘ert
1632 565 1743 620 Deo
1767 567 1818 628 Α
1845 566 1950 619 mis
1989 565 2244 620 odoribus
2275 562 2456 616 Mariae
2489 561 2569 616 sic
2595 558 2842 623 aﬂicitur,
2888 559 2968 614 sic
3004 557 3319 621 delectatur,
3354 566 3416 612 ut

168 665 319 722 Patri
355 663 632 720 hominum
659 659 844 733 [Forte
875 658 1160 732 luminum]
1191 677 1224 714 a
1249 676 1350 730 quo
1376 674 1526 713 omne
1563 658 1745 712 datum

169 756 423 826 optimum
451 752 595 824 (Jac.
635 750 695 824 l),
744 751 1132 821 impinguatum
1176 749 1231 804 in
1259 748 1379 804 oleo
1421 746 1742 812 devotionis,

169 847 390 903 fervens
410 843 836 916 inexstinguibili
868 843 992 913 igne
1017 842 1212 898 divina:
1232 840 1567 898 dilectionis!
1603 838 1748 894 Talis

172 938 354 994 anima
397 944 639 1007 reportat
673 934 842 1007 δηρεο
886 933 1118 1003 gratiam
1155 946 1256 1003 pro
1284 931 1479 1004 gratia,
1515 929 1748 985 Domino

171 993 386 1086 dicente
416 993 796 1092 :iSacriﬁciit‘n‘t
841 993 1018 1079 la‘udis
1055 993 1419 1092 honoriﬁcabit
1456 993 1536 1077 rue
1571 1017 1744 1091 (Psal.

170 1137 323 1186 xux,
361 1118 476 1191 25).
505 1117 608 1185 Qui
638 1118 781 1173 enim
810 1115 1070 1188 gloriﬁcat
1111 1131 1215 1181 me,
1255 1112 1560 1185 glori/icabo
1606 1126 1746 1166 eum.

172 1212 277 1278 Qui
312 1217 492 1265 autem
518 1216 849 1263 contemnunt
867 1223 967 1272 me,
994 1214 1145 1261 erunt
1166 1203 1418 1276 ignobiles
1445 1203 1497 1273 (Ι
1528 1201 1658 1274 Reg.
1685 1217 1746 1268 ιι,

169 1300 284 1371 ‘50).
313 1298 665 1354 Beatissimus
693 1305 873 1352 autem
893 1295 1264 1365 estjucundus
1281 1297 1456 1361 homo,
1482 1295 1570 1366 qui
1597 1295 1750 1348 mise-

172 1401 319 1446 retur
345 1400 393 1446 et
415 1389 707 1444 commodat
731 1387 904 1460 (Psal.
936 1404 1024 1456 ιιι,
1050 1388 1126 1460 5),
1159 1388 1251 1459 qui
1282 1395 1482 1453 tecum,
1506 1403 1539 1442 ο
1559 1385 1748 1442 Balsa-

171 1482 306 1536 mita
330 1479 556 1536 celebris
578 1487 632 1534 et
649 1478 958 1548 primiceria
983 1477 1300 1544 Salvatoris,
1329 1477 1603 1548 pigmenta
1623 1476 1745 1548 pie-

171 1573 302 1628 tatis
329 1586 448 1641 quae
474 1570 573 1625 toti
593 1570 808 1640 corpori
837 1568 1040 1625 Christi
1063 1569 1274 1639 prosint
1307 1569 1489 1639 pixide
1512 1567 1751 1638 pectoris

169 1673 420 1734 portans,
452 1661 816 1732 Omnipotenti
840 1676 900 1717 se
929 1661 1144 1728 tribuit;
1176 1662 1266 1731 qui
1293 1662 1492 1730 spicas,
1522 1675 1751 1730 quarum

168 1770 281 1810 non
310 1761 394 1808 est
421 1768 698 1819 numerus,
729 1766 1026 1823 pauperum
1052 1751 1328 1823 penurias,
1357 1753 1642 1824 diligenter
1668 1753 1752 1808 in-

168 1844 342 1914 quirit
369 1860 384 1910 ;
425 1844 516 1914 qui
551 1844 632 1900 eis
660 1843 964 1900 balsamum
987 1844 1377 1900 misericordia:
1411 1842 1666 1909 infundit,
1695 1845 1751 1898 in

1849 655 2148 726 exemplum
2175 653 2598 710 conversationis
2619 650 2733 720 ejus
2759 651 3020 715 imitetur,
3041 659 3100 704 ut
3121 664 3414 706 conversa-

1849 747 2013 802 tionis
2061 747 2180 818 ejus
2229 745 2415 800 formae
2447 744 2812 814 imprimatur,
2863 750 2922 799 ut
2962 741 3078 812 ejus
3116 740 3418 799 devotionis

1847 838 2041 908 spiritu
2069 837 2364 901 debrietur,
2390 843 2448 890 ut
2481 835 2688 906 optima:
2708 835 2871 906 partis
2899 849 3056 905 quam
3085 832 3235 904 elegit
3260 830 3415 904 (Luc.

1847 942 1902 994 ις,
1926 926 2018 998 45)
2048 926 2321 997 particeps
2348 923 2627 981 elliciatur.

1848 1078 1977 1136 Car.
2009 1077 2199 1134 XXXI.
2223 1107 2294 1119 —
2311 1076 2390 1132 De
2417 1074 2610 1130 Christi
2633 1076 2954 1140 ascensione,
2985 1073 3277 1130 astantibus
3297 1090 3424 1144 apo-

2416 1145 2563 1202 stolis
2583 1155 2630 1201 et
2656 1145 2865 1200 Mariis.

1889 1281 2257 1337 .Ascensurus
2281 1280 2335 1336 in
2361 1279 2559 1335 coelum
2591 1278 2841 1334 Salvator
2857 1320 2872 1346 ,
2898 1281 3310 1352 quadragesimo
3335 1281 3425 1336 die

1852 1374 2262 1429 resurrectionis
2305 1387 2438 1438 suae,
2468 1389 2590 1426 suos
2619 1373 2709 1442 qui
2741 1382 2890 1426 erant
2926 1373 2981 1426 in
3019 1374 3214 1428 mundo
3241 1373 3426 1446 (Joan.

1851 1477 1971 1527 xm,
1995 1461 2058 1527 1;
2086 1461 2276 1516 Matth.
2304 1477 2475 1526 xxv",
2494 1460 2585 1532 55)
2605 1461 2933 1526 revisere,ct
2959 1462 3026 1515 ab
3051 1462 3130 1517 eis
3151 1463 3321 1517 videri
3338 1479 3431 1518 vo-

1850 1552 1986 1619 lens,
2019 1554 2075 1608 in
2099 1562 2282 1608 sancta
2297 1553 2500 1606 civitate
2520 1553 2946 1617 comedentibus,
2970 1553 3218 1622 apparuit
3235 1553 3408 1624 (Marc

1852 1658 1968 1708 xvr,
1996 1642 2118 1712 M);
2150 1657 2385 1712 moxque
2414 1641 2781 1709 discumbens,
2815 1644 3051 1699 comedit
3072 1660 3195 1698 cum
3222 1644 3300 1699 eis
3334 1663 3346 1698 :
3375 1653 3436 1699 ut

1851 1749 1950 1804 per
1977 1733 2228 1789 effectum
2257 1732 2604 1788 comestionis
2629 1733 2833 1788 veritas
2860 1735 3146 1803 pateﬁeret
3177 1736 3355 1790 carnis
3385 1735 3432 1790 τ.

1854 1825 1988 1880 Erat
2019 1840 2149 1897 ergo
2172 1824 2356 1880 videre
2385 1823 2582 1878 festum
2602 1824 2861 1880 solemnis
2895 1825 3114 1892 lzetitiaa,
3144 1826 3433 1894 prandium

169 1933 327 2002 cujus
352 1934 516 1990 corde
541 1935 806 2001 Charitas,
833 1942 893 1990 ut
917 1935 1050 2005 ignis
1076 1936 1131 1989 in
1154 1934 1315 1989 altari
1333 1951 1535 2004 semper
1557 1935 1746 1990 ardebit

1861 1919 2010 1976 omni
2036 1917 2234 1974 sarculo
2285 1916 2656 1985 memorabile,
2689 1917 2993 1972 convivium
3025 1917 3230 1989 angelis
3257 1927 3311 1973 et
3334 1919 3435 1973 ho-

169 2023 361 2096 (Levit.
415 2040 487 2092 vr,
529 2023 618 2097 12)
652 2037 700 2089 ο,
734 2040 855 2096 quae
897 2039 998 2080 nec
1035 2024 1154 2095 gelu
1183 2024 1528 2096 philargyria:
1556 2023 1584 2063 ά
1617 2039 1751 2080 εοιι-

167 2116 459 2187 stringere,
512 2131 614 2172 nec
650 2124 842 2172 ventus
886 2116 1144 2171 vanitatis
1186 2116 1385 2187 poterit
1422 2116 1748 2172 exsufﬂare!

167 2203 321 2260 Talis
350 2207 511 2262 homo
547 2207 845 2262 mutatione
865 2207 961 2261 Dei
989 2206 1220 2262 ellicitur
1248 2207 1402 2262 deus.
1435 2205 1580 2260 Nihil
1605 2207 1750 2262 enim

165 2295 468 2350 mutatione
521 2296 765 2366 deiparat
797 2308 842 2362 ο,
879 2311 1040 2366 quam
1070 2297 1117 2351 si
1161 2295 1356 2366 aliquis
1392 2297 1648 2352 ita.vivat
1689 2305 1748 2351 ut

167 2384 372 2439 bonum
403 2386 519 2457 ejus
555 2387 610 2442 in
659 2402 946 2443 commune
995 2386 1266 2458 proficiat.
1306 2385 1431 2443 Haac
1469 2389 1536 2443 de
1575 2387 1751 2444 tribus

169 2476 465 2545 unguentis
508 2477 758 2547 specialis
800 2477 988 2532 amicae
1019 2476 1239 2542 Christi,
1283 2477 1480 2548 pedum
1519 2476 1745 2543 scilicet,

166 2567 363 2635 capitis
391 2574 447 2622 et
475 2569 750 2639 corporis,
779 2570 975 2640 quibus
1013 2569 1185 2625 amori
1219 2585 1321 2625 suo
1352 2571 1448 2626 Dei
1475 2568 1613 2626 Filio
1641 2571 1747 2626 mi-

167 2656 458 2723 nistravit,
513 2675 708 2731 magna
759 2659 1001 2716 dilectrix
1033 2701 1049 2726 ,
1115 2659 1253 2715 mira
1310 2660 1743 2731 contemplatrix,

167 2745 532 2818 pigmentaria
573 2749 721 2816 felix,
764 2749 1136 2820 philosOphari
1171 2747 1415 2806 saﬂiciat.
1474 2749 1625 2805 Felix
1655 2751 1749 2820 qui

169 2846 288 2898 haec
349 2847 413 2900 de
458 2845 624 2900 Maria
667 2845 979 2918 Magdalena
1031 2845 1260 2901 dulciter
1303 2845 1470 2912 audit,
1518 2844 1750 2899 feliciter

166 2935 367 3002 credit,
399 2945 452 2990 ct
475 2937 815 2992 devotissime
841 2936 1057 2992 recolit!
1084 2935 1319 2991 Felicior
1347 2950 1477 2991 vero
1499 2936 1589 3005 qui
1620 2935 1748 2989 dum

169 3025 286 3078 lucc
303 3025 482 3081 Maria:
500 3028 586 3098 pie
609 3029 858 3094 miratur,
872 3036 927 3084 et
941 3027 1233 3083 ali‘ectuose
1253 3036 1561 3093 veneratur,
1578 3026 1744 3082 etiam

167 3119 548 3178 ardentissime
579 3121 895 3178 aemulatur!
928 3117 1294 3178 Felicissimus
1314 3119 1474 3192 plane
1493 3119 1589 3190 qui
1610 3119 1742 3190 opti-

1859 2011 2097 2068 minibus
2142 2008 2504 2082 praedicabile.
2553 2007 2934 2064 Discumbebat
2985 2024 3106 2064 cum
3151 2008 3245 2063 Dei
3296 2009 3438 2063 Filio

1862 2105 1990 2161 felix
2031 2111 2086 2158 et
2121 2101 2354 2173 gloriosa
2389 2109 2564 2155 mater
2583 2100 2719 2170 ejus,
2749 2100 2873 2155 coeli
2896 2100 3101 2167 regina,
3139 2098 3297 2170 Virgo
3326 2099 3438 2155 Ma-

1859 2195 1971 2261 ria;
1995 2195 2220 2264 et'quem
2235 2207 2345 2262 pra:
2370 2191 2583 2246 ueteris
2601 2191 2846 2261 diligebat
2872 2191 3026 2244 Jesus
3047 2189 3228 2260 (Joan.
3247 2205 3360 2252 xxi,
3383 2187 3438 2259 7)

1859 2285 2131 2357 apostolus
2153 2292 2208 2339 et
2229 2283 2575 2354 evangelista,
2601 2283 2861 2354 propheta
2881 2291 2935 2336 et
2955 2282 3127 2353 virgo,
3153 2281 3392 2338 Joannes
3418 2298 3433 2346 ;

1857 2377 2106 2449 specialis
2144 2377 2358 2447 quoque
2398 2376 2572 2430 amica
2610 2374 2926 2441 Salvatoris,
2968 2385 3024 2430 et
3064 2375 3438 2430 ministrarum

1852 2483 1970 2540 ejus
2005 2468 2332 2538 primiceria,
2368 2465 2537 2520 Maria
2578 2465 2924 2537 Magdalena;
2967 2473 3021 2522 et
3061 2465 3276 2535 hospita
3321 2465 3440 2536 ejus

1853 2561 2199 2616 devotissima
2229 2558 2471 2624 Martha,
2498 2565 2553 2613 et
2582 2572 2744 2628 quem
2773 2573 2805 2611 a
2836 2556 3064 2613 mortuis
3089 2564 3442 2612 revocaverat

1851 2651 2119 2718 Lazarus;
2177 2651 2343 2706 Maria
2391 2666 2605 2721 quoque.
2668 2650 2917 2721 Cleopha:
2984 2661 3039 2705 et
3093 2650 3326 2713 Salome,
3385 2657 3440 2704 et

1851 2744 2060 2800 Joanna
2088 2784 2103 2809 ,
2137 2751 2193 2799 et
2220 2743 2485 2797 Susanna.
2521 2741 2720 2798 Aderat
2763 2749 2818 2796 et
2843 2740 3066 2806 Petrus,
3095 2756 3266 2809 nuper
3297 2739 3439 2808 apud

1856 2835 2197 2893 Tiberiadem
2233 2832 2619 2888 mariambulus
2675 2834 2721 2897 ⁸,
2771 2839 2828 2886 et
2863 2831 3007 2885 inter
3035 2830 3433 2901 prandendum,

1853 2931 2072 2988 Christo
2111 2929 2253 2984 trina
2283 2927 2622 2984 confessione
2651 2923 3055 2982 confmderatus
3087 2925 3148 2989 h;
3189 2923 3436 2978 Andreas

1854 3037 2067 3095 quoque
2105 3030 2417 3078 sanctorum
2457 3017 2780 3074 mitissimus
2817 3017 2874 3084 i;
2914 3015 3149 3072 Iacobus
3198 3030 3434 3088 quoque,

1853 3115 2078 3172 Joannis
2106 3112 2275 3168 frater
2301 3129 2316 3178 ;
2348 3109 2629 3181 Philippus
2655 3107 2844 3175 etiam,
2867 3106 3038 3178 ipsius
3061 3106 3437 3162 mansuetudi-

1072 3282 1255 3332 ΝΟΤΕ
1296 3285 1682 3331 POTISSIMUM
1724 3285 1806 3330 EX
1848 3285 2104 3330 RABANO
2149 3285 2522 3330 DESUMPTE.

169 3422 292 3486 erat
321 3413 458 3486 apud
480 3414 668 3470 Deum.
699 3413 946 3486 Et_quasi
974 3414 1041 3486 ad
1067 3413 1252 3486 pedes,
1285 3429 1474 3486 cum_...
1507 3411 1746 3486 verbum
1774 3421 1819 3485 ο
1855 3415 1982 3486 tati;
2012 3413 2373 3486 _deipassiani,
2425 3408 2848 3482 patripassiani;
2904 3409 3110 3479 deiferi,
3169 3412 3432 3481 apostoli;

170 3482 576 3555 (carm—factum
607 3493 711 3555 est.
749 3482 956 3538 Rabani
979 3482 1182 3538 Hoinil.
1209 3485 1310 3554 fer.
1335 3501 1369 3538 v
1395 3482 1636 3539 Paschaz.

244 3568 271 3595 υς
302 3555 510 3609 Nardus
538 3554 803 3624 signiﬁcat
820 3555 1045 3609 odorem
1064 3555 1326 3624 virtutum
1349 3564 1660 3610 sanctomm
1691 3554 1746 3609 in

169 3625 479 3692 Ecclesia:
523 3623 667 3678 unde
727 3639 924 3692 sponsa
971 3623 1103 3676 dicit
1148 3624 1202 3677 in
1240 3623 1464 3680 Cantico
1507 3624 1749 3677 cantico—

168 3710 365 3748 rum...
413 3691 629 3746 Nardus
668 3691 783 3746 mea
817 3693 961 3746 dedit
991 3692 1203 3746 odorem
1232 3709 1405 3747 suum.
1436 3692 1644 3747 Rabani
1683 3693 1747 3747 de

171 3763 428 3818 Universo
456 3762 549 3817 lib.
583 3778 698 3827 xrx,
728 3777 846 3833 cap.
879 3762 933 3817 8.

249 3833 486 3896 Nardus,
512 3833 769 3904 charitas,
793 3830 933 3887 utin
958 3830 1201 3889 Cantico.
1236 3831 1438 3886 Rabani
1468 3832 1745 3904 Allegoria:

165 3908 227 3959 in
266 3919 469 3974 διιεῖ-φη
497 3902 844 3974 scripturam.
881 3973 886 3974 ν
931 3972 954 3974 ῃ
1210 3971 1275 3974 ___
1310 3971 1338 3974 _
1587 3902 1598 3904 ⁷
1651 3917 1658 3926 ’

246 3976 274 4014 b
299 3971 357 4028 S.
383 3972 600 4026 Paulini
618 3971 793 4044 Epist.
821 3973 888 4028 ad
916 3972 1116 4036 Seven,
1141 3981 1180 4028 t.
1209 3971 1278 4028 Vl
1300 3971 1608 4030 Bibliothec.
1639 3973 1749 4030 Pa-

175 4059 338 4099 trum.

245 4113 550 4186 Ecclesia...
579 4112 861 4186 _detulerat
904 4115 980 4186 (in
1010 4128 1240 4184 persona
1274 4113 1476 4186 Mariae)
1500 4130 1746 4186 unguen-

171 4195 287 4239 tum
315 4185 457 4253 quod
485 4184 774 4256 multorum
803 4184 1108 4256 graminum
1135 4185 1250 4256 sive
1275 4184 1467 4256 ﬂorum
1493 4184 1660 4256 mixta
1689 4188 1746 4241 in

168 4269 351 4336 unum
365 4253 537 4336 gratia
557 4253 1148 4336 et‘virtuténfragrahat.
1181 4254 1466 4336 (Ecclesia)
1489 4254 1555 4308 de
1583 4257 1749 4336 variis

167 4323 473 4379 cmlestium
510 4325 807 4395 gratiarum
832 4323 1053 4380 ﬂoribus
1078 4333 1133 4379 et
1154 4323 1330 4395 succis
1349 4323 1536 4395 odora,
1569 4326 1748 4380 multi-

169 4395 361 4478 ruodas
408 4393 804 4478 suavitatesex
846 4394 1363 4478 diversisgentibu‘s
1410 4393 1520 4478 Deo
1557 4397 1745 4478 spirat,

165 4465 553 4534 orationesque
580 4474 888 4521 sanctorum
909 4507 924 4529 ,
963 4465 1110 4520 velut
1138 4474 1403 4529 aromata,
1432 4465 1634 4533 pateris
1675 4466 1751 4520 in-

167 4550 338 4606 censa
373 4533 742 4606 ﬂagrantibus,
791 4537 982 4606 spiritu
1002 4535 1266 4606 ,veritatis
1299 4535 1518 4589 exhalat
1553 4555 1564 4590 :
1597 4545 1656 4590 ut
1698 4537 1749 4606 ei

173 4604 365 4658 talium
418 4603 611 4659 ﬂorum
657 4603 931 4668 odoribus,
982 4603 1078 4660 seu
1114 4605 1385 4668 liquorum
1423 4606 1636 4662 roribus
1672 4605 1753 4661 af-

166 4674 359 4747 ﬂuenti
379 4715 393 4740 ,
427 4691 656 4747 sponsus
683 4677 797 4746 ipse
818 4675 1113 4747 gratuletur
1139 4674 1226 4730 illa
1243 4691 1369 4747 Aqua
1391 4683 1446 4747 et
1475 4677 1530 4730 in
1559 4677 1749 4732 Canti-

167 4745 252 4798 cis
299 4744 634 4800 canticorum
684 4744 1135 4802 voce'blanditur
1180 4744 1506 4812 :Columba,
1552 4747 1748 4816 inquit,

1851 3484 2088 3552 deicolae,
2117 3483 2392 3540 monachi.

1926 3555 1946 3593 ί
1977 3550 2296 3610 Convescens
2323 3555 2564 3624 pra’cepit
2593 3554 2666 3624 eis
2697 3552 2762 3624 ab
2796 3550 3138 3624 {erosolymis
3169 3569 3232 3624 ne
3265 3555 3432 3610 disce-

1848 3627 2046 3680 derent.
2076 3623 2230 3691 Quod
2256 3619 2407 3680 cibos
2437 3619 2559 3678 etim
2584 3619 2862 3690 discipulis
2900 3619 3149 3691 sumpsit,
3183 3623 3285 3678 hoc
3315 3625 3434 3680 ideo

1850 3695 1980 3750 fecit
1998 3703 2058 3748 ut
2076 3695 2320 3749 eamdem
2341 3709 2503 3762 quam
2528 3700 2774 3746 mortuus
2801 3692 3164 3747 suscitaverat
3185 3708 3428 3759 carnem,

1847 3763 2117 3842 palpandi)
2139 3762 2621 3842 atque‘tractando,
2645 3775 2826 3815 veram
2856 3769 3200 3817 monstraret.
3220 3762 3430 3818 Rabani

1850 3832 2050 3888 IIohtil.
2084 3834 2138 3887 in
2175 3832 2259 3886 die
2284 3832 2634 3887 Ascensionis.

1917 3904 2000 3959 Ad
2055 3901 2432 3958 insinuandam
2495 3900 2908 3956 resurrectionis
2955 3916 3064 3956 sua:
3119 3903 3424 3970 veritatem,

1849 3990 1958 4029 non
1981 3973 2154 4029 solum
2182 3973 2328 4042 tangi
2354 3989 2384 4027 a
2407 3973 2702 4042 discipulis,
2728 3972 2824 4025 sed
2847 3972 3010 4027 etiam
3033 3975 3281 4028 convesci
3306 3991 3427 4029 cum

1852 4045 1959 4100 illis
1982 4045 2300 4115 dignatur...
2331 4052 2392 4097 ut
2418 4043 2670 4115 conmodo
2696 4049 2947 4096 naturam
2973 4043 3218 4112 corporis
3245 4060 3430 4099 resur-

1852 4115 2027 4186 gentis
2045 4113 2350 4186 'astrueret,
2391 4127 2459 4167 ne
2485 4113 2764 4186 illudnon
2797 4126 3016 4186 corpus,
3061 4115 3432 4186 sedspiritum

1853 4171 1973 4256 csse
2002 4171 2393 4239 arbitrarentur
2412 4225 2426 4249 ,
2456 4193 2510 4256 et
2546 4183 2660 4256 sibi
2676 4196 2782 4236 non
2815 4171 3012 4249 solide,
3040 4183 3134 4239 sed
3165 4171 3432 4256 imagina-

1853 4255 1978 4310 liter
2010 4267 2305 4324 apparere;
2344 4253 2690 4324 manducavit
2730 4260 3016 4324 potestate,
3049 4269 3156 4308 non
3194 4253 3430 4310 necessi-

1856 4335 1984 4382 tate.
2021 4322 2228 4378 Rabani
2265 4323 2464 4378 Homil.
2491 4325 2589 4393 fer.
2618 4339 2680 4378 ιιι
2721 4322 2912 4379 Pasch.
2948 4322 3034 4378 Ex
3061 4323 3204 4379 Beda
3245 4326 3300 4379 in
3328 4325 3434 4379 Lu-

1853 4414 1967 4451 cam
1989 4396 2082 4451 lib.
2112 4412 2184 4459 vt,
2213 4411 2332 4464 cap.
2362 4393 2452 4464 24.

1930 4471 1953 4507 ε
1987 4461 2390 4534 Μαι-ἰηιιιιιιῐιιιδ.
2416 4463 2618 4519 Alludit
2643 4464 2776 4533 forte
2804 4463 3054 4520 Rabanus
3089 4461 3249 4534 Petro
3273 4484 3431 4534 supra

1853 4548 2108 4608 stagnum?
2126 4533 2438 4608 Genesareth
2464 4534 2820 4590 deambulanti
2846 4575 2862 4602 ,
2901 4536 3040 4606 quod
3066 4536 3173 4608 ipse
3202 4533 3434 4608 Tiberia-

1855 4604 2212 4662 dis'vocabulo
2233 4605 2423 4674 srepius
2447 4615 2712 4674 nuncupat
2741 4622 2758 4658 :
2787 4604 3036 4674 stagnum
3068 4604 3425 4672 Genesareth,

1856 4679 1997 4746 quod
2024 4679 2188 4732 etiam
2219 4677 2519 4746 'l‘iberiadis
2548 4691 2576 4728 a
2617 4675 2837 4730 civitate
2875 4675 3160 4730 Tiberiade
3184 4685 3427 4730 vocatur.

1858 4744 2024 4804 Terra
2050 4746 2327 4802 Genuesar
2355 4744 2510 4816 juxta
2546 4753 2793 4815 stagnum
2820 4745 3188 4816 fGenesareth,
3223 4755 3282 4799 ut
3312 4747 3434 4816 qui-

167 4830 308 4878 mea,
355 4816 583 4884 perfecta
622 4831 756 4881 mea,
803 4791 1052 4888 quoniain
1091 4825 1243 4887 caput
1281 4832 1453 4870 meum
1491 4791 1748 4886 ’reple‘tuni
1779 4791 1830 4851 D
1857 4791 2299 4881 asserunt,
2346 4791 2487 4888 idem
2537 4791 3005 4888 estoquodlrnare
3041 4791 3292 4888 Galilieaa,
3329 4791 3432 4870 Ivel

165 4893 416 5026 εδίιιξξῖέξ
442 4956 750 5011 Ambrosius
765 4958 823 5011 in
853 4956 1050 5011 Lucam
1071 4997 1086 5023 ,
1112 4973 1233 5026 cap.
1266 4958 1317 5010 7.

245 5033 269 5106 ἐι
300 5022 446 5106 Ignis
477 5026 791 5106 intelligitur
817 5022 1152 5106 charitas,ut
1180 5022 1233 5106 in
1249 5025 1663 5106 Levitico,ignis
1693 5029 1748 5106 in

168 5093 331 5148 altari
340 5093 546 5166 semper
568 5093 788 5163 ardebit,
804 5098 1252 5168 quodicharitatis
1278 5098 1440 5152 ardor
1455 5093 1670 5168 semper
1693 5099 1758 5152 in‘

169 5173 356 5289 Isnenttlz
377 5175 562 5221 nostra
590 5183 710 5223 esse
732 5167 906 5224 debet.
929 5167 1133 5222 Rabani
1158 5167 1432 5238 Allegorirc
1455 5168 1510 5220 in
1540 5167 1748 5221 sacram

221 5251 332 5289 crm
357 5253 530 5289 uram.

221 5245 665 5382 erglililggj'ria,
709 5323 837 5382 qua:
886 5309 1275 5382 interpretatur
1324 5310 1573 5382 avaritia,
1615 5309 1751 5382 _sive

169 5389 329 5451 amor
348 5392 479 5446 pecu
487 5376 612 5451 uite.
628 5376 781 5451 _Apud
797 5376 1070 5451 Rabanunt
1083 5382 1147 5435 de
1157 5380 1352 5451 peccati
1366 5376 1748 5451 sqtisfactione,

170 5444 270 5498 lib.
304 5444 388 5512 ni,
429 5463 546 5519 cap.
582 5444 694 5514 51,—
724 5448 788 5502 de
832 5444 1175 5523 philarggria'.
1208 5450 1366 5506 Falso
1406 5444 1630 5505 Rabano
1657 5449 1751 5503 ad-

170 5514 448 5570 scribitur.

169 5529 448 5572 scribitur.

254 5585 575 5659 {Deum-at,
594 5589 673 5644 sic
699 5589 752 5644 in
775 5589 977 5646 codice.
997 5590 1126 5659 Quae
1140 5607 1244 5647 vox
1265 5591 1404 5646 forte
1431 5590 1569 5646 idem
1594 5598 1751 5645 sonat

171 5673 240 5713 ac
266 5655 433 5732 Deum
479 5655 684 5732 facere.
708 5660 825 5716 Non
855 5655 1123 5732 reperitur
1163 5663 1217 5718 in
1241 5662 1518 5718 veteribus
1549 5662 1749 5732 instru-

169 5729 403 5802 mentis,
421 5729 513 5802 sed
549 5731 748 5800 passim
785 5729 1114 5802 usurpantur
1145 5751 1156 5786 :
1189 5733 1435 5802 deiﬁcare
1462 5733 1630 5802 Deum
1663 5730 1746 5785 fa-

170 5814 302 5874 cere
326 5816 348 5874 ;_
373 5800 608 5874 deiﬁcus,
645 5802 839 5874 deicus,
871 5800 1114 5868 divinus;
1160 5800 1452 5874 deiloquus,
1488 5801 1744 5874 deividus,

171 5871 269 5942 qui
304 5872 445 5926 videt
469 5871 664 5935 Deum;
694 5872 979 5940 dei/armis,
1011 5871 1529 5930 confortuis'diviua:
1561 5871 1751 5926 volun-

577 5963 850 6027 Pt'ruon.
885 5966 1082 6028 CXII.

1856 4904 2006 4944 mare
2043 4887 2364 4942 Tiberiadis.
2419 4885 2525 4941 Sed
2570 4885 2720 4940 mare
2765 4885 2998 4940 Galilazaz
3039 4886 3107 4940 ab
3154 4885 3432 4953 adjaceutc

1855 4958 2131 5028 provincia
2181 4958 2382 5028 dictum
2413 4972 2559 5028 mare
2590 4956 2976 5028 Tiberiadis,ia
3015 4956 3257 5028 proxima
3300 4957 3432 5028 civi-

1856 5025 1964 5086 tate
1987 5044 2106 5098 qua:
2141 5028 2268 5083 olim
2297 5027 2567 5098 Gencreth
2597 5036 2807 5090 vocata,
2846 5027 2938 5098 sed
2981 5025 3049 5098 ab
3081 5025 3292 5098 llerode
3331 5027 3433 5098 Tc-

1856 5095 2071 5156 trarcha
2099 5101 2417 5162 instaurata,
2461 5098 2512 5151 in
2546 5097 2804 5152 honorem
2842 5096 3044 5150 Tiberii
3072 5095 3304 5161 Cmsaris
3343 5097 3432 5150 Ti-

1856 5172 2034 5227 berias
2069 5182 2152 5226 est
2200 5166 2722 5240 appellatanliabani
2765 5167 2822 5221 in
2844 5165 3060 5240 __Matth.
3095 5166 3188 5222 lib.
3222 5183 3274 5232 ν,
3307 5181 3427 5235 cap.

1858 5242 1942 5296 H.
1977 5242 2056 5295 Ex
2082 5237 2306 5294 Beda'in
2327 5239 2454 5292 Luc.
2487 5237 2578 5292 lib.
2613 5253 2672 5301 ιι,
2697 5253 2814 5307 cap.
2840 5237 2892 5291 5.
3309 5276 3314 5282 .

1926 5315 1952 5352 ιι
1987 5313 2245 5366 Dominus
2275 5310 2438 5366 tertio
2467 5307 2687 5362 Petrum
2711 5323 2778 5360 an
2806 5323 2865 5364 se
2903 5307 3088 5378 diligat
3109 5308 3428 5376 interrogat,

1855 5392 1915 5437 ut
1939 5385 2054 5453 ipsa
2096 5378 2238 5437 trina
2273 5379 2610 5453 confessione
2636 5379 2869 5453 vincula,
2907 5393 3026 5453 quae
3055 5378 3201 5453 illuni
3230 5385 3311 5430 ter
3339 5391 3432 5452 ne—

1854 5447 2032 5525 gando
2068 5454 2324 5525 ligarunt,
2367 5449 2630 5505 absolvat.
2685 5448 2751 5503 Et
2799 5449 3012 5525 quoties
3051 5447 3272 5525 territus
3317 5447 3432 5512 ejus

1854 5517 2193 5595 passiouc'se
2225 5522 2371 5576 illum
2395 5536 2558 5595 nosse
2577 5517 2886 5595 negaverat,
2918 5518 3078 5572 toties
3103 5517 3221 5595 ejus
3243 5531 3428 5595 resur-

1854 5586 2096 5650 rectione
2125 5601 2397 5649 recreatus
2419 5591 2560 5661 quod
2589 5586 2746 5661 illum,
2770 5598 2882 5661 toto
2905 5595 3049 5661 amet
3077 5586 3240 5641 corde
3262 5594 3429 5642 testa-

1858 5673 1964 5720 tur.
1999 5665 2204 5719 Rabani
2233 5662 2392 5716 Ilont.
2430 5659 2484 5716 in
2521 5659 2678 5732 Vigil.
2710 5659 2770 5715 S.
2803 5659 2967 5732 Petri.

1933 5739 1950 5776 ί
1992 5735 2236 5791 Andreas
2280 5749 2491 5803 quoque
2529 5725 2834 5803 sahctorttlit
2878 5728 3218 5784 mitissimus.
3269 5725 3432 5784 Forte

1855 5807 2044 5863 alludit
2071 5815 2260 5862 auctor
2287 5802 2493 5860 actibus
2528 5805 2584 5858 S.
2619 5802 2864 5857 Andream

2845 5955 2920 6015 lt'l
