3938 6334
188 401 334 459 1489

1223 393 1310 450 DE
1350 392 1511 450 VITA
1548 391 1610 447 Β.
1648 389 1889 448 MARUE
1929 388 2400 446 MAGDALENE.

3303 385 3441 443 M90

187 516 432 570 illustres
455 521 730 569 matronas
761 514 897 586 (Act.
923 515 1064 586 vui).
1097 512 1262 567 Maria
1297 527 1427 568 vero
1450 511 1763 582 Magdalena
1789 513 1842 572 Α
1867 509 2004 564 riam
2051 509 2119 564 ad
2167 506 2514 564 asserendum
2559 512 2936 575 argumentum
2983 499 3178 557 divinae
3214 498 3442 555 misera-

187 606 442 680 gloriosw
467 602 677 676 Virgini
707 604 889 660 Mariae
923 615 983 660 ut
1006 604 1130 661 coeli
1159 603 1382 677 regina),
1405 612 1460 659 et
1489 603 1648 658 matri
1675 615 1765 656 re-

189 700 277 770 gis
305 690 815 764 aeterni,'ineli‘abili
857 699 1143 755 devotione
1190 697 1526 763 adhaerebat;
1574 695 1766 751 minis-

189 800 346 848 trans
365 791 434 855 ei,
460 798 519 846 ut
538 791 848 863 pedisequa,
872 791 1153 847 affectione
1173 790 1424 861 mirabili,
1448 799 1503 845 et
1522 803 1770 858 supernae

188 883 638 952 contemplationi
662 898 782 938 cum
805 882 893 937 illa
921 898 1118 938 vacans
1148 900 1160 934 :
1193 881 1449 952 angelicis
1471 879 1769 934 visionibus

187 985 250 1032 et
273 974 696 1040 visitationibus,
744 975 940 1044 quibus
980 975 1072 1028 illa
1120 974 1335 1028 assidue
1377 971 1679 1036 fruebatur,
1709 979 1770 1024 ut

189 1065 446 1131 domina;
492 1067 606 1120 haec
637 1065 947 1136 frequenter
983 1065 1174 1128 foveri,
1218 1063 1504 1120 refocillari
1548 1055 1766 1126 meruit,

187 1164 252 1210 ut
280 1154 394 1225 ejus
433 1155 648 1221 ancilla,
693 1155 903 1210 et-Filii
945 1155 1084 1225 ejus,
1116 1155 1211 1212 Dei
1237 1163 1293 1210 et
1331 1154 1542 1210 Domini
1575 1153 1766 1218 nostri,

186 1244 317 1302 Iesu
361 1245 584 1312 Christi,
627 1245 877 1317 specialis
928 1247 1133 1313 amica;
1187 1262 1416 1316 quorum
1463 1245 1672 1302 visione
1713 1253 1771 1300 et

187 1340 425 1410 alloquio
462 1340 706 1396 crebrius
743 1340 1003 1408 revelata,
1049 1341 1206 1396 solito
1244 1355 1418 1406 more,
1461 1338 1767 1394 memoriam

188 1431 529 1485 abundantia:
554 1431 826 1486 suavitatis
870 1429 1074 1486 Christi
1117 1428 1288 1503 (Psal.
1327 1445 1510 1495 cxuv,
1533 1428 1612 1500 7),
1639 1426 1772 1483 dile-
1810 1503 1814 1506 i

187 1526 263 1580 cti
300 1525 575 1580 dilectoris
597 1525 701 1590 sui,
728 1525 1064 1580 incessanter
1103 1525 1442 1588 ruminabat;
1479 1531 1534 1578 et
1573 1523 1628 1576 in
1663 1539 1762 1576 me-

190 1614 446 1667 ditatione
511 1615 628 1684 ejus
685 1615 1053 1670 exardescebat
1118 1616 1254 1686 ignis
1324 1615 1525 1670 amoris
1576 1613 1766 1685 (Psal.

191 1718 420 1770 xxxvm,
452 1703 531 1773 4),
563 1704 702 1775 ignis
731 1703 1184 1775 inexstinguibilis
1231 1720 1340 1773 quo
1383 1704 1770 1759 concremabat

189 1792 424 1862 seipsam
455 1792 696 1862 quotidie
725 1793 778 1847 in
807 1793 1202 1860 holocaustum,
1224 1793 1494 1849 desiderio
1530 1792 1772 1850 inexple-

188 1884 284 1938 bili
313 1884 394 1939 sui
423 1883 822 1956 Redemptoris.

189 2040 319 2095 Car.
355 2039 1108 2115 XXX_Y._—7_Recapitulatio
1153 2057 1172 2096 :
1215 2059 1373 2114 quam
1410 2054 1560 2115 grata
1608 2044 1768 2114 fuerit

282 2113 453 2166 antica
476 2111 670 2166 Christi
693 2111 906 2182 Regina
927 2112 1040 2167 caeli
1072 2111 1364 2184 sanctisque
1403 2111 1671 2184 apostolis.

262 2245 393 2302 Erat
431 2254 609 2302 autem
650 2247 764 2303 haec
818 2257 1006 2304 sancta
1039 2249 1224 2321 virago
1264 2249 1512 2321 gloriosae
1549 2251 1644 2306 Dei
1676 2267 1768 2323 ge-

189 2338 389 2401 nitrici,
423 2347 478 2393 et
502 2339 706 2395 sanctis
727 2340 1006 2410 apostolis,
1028 2341 1199 2396 amori
1225 2341 1433 2412 pariter
1451 2351 1506 2398 et
1531 2344 1725 2399 honori
1753 2363 1764 2398 :

186 2444 411 2504 propter
446 2434 843 2501 multimodam,
889 2443 944 2490 et
973 2433 1340 2506 magnificam,
1369 2443 1425 2490 et
1469 2436 1766 2491 inaestima-

187 2523 376 2590 bilem,
405 2539 566 2594 quam
591 2539 713 2578 cum
736 2525 964 2580 Domino
988 2523 1270 2580 Salvatore
1293 2524 1580 2592 habuerat,
1611 2525 1772 2580 fami-

185 2612 500 2669 liaritatem.
534 2615 948 2687 Diligebantque
975 2631 1095 2672 eam
1137 2617 1454 2681 ferventius,
1488 2634 1650 2688 quam
1673 2619 1770 2674 Dei

187 2705 406 2773 Filium,
441 2706 683 2762 divinum
710 2716 764 2762 et
795 2707 1115 2778 magistrum
1145 2723 1321 2772 suum,
1353 2691 1606 2764 dilexisse
1630 2708 1771 2765 scie-

185 2801 321 2856 bant
346 2801 678 2867 evidentius;
719 2802 1061 2858 honorabant
1083 2802 1392 2865 instantius,
1429 2817 1590 2873 quam
1613 2801 1771 2858 Crea-

187 2900 364 2946 torem
409 2901 464 2947 et
491 2890 906 2961 Redemptorem
937 2892 1127 2947 mundi
1156 2892 1456 2948 honorasse
1501 2900 1770 2948 noverant

188 2983 594 3052 circumlatius;
629 2984 1052 3040 consolabantur
1085 2984 1366 3050 attentius,
1397 2999 1560 3054 quam
1600 2983 1770 3038 Deum

188 3074 349 3128 totius
397 3073 771 3128 consolationis
816 3083 863 3128 et
913 3073 1088 3128 solatii
1131 3073 1216 3144 (II
1249 3072 1372 3128 Cor.
1419 3091 1460 3140 ι,
1504 3075 1569 3141 5;
1614 3072 1767 3127 Rom.

186 3180 282 3230 xv,
311 3163 388 3237 5),
419 3173 475 3219 et
501 3179 597 3235 per
623 3164 842 3236 angelos
860 3173 916 3218 et
948 3179 1046 3235 per
1075 3163 1314 3234 seipsum
1339 3163 1609 3220 consolari
1640 3179 1771 3220 con-

187 3265 403 3312 suetum
450 3256 700 3312 viderant
736 3254 1040 3310 amabilius.
1086 3255 1415 3312 Recolebant
1460 3255 1675 3312 assidue
1716 3237 1842 3312 etC

183 3349 556 3420 praedicabant
589 3347 802 3419 populis
834 3347 1168 3418 frequenter,
1207 3349 1436 3419 qualiter
1466 3365 1497 3404 a
1522 3349 1771 3406 saeculari

188 3441 432 3496 vanitate
457 3441 525 3496 ad
551 3440 932 3512 discipulatum
959 3439 1263 3497 Salvatoris
1289 3457 1552 3498 conversa
1586 3441 1766 3508 fuerit,

184 3540 245 3587 et
277 3533 651 3603 proponebant
685 3530 801 3602 ejus
829 3532 1208 3601 ptenitcntiam
1247 3533 1647 3602 peccatoribus,
1673 3549 1772 3604 pro

184 3627 389 3696 quibus
425 3625 677 3681 Christus
707 3626 844 3681 mori
878 3625 1067 3693 voluit,
1105 3627 1415 3698 exemplum
1455 3630 1770 3685 conversio-

185 3718 299 3782 nis,
347 3725 407 3772 ut
444 3718 826 3788 resipiscerent
869 3725 1206 3787 peccatores.
1260 3717 1328 3772 Et
1378 3719 1506 3788 quia
1546 3719 1594 3773 si
1649 3735 1774 3790 spes

196 3811 367 3864 veniae
413 3810 572 3876 desit,
604 3808 935 3864 infructuosa
960 3818 1014 3864 et
1036 3808 1408 3880 perfunctoria
1445 3810 1555 3864 imo
1583 3819 1636 3865 et
1663 3811 1774 3882 ple-

192 3899 397 3956 ctibilis
433 3909 520 3956 est
557 3901 899 3972 poenitentia,
933 3901 1266 3956 adhibebant
1304 3900 1489 3956 Maria:
1524 3901 1686 3974 fidem
1721 3912 1776 3957 et

187 3994 444 4050 fiduciam
471 3994 538 4048 ad
560 3993 899 4064 probandum
919 4008 1070 4064 spem
1091 4001 1296 4049 certam
1327 3993 1688 4064 remissionis,
1714 4003 1775 4050 ut

188 4085 522 4157 respirarent
551 4087 893 4158 pmnitentes.
936 4084 1156 4152 Verum,
1182 4087 1310 4156 quia
1343 4102 1451 4142 non
1485 4089 1620 4144 satis
1661 4089 1774 4146 Deo

188 4178 392 4234 charus
419 4185 524 4244 est,
555 4179 647 4250 qui
683 4177 908 4234 declinat
943 4196 975 4232 a
1005 4178 1168 4244 malo,
1202 4178 1310 4233 nisi
1339 4189 1574 4250 apponat
1602 4181 1776 4250 facere

189 4268 384 4323 bonum
418 4266 591 4339 (Psal.
626 4285 812 4335 xxxvi,
849 4268 965 4342 27),
999 4271 1347 4341 exponebant
1385 4272 1663 4342 speculum
1690 4281 1777 4328 to-

189 4360 300 4414 tius
320 4361 689 4416 sanctimoniae
718 4362 884 4416 vitam
908 4361 1105 4425 Marize,
1135 4362 1204 4416 ad
1234 4361 1468 4417 dandam
1497 4365 1772 4419 scientiam

190 4449 346 4525 (Luc.
393 4468 432 4516 ι,
470 4452 582 4525 77),
624 4461 678 4508 et
727 4452 956 4508 formam
1001 4454 1158 4509 bonae
1210 4455 1665 4519 conversationis,
1713 4464 1775 4510 ut

188 4545 250 4598 in
274 4544 482 4598 adorent
505 4556 885 4616 unguentorum
919 4547 1034 4617 ejus
1061 4556 1328 4602 currerent
1356 4545 1534 4619 (Cant.
1566 4563 1608 4614 1,
1631 4548 1686 4620 5)
1718 4557 1773 4603 et

192 4644 534 4692 mutarentur
566 4637 752 4693 ﬁdeles
790 4653 837 4692 ιι.
877 4637 984 4694 Sed
1019 4638 1145 4710 quia
1190 4638 1446 4710 perfectae
1482 4654 1770 4696 conversa-

195 4728 356 4783 tionis
382 4743 526 4798 spes,
550 4737 606 4786 et
626 4730 727 4800 piae
749 4729 1175 4786 conversationis
1197 4728 1406 4786 fructus
1426 4739 1511 4785 est
1536 4745 1770 4802 superna

190 4822 503 4892 propitiatio
531 4829 587 4878 et
604 4823 820 4892 copiosa
852 4822 1250 4889 remuneratio,
1281 4822 1633 4878 assumebant
1659 4821 1771 4876 Ma-

1866 602 2062 664 tionis;
2089 610 2145 655 ut
2164 601 2229 656 de
2253 616 2316 656 ea
2341 597 2740 672 gratularentur
2761 610 2969 652 omnes.
2995 593 3212 650 Sororts
3229 607 3444 664 quoque

1866 693 1984 762 ejus
2025 690 2383 746 sanctissimae
2425 688 2644 743 Marthae
2675 687 3013 743 devotionem
3043 684 3442 756 ininvestigabi-

1866 784 1973 838 lem
1998 799 2125 854 erga
2153 783 2324 838 sancti
2355 781 2650 838 Salvatoris
2670 779 2948 850 obsequia,
2973 788 3029 834 et
3054 794 3182 834 suas
3204 779 3441 849 ipsorum

1868 876 2241 940 necessitates,
2266 883 2317 929 et
2353 874 2595 928 animum
2629 874 2795 928 totius
2823 871 3164 926 liberalitatis
3213 879 3266 924 et
3293 869 3444 923 beni-

1869 967 2092 1038 guitatis
2114 966 2288 1038 gratia
2323 965 2563 1037 plenum,
2598 963 3037 1033 frequentissime
3072 961 3444 1016 memorabant

1870 1057 2122 1128 apostoli,
2153 1057 2367 1128 publice
2413 1055 2626 1126 populis
2661 1055 3035 1126 praedicantes,
3077 1069 3241 1124 quam
3288 1053 3448 1106 fami—

1870 1149 2056 1216 liares,
2107 1165 2271 1219 quam
2320 1149 2591 1220 gratiosac,
2631 1161 2792 1216 quam
2833 1144 3194 1215 acceptabiles
3243 1142 3447 1196 fuerint

1869 1239 2009 1294 Filio
2037 1240 2152 1306 Dei,
2201 1255 2314 1310 pra:
2351 1238 2564 1295 cunctis
2605 1237 2944 1301 mulieribus,
2981 1236 3064 1291 lue
3090 1236 3206 1290 duae
3243 1234 3449 1290 devotae

1871 1347 2116 1397 sorores;
2144 1347 2306 1402 quam
2348 1332 2539 1387 intimo
2570 1346 2757 1385 amore
2797 1344 2921 1385 eum
2950 1327 3254 1393 dilexerint,
3286 1341 3446 1396 quam

1875 1423 2107 1480 dulciter
2131 1440 2160 1479 a
2186 1424 2298 1479 Deo
2329 1424 2540 1480 dilecta:
2568 1422 2787 1488 fuerint,
2826 1435 2989 1492 quant
3009 1420 3241 1490 benigne
3262 1434 3448 1473 earum

1872 1518 2103 1589 hospitia
2125 1517 2570 1588 frequentaverit,
2595 1532 2759 1586 quam
2787 1513 3078 1569 affectuose
3111 1511 3212 1566 sibi
3232 1511 3449 1578 suisque

1873 1609 1940 1664 ad
1965 1609 2146 1664 omnia
2184 1609 2493 1664 necessaria
2531 1609 2597 1664 de
2626 1609 2739 1662 suis
2781 1603 3130 1660 facultatibus
3175 1602 3451 1656 ministra-

1872 1700 2076 1764 verint;
2109 1715 2271 1769 quam
2302 1699 2636 1754 confidenter
2665 1698 2716 1753 ei
2743 1714 2772 1751 a
2809 1696 2980 1752 fratre
3023 1710 3121 1750 suo
3158 1693 3451 1748 mandave-

1874 1791 1982 1846 rint
2010 1810 2022 1844 :
2057 1791 2191 1846 Ecce
2219 1809 2368 1863 quem
2395 1809 2541 1845 antas
2587 1791 2926 1860 inﬁrmatur;
2958 1804 3119 1858 quam
3147 1786 3452 1841 amabiliter

1798 1872 1846 1932 Β
1872 1884 1988 1954 ipse
2018 1883 2205 1940 fratris
2231 1899 2422 1938 earum
2468 1883 2675 1940 obitum
2713 1883 2826 1938 suis
2861 1881 3108 1938 revelans
3149 1879 3448 1950 apostolis:

1874 1973 2134 2040 Lazarus,
2167 1975 2265 2040 ait,
2290 1975 2491 2029 amicus
2517 1982 2692 2028 noster
2716 1972 2943 2037 dormit;
2969 1985 3130 2041 quam
3153 1969 3455 2025 misericor-

1875 2066 2034 2132 diter,
2065 2067 2246 2135 ﬂentes
2287 2081 2381 2121 eas
2406 2066 2620 2132 videns,
2649 2067 2970 2136 ﬂeverit;.et
3001 2079 3125 2120 cum
3153 2063 3454 2134 lacryman-

1875 2157 2018 2211 tibus
2061 2156 2390 2228 lacrymatus
2427 2157 2497 2212 sit
2536 2175 2550 2211 :
2589 2157 2662 2211 ita
2690 2166 2752 2211 ut
2790 2155 2960 2211 Judmi
2991 2156 3234 2211 dicerent
3265 2175 3278 2210 :
3319 2154 3453 2208 Ecce

1871 2253 2130 2319 quomodo
2175 2247 2386 2301 amabat
2431 2264 2571 2312 eum,
2618 2247 2982 2318 adstipulante
3030 2246 3086 2300 in
3131 2247 3236 2301 hoc
3277 2245 3452 2316 ipsum

1873 2337 2129 2408 discipulo
2152 2354 2304 2408 quem
2325 2353 2435 2408 pra:
2463 2338 2673 2392 caeteris
2697 2337 2944 2408 diligebat
2966 2336 3122 2393 Iesus
3147 2351 3164 2390 :
3190 2337 3452 2408 Diligebat

1874 2425 2134 2481 Dominus
2160 2423 2316 2479 Jesus
2341 2424 2632 2491 Martham,
2672 2436 2718 2480 et
2746 2443 2979 2480 sororem
3005 2427 3118 2496 ejus
3151 2425 3378 2480 Mariam
3405 2436 3454 2479 et

1875 2515 2139 2570 Lazarum
2171 2515 2351 2586 (Joan.
2379 2532 2498 2583 xm,
2527 2516 2617 2583 25,
2653 2533 2770 2582 xxi,
2799 2516 2852 2583 7,
2884 2517 2974 2584 20,
3003 2534 3078 2582 x1,
3109 2517 3186 2588 5).
3216 2516 3288 2571 At
3313 2519 3455 2571 hanc

1874 2622 2090 2677 quoque
2111 2607 2331 2662 domum
2361 2609 2660 2664 amicorum
2690 2608 2913 2676 Christi,
2944 2607 3138 2663 Lazari
3165 2608 3440 2672 videlicet,

1876 2699 2057 2754 Mariae
2095 2709 2151 2754 et
2190 2699 2434 2768 Marthae,
2481 2701 2694 2756 domum
2732 2703 2984 2756 orationis
3018 2701 3213 2774 (Marc.
3257 2717 3336 2766 χι,
3375 2699 3450 2771 1),

1877 2791 1996 2845 fieri
2041 2800 2350 2847 statuerunt
2379 2793 2638 2863 apostoli;
2677 2794 2730 2847 in
2767 2809 2872 2864 qua
2907 2792 3002 2848 Dei
3039 2794 3450 2864 omnipotentis,

1876 2891 1930 2937 et
1957 2879 2196 2954 Virginis
2237 2881 2428 2938 Matris
2459 2883 2675 2947 Filium,
2715 2883 3153 2953 frequentissime
3198 2865 3455 2937 deambu-

1875 2975 2038 3041 iasse,
2073 2975 2300 3040 sedisse,
2351 2975 2684 3042 recubuisse,
2727 2974 3034 3040 dormiisse,
3078 2980 3451 3046 pernoctasse,

1875 3083 2063 3123 orasse
2093 3077 2148 3122 et
2176 3067 2344 3122 multa
2372 3068 2631 3123 miracula
2662 3067 2878 3134 fecisse,
2896 3067 3231 3132 recolebam;
3260 3082 3453 3136 quam-

1877 3177 1982 3230 que
2003 3175 2101 3215 sua
2134 3171 2320 3216 sancta
2361 3159 2777 3232 inhabitatione,
2809 3159 3090 3214 mansione
3129 3169 3182 3213 et
3208 3158 3456 3228 perendi-

1873 3255 2108 3319 natione,
2139 3253 2387 3309 Salvator
2410 3253 2525 3323 ipse
2548 3253 2984 3309 sanctificaverat
3013 3261 3068 3308 et
3090 3252 3452 3307 dedicaverat.

1872 3345 2160 3417 Ipsumque
2217 3352 2466 3399 sanctum
2528 3343 2824 3421 Lazarum,
2887 3350 3168 3398 crescente
3222 3357 3455 3396 numero

1871 3437 2135 3504 fidelium,
2167 3438 2220 3492 in
2251 3437 2440 3493 eadem
2486 3421 2709 3492 basilica
2747 3438 2776 3477 ι)
2821 3437 3212 3492 ordinaverunt
3241 3435 3454 3506 episco-

1871 3548 2001 3604 pum
2053 3531 2286 3603 proprize
2336 3530 2592 3587 civitatis.
2645 3529 2746 3598 Qui
2809 3529 3154 3601 postmodum
3203 3527 3457 3583 saeviente

1872 3625 2253 3698 persecutione
2298 3623 2912 3695 Judaicaypraadicans
2969 3622 3195 3677 verbum
3252 3618 3455 3675 Christi

1874 3718 2110 3789 Cyprum
2140 3717 2305 3781 abiit;
2353 3717 2538 3786 ibique
2571 3716 2781 3785 primus
2829 3713 3073 3785 pontifex
3105 3713 3268 3776 sedit,
3297 3712 3458 3766 vixit-

1875 3822 1979 3877 que
2016 3807 2207 3877 viginti
2261 3815 2496 3876 quatuor
2540 3807 2696 3860 annis
2739 3813 2861 3876 post
2904 3820 3059 3860 suam
3105 3803 3458 3859 resurrectio-

1875 3916 2023 3956 nem.
2057 3898 2188 3968 Ejus
2232 3914 2449 3969 quoque
2494 3906 2547 3952 et
2575 3913 2822 3953 sororum
2872 3898 2989 3968 ejus
3036 3896 3319 3961 memoria,
3363 3911 3453 3948 xvi

1875 3990 2146 4047 Kalendas
2165 3987 2420 4058 januarii,
2466 3988 2608 4060 apud
2644 3987 2990 4054 Bethaniam,
3017 4002 3188 4058 usque
3218 3987 3272 4042 in
3317 4001 3457 4058 prac-

1877 4096 2022 4147 sens,
2045 4077 2433 4136 venerabiliter
2457 4079 2740 4135 recolitur.

1875 4243 2003 4299 CAP.
2031 4241 2270 4298 XXXVI.
2296 4272 2366 4281 —
2392 4239 2596 4320 Divisio
2623 4238 3302 4320 apostolorum,net_viginti
3333 4253 3462 4308 qua-

2127 4324 2248 4367 tuor
2291 4313 2559 4367 seniorum
2589 4320 2637 4366 et
2656 4306 2958 4365 amicorum
2992 4306 3206 4364 Christi.

1946 4451 2014 4506 Et
2034 4458 2157 4520 post
2177 4448 2499 4520 martyrium
2531 4446 2675 4502 beati
2703 4444 2987 4517 Stephani,
3014 4445 3456 4516 protomartyris,

1880 4544 1948 4600 ad
1986 4543 2146 4599 ﬁdem
2175 4543 2241 4598 de
2273 4541 2412 4598 coelo
2441 4547 2665 4596 vocatus
2701 4547 2785 4594 est
2822 4537 3016 4594 Saulus
3047 4536 3183 4610 (Act.
3209 4535 3319 4607 1x);
3353 4551 3458 4590 non

1884 4648 2064 4694 tamen
2104 4646 2427 4712 anteoannos
2456 4635 2741 4691 duodecim
2763 4634 2940 4689 dictus
2968 4641 3052 4689 est
3079 4632 3278 4688 Paulus
3301 4642 3348 4685 ο.
3390 4631 3458 4684 Et

1877 4732 1966 4802 qui
2015 4731 2235 4802 dispersi
2274 4737 2424 4784 erant
2473 4744 2596 4784 cum
2645 4726 2914 4798 Philippo,
2951 4734 3006 4781 et
3048 4727 3259 4782 caeteris
3299 4725 3460 4780 sociis

1879 4825 2052 4880 sancti
2091 4823 2372 4896 Stephani,
2417 4820 2740 4887 circuibant,
2771 4819 3206 4893 evangelizantes
3233 4834 3459 4891 regnum

1113 4975 1296 5019 NOTE
1332 4974 1718 5018 POTISSIMUM
1763 4976 1845 5020 EX
1889 4976 2142 5019 ΒΑΒΑΝΟ
2186 4975 2560 5020 DESUMPTE.

254 5078 267 5086 ι

252 5149 398 5205 omil.
428 5149 526 5219 fer.
555 5165 618 5205 ιιι
652 5142 766 5220 post
802 5142 995 5215 Pent,—
1015 5156 1070 5205 et
1092 5145 1292 5201 Homil.
1316 5145 1414 5213 fer.
1443 5162 1494 5200 v.
1520 5144 1602 5200 Ex
1623 5142 1769 5198 Beda

189 5223 250 5278 in
289 5224 401 5292 Act.
427 5231 597 5292 apost.
627 5235 743 5290 cap.
776 5221 828 5292 8.

264 5304 292 5333 α
319 5291 431 5362 Per
459 5286 726 5362 unguenti;
756 5291 892 5346 dona
927 5289 1162 5360 Spiritus
1201 5287 1394 5352 sancti,
1443 5294 1502 5342 ut
1527 5287 1583 5341 in
1627 5286 1763 5341 Can-

193 5364 353 5420 tico:
397 5361 680 5418 Curremus
725 5362 781 5415 in
817 5362 1028 5415 odorem
1073 5368 1455 5420 unguentorum
1503 5368 1714 5411 tuorum
1751 5372 1769 5409 :

191 5435 252 5490 id
294 5445 376 5489 est
414 5435 552 5488 bene
576 5431 823 5488 vivamus
863 5433 917 5487 in
955 5429 1215 5501 exemplis
1240 5429 1504 5483 virtutum
1533 5436 1767 5482 tuarum.

193 5504 401 5580 Βιψαᾴηὶ
423 5503 721 5580 ᾼζιιεςιονὶιε⁸
737 5503 1031 5580 insueram
1055 5499 1402 5580 scripturam.
1509 5577 1518 5580 _
1655 5568 1666 5580 .

267 5576 296 5616 ιι
325 5567 591 5646 Basilici;
609 5573 780 5646 regite,
796 5567 1188 5646 habitationes;
1232 5569 1385 5626 Nunc
1432 5577 1619 5646 autem
1654 5567 1774 5646 ideo

194 5646 380 5702 divina
433 5644 629 5716 templa
673 5641 909 5716 basilicae
951 5644 1327 5716 norninantug,
1372 5641 1497 5709 quia
1550 5641 1622 5716 ibi
1657 5641 1772 5716 regi

193 5717 438 5772 omnium
469 5708 582 5772 Deo
613 5715 789 5771 cultus
819 5725 874 5771 et
914 5713 1182 5771 sacriﬁcia
1227 5708 1539 5768 offerentur.
1568 5708 1774 5764 Rabani

194 5788 261 5843 de
293 5786 564 5858 Unit-erso,
593 5787 686 5841 lib.
711 5803 822 5852 xxv,
851 5803 970 5858 cap.
1005 5786 1096 5840 2|.

271 5869 294 5898 ο
346 5856 462 5918 Non
513 5851 693 5918 tamen
738 5851 862 5928 ante
908 5851 1078 5920 annos
1125 5853 1406 5922 duodecim
1456 5851 1636 5910 dictus
1689 5860 1774 5910 est

191 5078 459 5206 pletuisset
499 5086 561 5134 ut
599 5079 908 5148 acciperent
937 5075 1196 5148 Spiritum
1235 5083 1504 5158 sanctum.
1561 5072 1768 5127 Rabani
1794 5077 1850 5138 D
1875 5075 2090 5159 Paulus,
2120 5077 2314 5131 scilicet
2357 5093 2423 5131 ea:
2446 5075 2760 5159 proconsule
2799 5074 3052 5158 all/idem
3078 5077 3367 5156 converso,
3403 5083 3461 5126 ut

252 5149 398 5205 omtl.
429 5149 526 5206 fer.
555 5165 618 5205 ιιι
652 5159 766 5206 post
802 5148 984 5206 Pent..
1015 5156 1070 5205 et
1092 5145 1292 5201 Homtl.
1316 5145 1414 5206 fer.
1443 5162 1494 5200 v.
1520 5144 1602 5200 Ex
1623 5142 1769 5198 Beda
1879 5157 2126 5206 opinatur
2155 5146 2420 5201 Rabanus.
2468 5147 2538 5203 Ut
2565 5164 2708 5203 enim
2743 5146 2944 5206 Scnmo,
2975 5146 3216 5206 subjecta
3251 5143 3456 5206 Africa,

1879 5147 2126 5216 opinatur
2155 5146 2420 5201 Rabanus.
2446 5143 2538 5203 'Ut
2565 5149 2708 5203 enim
2743 5143 2944 5216 Scipio,
2975 5143 3216 5216 subjecta
3251 5143 3456 5216 Africa,

1877 5213 2117 5288 Africani
2169 5217 2272 5288 sibi
2318 5233 2514 5272 nomen
2567 5213 2876 5288 assumpsit,
2918 5225 2973 5272 et
3011 5214 3254 5288 Metellus
3297 5213 3458 5268 Creta

1879 5287 2052 5360 insula
2083 5286 2367 5360 subiugata
2397 5288 2606 5360 insigne
2643 5286 2839 5345 Cretici
2876 5303 2988 5360 suae
3027 5286 3243 5360 familiae
3266 5299 3456 5360 repor-

1879 5359 2032 5424 tavit,
2061 5367 2116 5414 et
2159 5355 2524 5429 imperatores
2539 5375 2684 5415 nunc
2727 5374 2898 5429 usque
2935 5356 3165 5429 Romani
3191 5371 3258 5429 ex
3281 5355 3460 5429 subie-

1878 5429 1981 5484 ctis
2007 5425 2259 5499 gentibus
2281 5441 2750 5501 nuncupantur...,
2775 5425 2847 5484 ita
2871 5438 2926 5485 et
2951 5427 3146 5501 Sgulus
3169 5425 3235 5501 ad
3261 5425 3458 5501 praedi-

1879 5495 2149 5555 cationem
2177 5501 2416 5572 gentium
2465 5495 2663 5572 missus
2691 5495 2942 5570 a’primo
2988 5497 3244 5572 Ecclesiae
3287 5495 3456 5566 spolio

1876 5568 2203 5643 proconsule
2248 5572 2440 5643 Sergio
2483 5571 2649 5628 Paulo
2692 5568 2932 5643 victoriae
2959 5583 3076 5643 suae
3105 5568 3344 5643 trophaea
3373 5583 3458 5622 re—

1878 5638 2033 5711 tulit,
2087 5638 2378 5711 erexitque
2431 5643 2683 5698 vexillum
2732 5651 2793 5697 ut
2845 5638 3366 5711 Patllusgdiceretur
3424 5655 3459 5689 ο.

1877 5710 2061 5768 Saulo.
2096 5707 2299 5766 [ἰαιναηῖ
2339 5713 2394 5766 in
2436 5712 2597 5768 Paul.
2636 5713 2807 5768 Epist.
2857 5711 2926 5764 ad
2978 5707 3359 5762 Philemonem.
3427 5738 3456 5750 ρ

1877 5783 2102 5854 Videtur
2140 5782 2352 5848 Saulus,
2398 5784 2553 5854 juxta
2599 5779 2844 5840 ordinem
2882 5781 3155 5854 historiai,
3171 5779 3334 5834 tertio
3360 5779 3456 5833 de-

1875 5853 2016 5912 cimo
2047 5863 2166 5930 post
2192 5851 2414 5912 Domini
2428 5855 2736 5930 passionem
2758 5867 2922 5920 anno,
2953 5851 3311 5926 apostolatum
3332 5865 3456 5921 cum
