3938 6334
142 434 274 492 .493
320 390 327 395 ⁷

1197 435 1285 493 DE
1321 435 1485 495 VITA
1524 436 1585 493 Β.
1627 437 1868 497 ΜΑΜᾹΞ
1910 440 2379 499 ΜΑϐΒΑΙιΕΝᾹΞ.

3254 451 3437 537 1495,

135 564 240 606 non
268 546 439 607 solum
464 560 564 621 per
592 543 941 621 Evangelium
970 540 1143 603 beatae
1182 546 1366 605 Mariae
1395 550 1704 623 sororisque
1730 552 1783 619 Α
1808 551 2105 623 provinciis
2123 594 2137 619 ,
2182 553 2276 611 sed
2323 565 2527 627 septem
2583 557 2895 619 civitatibus
2946 561 3349 632 provinciarum
3375 606 3391 630 ,

135 639 250 711 eius
274 638 394 695 laus
424 644 479 697 et
507 636 769 693 memoria
805 645 917 695 toto
944 638 1063 694 orbi
1101 638 1496 707 innotesceret;
1522 656 1709 698 verum

134 732 318 803 etiam,
355 729 496 787 sicut
525 726 722 786 Oriens
766 730 1013 803 exemplo
1045 730 1249 793 devotae
1285 734 1714 792 conversationis

132 838 319 882 earum
346 820 478 880 felix
502 821 735 890 exstitit,
777 820 856 877 sic
884 821 1042 893 plaga
1063 820 1418 880 occidentalis
1443 826 1713 895 corporali

136 929 318 972 earum
366 912 658 985 praesentia
704 918 761 968 et
809 913 1173 973 sacrosanctis
1224 928 1412 970 earum
1474 915 1716 993 reliquiis

136 1005 515 1065 illustraretur.

133 1177 261 1235 Car.
309 1172 578 1248 XXXVII.
604 1204 672 1217 --
696 1175 939 1248 Qualiter
970 1175 1159 1248 roiginti
1209 1185 1441 1248 quatuor
1487 1178 1715 1234 seniores

436 1245 643 1302 Gallias
669 1253 721 1302 et
748 1245 1046 1318 Hispanias'
1268 1258 1411 1302 unt.

200 1385 368 1459 Igitur
388 1385 628 1457 :equoris
659 1384 832 1443 undas
854 1385 1085 1458 ingressi
1104 1428 1119 1453 ,
1155 1403 1279 1443 cum
1304 1386 1541 1460 gloriosa
1563 1387 1660 1445 Dei
1687 1400 1714 1430 α

134 1476 299 1533 Maria
329 1474 667 1545 Magdaleua,
697 1491 763 1533 ac
789 1491 976 1535 sorore
994 1477 1114 1547 ejus
1138 1478 1352 1537 Martha
1376 1480 1713 1548 beatissima,

131 1579 350 1625 sanctus
388 1567 739 1643 archipraesul
776 1569 1123 1636 Maximinus,
1153 1580 1208 1629 et
1250 1573 1448 1629 beatus
1490 1571 1717 1629 Parme-

131 1676 261 1726 nas,
310 1659 767 1727 archidiaconus,
815 1661 1052 1733 episcopi
1096 1676 1312 1732 quoque
1366 1662 1716 1734 Trophimus,

131 1752 442 1822 Eutropius,
474 1767 695 1811 necnon
723 1764 780 1809 et
808 1753 1002 1824 reliqui
1025 1753 1191 1813 duces
1221 1752 1545 1815 Christianis
1575 1756 1717 1812 mili-

134 1845 238 1911 tia:,
269 1843 434 1903 ﬂante
481 1843 644 1908 Euro.
688 1843 874 1903 Asiam
915 1844 1315 1916 relinquentes,
1358 1847 1501 1903 inter
1545 1848 1719 1904 Euro-

1813 632 2248 715 prazdicaverunt
2275 665 2289 700 :
2320 646 2614 720 Eutropius
2644 652 2787 722 apud
2827 650 3174 719 Aurasicum,
3205 653 3397 711 civita-

1816 740 1925 789 tem
1966 735 2260 809 provinciae
2284 734 2648 808 Viennensis;
2698 739 2993 799 Frontinus
3029 742 3170 812 apud
3209 742 3399 803 Petra-

1816 840 1996 897 goras,
2028 827 2220 883 urbem
2264 825 2571 901 Aquitaniae
2610 833 2892 899 secundae;
2949 834 3214 904 Georgius
3256 838 3398 908 apud

1816 916 2121 983 Veliacum,
2152 919 2343 976 urbem
2381 921 2688 993 Aquitaniae.
2725 924 2949 995 prima};
2981 923 3228 982 Julianus
3255 929 3397 1000 apud
3432 986 3437 993 ,

1816 1008 2210 1079 Cenomanum,
2254 1012 2442 1070 urbem
2480 1010 2858 1087 Lugdunensis
2894 1017 3097 1085 tertiae;
3138 1017 3397 1075 Martialis

1818 1102 1959 1171 apud
1984 1098 2321 1171 Lemovicas,
2376 1106 2565 1162 urbem
2593 1107 2897 1179 Aquitania:
2924 1109 3152 1179 prima};
3202 1109 3397 1177 Satur-

1818 1195 1981 1251 ninus
2008 1197 2151 1268 apud
2182 1199 2373 1257 urbem
2400 1199 2675 1268 Tolosam,
2705 1201 3073 1261 Narbonensis
3099 1205 3309 1275 primm,
3343 1205 3397 1263 in

1818 1303 1925 1360 qua
1953 1291 2324 1363 praecipitatus
2349 1302 2433 1350 est
2459 1295 2526 1350 de
2554 1293 2841 1367 Capitolio,
2882 1310 2984 1367 pro
3010 1295 3213 1353 Christi
3253 1295 3393 1362 (ide;

1815 1381 2119 1443 Partuenas
2185 1387 2329 1458 apud
2383 1386 2575 1445 urbem
2632 1389 3037 1457 Avenicorum,
3104 1390 3398 1463 provincia:

1818 1475 2166 1545 Viennensis,
2210 1494 2333 1535 cum
2360 1480 2657 1537 venerabili
2682 1481 2932 1541 ministra
2960 1481 3173 1538 Domini
3204 1479 3400 1539 Salvav

1820 1567 1955 1623 toris
1991 1567 2201 1627 Martha
2232 1578 2445 1636 sancta,
2472 1571 2709 1637 recedit;
2758 1570 3009 1631 Marcella
3049 1587 3265 1642 quoque
3292 1572 3396 1628 mi-

1818 1660 1995 1716 nistra
2022 1661 2158 1733 ejus.
2212 1660 2495 1734 Epaphras
2533 1673 2588 1719 et
2629 1663 2946 1733 Sosthenes,
2995 1662 3300 1733 Germanus
3343 1672 3399 1721 et

1819 1751 2120 1818 Euchodia,
2148 1760 2204 1807 et
2228 1750 2457 1825 Syntex.
2490 1754 2887 1826 Rothomagus,
2916 1770 3038 1811 cum
3063 1771 3157 1811 sua
3178 1754 3396 1824 provin-
3476 1751 3484 1757 ’

1818 1846 1901 1902 cia
1926 1845 2273 1917 Lugdunensi
2310 1848 2568 1915 secunda,
2599 1863 2720 1919 quae
2745 1863 2891 1905 nunc
2916 1858 3000 1905 est
3029 1846 3393 1915 Normannia;

130 1952 251 2009 pani
282 1946 337 1995 et
366 1936 632 2003 Africam,
671 1953 770 2009 per
803 1953 955 1994 mare
1001 1938 1367 2013 Tyrrhenum,
1413 1948 1469 1996 et
1503 1940 1710 1999 circum
1740 1922 1787 1985 Β
1815 1936 2113 2010 Maguntia,
2163 1954 2289 1995 cum
2329 1954 2427 1995 sua
2472 1939 2788 2011 provincia,
2844 1938 3134 1997 Germania
3183 1938 3392 2011 prima;

130 2044 318 2087 versus
353 2024 768 2093 descendentes,
816 2030 1006 2089 urbem
1040 2029 1269 2087 Romam
1299 2038 1577 2101 totamque
1605 2030 1713 2089 Ita-

130 2116 255 2175 liam
282 2134 311 2174 a
340 2118 547 2175 dextris
578 2117 967 2190 relinquentes,
999 2132 1099 2175 nec
1124 2133 1233 2175 non
1268 2127 1325 2175 et
1350 2116 1528 2190 Alpes,
1568 2133 1710 2191 quae,

132 2225 165 2265 a
187 2208 456 2283 Ligustico
482 2210 603 2267 sinu
627 2218 683 2267 et
710 2210 847 2271 mari
873 2208 1084 2267 Gallico
1116 2219 1490 2281 exsurgentes,
1530 2212 1714 2267 orien-

132 2308 241 2357 tem
288 2317 481 2359 versus
529 2301 649 2361 sinu
694 2300 1026 2375 Ligusticob
1059 2302 1421 2357 terminantur
1460 2301 1517 2358 in
1571 2302 1713 2358 mari

129 2397 425 2463 Adriatico,
460 2408 482 2435 ο
513 2412 762 2468 prospero
811 2412 967 2453 sursu
1012 2393 1375 2467 applicuerunt
1410 2410 1443 2449 a
1484 2394 1709 2463 dextris,

130 2488 187 2544 in
220 2486 501 2560 provincia
544 2486 845 2545 Galliarum
878 2485 1196 2551 Viennensi,
1242 2484 1390 2559 apud
1433 2486 1710 2543 civitatem

132 2579 453 2648 Massiliam,
504 2579 597 2639 ubi
650 2579 791 2635 mari
830 2577 1042 2636 Gallico
1090 2576 1384 2637 Rhodanus
1427 2577 1707 2649 recipitur.

128 2669 231 2737 lbi,
268 2671 504 2729 invocato
540 2685 735 2743 magno
778 2668 963 2725 mundi
1005 2666 1239 2739 principe
1275 2665 1386 2721 Deo
1418 2664 1501 2738 (II
1530 2664 1708 2721 Much.

129 2777 232 2828 xu,
256 2760 374 2835 35),
404 2760 713 2833 provincias
762 2758 1001 2829 regionis
1038 2756 1108 2815 ad
1143 2772 1305 2829 quam
1342 2771 1439 2819 eos
1478 2756 1713 2827 Spiritus

130 2853 412 2925 appulerat
450 2848 594 2911 inter
617 2868 695 2919 se,
744 2852 933 2919 eodem
968 2851 1290 2924 inspirante,
1332 2851 1518 2922 partiti
1547 2858 1708 2919 sunt;

126 2961 365 3017 moxque
399 2945 619 3016 profecti
666 2944 1079 3017 prtedicaverunt
1115 2943 1329 3015 ubique,
1366 2942 1596 2999 Domino
1624 2958 1710 3005 co-

130 3046 376 3108 operante
400 3044 451 3093 et
471 3052 762 3097 sermonem
781 3035 1148 3107 conﬁrmantis,
1178 3035 1512 3107 sequentibus
1548 3035 1715 3107 signis

132 3128 327 3202 (Marc.
362 3145 476 3197 xvr,
498 3128 611 3203 20).
638 3127 745 3187 Sed
776 3128 922 3187 enim
949 3143 1040 3185 rea;
1061 3128 1311 3187 virtutum
1333 3128 1509 3185 dilecti
1536 3129 1713 3185 dilecti

128 3220 274 3276 dedit
300 3221 509 3279 verbum
534 3220 1011 3294 evangeliuntibus
1038 3220 1226 3277 virtute
1254 3218 1447 3287 multa,
1472 3222 1563 3292 qui
1591 3238 1710 3293 spe-

128 3313 231 3367 ciei
279 3312 463 3371 domus
506 3311 606 3369 Dei
645 3314 786 3369 dedit
834 3315 1068 3372 dividere
1102 3316 1271 3389 spolia
1308 3317 1470 3375 fortis
1514 3318 1713 3375 armati

132 3398 305 3474 (Psal.
336 3419 505 3471 mu,
538 3404 626 3473 12,
658 3404 769 3477 t5).
795 3406 1037 3467 Sortitus
1063 3417 1148 3464 est
1174 3415 1395 3465 sanctus
1416 3407 1711 3477 archipres-

129 3492 218 3548 sul
267 3491 590 3553 Maximinus
636 3494 978 3567 Aquensem,
1031 3496 1372 3569 metropolim
1419 3496 1712 3567 provinciae

124 3586 497 3645 Narbonensis
524 3590 793 3655 secundae,
820 3591 876 3645 in
897 3605 1001 3663 qus
1027 3592 1187 3646 beata
1207 3589 1376 3645 Maria
1396 3588 1713 3661 Magdalena

126 3678 423 3749 complevit
444 3694 665 3737 cursum
691 3681 1144 3751 peregrinationis
1181 3698 1323 3749 suae;
1352 3680 1550 3736 Paulus
1572 3680 1713 3737 Nar-

127 3769 358 3836 bonem,
388 3768 729 3838 metropolim
770 3770 1063 3841 provincia:
1099 3768 1467 3829 Narbonensis
1490 3771 1707 3843 primae;

126 3858 522 3930 Austrcgisilus
549 3858 871 3933 Bituricam,
906 3860 1246 3932 metropolim
1277 3862 1581 3933 Aquitaniae
1601 3863 1713 3937 pri-

128 3962 268 4015 mae;
299 3948 579 4011 Hircumus
623 3949 967 4022 Lugdunum,
1004 3952 1344 4022 metropolim
1392 3951 1715 4025 Lugdunen-

128 4041 211 4097 sis
252 4040 493 4113 (primw;
538 4038 798 4101 Catianus
825 4040 1104 4107 Turonem.
1133 4042 1456 4114 metropolim
1502 4042 1714 4116 Lugdu-

130 4131 332 4205 nensis)
363 4130 390 4172 ἀ
420 4133 627 4202 tertiae;
677 4132 914 4191 Sabinus
963 4142 1021 4193 et
1062 4130 1414 4190 Potentianus
1444 4131 1711 4203 Senonas,

131 4223 480 4294 metropolim
526 4214 902 4297 Lugdunensis
951 4233 1189 4296 quartae;
1229 4221 1479 4283 Valerius
1521 4225 1717 4283 Treve-

126 4314 261 4381 rim,
288 4314 632 4387 metr0polim
662 4313 891 4388 Belgica:
922 4316 1146 4387 primae;
1192 4313 1490 4377 Feroncius
1512 4317 1712 4377 Bisun-

130 4408 290 4471 tium,
329 4409 666 4479 metropolim
694 4408 984 4480 provinciae
1018 4410 1269 4466 maxima:
1302 4409 1713 4481 Sequanorum;

129 4498 433 4571 Eutropius
481 4500 823 4571 Sanctonas,
864 4501 1053 4571 urbem
1094 4503 1399 4575 Aquitania:
1442 4505 1713 4573 secundm,

129 4589 299 4661 cujus
342 4605 485 4647 nunc
518 4591 835 4677 metropolis
878 4602 964 4657 εει
1006 4593 1356 4673 Βυνάθεειιίες
1390 4590 1719 4666 Trophimns

125 4687 434 4756 Arelatem,
490 4700 619 4747 tunc
654 4689 995 4769 metmpolhn
1038 4692 1332 4767 provinciae
1368 4688 1715 4753 Viennensis.

126 4781 233 4837 Hae
283 4783 472 4838 decem
515 4785 807 4854 provincia:
843 4783 1151 4840 Galliarum
1191 4784 1259 4840 iis
1294 4785 1718 4854 praedicantibus

125 4873 505 4931 crediderunt.
548 4873 740 4930 Caneri
786 4873 1070 4941 doctores,
1110 4888 1218 4930 non
1262 4873 1483 4945 reliquis
1511 4882 1717 4946 septem

1816 2025 2061 2093 Colonia,
2113 2041 2235 2083 cum
2284 2042 2382 2085 sua
2432 2029 2735 2101 provincia;
2778 2028 3070 2086 Germania
3119 2029 3390 2096 secunda;

1816 2117 2120 2177 Oetodurus
2147 2134 2271 2175 cum
2316 2136 2412 2177 sua
2443 2121 2738 2192 provincia,
2780 2120 2995 2193 Alpium
3026 2119 3312 2179 Graiarum
3342 2130 3399 2177 et

1814 2211 2215 2280 I’enninarum;
2246 2213 2519 2271 Auxitaua
2554 2216 2869 2288 metropolis
2895 2231 3020 2273 cum
3046 2232 3142 2275 sua
3171 2216 3395 2287 provin-

1816 2304 1901 2361 cia
1949 2302 2477 2377 Novempopulania;
2530 2304 2850 2363 Hebreduna
2915 2305 3227 2377 metropolis
3271 2321 3394 2362 cum

1815 2411 1912 2453 sua
1937 2396 2217 2468 provincia
2242 2398 2458 2470 Alpium
2483 2400 2878 2457 maritimarum
2907 2418 2921 2454 :
2943 2397 3100 2457 Remi
3126 2408 3398 2469 metropo-

1814 2488 1898 2553 lis,
1930 2504 2053 2546 cum
2076 2506 2171 2547 sua
2201 2492 2477 2563 provincia
2519 2491 2739 2566 Belgica
2773 2491 3030 2560 secunda,
3059 2492 3181 2549 aliis
3208 2493 3397 2549 docto—

1815 2584 1966 2641 ribus
1993 2594 2286 2643 reservata:
2313 2595 2457 2645 sunt.
2499 2586 2699 2645 Eorum
2730 2601 2862 2643 vero
2889 2587 2985 2659 qui
3019 2586 3087 2643 ad
3112 2586 3397 2657 Hispanias

1815 2676 1883 2733 ab
1916 2676 2174 2748 apostolis
2208 2677 2461 2735 destinati
2488 2686 2614 2733 sunt
2649 2678 2767 2737 haec
2806 2686 2933 2735 sunt
2972 2677 3192 2733 nomine
3218 2691 3235 2731 :
3263 2676 3397 2732 Tor-

1814 2776 2037 2837 quatus,
2098 2766 2451 2838 Thesiphum,
2501 2766 2806 2837 Secundus,
2854 2767 3173 2833 lndalecius,
3227 2765 3396 2823 Caeci-

1813 2856 1941 2925 lius,
1983 2857 2234 2924 Esicius,
2280 2858 2637 2930 Euphrasius.
2677 2859 2719 2917 li
2763 2867 2968 2930 septem
3011 2857 3395 2929 Hispaniarum

1811 2947 2121 3020 provincias
2155 2955 2364 3005 sentem
2387 2947 2711 3007 Christianae
2753 2949 2879 3007 ﬁdei
2902 2948 3319 3019 coniunxerunt.

1814 3123 1943 3185 CAP.
1978 3122 2347 3198 XXXVlll.—.-
2368 3125 2609 3194 Qualiter
2634 3125 2786 3198 beata
2814 3123 2874 3181 II
2877 3126 2993 3198 aria
3016 3127 3161 3198 apud
3182 3126 3393 3198 Aquon-

1885 3197 2374 3280 sempetropolim,
2404 3207 2513 3254 tum
2535 3196 2920 3270 pra-dicationi,
2947 3195 3063 3252 tum
3079 3195 3396 3268 contempla-

1739 3284 1785 3348 ρ
1887 3268 2017 3323 tioni
2037 3268 2313 3324 “caverit.

1812 3418 1819 3435 ν
1882 3400 2088 3459 Beatus
2135 3402 2299 3475 igitur
2338 3402 2663 3461 Maximinus
2706 3404 3019 3477 Aquensem
3058 3404 3394 3479 metropolim

1819 3493 2117 3567 ingressus,
2142 3494 2403 3551 doctrinae
2418 3494 2656 3552 caelestis
2684 3496 2890 3555 semina
2912 3496 3191 3571 gentilium
3216 3496 3398 3561 cordi-

1818 3587 1920 3643 bus
1968 3587 2346 3660 inspargebat,
2403 3598 2427 3627 ο
2473 3586 2557 3645 die
2613 3596 2889 3661 noctuque,
2942 3586 3308 3659 puriﬁcationi
3344 3597 3396 3642 et

1819 3678 2043 3737 orationi
2065 3688 2113 3733 et
2126 3677 2333 3749 jejunio
2377 3677 2640 3744 insistens,
2668 3687 2723 3733 ut
2748 3678 2996 3749 populum
3041 3678 3203 3748 ipsius
3227 3676 3396 3749 regio-

1821 3762 1900 3823 nis
1923 3758 2252 3823 incredulum
2284 3765 2353 3821 ad
2379 3765 2697 3837 agnitionem
2732 3775 2782 3819 et
2811 3767 3008 3823 cultum
3038 3764 3135 3821 Dei
3159 3765 3397 3826 omnipo-

1820 3858 1974 3913 tentis
2040 3855 2366 3931 perduceret.
2429 3854 2719 3927 Postquam
2778 3870 2909 3911 vero
2934 3895 2950 3923 ,
3019 3855 3400 3927 praedicatione

1819 3948 2155 4021 evangelica,
2188 3962 2328 4005 nova
2353 3949 2478 4005 ﬁdei
2514 3962 2670 4021 seges
2698 3948 2961 4015 excrevit,
2988 3947 3178 4005 beatus
3198 3948 3398 4020 praesul

1820 4040 2161 4107 Maximinus,
2200 4040 2440 4112 Aquensi
2486 4040 2744 4098 Ecclesia:
2773 4039 3102 4113 praesidens,
3134 4039 3320 4103 multis
3344 4048 3399 4095 et

1821 4130 2052 4191 diversis
2097 4132 2483 4191 miraculorum
2516 4133 2808 4193 virtutibus
2858 4132 3076 4190 ell’ulsit.
3111 4132 3244 4191 Cum
3291 4148 3400 4204 quo

1821 4226 2052 4300 gloriosa
2085 4233 2141 4283 et
2189 4225 2439 4297 specialis
2478 4225 2695 4283 Domini
2749 4225 3078 4293 Salvatoris,
3114 4226 3168 4287 in
3210 4225 3398 4281 eadem

1820 4318 2082 4386 Ecclesia,
2104 4333 2356 4389 superna:
2366 4317 2806 4391 contemplationi
2822 4333 3040 4383 vacans,
3063 4318 3263 4390 quippe
3280 4332 3399 4388 qua:

1822 4428 2013 4471 revera
2060 4421 2178 4471 erat
2232 4411 2615 4485 Redemptoris
2656 4410 3033 4469 ardentissima
3124 4408 3396 4473 dilectrix,

1820 4503 2039 4576 Optimae
2092 4503 2264 4575 partis
2308 4501 2732 4575 prudentissima
2777 4500 3029 4566 electrix,
3072 4516 3213 4571 quin,
3263 4508 3401 4559 teste

1819 4596 1953 4667 Deo,
1985 4612 2260 4668 nunquam
2287 4597 2338 4664 ei
2368 4596 2548 4652 ablata
2591 4603 2693 4660 est,
2725 4611 2791 4651 ex
2821 4611 2930 4669 quo
2955 4609 3074 4649 eam
3126 4594 3195 4651 ad
3238 4593 3400 4671 pedes

1819 4688 2022 4747 Christi
2049 4688 2242 4759 adepta
2278 4696 2386 4753 est,
2418 4686 2585 4742 Maria
2608 4685 2772 4743 Verbi
2798 4685 2893 4742 Dei
2920 4685 3116 4745 mentis
3137 4683 3396 4749 esuriem,

1822 4783 1961 4837 miro
1988 4782 2169 4848 modo,
2195 4781 2469 4837 excitabat
2486 4788 2542 4836 et
2571 4780 2858 4836 excitando
2881 4777 3186 4845 reﬁciebat;
3222 4776 3399 4833 dilecti

1824 4875 2097 4932 dilectoris
2125 4875 2206 4931 sui
2231 4874 2422 4929 allecta
2447 4872 2754 4938 dulcedine,
2788 4871 2841 4927 in
2878 4870 3107 4926 Domino
3133 4869 3401 4926 desiderio

1054 5029 1239 5075 κοτε.
1280 5029 1662 5077 Ροτιεεωυκ
1706 5031 1793 5079 3x
1835 5030 2088 5075 RABANO
2134 5028 2506 5073 DESUMPTE.

205 5142 234 5174 ι
276 5130 438 5188 Forte
460 5133 599 5188 deest
621 5148 721 5186 vox
746 5133 941 5189 amica.

205 5203 236 5244 ι)
267 5202 401 5276 Cod.
446 5206 678 5274 primum
724 5203 1106 5276 Lugiristioet
1142 5202 1357 5276 demum
1397 5201 1720 5276 Liguriae!

124 5275 353 5331 incuria
382 5270 530 5331 certe
550 5270 980 5329 amanuensium.
1011 5270 1164 5335 Apud
1190 5270 1477 5329 Rabanuni
1499 5275 1566 5333 de
1588 5273 1720 5335 Uni-

123 5363 285 5401 verso
318 5347 486 5402 habes
510 5344 762 5416 Ligusiiri
783 5345 1030 5416 aequori},
1058 5344 1153 5416 lib.
1179 5361 1279 5411 xu,
1307 5360 1427 5416 cap.
1452 5344 1499 5401 5.

206 5429 230 5456 ο
258 5417 527 5472 Ancienne
558 5414 651 5470 Vis
674 5416 736 5470 de
754 5416 923 5471 sainte
946 5414 1258 5473 Madeleine.

203 5486 231 5527 ἀ
263 5486 496 5553 Prima';
526 5484 782 5543 Catienus
809 5484 1089 5558 ATuronem
1128 5486 1455 5558 metropolim
1503 5486 1720 5555 Lugdu-

120 5559 351 5625 nensis,
402 5558 515 5615 haec
566 5558 761 5613 desunt
806 5556 858 5613 in
904 5556 1088 5611 codice
1137 5572 1203 5612 ex
1254 5556 1461 5613 incuria
1510 5558 1721 5615 librarii

122 5639 294 5685 certe
329 5628 399 5686 ob
443 5628 713 5699 duplicata
758 5628 921 5684 verba
956 5627 1279 5699 metropolim
1333 5628 1718 5699 Lugdunensis.

122 5645 294 5685 certe
329 5645 399 5686 on
443 5645 510 5683 uu
555 5645 713 5683 licata
758 5645 921 5684 verna
956 5645 1279 5699 metropoum
1333 5645 1411 5682 ιη
1448 5645 1718 5685 auncnsts.

122 5700 357 5755 Etenim
387 5718 405 5782 _:
437 5699 491 5757 1ο
518 5645 774 5782 Vitalianus
795 5698 921 5781 .null
944 5708 1119 5782 :l'enus
1146 5645 1720 5782 dixissetiiugdunum

122 5785 260 5852 esse
290 5770 632 5852 metrOpolim
656 5769 948 5852 provincia?
972 5768 1573 5852 Lugilunensistertize,
1596 5786 1718 5852 cum

123 5842 377 5967 ipsemet
417 5840 641 5924 inlerius
660 5840 1104 5924 animadvertat,
1140 5848 1195 5894 et
1236 5840 1453 5923 quidem
1499 5842 1717 5907 merito,

215 5927 513 5967 nomanum
540 5920 699 5967 situm
725 5925 846 5967 esse
872 5926 927 5966 in
948 5909 1290 5967 Luttdunensu
1320 5920 1498 5967 tertia.
1529 5911 1587 5966 2ο
1616 5906 1717 5966 Ha:

215 5927 513 5969 uomanum
540 5911 699 5968 situm
725 5925 846 5968 esse
872 5911 927 5966 in
948 5906 1290 5983 Lugdunensi
1320 5911 1498 5967 tertia.
1529 5911 1587 5966 2ο
1616 5906 1719 5966 Hie

1829 5136 2003 5214 decem
2031 5134 2323 5214 pronius-im
2342 5130 2661 5195 Galliarum,
2687 5132 2780 5214 his.
2788 5130 3201 5214 praedicantibus
3225 5131 3398 5214 credi-

1829 5201 2041 5260 derunt;
2068 5204 2255 5261 (Σωπενὶ
2289 5204 2523 5259 doctores
2541 5243 2556 5267 ,
2581 5220 2685 5259 non
2704 5201 2939 5272 reliquis,
2973 5211 3163 5272 septeni
3190 5204 3399 5272 prouin-

1827 5277 1946 5342 ciis,
1989 5285 2117 5346 etc.,
2146 5292 2208 5333 ex
2249 5275 2442 5346 quibus
2486 5275 2736 5346 sequitur
2771 5271 3048 5346 Rabanum
3081 5271 3398 5329 nominatim

1829 5348 2015 5402 decem
2064 5345 2175 5415 jam
2231 5342 2541 5415 designasse
2572 5342 2912 5415 provincias.
2956 5342 3153 5399 Verum
3200 5357 3397 5415 novem

1829 5425 2037 5473 tantum
2064 5410 2461 5473 enumerantur
2489 5414 2543 5469 in
2571 5410 2774 5471 codice.
2819 5413 2991 5469 Unam
3026 5427 3155 5483 ergo
3197 5410 3396 5483 ibidem

1828 5489 2083 5543 omissam
2117 5486 2281 5541 fuisse
2307 5500 2526 5541 necesse
2546 5492 2659 5556 est;
2689 5500 2810 5556 quae
2842 5492 3019 5539 autem
3047 5480 3247 5556 omissa
3272 5480 3396 5556 fuit,

1830 5557 2161 5615 Turonensis
2198 5566 2299 5617 est.
2348 5556 2555 5613 Etenim
2599 5552 2785 5615 decem
2826 5566 2882 5609 et
2915 5560 3119 5621 septem
3164 5552 3399 5609 admittit

1828 5627 2085 5685 Rabauus
2112 5630 2166 5687 in
2193 5626 2379 5685 Galliis
2404 5627 2711 5702 provincias
2738 5645 2751 5682 :
2781 5639 2944 5702 porro
2978 5621 3264 5702 sendecinl
3281 5630 3398 5677 tan-

1826 5706 1937 5753 tum
1997 5690 2491 5755 enumerantur'iu
2542 5697 2753 5755 codice,
2782 5690 3168 5765 praetermissa
3221 5690 3395 5758 Turo-

1823 5771 2000 5825 nensi.
2031 5769 2398 5826 Turonensem
2426 5783 2554 5840 ergo
2593 5760 2849 5823 omissam
2880 5760 3046 5819 fuisse
3078 5761 3399 5823 incensum

1821 5844 2085 5911 sequitur.

1899 5902 1921 5949 δ
1944 5911 2206 5967 Ancienne
2245 5907 2336 5967 Vie
2367 5910 2431 5962 de
2459 5908 2627 5961 sainte
2644 5902 2954 5959 Madeleine.
