3938 6334
457 373 597 460 μθῤ

1060 370 1120 427 Β.
1161 367 1413 424 ΒΑΒΑΝῘ
1451 366 1668 424 MAURI
1705 364 2022 422 ARCHIEP.
2059 366 2063 419 ἶ

2153 361 2364 420 'GUNT.
2407 358 2692 418 OPERUM
2726 355 2906 414 PARS
2941 355 3028 411 Ill.

3569 354 3708 412 H90

453 486 634 562 poculi
687 484 891 540 ebriata
945 495 996 550 α,
1045 497 1102 537 sc
1157 491 1327 538 totam
1384 495 1566 537 secum
1620 479 1876 551 colligens
1905 520 1920 544 ,
1970 486 2023 533 et
2051 477 2411 540 Avirtutibus
2438 474 2789 546 praedicabat,
2810 470 3045 544 propriis
3085 468 3360 524 miraculis
3406 471 3708 528 astu-nebat.

457 579 672 644 erigens
705 591 766 628 se
795 590 956 644 super
983 590 1059 640 se,
1091 574 1380 629 castissimi
1403 573 1603 628 amoris
1628 571 1807 626 calore
1829 569 2022 636 soluta,

455 667 667 721 interna
692 664 886 734 gaudia
936 665 1287 734 degustabat;
1336 663 1392 716 in
1422 663 1582 717 terris
1629 663 1806 717 adhuc
1829 661 2026 731 posita,

459 756 710 810 aethereis
753 743 1036 822 spatiando
1078 753 1106 793 δ
1132 753 1313 808 choris
1343 793 1358 816 ,
1407 754 1547 807 inter
1593 753 1812 822 angelos
1849 759 2030 806 mente

459 842 826 900 deambulans.
878 841 1006 896 Haec
1045 858 1250 898 secum.
1279 843 1356 896 De
1407 843 1774 913 proximorum
1817 855 2032 912 quoque

459 937 633 992 salute
696 935 957 1000 sollicita,
997 943 1218 1005 propter
1273 950 1409 1004 quos
1480 933 1840 989 occidentales
1884 933 2032 988 orbis

459 1027 595 1081 tines
624 1025 847 1088 adierat,
871 1023 1344 1094 contemplationis
1363 1021 1700 1077 dulcedinem
1715 1021 2034 1092 quandoque

461 1129 750 1184 seponens,
775 1112 1066 1168 incredulis
1087 1112 1302 1168 interim
1324 1113 1674 1183 praedicabat,
1705 1113 1791 1168 vel
1810 1112 2034 1168 creden-

463 1213 545 1259 tes
577 1204 629 1258 in
659 1203 764 1257 ﬁne
787 1201 1128 1258 confortabat
1148 1203 1399 1258 melliﬂua
1421 1211 1624 1270 mente,
1653 1203 1854 1258 mellita
1871 1204 2034 1258 verba

460 1294 769 1350 auditorum
829 1292 1024 1348 animis
1074 1293 1356 1348 instillans.
1405 1293 1542 1348 Nam
1595 1311 1660 1349 ea:
1713 1293 2035 1348 abundantia

433 1390 634 1443 -cordis
680 1405 736 1442 os
786 1387 1101 1458 loquebatur
1154 1385 1370 1458 (Matth.
1402 1400 1513 1448 xu,
1540 1382 1654 1455 24),
1696 1384 1835 1438 unde
1872 1383 2036 1437 etiam

463 1483 641 1537 onmis
671 1481 813 1536 illius
835 1479 1144 1552 praedicatio
1167 1494 1296 1534 vere
1325 1478 1503 1532 divina
1555 1484 1674 1532 erat
1702 1474 2033 1545 contempla-

465 1575 557 1628 tio.
632 1572 701 1627 Se
759 1573 928 1642 ipsam
993 1585 1207 1640 semper
1270 1567 1608 1640 proponebat
1663 1566 2038 1638 peccatoribus

463 1661 767 1732 exemplum
787 1661 1182 1725 conversionis,
1218 1658 1604 1730 pmnitcntibus
1631 1671 1782 1727 spem
1831 1662 2037 1710 certam

465 1753 820 1818 remissionis,
845 1751 1091 1807 ﬁdelibus
1134 1751 1364 1805 formam
1402 1748 1786 1814 miserationis,
1817 1754 1872 1802 et
1890 1745 2038 1801 onmi

463 1845 660 1917 populo
683 1844 992 1900 Christiano
1015 1849 1391 1912 argumentum
1417 1841 1614 1896 divinae
1639 1837 2036 1895 miserationis:
2067 1838 2115 1898 B

463 1935 650 1990 oculos
695 1934 1009 1996 ostendens,
1038 1947 1267 2002 quorum
1298 1929 1508 1985 ﬂuentis
1560 1927 1764 1984 Christi
1813 1925 2038 1994 vestigia

466 2029 682 2099 rigavit,
709 2028 900 2098 quibus
930 2026 1093 2082 etiam
1123 2025 1400 2081 Christum
1429 2032 1801 2096 resurgentem
1828 2037 1858 2078 a
1900 2037 2043 2078 mor-

465 2121 572 2175 tuis
597 2120 770 2190 prima
801 2120 962 2185 vidit;
989 2119 1210 2191 capillos
1242 2133 1457 2189 quoque
1477 2117 1673 2188 quibus
1699 2116 1838 2172 lotos
1859 2115 2039 2186 lacry-

465 2215 570 2268 mis
597 2215 708 2269 suis
755 2215 918 2285 pedes
964 2214 1140 2284 primo
1191 2215 1434 2279 siccavit,
1487 2213 1723 2270 secundo
1778 2214 1834 2268 in
1887 2228 2044 2269 coena

468 2304 638 2360 nardo
662 2305 898 2374 pretioso
921 2315 1212 2376 perunctos
1241 2307 1501 2372 extersit;
1526 2321 1589 2361 os
1615 2305 1774 2361 simul
1799 2315 1854 2361 et
1883 2306 2042 2370 lania,

467 2397 664 2464 quibus
689 2411 796 2450 non
819 2397 989 2451 solum
1003 2397 1254 2462 viventis,
1270 2399 1362 2452 sed
1382 2405 1436 2452 et
1459 2397 1678 2463 mortui,
1693 2407 1748 2452 et
1767 2413 1796 2450 a
1812 2397 2044 2453 mortuis

469 2487 826 2557 resurgentis,
860 2487 1052 2542 millies
1071 2495 1127 2541 et
1152 2487 1348 2542 millies
1364 2489 1607 2543 osculata
1654 2496 1738 2543 est
1778 2488 2042 2558 vestigia;

469 2593 665 2634 manus
724 2587 779 2633 et
821 2577 1015 2646 digitos
1061 2577 1256 2647 quibus
1304 2577 1402 2633 Dei
1452 2577 1837 2647 omnipotentis
1882 2577 2050 2647 pedes

470 2669 646 2740 primo
678 2669 867 2734 tenuit,
910 2676 966 2723 et
1012 2667 1164 2734 lavit,
1194 2675 1356 2738 atque
1399 2668 1683 2739 perunxit;
1716 2669 1817 2724 hos
1871 2669 2048 2724 denuo

469 2761 663 2832 pistico
707 2757 876 2814 nardo
919 2758 1191 2830 perfudit,
1245 2760 1626 2830 residuumque
1676 2760 1830 2816 nardi
1888 2775 2049 2830 super

472 2852 732 2908 verticem
772 2851 895 2906 Filii
920 2850 1016 2906 Dei
1051 2850 1259 2906 effudit.
1295 2850 1435 2920 Quid
1459 2852 1669 2923 singula
1707 2852 2049 2908 memorem?

473 2944 592 3013 quis
611 2943 1062 3015 evangelistarum
1088 2942 1272 2998 Maria:
1291 2943 1620 3013 Magdalenze
1647 2944 1842 3000 merita
1872 2943 2048 2998 tacet?

474 3017 594 3103 (ﬁlis
622 3033 986 3104 apostolorum
1015 3032 1243 3089 Domino
1263 3033 1583 3090 familiarius
1610 3033 1835 3090 adhaesit
1873 3034 1896 3087 ?
1925 3033 2047 3103 quis

475 3143 660 3183 eorum
709 3126 968 3182 doctrinae
1049 3127 1216 3198 ipsius
1273 3125 1472 3182 ﬂuenta
1541 3127 1750 3182 avidius
1816 3125 2048 3181 hausit?

2131 568 2334 623 Aderat
2379 566 2451 631 ei,
2507 580 2635 620 cum
2683 560 3059 634 opportunitas
3099 559 3374 629 exigebat,
3431 561 3714 629 prunis:

2129 639 2392 723 oratione,
2425 663 2481 710 et
2507 655 2663 725 signo
2690 661 2889 710 sancta:
2927 651 3108 707 crucis
3132 650 3296 716 edito,
3343 651 3529 721 gratia
3565 668 3720 706 car-

2129 749 2329 803 tionum
2355 745 2408 818 (I
2429 746 2550 801 Cor.
2590 761 2700 812 xu,
2740 744 2866 814 50),
2904 743 3145 814 leprosos
3183 741 3512 808 mundandi,
3559 759 3719 813 para-

2129 841 2322 914 lyticos
2365 837 2610 904 curandi,
2644 845 2892 893 mortuos
2939 833 3258 899 suscitandi,
3300 834 3492 898 caecis,
3537 835 3720 900 mutis,

2132 933 2333 1000 surdis,
2375 930 2606 997 claudis,
2653 929 2920 985 debilibus
2947 935 3004 982 et
3031 926 3251 997 aegrotis
3276 924 3560 980 beneﬁcia
3587 941 3724 995 pra-

2133 1024 2330 1081 standi.
2378 1022 2505 1078 Haec
2543 1021 2772 1076 Martha.
2808 1018 2983 1074 Simili
3028 1018 3208 1084 modo,
3257 1015 3434 1071 Maria
3467 1015 3728 1072 ἱππιδίιί

2133 1116 2394 1172 facilitate
2449 1113 2712 1170 miracula
2770 1113 3048 1176 faciebat,
3095 1109 3164 1166 ad
3215 1108 3382 1165 ﬁdem
3453 1108 3728 1163 dictoru

2135 1207 2481 1264 astruendam
2503 1205 2737 1262 etfidem
2764 1204 3071 1260 auditorum
3110 1200 3548 1272 provocandam.
3603 1199 3732 1255 Erat

2135 1307 2316 1354 autem
2339 1298 2395 1353 in
2422 1297 2704 1367 utriusque
2723 1310 2912 1351 earum
2931 1293 3081 1348 vultu
3107 1290 3424 1348 veneranda
3447 1301 3728 1353 venustas,

2135 1390 2391 1445 honestas
2429 1389 2486 1443 in
2513 1388 2774 1452 moribus,
2807 1387 2858 1441 in
2884 1385 3066 1440 verbis
3102 1383 3524 1454 promptissima
3555 1385 3726 1454 gratia

2135 1483 2205 1537 ad
2255 1481 2606 1536 suadendum.
2661 1477 2786 1543 Vix,
2833 1477 2920 1532 vel
2968 1490 3248 1546 nunquam
3274 1516 3291 1540 ,
3344 1473 3734 1528 inveniebatur

2137 1572 2354 1642 aliquis,
2378 1571 2466 1642 qui
2492 1569 2561 1625 ab
2585 1584 2770 1625 earum
2799 1567 3186 1639 praedicatione
3233 1565 3565 1621 incredulus
3589 1581 3734 1620 rece-

2137 1663 2309 1729 deret,
2335 1661 2421 1717 vel
2448 1661 2564 1716 sine
2588 1659 2746 1725 tletu;
2771 1659 2862 1729 qui
2885 1673 2990 1712 non
3019 1658 3087 1712 ab
3116 1671 3310 1712 earum
3341 1653 3490 1710 facie
3533 1655 3735 1708 inﬂam-

2138 1766 2380 1816 maretur
2399 1757 2612 1813 Domini
2633 1753 2933 1812 Salvatoris
2955 1767 3163 1817 amore,
3195 1749 3285 1805 vel
3307 1749 3564 1821 propria:
3590 1749 3738 1803 mise-

2141 1852 2238 1907 riae
2259 1847 2693 1918 consideratione
2711 1847 3122 1918 lacrymaretur.
3137 1841 3272 1896 Erat
3294 1841 3358 1895 in
3381 1855 3586 1895 earum
3607 1841 3737 1894 victu

2142 1940 2502 2012 parcimonia,
2536 1939 2593 1993 in
2631 1937 2819 1993 habitu
2843 1951 2965 1991 cum
2990 1936 3278 1989 honestate
3309 1929 3560 2002 religio;
3591 1946 3742 2000 quan-

2143 2049 2305 2106 quam
2325 2032 2496 2088 Maria
2513 2031 2579 2087 de
2598 2031 2853 2086 alimento
2870 2039 2923 2085 et
2943 2027 3203 2084 vestiario
3222 2040 3431 2095 parum
3455 2025 3740 2084 curaverit,

2141 2134 2432 2197 postquam
2481 2123 2696 2178 Domini
2755 2118 3050 2176 Salvatoris
3102 2115 3472 2188 praesentiam
3526 2114 3744 2183 perdidit

2144 2215 2639 2288 corporalem,cum
2652 2221 2834 2268 tamen
2859 2211 2909 2266 ei
2937 2209 3143 2266 affatim
3173 2206 3553 2278 providentes
3577 2219 3744 2259 neces-

2145 2307 2325 2372 sariis,
2341 2321 2458 2377 quae
2481 2321 2604 2360 cum
2617 2319 2684 2360 ea
2703 2311 2860 2360 erant
2884 2303 3039 2372 eique
3069 2297 3614 2361 adhaerebantfmira
3635 2295 3744 2350 affe-

2146 2400 2327 2455 ctione
2339 2407 2620 2452 matronze.
2634 2394 2761 2451 Inde
2775 2393 2937 2449 etiam
2957 2393 3088 2447 illud
3102 2389 3332 2446 inolevit
3354 2389 3744 2460 apocrypham.

2147 2491 2193 2546 si
2218 2499 2397 2544 tamen
2423 2503 2491 2543 ex
2519 2495 2632 2542 toto
2654 2487 3025 2558 apocryphum
3059 2503 3072 2538 :
3096 2497 3225 2540 cum
3255 2496 3389 2537 mos
3403 2483 3481 2536 sit
3503 2481 3746 2536 veneﬁcis

2148 2581 2378 2637 miscere
2403 2577 2765 2634 abundantius
2789 2576 2918 2642 mel,
2953 2583 3012 2630 ut
3031 2574 3326 2644 propinent
3357 2572 3628 2627 intentius
3651 2571 3744 2634 fel;

2149 2671 2296 2737 inde,
2329 2670 2570 2740 inquam,
2604 2667 2744 2723 forte
2769 2665 2989 2722 inolevit
3016 2663 3145 2718 illud
3173 2666 3595 2734 apocryphnm,
3618 2658 3742 2730 quod

2149 2759 2394 2833 quotidie
2417 2759 2484 2815 ab
2507 2757 2712 2830 angelis
2736 2757 2790 2812 in
2832 2756 3034 2810 aethera
3067 2753 3484 2818 sustolleretur,
3523 2752 3664 2823 quod
3688 2752 3746 2805 ab

2150 2851 2354 2926 angelis
2381 2850 2558 2905 denuo
2585 2849 2966 2920 deponeretur,
2988 2844 3132 2915 quod
3159 2843 3300 2900 cibis
3341 2842 3740 2926 supercmlesti-

2149 2920 2274 3011 bus,
2298 2957 2434 3013 quos
2473 2940 2650 3014 angeli
2702 2941 3093 3004 ministrarent,
3145 2920 3504 2992 reﬁceretur.
3559 2934 3667 2989 Hoc
3701 2935 3739 2986 si

2149 3039 2379 3111 mystice
2423 3035 2774 3106 intelligatur,
2827 3050 2934 3090 non
2988 3030 3208 3088 omnino
3267 3028 3605 3085 incredibile
3653 3035 3741 3080 est.

2150 3130 2362 3186 Revera
2390 3127 2556 3193 enim,
2585 3134 2642 3180 et
2683 3125 2799 3181 sine
2823 3123 3004 3189 dubio,
3051 3119 3378 3191 angelorum
3429 3118 3744 3187 frumentis-

476 3218 700 3288 Oportet
724 3218 910 3289 igitur,
941 3226 1003 3272 ut
1052 3218 1193 3274 sicut
1245 3219 1513 3274 anastasis
1560 3217 1764 3273 Christi
1809 3217 2051 3288 apostola
2078 3223 2124 3287 (ι
2156 3223 2293 3278 sime
2316 3220 2660 3276 refovebatur
2693 3227 2931 3287 aspectu,
2973 3215 3321 3270 relevabatur
3363 3214 3670 3282 obsequiis,
3701 3221 3743 3265 et

476 3311 744 3366 destinata
770 3319 854 3366 est
882 3311 951 3365 ad
998 3310 1290 3380 apostolos,
1321 3319 1378 3366 et
1414 3310 1746 3366 ascensionis
1769 3308 1885 3378 ejus
1921 3324 2050 3379 pro-

477 3403 759 3472 phetissa,
803 3403 882 3456 sic
927 3409 983 3455 et
1035 3402 1370 3456 credentium
1420 3402 1476 3455 in
1533 3409 1646 3456 toto
1699 3401 1833 3456 orbe
1898 3399 2088 3472 fieret~

478 3491 826 3562 evangelista.
877 3491 992 3546 Hoc
1020 3501 1247 3546 noverat
1278 3492 1384 3558 ille,
1414 3491 1505 3561 qui
1550 3490 1688 3560 ejus,
1716 3491 1770 3546 in
1799 3492 2055 3546 unctione

478 3583 670 3652 capitis
731 3582 854 3648 sui,
917 3597 1142 3638 cernens
1199 3591 1255 3638 et
1301 3584 1606 3654 approbans
1663 3584 2051 3640 devotionem:

477 3675 686 3732 Bonum
721 3693 849 3746 opus
891 3684 1104 3746 operata
1141 3684 1216 3732 est
1264 3677 1320 3730 in
1361 3693 1474 3742 me;
1523 3693 1678 3731 amen
1727 3677 1844 3731 dico
1883 3676 2054 3745 vobis,

482 3768 775 3838 ubicunque
795 3768 1140 3838 prmdicatum
1169 3768 1328 3838 fuerit
1351 3770 1448 3823 hoc
1477 3769 1842 3840 Evangelium,
1872 3771 1927 3824 in
1949 3779 2056 3825 toto

481 3859 698 3926 mundo,
741 3869 787 3913 et
811 3877 928 3930 qua:
951 3859 1061 3914 lucc
1111 3859 1253 3929 fecit,
1305 3861 1606 3915 narrabitur
1651 3863 1709 3916 in
1751 3863 2058 3917 memoriam

475 3951 590 4022 ejus
613 3950 824 4023 (Matth.
854 3967 1002 4018 xxvr,
1035 3951 1123 4018 10,
1150 3953 1250 4019 i5;
1283 3952 1451 4007 Marc.
1492 3968 1600 4018 xw,
1630 3952 1710 4025 9.)

477 4062 606 4118 CAP.
636 4059 878 4144 XXXI}...
913 4094 982 4144 -τ
1008 4061 1310 4144 Πὸὶηὺεαιιε
1339 4063 1553 4118 Martha
1609 4065 1986 4144 praedicauerit,
2011 4075 2060 4123 et

796 4132 860 4187 dé
902 4133 1170 4187 miraculis
1203 4135 1472 4205 utriusque
1517 4132 1734 4190 sororis.

548 4225 716 4281 Beata
764 4241 980 4295 quoque
1023 4224 1266 4292 Martha,
1323 4241 1448 4282 cum
1507 4227 1667 4283 sociis
1722 4228 1875 4295 suis,
1918 4230 2060 4300 apud

479 4318 668 4374 urbem
710 4317 1071 4373 Avenicorum
1115 4326 1170 4371 et
1213 4317 1634 4386 Arelatensium,
1667 4327 1723 4375 et
1750 4335 1870 4390 quae
1911 4321 2058 4377 circa

479 4410 797 4466 Rhodanum
847 4418 1004 4465 erant
1047 4408 1235 4473 villas,
1285 4418 1341 4465 et
1387 4411 1620 4482 Oppida,
1672 4410 1728 4466 in
1782 4412 2058 4482 provincia

481 4501 794 4568 Viennensi,
827 4500 1230 4572 evangelizabat
1257 4501 1468 4572 populis
1495 4501 1782 4557 Dominum
1815 4502 2060 4559 Salvato-

481 4608 617 4659 rem,
641 4607 761 4663 quae
788 4593 932 4649 circa
965 4593 1140 4662 ipsum
1174 4593 1404 4659 viderat,
1440 4608 1666 4664 qumque
1709 4595 1777 4650 ab
1806 4595 1924 4666 ejus
1961 4610 2058 4652 ore

480 4684 758 4752 didicerat,
806 4683 1016 4755 publice
1079 4691 1417 4750 contestans;
1469 4683 1718 4754 quodque
1746 4687 1812 4740 de
1863 4685 2059 4744 divinis

2157 3311 2502 3367 mulcebatur
2524 3309 2792 3379 alloquiis.
2838 3307 3025 3364 Decuit
3053 3307 3219 3372 enim,
3250 3316 3308 3361 et
3337 3315 3502 3360 certe
3552 3304 3738 3364 decuit,

2155 3409 2216 3457 ut
2237 3402 2378 3456 miro
2402 3401 2559 3456 modo
2579 3410 2636 3454 et
2663 3414 2695 3454 a
2723 3397 2932 3454 saaculis
2954 3397 3196 3453 inaudito
3236 3395 3478 3452 Mariam
3505 3396 3742 3452 consola-

2155 3503 2308 3552 retur
2337 3493 2479 3549 Deus
2501 3494 2659 3548 totius
2684 3491 3054 3548 consolationis
3079 3489 3166 3562 (ΙΙ
3195 3489 3323 3545 Cor.
3351 3506 3392 3558 ι,
3426 3490 3511 3562 3),
3535 3491 3624 3545 cui

2159 3587 2349 3652 Maria,
2386 3587 2526 3641 mira
2547 3593 2603 3640 et
2640 3600 2672 3640 a
2707 3583 2905 3640 saeculo
2929 3582 3170 3638 inaudita
3206 3581 3455 3651 praebuit
3495 3580 3742 3650 obsequia

2157 3679 2458 3737 devotionis
2485 3678 2542 3733 in
2570 3677 2750 3733 terris.
2781 3676 3068 3742 Caeterum,
3107 3676 3252 3746 quod
3285 3683 3418 3746 post
3457 3673 3746 3729 Salvatoris

2159 3768 2554 3834 ascensionem,
2571 3766 2756 3823 statim
2781 3767 2837 3821 in
2853 3780 3096 3822 eremum
3113 3765 3331 3822 Arabiae
3354 3763 3571 3836 fugerit
3586 3807 3605 3832 ,
3619 3765 3746 3833 quod

2159 3863 2216 3919 in
2276 3876 2442 3934 specu
2503 3861 2622 3916 sine
2671 3868 2821 3928 veste
2873 3857 3119 3924 latuerit;
3177 3856 3440 3927 quodque
3465 3898 3480 3924 ,
3549 3865 3745 3928 postea,

2155 3959 2338 4013 virum
2361 3968 2639 4027 nunquam
2665 3953 2890 4021 viderit;
2943 3952 3086 4022 quod
3113 3967 3142 4006 a
3167 3950 3525 4022 presbytero,
3577 3951 3748 4004 nescio

2160 4066 2290 4122 quo,
2314 4049 2555 4115 visitata,
2582 4054 2787 4104 vestem
2817 4045 3061 4117 petierit,
3091 4051 3148 4101 et
3164 4053 3370 4099 castera
3421 4041 3744 4112 nujnsmodi.

2160 4141 2448 4198 falsissima
2474 4150 2616 4204 sunt,
2643 4148 2698 4194 et
2717 4155 2747 4193 a
2792 4139 3074 4195 ﬁctoribus
3107 4135 3445 4203 fabularum,
3478 4137 3552 4192 de
3593 4137 3748 4206 gestis

2159 4231 2473 4302 pmnitentis
2531 4227 2884 4302 Egyptiacaz,
2924 4236 3188 4286 mutuata.
3212 4227 3381 4294 Quin,
3424 4235 3480 4282 et
3525 4227 3652 4297 ipsi,
3699 4227 3746 4279 in

2161 4323 2317 4379 initio
2345 4321 2536 4378 fabula}
2583 4337 2713 4387 sua},
2765 4321 3033 4376 mendacii
3069 4334 3127 4376 se
3158 4327 3449 4382 accusant,
3497 4317 3744 4388 Iosephus,

2163 4414 2475 4470 doctissimo
2543 4411 2978 4483 bistoriograpbo
3012 4451 3027 4476 ,
3125 4409 3508 4464 narrationem
3605 4423 3744 4462 sum

2165 4507 2520 4571 ascribentes,
2545 4490 2972 4574 cum'Josephus,
2998 4503 3054 4557 in
3092 4500 3244 4557 libris
3296 4501 3434 4566 suis,
3481 4515 3744 4570 nunquam

2164 4595 2345 4651 Maria:
2415 4594 2740 4667 Magdalenae
2793 4592 3100 4649 meminerit
3167 4602 3216 4645 ε.
3276 4590 3344 4645 Et
3397 4591 3468 4646 de
3523 4591 3594 4645 iis
3641 4591 3744 4643 hac

2166 4685 2452 4744 sufﬁciant.
2475 4685 2652 4754 Nunc,
2675 4686 2744 4741 ad
2764 4682 3094 4742 narrationis
3115 4681 3364 4740 ordinem
3389 4691 3744 4741 revertamur.

1388 4819 1569 4864 NOTAE
1613 4819 1997 4866 POTISSIMUM
2041 4823 2128 4868 EX
2170 4823 2424 4868 RABANO
2461 4823 2868 4868 DESUMPTJE.'

553 4920 1213 5011 {Ebrietas‘estgaudiunt
1229 4939 1474 5011 superum
1493 4925 1858 5011 gratiae,quod
1876 4927 2056 5011 charif
2081 4929 2136 4990 D
2159 4929 2471 5011 angelorum
2523 4928 2704 5011 choris
2753 4927 3034 5010 interesse,
3093 4921 3384 5011 admisceri

480 5001 595 5067 tate
614 4993 1090 5067 erunt_plenissimi
1131 4993 1310 5067 electi,
1341 4993 1556 5067 quando
1594 4993 1778 5051 carnis
1797 4996 1956 5052 simul
2002 5006 2057 5052 et

481 5065 676 5137 animae
720 5061 972 5120 felicitate
1036 5061 1402 5137 perfruentur.
1475 5066 1715 5137 Ebrietas
1755 5109 1769 5132 ,
1842 5067 2058 5124 interna

481 5135 705 5207 satietas
733 5135 1064 5207 sanctorum,
1099 5137 1230 5190 utin
1273 5137 1494 5207 psalmis
1519 5156 1532 5191 :
1561 5135 1966 5192 Inebriabuntur
1993 5138 2058 5192 ab

484 5203 1086 5285 ubertate-domustua’,
1125 5208 1179 5261 id
1221 5203 1304 5285 est
1345 5207 1412 5262 de
1441 5221 1701 5285 superna;
1723 5207 1914 5262 domus
1958 5218 2063 5264 tuae

483 5275 833 5348 plenitudine,
865 5276 1032 5348 etghic
1058 5277 1392 5348 quandoque
1423 5275 1597 5333 sancti
1627 5277 1704 5332 tui
1746 5285 2060 5347 pascuntur.

485 5343 689 5418 Rabani
715 5343 993 5418 Allegorite
1015 5343 1092 5400 iu—
1119 5343 1324 5401 sacrarii
1355 5346 1704 5418 Scripturam.

556 5417 614 5489 b_
633 5415 801 5489 Maria
835 5415 1183 5489 demonstrat
1229 5418 1398 5489 vitam
1442 5415 1914 5489 contemplativam
1956 5434 2062 5489 qua

485 5487 538 5558 in
583 5485 678 5558 Dei
725 5500 920 5558 amore
953 5486 1302 5558 suspiramus.
1347 5485 1773 5558 Contemplativa
1815 5489 1926 5543 vita
1973 5485 2064 5544 est

486 5555 811 5610 charitatem
830 5556 926 5609 Dei
955 5566 1009 5611 et
1035 5555 1264 5625 proximi
1285 5565 1402 5611 tota
1428 5555 1608 5614 mente
1637 5559 1942 5614 retinere...
1960 5560 2060 5616 soli

486 5625 756 5681 desiderio
801 5627 1096 5682 conditoris
1142 5627 1420 5690 inhaerere,
1475 5639 1600 5682 ut...
1655 5630 1720 5683 ad
1772 5629 2056 5686 videndam

487 5694 679 5767 faciem
705 5695 977 5767 Creatoris
1006 5697 1089 5751 sui
1146 5697 1357 5767 animus
1385 5699 1706 5764 inardescat,
1765 5699 1838 5753 ita
1866 5699 2058 5767 utjam

489 5765 702 5818 noverit
755 5765 936 5836 carnis
980 5766 1342 5836 corruptibilis
1391 5769 1599 5835 pondus
1659 5784 1782 5822 cum
1823 5765 2058 5827 mmrore

489 5840 732 5902 portare,
761 5833 992 5903 totisque
1019 5833 1302 5892 desideriis
1332 5833 1583 5916 appetere
1603 5837 1707 5893 illis
1733 5839 2059 5914 hymnidicis

2159 4993 2389 5064 civibus,
2418 5000 2484 5054 de
2527 5005 2726 5054 aeterna
2755 4998 2810 5052 in
2864 5004 3155 5120 conspectu
3186 4994 3284 5047 Dei
3344 4993 3746 5062 incorruptione

2161 5069 2414 5120 gaudere.
2493 5068 2697 5120 Rabani
2748 5067 2946 5120 Homil.
3030 5085 3064 5120 η
3100 5066 3369 5120 Assumnt.
3405 5063 3492 5118 Ex
3521 5063 3666 5118 Beda
3697 5067 3742 5116 is

2198 5063 2414 5152 audere.
2493 5068 2697 5123 Rabani
2725 5067 2946 5152 floruit.
2996 5063 3064 5121 1η
3100 5066 3369 5134 Assumpt.
3405 5063 3492 5118 Ex
3521 5063 3666 5118 Beda
3697 5067 3742 5116 is

2210 5155 2317 5206 uc.,
2345 5138 2441 5194 lib.
2469 5155 2553 5203 ιη,
2581 5153 2700 5207 cap.
2719 5138 2809 5194 10.

2236 5221 2258 5249 ο
2307 5207 2601 5289 Notissima
2635 5209 2771 5289 enim
2815 5217 2981 5289 erant.
3004 5206 3220 5289 Βαραηο
3253 5204 3449 5289 Flauii.
3482 5207 3692 5289 scripta,
3713 5222 3740 5254 ε

2201 5297 2266 5335 uo
2287 5289 2336 5334 et
2360 5279 2622 5333 mulloties
2670 5279 2918 5332 citantur.
2950 5277 3018 5332 In
3065 5276 3358 5332 Comment.
3427 5277 3486 5330 in
3537 5276 3741 5334 Haut...

2185 5351 2257 5405 ib.
2313 5366 2350 5414 ι,
2415 5365 2536 5418 cap.
2586 5348 2642 5402 2.
2702 5379 2772 5389 —
2828 5349 3048 5418 Legitur
3093 5348 3146 5401 in
3194 5346 3435 5416 Josepho
3481 5346 3740 5401 Herodem

2165 5419 2451 5476 nonnullos
2482 5417 2563 5474 ide
2605 5417 2936 5490 principibus
2982 5417 3289 5490 Judaeorum
3344 5426 3476 5470 ante
3520 5427 3741 5490 mortem

2163 5507 2318 5546 suam
2356 5486 2800 5550 necasseflbidf,
2853 5489 2948 5544 lib.
2977 5504 3027 5541 v.
3056 5518 3125 5527 —
3151 5486 3260 5542 Nec
3305 5489 3740 5556 prmtereundum

2163 5561 2304 5630 quod
2327 5569 2512 5615 narrat
2533 5559 2815 5630 Josephus,
2835 5560 3072 5614 vinctum
3094 5556 3357 5613 Joannem
3391 5557 3738 5630 incusabant

2167 5627 2513 5686 Macherunta
2541 5627 2850 5692 abductum,
2880 5630 3066 5698 ibique
3106 5627 3628 5698 tmncatumJbid.,
3655 5627 3736 5679 lib.

2164 5719 2281 5758 vni.
2321 5732 2393 5742 —
2419 5699 2684 5770 Iosephus
2733 5715 2946 5770 quoque
2973 5697 3153 5753 refert
3178 5700 3408 5752 virtutes
3479 5697 3738 5768 angelicas

2203 5771 2420 5826 rmsides
2447 5769 2714 5840 quondam
2739 5769 2920 5838 templi
2948 5779 3073 5825 tunc
3101 5770 3307 5841 pariter
3331 5770 3730 5825 conclamase:

2203 5791 2420 5826 l‘IDSItleS
2447 5791 2714 5840 quonuam
2740 5791 2920 5838 tenipu
2948 5791 2983 5824 ιι

2165 5791 2529 5902 ςἰτθηερεηηυε
2549 5842 2616 5898 ab
2641 5841 2726 5900 bis
2748 5841 2983 5900 sedibus.
