3938 6334
263 347 407 407 1497

1309 347 1398 404 DE
1436 348 1597 404 VITA
1633 351 1691 404 Β.
1732 349 1970 406 MARl/E
2014 351 2477 412 MAGDALEN/E.

3371 339 3508 430 itas

263 465 321 513 et
365 455 596 526 seposita
631 455 842 512 interim
867 458 1318 528 contemplatione
1338 458 1539 526 Maria,
1599 469 1751 516 actus
1779 469 1834 516 et
1858 469 1914 531 Α
1937 463 2068 536 Cap.
2103 465 2236 523 XLI.
2279 500 2345 509 —
2369 470 2608 535 Qualiter
2635 474 2782 528 beata
2811 475 3022 552 Martha
3061 483 3202 552 apud
3251 483 3508 544 Tarasco-

265 545 530 601 miracula
552 547 754 604 sororis
782 547 902 617 ejus
927 548 1149 604 Marthae
1183 549 1492 605 beatissima
1541 565 1836 622 prosequa-

266 652 411 692 mur.

261 748 394 806 CAP.
409 747 521 806 XL.
537 779 611 794 —
625 749 726 806 Ubi
746 752 896 826 beata
917 753 1139 826 Martha
1160 752 1496 810 Viennensem
1513 757 1834 826 provinciam

759 841 792 878 a
825 822 1052 878 Tarasco
1080 824 1335 880 liberavit.

333 933 479 988 Inter
499 933 769 991 Arctatem
789 944 843 991 et
871 946 1222 1004 Avenmcum,
1253 938 1576 996 Viennensis
1616 941 1837 1010 provin-

259 1025 362 1080 ciae
384 1025 652 1092 civitates,
681 1026 822 1082 circa
851 1028 1098 1083 Rhodani
1125 1030 1286 1100 ripas,
1338 1031 1481 1088 inter
1502 1033 1835 1089 infructuosa

257 1113 460 1169 fruteta
504 1125 559 1170 et
603 1117 811 1188 glareas
849 1117 1084 1174 ﬂuminis
1111 1161 1126 1186 ,
1174 1119 1410 1176 ferarum
1453 1123 1834 1195 reptiliumque

261 1204 652 1261 virulentorum
677 1222 893 1264 eremus
919 1217 1054 1264 erat.
1083 1210 1160 1265 lbi
1190 1211 1332 1268 inter
1353 1221 1542 1270 caetera
1564 1231 1834 1271 venenosa

259 1296 575 1365 animantia,
631 1299 796 1355 draco
843 1302 1097 1358 terribilis
1133 1305 1452 1372 oberrabat,
1505 1307 1835 1366 incredibilis

259 1385 628 1458 longitudinis,
666 1398 721 1445 et
763 1407 969 1464 magna:
1019 1395 1209 1462 molis;
1259 1395 1466 1451 fumum
1516 1398 1832 1469 pestiferum

257 1478 412 1547 ﬂatu,
443 1481 706 1538 scintillas
736 1484 1058 1555 sulphureas
1084 1487 1274 1554 oculis,
1331 1489 1517 1545 sibilos
1546 1491 1832 1547 stridentes

256 1585 383 1635 ore,
455 1573 770 1643 rugitusque
836 1576 1125 1633 horribiles
1178 1579 1460 1635 aduncatis
1534 1581 1786 1638 dentibus
1811 1621 1828 1649 ,

254 1661 536 1732 proferens
577 1677 634 1731 a;
677 1666 934 1736 quidquid
977 1667 1255 1725 incidisset
1288 1670 1343 1724 in
1370 1685 1494 1726 eum
1525 1671 1739 1742 ungulis
1778 1682 1834 1728 et

255 1754 416 1809 dente
486 1754 793 1824 dilanians;
871 1758 1130 1830 quidquid
1201 1761 1425 1832 propius
1507 1763 1832 1818 accessisset

2441 559 2562 597 nam
2589 556 2890 602 conuersata
2926 551 2993 604 sit

2006 656 2295 730 Profugata
2341 661 2591 732 denique,
2624 664 2718 720 Dei
2772 667 2984 733 virtute,
3034 672 3101 726 ab
3140 688 3322 734 eremo
3369 679 3508 737 Tba-

1937 764 2183 818 rascona,
2214 751 2359 806 omni
2392 753 2662 823 reptilium
2692 755 2995 827 virulentia,
3028 762 3190 836 elegit
3211 768 3312 825 sibi
3353 787 3510 827 man-

1935 840 2139 895 sionem
2164 841 2220 896 in
2253 857 2315 897 ea
2346 843 2556 899 Martha
2592 845 2961 915 sanctissima;
2992 851 3168 909 locum
3207 858 3360 928 prius
3391 863 3506 918 odi-

1934 931 2094 987 bilem
2117 943 2171 988 et
2190 934 2575 1003 detestabilem,
2603 937 2946 996 habitabilem
2991 945 3236 1015 reddens,
3264 960 3319 1006 et
3345 969 3506 1011 anite-

1934 1041 2063 1080 num
2087 1033 2143 1080 et
2173 1027 2476 1083 amabilem.
2511 1028 2781 1100 Factaque
2827 1041 2910 1088 est
2946 1035 3046 1090 sibi
3094 1037 3149 1092 in
3196 1056 3261 1096 ea
3305 1043 3504 1102 Domus

1935 1119 2184 1172 orationis
2215 1117 2407 1189 (Marc.
2443 1121 2654 1192 x1,i7),
2687 1138 2846 1192 quam
2879 1124 3170 1186 virtutibus
3191 1140 3246 1187 et
3273 1149 3503 1194 miracu-

1933 1209 2021 1276 lis,
2043 1211 2214 1280 magis
2239 1227 2400 1281 quam
2424 1213 2775 1270 muliebribus
2797 1215 3076 1282 inutilibus
3095 1223 3267 1279 ditare
3296 1228 3504 1286 studuit

1933 1302 2266 1357 ornamentis
2304 1317 2318 1356 :
2351 1303 2490 1358 sedit
2523 1304 2595 1358 ibi
2623 1305 2859 1361 solitaria
2906 1307 3122 1379 (Thren.
3149 1330 3228 1376 tn,
3257 1317 3348 1390 28)
3378 1335 3534 1391 sep--

1933 1399 2043 1446 teni
2068 1393 2242 1449 annis.
2268 1391 2455 1450 Omnis
2494 1396 2645 1451 cibus
2666 1396 2801 1466 ejus,
2853 1407 3004 1456 tanto
3055 1412 3315 1476 tempore,
3365 1413 3503 1466 radi-

1931 1497 2023 1537 ces
2050 1483 2275 1551 olerum,
2305 1493 2358 1540 et
2379 1487 2561 1542 herba:
2610 1487 2867 1558 virentes,
2919 1493 3174 1551 arborum
3216 1498 3425 1557 fructus
3449 1513 3504 1558 et

1930 1590 2110 1646 poma.
2151 1576 2265 1633 Hoc
2285 1586 2466 1633 tamen
2499 1579 2676 1636 edulio
2721 1582 2872 1637 reﬁci
2900 1585 3184 1657 plusquam
3236 1594 3403 1648 semel
3448 1595 3499 1650 in

1930 1665 2036 1733 die,
2063 1667 2216 1722 nefas
2258 1669 2502 1734 ducebat,
2536 1671 2653 1726 hmo
2705 1673 2808 1728 sibi
2839 1694 2851 1728 :
2879 1677 2946 1731 ad
2992 1681 3268 1747 proximos
3318 1695 3499 1742 autem

1930 1773 2038 1813 non
2063 1760 2159 1814 sic.
2189 1757 2267 1812 Ne
2291 1759 2435 1814 enim
2467 1760 2728 1831 jejunium
2772 1779 2928 1821 suum
2973 1773 3347 1838 quotidianum
3401 1779 3501 1834 sibi

253 1842 524 1900 anhelitus
554 1847 636 1902 sui
657 1845 828 1904 fetore
855 1849 1208 1907 mortificans.
1254 1852 1570 1910 Incredibile
1595 1864 1678 1911 est
1700 1865 1832 1925 quot
1857 1849 1906 1908 B
1933 1858 2094 1916 esset,
2127 1851 2243 1905 sine
2276 1850 2498 1921 pietate,
2530 1851 2868 1922 supplicium,
2915 1872 3204 1930 secumque
3231 1868 3500 1922 manenti-

251 1948 473 2005 pecora,
515 1945 869 2011 pastoresque
897 1942 1200 2009 voraverit;
1244 1953 1500 2014 quantam
1555 1947 1831 2001 hominum

253 2029 677 2097 multitudinem,
709 2035 853 2090 malo
881 2037 1047 2092 odore
1092 2038 1466 2106 moribundos,
1507 2041 1575 2096 ad
1602 2052 1832 2098 mortem

253 2121 592 2193 compulerit.
626 2123 744 2180 Una
773 2127 1006 2193 dierum,
1038 2129 1441 2199 evangelizante
1468 2132 1562 2185 Dei
1604 2133 1829 2188 verbum

249 2214 560 2269 beatissima
591 2217 763 2273 turbis
784 2233 904 2288 quae
926 2230 1312 2285 convenerant,
1334 2223 1523 2277 incidit
1537 2239 1718 2281 sermo
1739 2227 1830 2296 qui

251 2312 379 2360 tunc
427 2315 544 2361 erat
593 2309 768 2364 omnis
819 2309 885 2364 de
939 2311 1193 2378 dracone,
1246 2314 1568 2382 quibusdam
1611 2318 1828 2386 quidem

252 2396 442 2453 devote
487 2399 919 2467 obsecrantibus,
975 2403 1295 2472 quibusdam
1326 2421 1476 2472 vero,
1503 2415 1563 2461 ut
1609 2409 1825 2476 assolet,

253 2489 524 2557 tentando,
552 2491 854 2549 dicentibus
881 2502 939 2548 ut
967 2508 982 2546 :
1013 2493 1111 2550 Hic
1146 2495 1174 2535 1)
1218 2497 1265 2551 si
1309 2512 1415 2567 qua
1452 2508 1598 2554 esset
1620 2499 1826 2556 Christi

250 2582 331 2637 sui
357 2582 527 2638 virtus
560 2585 871 2640 ostenderet
892 2586 1048 2642 beata
1071 2586 1285 2659 virago;
1317 2604 1416 2644 nec
1451 2589 1596 2642 enim
1641 2599 1829 2659 posset

252 2674 366 2730 ﬁeri
411 2683 471 2730 ut
505 2675 611 2732 ulla
659 2679 895 2734 humana
931 2678 1197 2735 industria
1229 2669 1394 2736 draco
1425 2681 1528 2736 iste
1557 2681 1622 2736 de
1649 2681 1826 2737 medio

252 2768 550 2825 tolleretur.
582 2770 789 2839 Quibus
813 2771 904 2827 illa
935 2791 947 2826 :
980 2771 1058 2839 Si,
1089 2773 1282 2844 inquit,
1329 2774 1504 2844 parati
1537 2775 1670 2830 estis
1702 2791 1824 2831 cre-

251 2859 398 2928 dere,
432 2859 625 2916 Omnia
648 2863 922 2934 possibilia
957 2875 1078 2920 sunt
1107 2867 1334 2920 credenti
1377 2867 1569 2939 (Marc.
1606 2885 1684 2933 1x,
1710 2867 1823 2942 32).

253 2951 369 3006 Mox
405 2953 564 3010 fidem
608 2956 1005 3026 promittentes,
1054 2958 1280 3030 populos
1335 2960 1449 3030 ipsa
1491 2961 1828 3032 gratulanter

249 3046 551 3114 przecessit;
584 3048 781 3104 cubilia
812 3050 1062 3106 draconis
1110 3059 1421 3107 constanter
1479 3054 1638 3120 adiit;
1673 3053 1826 3125 signo

249 3136 421 3191 crucis
484 3137 668 3200 edito,
732 3137 1002 3195 feritatem
1068 3139 1184 3208 ejus
1239 3144 1610 3212 compescuit;
1689 3158 1826 3198 zona

1930 1943 2032 1997 bus
2056 1955 2372 1996 onerosum:
2390 1943 2770 2012 hospitalitatis
2783 1947 3027 2016 pristinae
3043 1965 3254 2023 semper
3267 1971 3496 2023 memor,

1931 2034 2045 2088 sine
2073 2033 2396 2103 pauperibus
2427 2051 2699 2106 nunquam
2745 2047 2894 2105 erat;
2952 2043 3164 2112 quibus,
3207 2050 3351 2116 quod
3397 2051 3500 2107 sibi

1931 2122 2329 2190 conferebatur,
2353 2123 2707 2182 libentissime
2734 2128 3081 2213 largiebatur.
3126 2135 3352 2208 Semper
3378 2155 3503 2212 ege-

1929 2230 2028 2270 nos
2053 2231 2166 2278 sua:
2189 2230 2388 2270 mensae
2413 2217 2703 2288 participes
2733 2218 2957 2289 faciens,
2994 2225 3097 2280 sibi
3131 2228 3348 2297 quidem
3377 2233 3502 2288 her-

1928 2307 2048 2372 bas,
2075 2305 2181 2361 illis
2208 2320 2336 2361 vero
2356 2309 2714 2374 necessarias,
2745 2312 2829 2380 pia
2857 2313 3215 2374 sollicitudine
3237 2329 3292 2375 et
3343 2322 3501 2378 solita

1927 2395 2148 2466 pietate,
2178 2396 2438 2452 exhibens
2465 2412 2636 2464 escas,
2666 2399 2859 2470 majori
2897 2403 3176 2463 alacritate
3220 2418 3276 2464 et
3324 2413 3503 2468 studio

1929 2485 2296 2556 frequentiori,
2335 2503 2497 2558 quam
2520 2488 2565 2543 si
2595 2489 2812 2546 sibimet
2838 2492 2998 2550 vellet
3040 2499 3238 2567 apponi
3287 2516 3504 2557 sumen-

1928 2582 2045 2644 das,
2077 2581 2430 2637 reminiscens
2459 2583 2600 2652 quod
2625 2583 2732 2650 ille,
2755 2599 2920 2654 quem
2949 2587 3076 2643 olim
3099 2591 3152 2644 in
3168 2592 3330 2649 terris
3351 2596 3503 2650 exhi-

1925 2670 2055 2725 bere
2077 2670 2301 2737 solebat,
2322 2672 2414 2742 qui
2437 2673 2630 2728 esuriit
2656 2683 2710 2728 et
2747 2675 2935 2741 sitivit,
2967 2679 3092 2748 quia
3115 2681 3327 2737 volebat
3351 2702 3363 2738 :
3389 2683 3501 2752 jam

1927 2782 2033 2821 non
2054 2767 2258 2839 indiget
2277 2767 2663 2836 temporalibus
2688 2767 2988 2837 beneﬁciis,
3011 2781 3070 2826 ut
3091 2773 3327 2841 solebat;
3356 2776 3504 2832 ideo;

1927 2848 2030 2927 quc
2055 2873 2134 2924 se,
2165 2874 2327 2923 nunc,
2361 2858 2415 2912 in
2465 2858 2790 2928 pauperibus
2837 2863 3072 2918 recreari
3114 2865 3346 2922 volebat.
3392 2869 3502 2925 Me-

1926 2949 2085 3004 minit
2105 2948 2297 3004 ancilla
2322 2947 2523 3004 Christi
2550 2949 2681 3018 quid
2708 2951 2821 3006 suis
2841 2951 3102 3010 “dicturus
3123 2955 3195 3010 sit
3209 2955 3458 3024 Christus
3485 2977 3500 3014 :

1928 3039 2071 3111 quod
2092 3040 2184 3094 uni
2198 3057 2262 3094 ea:
2281 3041 2510 3094 minimis
2532 3041 2658 3095 meis
2673 3040 2889 3110 fecistis,
2912 3044 3039 3098 mihi
3065 3044 3260 3114 fecistis
3285 3047 3498 3118 (Matth.

1927 3146 2054 3197 xxv,
2074 3130 2187 3202 40).
2219 3127 2286 3185 Et
2312 3131 2534 3197 idcirco,
2563 3139 2623 3185 ut
2653 3130 2783 3186 olim
2814 3133 3142 3191 ministravit
3187 3138 3350 3207 capiti
3399 3139 3503 3195 Ec-

248 3241 342 3280 sua
397 3228 613 3298 propria
667 3228 862 3285 collum
919 3230 1168 3286 draconis
1217 3231 1416 3299 cinxit,
1466 3233 1821 3303 populosque,
1851 3224 1896 3289 C
1928 3222 2126 3285 clesite,
2178 3237 2321 3277 nunc
2365 3222 2645 3293 providere
2697 3223 2902 3278 studuit
2943 3219 3499 3285 membriS'Christi':
3557 3219 3570 3232 ’

249 3317 454 3390 alonge
491 3329 918 3392 prospectantes,
945 3321 1161 3378 intuens
1195 3339 1208 3377 :
1237 3321 1376 3390 Quid
1416 3330 1521 3389 est,
1551 3322 1647 3388 ait,
1679 3323 1824 3393 quod

250 3410 571 3480 trepidatis?
627 3427 752 3468 ecce
809 3422 1115 3482 serpentem
1167 3420 1344 3480 teneo,
1400 3423 1454 3470 et
1505 3429 1602 3469 vos
1649 3413 1825 3468 adhuc

251 3491 546 3567 cunctatis;
573 3503 812 3558 accedite
838 3501 1049 3558 fortiter
1076 3504 1131 3558 in
1152 3504 1371 3558 nomine
1391 3503 1604 3558 Domini
1630 3502 1824 3558 Salva-

253 3591 403 3657 toris,
433 3592 678 3661 hancque
731 3593 1055 3648 virulentam
1101 3593 1332 3650 belluam
1372 3594 1428 3649 in
1472 3595 1646 3650 frusta
1693 3610 1822 3650 con-

249 3683 496 3739 scindite.
529 3683 692 3752 Dixit,
720 3686 954 3757 hincque
980 3686 1201 3741 draconi
1221 3702 1290 3741 ne
1315 3685 1445 3740 ﬂatu
1467 3687 1720 3756 cuiquam
1741 3687 1828 3743 vel

249 3773 408 3829 dente
468 3782 726 3843 noceret,
778 3775 982 3847 potenti
1034 3775 1236 3831 virtute
1287 3775 1644 3841 interdicens;
1703 3777 1827 3832 inde

251 3867 436 3922 turbas
475 3866 694 3922 modica:
757 3867 881 3936 ﬁdei
931 3866 1144 3938 (Matth.
1187 3883 1306 3933 vm,
1355 3867 1470 3938 26)
1518 3868 1824 3938 increpans,

249 3969 410 4029 atque
433 3960 500 4015 ad
526 3958 830 4016 feriendum
854 3968 1165 4016 constanter
1183 3974 1503 4030 provocans,
1534 3959 1826 4015 draconem

250 4051 463 4119 quidem
495 4051 639 4108 illico
659 4052 1012 4124 compescuit,
1039 4053 1227 4108 turbas
1267 4067 1398 4107 vero
1421 4053 1512 4107 vix
1541 4052 1822 4108 animavit.

249 4143 428 4201 Armis
462 4146 694 4216 denique
715 4162 779 4202 ac
825 4146 1032 4201 viribus
1060 4146 1392 4211 insistentes,
1422 4145 1652 4201 bestiam
1682 4144 1826 4200 frus-

251 4235 401 4290 tatim
445 4237 866 4307 discerpserunt,
901 4235 1061 4291 ﬁdem
1113 4243 1168 4291 et
1199 4235 1556 4292 constantiam
1603 4234 1827 4289 Marthae

247 4327 570 4383 beatissima).
590 4325 936 4391 admirantes,
963 4325 1106 4396 quod
1125 4333 1238 4381 tam
1256 4326 1548 4381 immanem
1569 4325 1824 4389 belluam,

249 4427 356 4474 tam
412 4418 590 4486 facile,
617 4419 820 4490 absque
864 4418 972 4474 ullo
1030 4433 1253 4488 pavore,
1286 4433 1422 4473 zona
1469 4432 1567 4474 sua
1623 4415 1822 4486 fragili,

247 4513 371 4566 dum
424 4521 789 4578 truncaretur,
840 4518 1049 4567 teneret
1101 4510 1462 4566 immobilem.
1518 4509 1828 4566 Vocabatur

1926 3313 2174 3369 omnibus
2195 3327 2408 3384 semper
2435 3313 2700 3380 amabilis,
2716 3314 2981 3371 universis
3001 3315 3249 3374 aﬂ'abilis.
3273 3319 3360 3386 Et,
3379 3323 3504 3392 quia

1891 3434 1896 3440 ·
1925 3405 2144 3460 hilarem
2169 3405 2404 3460 datorem
2435 3405 2606 3476 diligit
2629 3404 2772 3460 Deus
2806 3405 2893 3476 (ΙΙ
2917 3406 3039 3462 Cor.
3066 3425 3145 3476 ix,
3172 3411 3252 3477 7),
3301 3412 3380 3466 sic
3404 3428 3502 3468 an-

1925 3496 2062 3552 cilla:
2091 3511 2202 3552 suae
2233 3497 2390 3552 solita
2416 3496 2768 3553 miseratione
2792 3499 3045 3568 providit,
3089 3509 3146 3556 ut
3176 3501 3296 3560 fons
3315 3505 3504 3575 indeﬁ-

1926 3589 2065 3642 ciens
2095 3604 2246 3642 novae
2266 3589 2611 3657 plenitudinis
2639 3590 2866 3643 oriretur
2907 3590 3096 3661 (Eccli.
3143 3608 3294 3661 xxxv,
3345 3595 3421 3668 6),
3447 3606 3502 3653 et

1927 3678 2227 3733 abundaret
2251 3679 2303 3732 in
2334 3678 2568 3733 cellariis
2582 3679 2759 3748 (Deut.
2779 3695 2967 3746 xxvm,
2983 3682 3062 3752 8),
3076 3684 3387 3751 quotidiana
3403 3686 3502 3742 cle-

1928 3773 2128 3828 mentia
2152 3773 2417 3838 vacuatis,
2445 3772 2647 3841 absque
2675 3773 2820 3826 omni
2844 3788 2939 3827 sua
2970 3772 3352 3842 sollicitudine,
3376 3777 3501 3831 dum

1928 3865 2141 3921 devotio
2170 3863 2407 3920 fidelium
2435 3879 2500 3920 eo
2540 3865 2711 3934 magis
2755 3864 3088 3933 conferebat,
3131 3882 3274 3937 quoa
3319 3878 3503 3938 posset

1926 3957 2056 4014 dare
2083 3957 2453 4024 abundanter;
2481 3957 2607 4028 quia
2641 3957 2776 4027 ipsa,
2802 3957 2986 4012 innata
3015 3959 3118 4014 sibi
3156 3959 3495 4029 liberalitate,

1927 4049 2091 4106 dabat
2132 4048 2396 4104 hilariter.
2459 4047 2566 4104 Sed
2606 4063 2706 4104 nec
2750 4049 2932 4104 divites
2983 4051 3270 4106 dimittebat
3318 4054 3500 4109 inanes

1927 4141 2078 4216 (Luc.
2101 4157 2139 4207 ι,
2169 4139 2282 4212 55),
2327 4154 2558 4209 quorum
2604 4139 2944 4220 conﬂuebant
2969 4141 3036 4196 ad
3089 4157 3210 4197 eam
3259 4141 3499 4210 plurimi,

1927 4234 2169 4305 corporis
2208 4232 2399 4287 animae
2442 4231 2703 4287 beneficia
2750 4239 3107 4302 reportantes.
3161 4233 3340 4290 Vestis
3385 4234 3502 4303 ejus

1928 4339 2352 4397 aspera,saccus
2383 4333 2439 4380 et
2489 4324 2746 4390 cilicium,
2797 4332 3038 4394 tempore
3080 4326 3347 4395 septenni,
3381 4327 3498 4382 cin-

1927 4419 2054 4491 gulo
2075 4419 2302 4484 nodoso,
2333 4419 2398 4474 de
2423 4419 2554 4474 setis
2587 4417 2820 4488 equinis,
2865 4418 2932 4472 ad
2986 4433 3206 4474 carnem
3248 4419 3496 4486 astricta,

1929 4513 2002 4568 ita
2031 4521 2089 4568 ut
2109 4527 2320 4568 vermes
2339 4528 2406 4567 ex
2455 4511 2670 4583 putrida
2718 4525 2882 4566 carne
2922 4509 3063 4566 illius
3107 4509 3404 4567 eﬂluerent.
3454 4511 3498 4569 Ο

245 4604 393 4674 prius
421 4604 572 4660 locus
595 4605 683 4660 ille
705 4605 894 4672 eremi,
938 4605 1092 4675 niger
1122 4603 1306 4669 focus;
1343 4619 1410 4658 ex
1433 4614 1558 4658 tunc
1585 4601 1821 4658 Tharas-
1849 4590 1902 4650 Ι)
1925 4606 2184 4677 patientia
2244 4604 2706 4676 incomparabilis,
2747 4603 2925 4671 fieret,
2988 4605 3130 4674 quod
3187 4605 3376 4661 vivens
3441 4606 3496 4662 in

245 4711 379 4751 cona
407 4697 584 4752 dictus
610 4705 694 4753 est
721 4712 752 4751 a
781 4699 1034 4764 dracone,
1063 4699 1155 4770 qui
1183 4699 1492 4754 Tharascus
1517 4699 1815 4754 dicebatur.

244 4787 417 4859 Atque
459 4789 555 4856 ita,
601 4789 718 4844 viso
769 4789 854 4845 vel
905 4790 1088 4845 audito
1141 4788 1442 4856 miraculo,
1499 4789 1819 4844 Viennensis

245 4879 532 4950 provincia:
573 4881 753 4952 populi
804 4881 1147 4936 crediderunt
1171 4881 1398 4936 Domino
1442 4880 1734 4945 Salvatori,
1765 4889 1820 4936 et

243 4971 502 5040 baptizati
551 4979 719 5038 sunt,
779 4971 1141 5044 gloriﬁcantes
1208 4971 1379 5026 Deum
1440 4973 1495 5027 in
1540 4970 1817 5027 miraculis

244 5064 449 5120 ancillae
477 5079 618 5132 suae;
659 5081 800 5136 quae,
825 5080 888 5120 ex
917 5074 1064 5131 tunc,
1090 5080 1189 5135 pro
1232 5064 1441 5120 meritis
1477 5064 1590 5120 suis
1625 5063 1817 5134 praeci-

242 5160 362 5230 puis
394 5201 410 5227 ,
462 5161 668 5217 cunctis
729 5160 1148 5234 provincialibus
1193 5167 1250 5214 et
1291 5159 1462 5216 amori
1517 5159 1724 5215 exstitit
1763 5167 1819 5214 et

243 5251 455 5309 honori.

1927 4711 2110 4759 carne,
2160 4697 2432 4751 vermibus
2478 4709 2602 4750 esca
2646 4695 2788 4750 suis!
2843 4693 3070 4765 Semper
3119 4695 3261 4751 nuda
3309 4695 3494 4764 pedes,

1927 4792 2047 4846 alba
2077 4799 2229 4862 tyara
2261 4790 2326 4846 de
2350 4789 2472 4859 pilis
2498 4788 2688 4844 cameli
2713 4787 2890 4843 velata
2933 4796 3112 4859 caput.
3161 4788 3359 4844 Lectus
3379 4787 3497 4858 ejus

1927 4889 2126 4937 stratus
2147 4881 2266 4936 loco
2293 4881 2460 4935 ramis
2479 4878 2734 4934 arborum
2758 4886 2814 4934 et
2831 4878 3142 4946 sarmentis,
3157 4878 3282 4934 licio
3303 4895 3497 4950 super-

1925 4979 2130 5037 strato,
2176 4969 2459 5026 cervicalis
2491 4968 2668 5038 lapide
2694 4969 3024 5038 temporibus
3052 4969 3345 5024 substrato.
3389 4967 3498 5022 Has

1924 5064 2063 5118 inter
2085 5062 2328 5127 delicias,
2365 5060 2560 5116 millies
2610 5067 2836 5130 martyr,
2876 5059 3087 5114 Martha
3134 5059 3494 5124 sanctissima,

1924 5163 2102 5210 mente
2150 5154 2315 5210 coelos
2385 5153 2644 5208 inhiabat.
2685 5151 2910 5208 Animus
2961 5151 3076 5222 ejus
3122 5153 3234 5209 Deo
3285 5151 3498 5207 deditus

1924 5265 1990 5306 ex
2024 5257 2138 5304 toto
2168 5247 2222 5302 in
2250 5245 2586 5303 orationibus
2610 5244 2782 5302 sacris
2820 5254 2940 5302 erat
2961 5245 3236 5316 'perditus,
3281 5251 3334 5299 et
3374 5256 3499 5313 per.

1152 5430 1334 5474 NOTAE
1373 5429 1758 5474 POTISSIMUM
1806 5429 1894 5475 EX
1925 5427 2180 5474 BABANO
2210 5426 2584 5473 DESUMPTE.

313 5567 337 5594 ιι
371 5552 498 5627 Sap.
527 5571 616 5622 xi,
655 5555 742 5612 18.
789 5553 905 5611 Non
929 5555 1072 5627 enim
1097 5553 1444 5627 tinpossibilis
1483 5563 1599 5610 erat
1646 5553 1815 5610 omni-

240 5635 432 5695 potens
449 5626 646 5682 manus
669 5636 823 5683 tua...
848 5626 1136 5682 immittere
1157 5626 1282 5680 illis.
1761 5677 1770 5684 .

312 5695 397 5750 19.
433 5696 562 5753 Novi
589 5699 801 5769 generis
842 5697 919 5751 ira
965 5697 1149 5765 plenas
1193 5697 1401 5768 ignotas
1446 5695 1668 5769 bestias,
1718 5706 1810 5752 aut

241 5781 494 5839 vaporem
538 5768 740 5839 ignium
761 5769 1050 5838 Spirantes,
1078 5776 1171 5823 aut
1227 5769 1358 5822 fumi
1411 5768 1628 5822 odorem
1685 5783 1808 5838 pro-

243 5836 494 5910 ferentes,
546 5836 638 5895 a'ut
679 5836 977 5906 horrendas
1019 5839 1087 5896 ab
1138 5839 1307 5897 oculis
1357 5839 1618 5908 scintillas
1646 5836 1806 5897 entit-

1922 5560 2346 5692 t(agttie.s()uarum
2373 5639 2478 5678 non
2507 5623 2678 5679 solum
2708 5622 2902 5677 laesura
2928 5623 3141 5689 poterat
3164 5617 3284 5676 illos
3312 5629 3493 5678 exter-

1916 5697 2144 5761 minare,
2177 5695 2271 5750 sed
2298 5705 2352 5749 et
2403 5703 2654 5765 aspectus
2677 5709 2773 5764 per
2822 5692 3071 5765 timorem
3117 5692 3383 5765 occidere.

1987 5765 2111 5822 l)Ut
2156 5766 2303 5838 hic,
2372 5761 2510 5820 forte
2561 5783 2576 5838 ς
2630 5761 2806 5838 utique
2861 5777 2926 5817 ex
2982 5761 3188 5838 incuria
3241 5763 3493 5838 dictantis

1910 5837 2291 5910 scribentisve;
2315 5845 2374 5894 ut
2392 5837 2640 5912 superius
2655 5832 2744 5922 qui
2763 5836 2839 5902 in,
2867 5849 2966 5914 pro
2987 5832 3115 5908 quin
3120 5877 3136 5914 ρ
