3938 6334
456 352 597 409 1505

1091 351 1148 404 Β.
1195 351 1444 406 ΠᾹΒᾹΝΙ
1485 350 1699 406 MAURI
1737 349 2055 406 ARCHIEI’.
2096 348 2406 407 MOGUN'I‘.
2445 347 2734 404 OPERUM
2772 347 2952 404 PARS
2993 351 3077 406 III.

3585 356 3720 411 1505

451 470 577 527 CAP.
603 468 784 525 XLVI.
810 500 879 543 _——
905 467 1000 543 ωε
1029 473 1176 525 beata
1206 472 1418 543 Martha
1444 475 1636 526 sororis
1663 490 1773 528 sua:
1799 475 2030 526 animum
2056 475 2110 536 Α
2133 473 2267 528 valle
2296 481 2434 526 vocet
2455 472 2635 542 (Joan.
2669 489 2720 526 ιι
2743 513 2756 538 ,
2804 475 2930 543 28);
2969 474 3108 529 sicut
3147 482 3203 530 et
3227 489 3337 541 me,
3367 483 3502 531 ante
3539 491 3724 532 meum

804 541 860 594 in
887 541 1038 594 cretes
1062 543 1188 610 ferri
1217 541 1341 596 vidit
1363 542 1428 595 ab
1455 543 1674 612 angelis.

522 652 654 720 Quae
677 651 805 707 dum
831 660 1091 721 geruntur
1118 654 1258 722 apud
1291 653 1495 721 Aquas,
1535 652 1871 722 metropolim
1909 666 2030 721 pro-

451 744 643 800 vincia:
690 740 1054 798 Narbonensis
1097 743 1476 799 ecclesiastica:
1518 741 1707 816 [Adde,
1732 739 2026 813 secundat],

452 835 640 890 eadem
672 834 840 910 hora,
883 832 938 888 in
963 834 1239 904 provincia
1269 834 1600 900 Viennensi,
1631 835 1769 903 apud
1801 834 2030 890 Tharas-

451 937 644 981 canam
662 966 677 991 ,
717 923 966 979 ministra
995 925 1204 980 Domini
1235 924 1529 981 Salvatoris
1557 925 1767 982 Martha
1795 925 2026 982 sanctis-

450 1016 610 1082 sima,
639 1014 778 1070 lecto
802 1015 939 1070 febri
965 1015 1204 1083 detenta,
1231 1017 1426 1073 divinis
1457 1026 1636 1074 tamen
1669 1018 1915 1074 laudibus
1943 1018 2028 1074 in-

452 1115 635 1173 tenta,
679 1107 805 1162 dum
841 1105 1079 1162 caelestia
1124 1107 1495 1175 meditaretur,
1540 1110 1676 1165 vidit
1718 1110 2032 1179 angelorum

451 1201 648 1256 choros
691 1199 896 1256 sororis
955 1214 1064 1255 suae
1106 1199 1285 1256 Maria:
1331 1201 1657 1272 Magdalena:
1706 1201 1939 1256 animam
1977 1201 2033 1256 in

451 1290 619 1345 caelos
665 1288 916 1346 ferentes.
959 1291 1283 1360 Vocatisque
1324 1294 1429 1360 his,
1469 1294 1561 1362 qui
1609 1294 1662 1348 ei
1705 1293 2030 1360 assidebam,

381 1413 386 1417 ι
450 1379 636 1434 retulit
663 1379 744 1434 eis
769 1380 898 1450 quid
920 1380 1144 1448 viderit;
1179 1398 1373 1455 rogans
1402 1398 1496 1440 eos
1521 1384 1623 1440 sibi
1647 1385 2032 1455 congratulari,

400 1458 414 1514 ί
449 1469 868 1538 exclamansque
887 1470 1063 1541 inquit
1091 1490 1104 1526 :
1137 1472 1181 1528 Ο
1207 1473 1569 1542 pulcherrima
1599 1490 1772 1541 soror,
1800 1476 1925 1546 quid
1960 1484 2035 1530 est

449 1566 590 1637 quod
618 1565 827 1635 fecisti?
849 1563 1005 1634 (Gen.
1039 1583 1136 1633 xu,
1169 1567 1278 1637 18.)
1303 1567 1412 1623 Cur
1438 1583 1547 1633 me,
1576 1578 1636 1622 ut
1675 1569 1807 1624 mihi
1835 1569 2037 1640 promi-

449 1669 601 1711 seras
622 1665 786 1724 atque
810 1656 1185 1720 mandaveras,
1229 1672 1334 1712 non
1359 1657 1634 1713 visitasti?
1671 1658 1882 1729 Ergone
1918 1658 2037 1714 sine

448 1763 536 1804 me
560 1746 757 1803 frueris
782 1747 1118 1819 amplexibus
1153 1749 1362 1804 Domini
1386 1747 1536 1812 Jesu,
1562 1750 1654 1820 qui
1678 1764 1777 1805 nos
1813 1765 1871 1805 se
1899 1750 2036 1806 mul-

2131 566 2436 630 transitum,
2476 564 2609 619 mihi
2637 580 2921 635 apparens,
2950 567 3235 622 accersivit
3263 567 3336 621 ad
3362 582 3482 623 sua:
3507 567 3725 622 clarita-

2128 653 2198 707 tis
2219 651 2493 723 palatium.
2527 651 2665 706 Veni
2693 653 2879 722 igitur,
2909 663 2964 709 et
2987 651 3050 709 ne
3092 657 3310 710 moreris
3349 653 3536 727 (Psal.
3569 673 3722 722 thx,

2129 744 2204 817 6).
2233 744 2379 799 Dixit
2403 764 2414 799 :
2446 745 2676 800 Domino
2705 746 3027 817 ingredienti
3060 745 3298 815 jucunde
3333 749 3612 812 occurrit,
3637 750 3726 818 qui

2130 833 2395 889 accedens
2442 833 2685 904 propius,
2734 834 3204 906 placidissimoque
3247 836 3398 891 vultu
3449 836 3724 892 Martham

2132 926 2386 981 intuens:
2420 926 2518 981 Cui
2553 935 2634 993 tu,
2677 928 2873 997 inquit,
2903 929 3102 984 dudum
3145 930 3504 985 devotissime
3528 932 3600 986 de
3625 934 3728 987 tuis

2130 1017 2480 1074 facultatibus
2505 1018 2856 1085 ministrasti;
2899 1020 2987 1075 cui
3018 1021 3328 1092 gratissima
3357 1022 3604 1093 hospitia
3637 1039 3732 1078 ex-

2129 1108 2386 1173 hibuisti;
2434 1108 2521 1163 cui
2557 1117 2682 1179 post
2732 1111 3040 1179 passionem
3089 1126 3287 1174 meam,
3350 1112 3408 1166 in
3464 1115 3732 1168 membris

2134 1199 2290 1265 meis,
2319 1199 2487 1253 multa
2521 1200 2663 1256 bona
2687 1199 2884 1266 fecisti,
2913 1201 3051 1256 Ecce
3092 1203 3280 1256 adsum
3309 1201 3532 1273 (Cenes.
3573 1221 3731 1270 vaI,

2135 1290 2260 1361 it);
2294 1290 2382 1344 cui
2405 1289 2532 1345 olim
2557 1299 2828 1360 prostrata
2858 1291 3044 1348 dixisti
3075 1308 3090 1346 :
3126 1291 3240 1363 Ego
3274 1295 3485 1348 credidi
3522 1297 3652 1365 qia
3679 1307 3732 1348 ιιι

2135 1403 2188 1440 es
2213 1382 2453 1439 Christus
2479 1383 2652 1440 Filius
2685 1385 2779 1440 Dei
2810 1387 2928 1453 vivi,
2954 1388 3042 1456 qui
3067 1388 3125 1440 in
3164 1388 3304 1440 [tunc
3357 1387 3624 1440 mundun
3655 1407 3733 1440 re-

2137 1475 2260 1531 nisti
2283 1475 2464 1545 (Joan.
2500 1491 2588 1541 xt,
2623 1476 2736 1548 27).
2766 1477 2898 1532 Veni
2942 1477 3128 1547 igitur,
3163 1475 3384 1544 hospita
3423 1493 3576 1541 mea,
3618 1481 3734 1533 veni

2138 1566 2204 1621 de
2218 1565 2444 1632 exsilio;
2470 1567 2952 1633 veni,coronabm‘s
2968 1566 3144 1638 (Cant.
3171 1582 3247 1631 tv,
3265 1567 3346 1637 8).
3373 1565 3506 1622 Hauc
3535 1568 3622 1621 illa
3647 1585 3731 1622 au-

2138 1661 2313 1726 diens,
2338 1661 2547 1731 erigere
2575 1676 2654 1728 se,
2679 1668 2731 1716 et
2765 1674 2988 1732 surgere
3016 1661 3319 1726 nitebatur,
3347 1668 3403 1715 et
3443 1663 3602 1732 sequi
3631 1661 3738 1716 Sal-

2137 1762 2378 1808 vatorem
2424 1751 2798 1807 incontinenti.
2844 1750 2943 1808 Cui
2987 1751 3270 1808 Salvator:
3321 1751 3615 1822 Exspecta,
3653 1756 3736 1808 in-

449 1846 563 1893 tum
609 1838 896 1909 diligentes
945 1839 1175 1894 multum
1211 1839 1434 1894 dilexit?
1473 1839 1680 1911 Sequar
1713 1849 1761 1894 te
1796 1856 2032 1912 quocun-
2061 1831 2110 1892 Β
2137 1844 2274 1914 quit,
2302 1843 2429 1914 quia
2457 1843 2588 1898 vado
2611 1860 2801 1914 parare
2825 1843 3157 1908 tibi-locum,
3187 1855 3236 1900 et
3282 1846 3485 1899 iterum
3511 1847 3730 1910 tertiam,

446 1945 545 1998 que
572 1927 694 1982 ieris
721 1926 873 1998 (Luc.
903 1944 982 1994 ιι,
1015 1927 1129 1999 57).
1175 1929 1253 1983 Tu
1293 1944 1441 1996 vero,
1482 1930 1720 1997 interim,
1751 1931 1900 1986 vivas
1923 1931 2036 1985 vita

447 2026 670 2084 aeterna,
693 2017 976 2088 valeasque
997 2019 1114 2074 sine
1143 2018 1249 2074 ﬁne
1275 2018 1400 2074 felix
1427 2032 1475 2088 ιι,
1499 2031 1556 2076 et
1582 2023 1775 2076 animae
1796 2029 1900 2076 tua:
1925 2036 2038 2078 me-

446 2107 634 2173 moris,
664 2123 773 2164 non
808 2109 1092 2164 immemor
1118 2123 1238 2166 esse
1268 2110 1421 2166 velis.
1471 2109 1584 2166 lIac
1627 2111 1791 2182 igitur
1828 2111 2038 2168 visione

447 2198 751 2255 exhilarata
799 2209 1147 2256 sacrosancta
1185 2201 1405 2272 virago,
1449 2201 1571 2272 plus
1598 2203 1758 2258 solito
1785 2203 2038 2274 cupiebat

447 2291 662 2346 dissolvi
697 2293 879 2346 et'esse
907 2308 1025 2346 cum
1051 2290 1283 2358 Christo,
1317 2307 1460 2362 aegre
1488 2290 1670 2349 ferens
1696 2292 1896 2348 diutius
1919 2309 2035 2364 per-

446 2399 656 2436 manere
680 2383 737 2435 in
761 2399 918 2437 carne
939 2381 1129 2454 (Phit.,
1159 2400 1199 2449 ι,
1221 2383 1308 2448 25,
1337 2382 1454 2452 24),
1483 2385 1686 2440 sororis
1712 2401 1842 2452 sure,
1866 2393 1922 2441 et
1943 2401 2040 2440 an—

449 2471 694 2540 gelorum
726 2487 862 2542 quos
889 2473 1098 2528 viderat
1121 2474 1396 2529 consortio
1418 2489 1626 2530 carere.
1658 2474 1961 2546 Sciensque
1982 2492 2040 2532 se

448 2575 620 2630 nuper
661 2561 1013 2631 migraturam
1037 2603 1053 2629 ,
1097 2563 1378 2619 credentes
1428 2565 1718 2632 admonet,
1764 2566 1945 2622 erudit
1985 2575 2041 2622 et

449 2650 736 2706 crmfortat.
760 2652 894 2707 Cum
917 2653 1104 2724 igitur,
1129 2654 1272 2710 fama
1299 2656 1504 2712 ferente
1529 2657 1868 2723 innotuisset,
1893 2657 2038 2728 quod

449 2741 658 2798 ancilla:
702 2742 902 2800 Christi
933 2746 1196 2803 transitus
1226 2748 1554 2815 immineret,
1593 2751 1824 2804 convenit
1854 2749 2035 2804 multi-

447 2833 573 2887 tudo
618 2849 813 2904 magna
849 2834 1088 2891 ﬁdelium
1131 2838 1268 2908 (Act.
1305 2854 1366 2904 ιι,
1391 2837 1470 2908 6),
1514 2849 2036 2910 permanseruntque

449 2939 571 2978 cum
591 2938 655 2979 ea
674 2923 846 2979 donec
871 2926 1206 2996 sepeliretur,
1236 2930 1603 3000 extensis,'per
1631 2944 1850 2986 nemora
1877 2931 2031 3003 papi-

450 3015 702 3084 lionibus,
735 3017 950 3088 ignibus
973 3020 1213 3090 undique
1243 3023 1506 3078 accensis.

2138 1945 2184 1991 et
2212 1937 2466 2007 accipiam
2492 1945 2542 1991 te
2566 1936 2636 1989 ad
2666 1937 2917 2008 meipsum
2945 1954 2964 1992 :
2991 1947 3046 1990 ut
3088 1937 3178 1991 ubi
3205 1954 3326 1991 sum
3373 1955 3500 2006 ego,
3531 1949 3586 1990 tu
3611 1955 3735 2006 quo-

2139 2046 2236 2100 que
2255 2030 2327 2083 sis
2355 2043 2570 2084 mecum
2599 2027 2784 2098 (Joan.
2812 2045 2924 2096 xiv,
2957 2029 3011 2094 2,
3040 2029 3094 2095 5,
3121 2029 3199 2101 4).
3229 2031 3404 2110 Dixit,
3440 2031 3728 2100 disparuit-

2140 2139 2278 2194 que;
2303 2124 2398 2179 sed
2425 2133 2480 2179 et
2511 2139 2668 2180 soror
2697 2125 2813 2195 ejus
2838 2133 3022 2180 sancta
3043 2124 3211 2179 Maria
3245 2141 3364 2180 non
3393 2129 3726 2194 comparuit;

2139 2217 2229 2272 lux
2256 2227 2434 2271 tamen
2462 2225 2781 2287 permansnt,
2805 2232 2926 2288 quae
2955 2232 3079 2272 cum
3109 2217 3215 2271 illis
3254 2218 3544 2288 apparuit.
3593 2218 3727 2272 Tunc

2140 2308 2334 2364 deinde
2345 2308 2532 2379 vigiles
2553 2310 2910 2372 advenerunt,
2926 2316 2981 2363 et
2997 2308 3286 2364 luminaria
3297 2350 3314 2374 ,
3327 2325 3458 2379 qua:
3471 2311 3732 2365 exstincta

2141 2402 2488 2473 reliquerant,
2540 2401 2758 2458 insolito
2805 2402 3008 2457 lumine
3042 2390 3558 2457 radiantia-mirati
3599 2413 3728 2456 sunt.

2139 2537 2266 2594 CAP.
2309 2536 2535 2592 XLVIII.
2558 2569 2631 2578 —
2657 2535 2776 2604 Ubi,
2805 2547 2854 2592 et
2893 2539 3128 2608 quando,
3171 2547 3222 2590 et
3266 2539 3532 2606 qualiter,
3559 2547 3610 2590 et
3630 2541 3732 2606 qui-

2212 2610 2306 2663 bus
2345 2609 2726 2680 prtesentibus,
2776 2607 2925 2663 beata
2972 2607 3186 2664 Martha
3233 2609 3494 2678 migravit
3547 2625 3580 2660 a
3633 2624 3734 2660 cor-

2213 2697 2358 2736 vare.

2221 2813 2320 2866 Ubi
2363 2811 2478 2867 dies
2502 2811 2698 2877 illuxit,
2725 2810 2888 2880 jussit
2916 2827 2974 2868 se
3001 2819 3157 2868 extra
3187 2811 3390 2867 subdio
3431 2814 3592 2884 poni.
3617 2812 3732 2869 0m-

2137 2908 2223 2963 nis
2247 2906 2389 2962 enim
2416 2905 2666 2961 celeritas
2708 2905 2864 2960 tarda
2890 2887 3196 2970 videbatur,
3229 2906 3573 2961 matutinum
3611 2907 3729 2961 illud

2135 2998 2283 3056 mille
2335 3012 2598 3054 annorum
2651 3013 2862 3053 moram
2907 2998 3130 3052 habere.
3177 2996 3526 3053 Sternuntur
3573 2999 3728 3069 pale:

2137 3091 2239 3147 sub
2277 3090 2470 3146 arbore
2508 3088 2783 3154 frondosa,
2827 3103 2988 3160 super
3016 3089 3201 3159 paleas
3243 3089 3518 3156 cilicium,
3553 3091 3606 3144 in
3635 3106 3730 3161 quo

517 3153 645 3210 ου»-
682 3153 887 3257 exe
910 3154 1372 3257 7.91’3..‘3£"f;"r
1477 3160 1812 3257 Megaeram
1845 3178 1959 3232 ειυς

2139 3182 2195 3238 ﬁt
2225 3199 2354 3238 crux
2386 3198 2453 3238 ex
2476 3183 2676 3238 cinere.
2807 3153 2931 3236 dum
2960 3153 3041 3236 sol
3063 3182 3256 3246 oritur,
3295 3153 3513 3237 ancilla
3539 3153 3726 3238 Christi

717 3225 911 3295 amica,
937 3239 1291 3298 apparuerunt
1320 3230 1483 3286 beata:
1511 3225 1756 3286 Mart/tte.

518 3360 761 3432 Septima
789 3363 953 3432 igitur
982 3365 1222 3436 sequenti
1247 3365 1333 3421 die
1361 3363 1864 3436 advesperasceute,
1895 3383 2034 3438 prae-

447 3452 590 3523 cepit
643 3453 740 3518 eis,
786 3461 847 3508 ut
891 3453 1248 3511 lumi’naribus
1296 3455 1539 3511 accensis
1585 3457 1756 3511 cereis
1805 3465 2032 3526 septem,

448 3544 729 3614 tribusque
748 3543 1086 3616 lampadibus
1114 3545 1240 3619 [Hic
1266 3546 1401 3617 forte
1420 3547 1672 3618 quiddam
1699 3549 1836 3603 deest
1861 3549 1916 3602 in
1941 3565 2033 3603 co-

449 3634 585 3701 dice,
612 3635 752 3690 verbi
775 3637 947 3707 gratia
973 3654 993 3693 :
1015 3646 1256 3705 orarent,
1296 3638 1375 3693 vel
1400 3640 1526 3710 quid
1548 3639 1761 3712 simile].
1790 3640 1857 3695 Et
1889 3641 2034 3698 circa

448 3730 624 3786 noctis
663 3731 924 3800 medium,
961 3750 1142 3803 sopore
1180 3735 1326 3806 gravi
1363 3734 1544 3806 (Joan.
1569 3751 1609 3801 ι,
1634 3734 1687 3805 5)
1723 3735 1907 3806 vigiles
1935 3751 2034 3806 op-

446 3823 661 3893 pressi,
709 3825 1118 3882 obdormierunt
1166 3827 1422 3899 undique.
1465 3828 1597 3884 Cum
1633 3844 1760 3884 ecce
1804 3829 2035 3884 turbinis

448 3915 682 3988 impetus
705 3917 916 3974 irruens
949 3920 1006 3974 in
1037 3920 1225 3990 spiritu
1249 3921 1532 3976 vehementi
1562 3919 1734 3992 (Psal.
1757 3937 1924 3986 xxvu,
1954 3921 2030 3994 8),

449 4022 637 4088 cereos
670 4023 862 4064 omnes
891 4018 946 4064 et
971 4009 1246 4081 lampades
1271 4011 1548 4066 exstinxit.
1593 4010 1707 4067 Hoc
1730 4010 2033 4082 intelligens

449 4099 644 4154 ancilla
688 4099 923 4166 Christi,
968 4101 1122 4172 signo
1160 4103 1336 4157 crucis
1365 4101 1540 4167 edito,
1586 4111 1774 4156 contra
1811 4100 2032 4157 insidias

449 4189 752 4244 daemonum
787 4189 982 4245 oravit.
1024 4191 1230 4247 Dehinc
1264 4191 1515 4248 custodes
1541 4193 1819 4258 excitavit,
1853 4201 1912 4247 ut
1951 4193 2034 4247 lu-

448 4279 674 4336 minaria
737 4284 1159 4339 reaccenderent
1210 4285 1439 4355 rogavit.
1504 4283 1860 4342 Currentibus
1905 4285 2032 4353 illis,

450 4371 645 4440 diuque
666 4373 1026 4438 morantibus,
1067 4388 1193 4430 ecce
1215 4374 1393 4430 subito
1415 4374 1594 4431 lumen
1616 4375 1829 4431 caelitus
1853 4375 2034 4432 fusum

449 4463 715 4528 radiavit;
759 4473 814 4519 et
851 4465 906 4519 in
932 4466 1051 4536 ipso
1086 4465 1288 4522 lumine
1317 4467 1560 4538 apostola
1588 4466 1790 4524 Christi
1817 4467 2032 4523 Domini

2137 3275 2379 3342 effertur,
2431 3289 2496 3328 ac
2535 3289 2696 3345 super
2743 3274 2952 3329 cineres
2998 3274 3320 3344 disponitur,
3371 3291 3608 3345 ipsaque
3647 3292 3728 3346 pe-

2138 3376 2303 3432 tente,
2344 3364 2590 3422 cruciﬁxi
2633 3364 2930 3420 Salvatoris
2977 3364 3154 3437 imago
3197 3374 3328 3420 ante
3377 3365 3585 3422 faciem
3627 3367 3728 3436 ejus

2137 3460 2381 3530 erigitur.
2425 3457 2528 3514 Ubi
2577 3457 2706 3512 dum
2738 3455 3011 3528 paulisper
3054 3457 3380 3527 quievisset,
3433 3461 3724 3524 respiaens

2138 3552 2375 3607 ﬁdelium
2398 3550 2812 3616 multitudinem,
2859 3550 3070 3622 rogavit
3099 3559 3159 3604 ut
3183 3551 3300 3606 suis
3325 3554 3598 3621 precnhus
3624 3554 3726 3624 ejus

2137 3643 2426 3699 transitum
2452 3642 2742 3699 accelerari
2779 3650 3043 3714 peterent.
3077 3640 3284 3708 Quibus
3313 3645 3566 3701 ubertim
3613 3647 3726 3700 lien-

2141 3736 2304 3800 tibus,
2362 3734 2450 3788 illa
2496 3735 2710 3806 erigens
2747 3735 2932 3790 oculos
2980 3735 3049 3789 ad
3099 3735 3340 3792 coelum:
3403 3739 3485 3805 Ο,
3545 3742 3724 3810 inquit.

2138 3826 2353 3894 hospes,
2389 3839 2578 3894 quare,
2609 3825 2832 3880 Domine
2871 3823 3139 3892 Salvator,
3167 3827 3300 3896 quid
3324 3837 3415 3882 est
3447 3832 3598 3898 quod
3629 3846 3728 3884 mo-

2139 3917 2281 3972 raris
2297 3916 2436 3988 (Act.
2453 3933 2589 3982 xxxi,
2617 3916 2741 3988 16)?
2763 3915 2990 3982 Quando
3011 3919 3237 3984 veniam,
3260 3929 3310 3973 et
3332 3922 3729 3990 apparebant:

2136 4010 2325 4080 faciem
2350 4011 2532 4062 tuam?
2564 4006 2650 4061 Ea:
2668 4025 2770 4079 quo
2797 4009 2932 4064 mihi
2955 4008 3190 4064 dilucqu
3219 4009 3436 4065 locutus
3459 4030 3541 4076 es,
3563 4015 3726 4066 animo

2134 4114 2251 4152 mea
2285 4096 2564 4168 liquefacta
2588 4107 2661 4151 est
2691 4095 2864 4169 (l’sat.
2891 4114 3006 4165 xu,
3036 4098 3100 4164 5;
3128 4097 3287 4153 Cant.
3313 4114 3371 4165 v,
3399 4100 3481 4172 6).
3505 4101 3588 4156 Ex
3615 4112 3726 4154 tunc

2135 4189 2402 4244 desiderio
2419 4188 2516 4255 tui,
2535 4191 2713 4244 omnia
2735 4189 2982 4246 membra
2995 4205 3113 4246 mea
3128 4191 3439 4262 rigescunt,
3465 4195 3616 4247 nervi
3631 4203 3728 4248 stu-

2133 4289 2383 4353 pescunt,
2411 4297 2534 4338 ossa
2560 4283 2864 4349 tabcscunt,
2891 4283 3138 4340 medullae
3159 4283 3454 4350 fatiscunt,
3481 4297 3538 4342 et
3559 4288 3727 4342 omnia

2135 4374 2395 4430 interiora
2427 4389 2548 4430 mea
2569 4383 2838 4430 arescunt.
2870 4375 2994 4430 Non
3023 4376 3320 4446 confundas
3346 4394 3458 4443 me,
3487 4377 3723 4441 Domine,

2133 4462 2199 4517 ab
2225 4464 2607 4533 exspectatione
2629 4481 2762 4518 mea.
2799 4464 2942 4519 Deus
2972 4481 3136 4528 meus,
3165 4473 3231 4520 ne
3255 4467 3583 4532 tardaveris,
3623 4466 3724 4522 Do-

450 4557 768 4624 Salvatoris,
799 4559 966 4616 Maria
993 4560 1328 4632 Magdalena,
1369 4561 1538 4617 facem
1573 4563 1782 4633 igneam
1809 4562 2033 4618 dextera
2058 4558 2114 4620 D
2137 4557 2298 4623 mine.
2321 4574 2384 4611 ne
2405 4559 2622 4611 moreris
2647 4556 2819 4629 (Psal-
2847 4574 3034 4624 cxvm,
3071 4558 3203 4624 “6;
3235 4556 3391 4613 Ρεαι-
3419 4577 3614 4625 nux,
3643 4561 3724 4622 I8;

450 4665 658 4718 gerens,
691 4653 972 4722 apparuit;
1012 4670 1133 4724 quae
1163 4670 1288 4708 mox
1334 4663 1539 4724 septem
1569 4669 1778 4719 cereos,
1827 4663 1881 4708 et
1919 4663 2032 4711 tres

449 4740 723 4811 Imnpades
759 4745 1079 4814 exstinctas,
1127 4762 1225 4802 suo
1267 4745 1471 4801 coalesti
1520 4745 1722 4801 lumine
1762 4746 2029 4802 accendit.

449 4831 584 4886 Tum
619 4833 831 4902 deinde,
860 4836 1055 4894 lectulo
1100 4837 1305 4894 sororis
1347 4852 1458 4894 suae
1497 4837 1796 4894 assistens:
1849 4836 2029 4904 Salve,

449 4923 644 4992 inquit,
683 4940 838 4982 soror
866 4938 1074 4986 sancta.
1118 4929 1186 4984 Et
1217 4945 1343 4986 mox
1367 4945 1399 4985 a
1453 4944 1641 4986 sorore
1682 4929 1979 4986 resalutata
2014 4949 2028 4984 :

448 5014 610 5080 Ecce,
641 5016 836 5089 inquit,
872 5036 936 5076 ac
961 5020 1092 5078 mihi
1131 5037 1227 5094 per
1266 5022 1483 5078 beatum
1513 5021 1824 5092 pontiﬁcem
1856 5021 2031 5076 Maxi-

448 5106 652 5163 minum
680 5111 972 5179 mandasti,
1009 5122 1086 5180 te,
1121 5115 1246 5170 dum
1283 5115 1417 5171 vivis
1457 5115 1511 5170 in
1541 5130 1789 5187 corpore,
1818 5115 1875 5170 in
1913 5130 2034 5171 cor-

447 5213 576 5267 pore
601 5201 838 5256 visitavi.
863 5203 952 5271 Et,
989 5221 1054 5260 en
1077 5205 1297 5262 dilectus
1337 5215 1461 5264 tuus
1488 5205 1666 5279 (Cant.
1717 5221 1792 5272 ιι,
1831 5205 2026 5278 9,10),

450 5287 708 5365 Dominus
739 5291 988 5351 Salvator
1016 5296 1184 5366 adest,
1229 5307 1291 5355 ut
1335 5307 1385 5356 te
1425 5299 1494 5354 ab
1536 5298 1641 5354 hac
1681 5297 2028 5354 miseriarum

2138 4646 2288 4702 Psal.
2321 4662 2468 4711 Lxlx,
2503 4647 2579 4718 6).
2611 4647 2926 4716 Ilujusmodi
2952 4649 3257 4714 meditanti,
3287 4651 3444 4704 venit
3483 4651 3538 4704 in
3579 4665 3724 4704 men-

2138 4751 2249 4796 tem
2275 4741 2421 4812 quod
2465 4740 2595 4795 olim
2633 4741 2830 4796 viderit
2883 4741 3116 4811 qualiter
3166 4740 3423 4797 Christus
3469 4743 3524 4796 in
3573 4757 3724 4797 cnice

2137 4833 2270 4889 hora
2315 4847 2458 4888 nona
2504 4832 2867 4904 expiraverit;
2916 4833 3166 4902 quodque
3213 4834 3418 4888 seriem
3463 4834 3724 4904 passionis

2135 4924 2356 4990 Christi,
2386 4925 2650 4980 Hebraicc
2683 4926 2904 4993 editam,
2931 4941 3113 4982 secum
3138 4926 3271 4981 olim
3300 4927 3366 4982 ab
3393 4926 3722 4982 Jemsolimis

2139 5017 2400 5072 attulerit.
2418 5017 2485 5072 Et
2507 5019 2774 5072 accersito
2797 5027 2985 5073 sancto
3005 5017 3294 5084 Pa—rmena,
3311 5019 3460 5073 hanc
3479 5017 3718 5089 proferri.

2139 5117 2193 5166 ct
2220 5125 2404 5164 coram
2446 5123 2505 5166 se
2547 5111 2768 5165 recitari
2809 5111 3052 5182 rogavit:
3089 5120 3148 5165 ut
3175 5111 3260 5166 vel
3292 5111 3372 5166 sic
3395 5128 3508 5166 suae
3539 5126 3714 5178 exspe-

2138 5201 2391 5256 ctationis
2449 5193 2669 5271 taedium
2722 5210 3065 5271 temperaret.
3127 5200 3236 5256 Nec
3291 5217 3457 5256 secus
3513 5201 3712 5260 accidit.

2139 5310 2302 5366 quam
2325 5267 2584 5367 spet'tivit.
2611 5297 2746 5351 Dum
2769 5267 2936 5362 enim,
2963 5311 3028 5352 ea
3057 5312 3177 5366 qua:
3196 5297 3413 5352 viderat
3444 5297 3574 5352 olim
3602 5293 3714 5348 dile-

1351 5469 1530 5514 ΝΟΤΛΕ
1572 5467 1957 5514 POTISSIMUM
2005 5469 2088 5513 EX
2126 5468 2376 5513 RABANO
2421 5468 2796 5514 DESUMPTE.

524 5608 551 5637 ι
583 5595 920 5670 _B_reviarittt_n
957 5595 1220 5670 Eduense,
1249 5598 1584 5670 ⁸αηηὶγιδὸθ.
1627 5598 1861 5670 Oﬁicium
1903 5617 2032 5654 san-

452 5676 551 5738 cta:
577 5666 798 5738 Martha:
824 5667 920 5722 fol.
947 5684 1034 5732 xc,
1072 5669 1214 5736 quod
1243 5667 1498 5723 fratribus
1525 5680 1579 5724 et
1620 5666 1899 5725 sororibus
1926 5686 2021 5738 pa-

455 5736 641 5790 tefecit
678 5737 902 5790 dicens:
939 5738 984 5790 0
1021 5738 1381 5806 pulcherrima
1421 5739 1544 5792 felix
1591 5748 1645 5793 et
1687 5756 1807 5794 mea
1836 5736 2028 5794 dilecta

460 5819 638 5871 soror,
663 5821 770 5861 non
808 5807 1082 5862 attendisti
1120 5808 1264 5880 quod
1299 5807 1432 5867 mihi
1465 5810 1657 5868 vovisti
1694 5820 1750 5876 ut
1785 5825 1870 5870 me
1903 5811 2034 5868 visi-

2141 5610 2307 5674 tares.
2343 5597 2510 5674 Vivas
2549 5616 2671 5674 cum
2711 5602 2969 5671 magistro
3016 5610 3070 5656 et
3103 5617 3232 5674 vere
3271 5604 3492 5674 hospite
3537 5615 3710 5660 nostra

2131 5672 2184 5744 in
2217 5672 2344 5726 sede
2373 5671 2571 5744 licata;
2621 5671 2750 5727 Ha'c
2792 5674 3032 5726 videntur
3069 5689 3133 5727 ea:
3179 5671 3402 5729 Rabano
3453 5677 3708 5744 desii-pta

2137 5742 2322 5872 grisbse,
2353 5752 2446 5795 ant
2485 5743 2666 5799 saltem
2693 5760 2756 5798 ea:
2802 5744 2956 5800 veteri
2981 5744 3330 5802 instrumento
3354 5761 3461 5820 quo
3497 5742 3702 5801 mra.

2195 5830 2224 5866 a
2263 5829 2419 5870 anus.
