3938 6334
251 307 394 366 1505

1289 267 1384 354 ιιι]
1419 296 1582 355 vum
1619 298 1680 354 Β.
1720 296 1958 355 manus
1999 293 2466 354 moestam.

3322 281 3501 356 'isos

246 421 418 479 eloris
445 417 528 474 sui
571 415 830 488 supplicia
864 414 1126 480 seriatim,
1171 413 1388 484 propria
1433 413 1617 484 lingua
1645 412 1827 482 legen-
1851 415 1907 476 Α
1930 421 2111 482 raptus
2138 425 2259 467 sum
2297 409 2352 463 in
2392 406 2610 478 spiritu,
2661 406 2768 460 sive
2817 407 2873 459 in
2923 421 3158 478 corpore,
3210 408 3316 463 sive
3359 419 3508 464 extra

247 524 361 570 tem
397 513 625 576 audiret,
650 510 856 566 obortis
875 525 943 566 ex
981 508 1354 577 compassione
1379 505 1652 578 lacrymis,
1678 505 1826 575 cmpit

247 608 408 676 ﬂere;
439 602 736 671 oblitaque,
775 600 1008 663 interim,
1053 613 1162 654 suae
1195 597 1559 669 migrationis,
1604 595 1721 650 ﬁxit
1746 595 1828 650 in-

247 694 545 750 tentionem
574 701 745 748 totam
783 691 840 747 in
871 699 1057 746 tenore
1098 688 1384 759 passionis.
1421 687 1618 742 Audito
1661 686 1830 741 donec

248 789 396 859 quod
420 786 686 851 Christus,
711 785 766 838 in
791 799 976 838 manus
991 781 1166 836 Patris
1179 781 1420 847 spiritum
1433 777 1826 843 commendans,

249 880 493 951 spiritum
515 877 684 931 emisit
714 874 864 945 (Luc.
896 889 1062 938 xxm,
1096 871 1187 942 46)
1207 888 1222 937 ;
1245 869 1540 941 suspiravit
1569 867 1825 938 graviter,

249 981 306 1027 et
330 969 615 1041 expiravit.
653 965 917 1023 Dormivit
941 973 1123 1020 autem
1151 963 1207 1018 in
1239 961 1465 1018 Domino
1505 966 1701 1031 quarto
1731 958 1828 1012 ka-

251 1064 438 1120 lendas
475 1068 746 1132 augustas,
787 1065 980 1114 octavo
1017 1056 1102 1112 die
1129 1064 1252 1126 post
1293 1054 1582 1109 transitum
1627 1049 1829 1107 sororis

253 1173 366 1213 sua:
410 1162 614 1212 sancta:
657 1152 839 1207 Mariae
887 1147 1245 1221 Magdalenae,
1298 1156 1451 1204 sexta
1491 1146 1647 1210 feria,
1697 1143 1830 1199 hora

251 1247 361 1304 diei
395 1259 558 1311 nona,
590 1257 734 1298 anno
763 1240 1100 1313 sexagesimo
1127 1239 1316 1309 quinto
1341 1237 1514 1294 anatis
1541 1249 1670 1291 suae.
1699 1232 1831 1288 Cor-

252 1359 356 1414 pus
395 1355 518 1397 cum
563 1341 725 1410 digno
769 1339 974 1392 honore
1012 1334 1309 1398 conditum,
1346 1340 1402 1388 et
1427 1330 1744 1392 involutum,
1773 1325 1830 1380 in

253 1433 484 1489 ecclesia
504 1431 725 1502 propria
753 1429 1052 1484 intulerunt
1073 1427 1206 1483 socii
1233 1426 1371 1496 ejus,
1403 1423 1496 1494 qui
1520 1436 1644 1477 eum
1671 1435 1734 1476 ea
1757 1418 1826 1473 ab

253 1528 472 1583 Oriente
494 1531 776 1590 venerunt,
804 1531 861 1580 et
882 1536 1053 1592 usque
1074 1521 1129 1575 in
1155 1519 1296 1574 diem
1321 1517 1474 1572 illum
1497 1516 1548 1571 ei
1573 1526 1828 1584 perseve-

257 1624 437 1671 ranter
483 1615 876 1670 adhaeserunt:
933 1616 1174 1674 sanctus,
1227 1606 1458 1670 scilicet,
1514 1603 1826 1665 Parmenas,

254 1708 554 1763 Germanus
607 1719 842 1776 quoque,
890 1710 944 1759 et
989 1701 1244 1758 Sostenes
1287 1706 1341 1753 et
1386 1696 1684 1767 Epaphras,
1736 1693 1828 1764 qui

1931 520 2140 574 corpus,
2182 503 2354 557 nescio
2381 517 2400 555 :
2425 497 2568 554 D'eus
2609 501 2706 554 scit
2750 498 2833 571 (11
2877 498 3001 554 Cor.
3033 515 3130 568 χιι,
3170 502 3226 569 2,
3253 502 3334 576 5),
3364 503 3510 559 Tha-

1929 608 2234 660 rasconam,
2275 607 2398 665 eum
2441 591 2670 648 Domino
2707 589 3005 658 Salvatore,
3045 594 3350 650 ministram
3392 593 3509 664 ejus

1931 683 2195 738 Martham
2239 683 2662 749 sanctissimam,
2705 691 2766 738 ut
2810 683 3012 739 viventi
3055 684 3324 754 pollicitus
3367 700 3506 752 sum,

1931 787 2201 833 mortuam
2227 777 2476 848 sepelire.
2509 777 2704 832 Mittite
2748 775 2912 848 igitur
2952 793 3097 833 nunc
3124 779 3215 848 qui
3253 778 3511 834 annulum

1930 878 2196 935 nostrum,
2228 877 2284 925 et
2311 869 2656 924 chirothecas
2681 868 2885 925 criseas
2910 867 3129 934 referat,
3159 885 3294 940 quas
3317 871 3370 924 in
3403 887 3512 941 ipa-

1929 973 2034 1014 nus
2057 958 2298 1014 sacrista‘.
2326 957 2662 1028 posui,-dum
2689 973 2884 1029 corpus
2913 967 3161 1015 sanctum
3203 960 3258 1014 in
3295 977 3513 1016 mauso-

1929 1049 2015 1108 leo
2039 1053 2333 1122 composui.
2369 1052 2598 1108 Miratur
2635 1053 2751 1108 haec
2779 1054 3002 1110 audiens
3044 1054 3290 1124 populus,
3341 1055 3512 1110 mittit

1933 1145 2335 1200 Tharasconam
2378 1145 2596 1200 nuntios
2633 1152 2808 1201 tenus.
2857 1143 3184 1202 Rescribunt
3213 1145 3511 1203 Tharasco-

1931 1249 2126 1292 nenses
2149 1236 2681 1308 Petragoricensibus
2709 1236 2850 1293 diem
2890 1246 2946 1293 et
2993 1238 3184 1293 horam
3223 1237 3512 1310 sepultura:

1931 1324 2050 1394 ejus
2084 1327 2354 1398 ignotam;
2385 1335 2440 1383 et
2465 1327 2828 1384 venerabilem
2855 1344 2976 1385 cum
3013 1345 3198 1387 eorum
3229 1331 3509 1401 pontiﬁce,

1931 1430 2092 1486 quem
2117 1417 2255 1472 bene
2293 1425 2578 1484 noverant,
2616 1419 2891 1490 exsequiis
2912 1418 3028 1488 ejus
3051 1418 3363 1476 interfuisse
3391 1437 3514 1490 per-

1933 1521 2120 1562 sonam
2140 1524 2154 1573 ;
2172 1516 2226 1563 et
2241 1508 2307 1564 de
2320 1508 2762 1576 libello,ettitulo
2789 1509 2976 1578 libelli,
3005 1527 3074 1566 ne
3096 1511 3236 1566 forte
3261 1511 3365 1568 hoc
3396 1511 3512 1582 epi-

1932 1613 2158 1668 scopum
2187 1600 2473 1668 latuisset;
2500 1610 2556 1657 et
2575 1602 2832 1658 annulum
2861 1604 3005 1674 quod
3044 1613 3323 1675 receperat
3347 1604 3515 1660 sacri-

1934 1699 2017 1747 sta
2047 1693 2249 1749 remitti
2271 1694 2604 1766 alteramque
2633 1695 3032 1763 chirothecam;
3065 1697 3235 1752 altera
3270 1697 3324 1752 in
3365 1698 3516 1752 testi-

256 1799 468 1853 fuerant
493 1797 665 1852 sancti
703 1791 998 1865 Traphimi,
1044 1788 1378 1846 Arelatensis
1415 1783 1826 1855 archiepiscopi,
1858 1786 1907 1848 B
1933 1783 2174 1838 monium
2199 1785 2334 1839 tanti
2357 1784 2604 1842 miraculi
2640 1795 2868 1842 retenta.
2897 1787 3000 1854 Qui
3025 1797 3205 1844 autem
3228 1789 3509 1844 ministra-

257 1889 506 1954 comites;
549 1885 796 1943 Marcella
825 1898 1038 1955 quoque
1071 1881 1319 1938 ministra
1351 1877 1488 1947 ejus,
1524 1885 1580 1932 et
1618 1876 1829 1931 Euche-

257 1982 344 2036 dia
384 1989 440 2036 et
479 1979 702 2053 Syntex.
752 1979 819 2033 Hi
854 1985 1064 2048 septem
1091 1975 1371 2031 triduanas
1397 1970 1608 2042 vigilias
1636 1969 1690 2024 in
1716 1966 1830 2038 ejus

257 2071 527 2140 exsequiis
574 2076 801 2142 egerunt
832 2083 956 2124 cum
1005 2065 1348 2122 multitudine
1393 2060 1830 2118 concurrentium

259 2162 493 2232 undique
525 2161 863 2232 populorum,
897 2158 987 2228 qui
1016 2171 1188 2228 usque
1209 2157 1265 2210 in
1291 2155 1434 2210 diem
1464 2153 1704 2217 tertium,
1730 2149 1833 2204 cir-

257 2270 318 2310 ca
367 2268 565 2323 corpus
613 2261 858 2308 sanctum
908 2251 963 2305 in
1011 2249 1109 2305 Dei
1154 2247 1401 2303 laudibus
1449 2245 1826 2307 excubabant;

259 2345 502 2402 accensis
533 2346 705 2402 cereis
729 2345 785 2400 in
827 2342 1077 2408 ecclesia,
1121 2338 1454 2412 lampadibus
1496 2351 1593 2408 per
1623 2337 1829 2400 domos,

259 2435 472 2507 ignibus
499 2450 597 2506 per
624 2450 869 2491 nemora.

259 2590 385 2647 CAP.
427 2590 611 2646 XLIX.
639 2622 710 2632 —
749 2589 882 2662 ροξ,
917 2598 965 2644 et
1006 2588 1239 2660 quando,
1285 2594 1332 2640 et
1375 2584 1600 2662 qualiter
1627 2581 1831 2662 sepulta

325 2670 400 2716 est
429 2679 463 2716 a
501 2662 723 2715 Domino
753 2655 1043 2726 Saluatore,
1082 2668 1130 2713 et
1175 2667 1356 2712 sancto
1385 2655 1645 2710 Frontino
1693 2655 1834 2708 anti-

333 2732 468 2799 stite,
500 2731 840 2803 corporaliter
873 2740 1046 2786 tamen
1076 2728 1304 2784 absente.

330 2885 398 2940 Et
423 2885 509 2942 die
536 2886 768 2950 sabbati,
791 2895 980 2956 parata
1006 2891 1088 2940 est
1117 2885 1167 2940 ei
1208 2883 1485 2954 sepultura
1513 2881 1740 2953 insignis
1765 2881 1834 2936 ad

260 2976 530 3066 propriam
569 2975 706 3047 ejus,
737 2992 898 3046 quam
943 2974 1230 3047 pontiﬁces
1258 2974 1667 3038 dedicaverunt,
1696 2971 1840 3027 basi-

260 3064 437 3123 licam.
471 3069 569 3125 Die
613 3083 740 3124 vero
783 3069 927 3124 dicta
972 3067 1273 3133 Dominica,
1325 3068 1460 3121 hora
1504 3064 1611 3120 diei
1657 3064 1834 3128 tertia,

1932 1882 2123 1928 verant
2181 1874 2446 1930 ministrae
2499 1875 2819 1945 Salvatoris,
2871 1878 3089 1948 quidam
3134 1880 3411 1935 redierunt
3458 1880 3512 1934 in

1931 1966 2228 2033 Orientem,
2279 1968 2711 2040 evangelizantes
2759 1985 2986 2040 regnum
3049 1971 3180 2027 Dei:
3231 1972 3514 2044 Epaphras

1931 2057 2204 2125 videlicet,
2239 2074 2364 2114 cum
2395 2067 2582 2114 sancta
2607 2059 2885 2127 Marcella,
2914 2067 2970 2116 et
3003 2060 3286 2133 Syntyche
3333 2063 3512 2128 beata,

1932 2163 2053 2218 quae
2071 2147 2329 2219 Philippis
2354 2147 2552 2202 dormit
2571 2148 2799 2219 sepulta,
2827 2150 2894 2206 de
2915 2166 3020 2221 qua
3057 2151 3347 2221 Apostolus
3373 2152 3509 2207 scri-

1929 2243 2028 2298 bit.
2073 2241 2271 2314 Syntex
2317 2243 2475 2299 beato
2503 2243 2610 2299 ﬁne
2647 2245 2888 2314 quievit:
2920 2245 3218 2303 Parmenas
3260 2247 3401 2318 (Act.
3429 2263 3502 2312 vi,

1933 2335 1988 2406 5)
2018 2335 2208 2406 plenus
2247 2335 2372 2402 ﬁde,
2400 2346 2456 2392 et
2481 2338 2652 2408 gratia
2681 2338 2798 2403 Dei,
2837 2341 3082 2412 martyrii
3119 2340 3346 2411 gloriam
3388 2342 3514 2398 ade-

1931 2433 2086 2496 ptus;
2117 2425 2421 2483 Germanus
2464 2435 2520 2482 et
2557 2427 2832 2485 Euchodia
2879 2431 3232 2486 consolationi
3274 2431 3512 2487 ﬁdelium

1932 2533 2152 2588 operam
2178 2518 2388 2585 dantes,
2418 2521 2590 2576 beatis
2622 2520 2878 2592 apostolis
2903 2522 3106 2580 auxilio
3129 2523 3364 2589 fuerunt,
3397 2542 3515 2578 cum

1935 2617 2123 2665 sancto
2175 2609 2464 2675 Clemente,
2514 2620 2562 2665 et
2605 2613 2808 2667 ueteris
2856 2613 3250 2684 coadjutoribus
3299 2631 3512 2683 eorum,

1935 2717 2154 2771 quorum
2179 2702 2392 2756 nomina
2416 2710 2538 2756 sunt
2560 2702 2616 2756 in
2651 2702 2782 2757 libro
2826 2705 2944 2760 vita:
2983 2691 3309 2776 (ΡΙιὶΙίρνιν,
3335 2707 3414 2780 2).
3455 2707 3514 2762 ln

1935 2791 2158 2847 basilica
2189 2805 2316 2850 vero
2341 2791 2564 2848 Marthae
2587 2793 2934 2862 beatissimae,
2975 2810 3006 2849 a
3055 2794 3141 2852 die
3180 2795 3520 2852 dormitionis

1938 2882 2075 2951 ejus,
2108 2883 2368 2939 miracula
2396 2883 2512 2940 sine
2530 2900 2756 2940 numero
2775 2886 3120 2958 contigerunt
3145 2905 3158 2942 :
3189 2887 3369 2954 caecis,
3401 2903 3520 2944 sur-

1941 2973 2046 3039 dis,
2067 2974 2248 3040 mutis,
2278 2973 2506 3041 claudis,
2538 2976 2873 3048 paralyticis,
2911 2978 3102 3045 aridis,
3129 2977 3381 3049 leprosis,
3415 2980 3520 3036 dte-

1941 3068 2204 3124 moniacis
2249 3068 2520 3138 variisque
2562 3070 2902 3140 passionibus
2943 3072 3212 3144 fatigatis,
3263 3073 3522 3130 sanitates

261 3159 569 3231 congregati
599 3160 823 3215 aderant
865 3174 1073 3226 omnes,
1103 3167 1164 3214 ut
1205 3173 1402 3228 corpus
1437 3164 1683 3214 sanctum
1708 3171 1837 3210 con-
1865 3144 1911 3207 C
1942 3159 2261 3216 omnimodae
2303 3170 2680 3230 provenerunt.
2730 3162 3061 3220 Francorum
3099 3177 3155 3220 et
3194 3164 3520 3224 Teutonico-

263 3269 392 3328 gruo
415 3254 712 3320 condirent,
737 3251 912 3323 pridie
943 3252 1210 3308 Kalendas
1240 3251 1488 3324 Augusti.
1525 3249 1659 3306 Cum
1687 3263 1832 3312 ecce,

261 3347 448 3403 eadem
487 3345 642 3409 hora,
673 3345 813 3414 apud
857 3343 1253 3415 Petragoricas,
1298 3341 1602 3412 Aquitaniae
1649 3339 1838 3396 civita-

261 3444 391 3498 tem,
435 3433 628 3489 Missas
662 3433 998 3489 eelebraturo
1033 3433 1272 3504 pontiﬁci
1320 3441 1508 3487 sancto
1548 3430 1832 3494 Frontino,

263 3524 488 3596 populos
514 3524 851 3594 exspectanti
872 3531 927 3579 et
948 3525 1002 3577 in
1023 3525 1284 3579 cathedra
1313 3521 1647 3585 dormitanti,
1676 3535 1838 3591 appa-

267 3617 373 3670 ruit
404 3614 651 3670 Christus
678 3624 732 3669 et
757 3616 834 3669 ait
874 3614 953 3668 illi
983 3631 996 3666 :
1030 3613 1156 3680 Fili,
1184 3614 1328 3678 veni,
1357 3613 1520 3682 imple
1548 3612 1692 3682 quod
1717 3625 1841 3680 pro-

265 3709 482 3776 misisti,
517 3708 790 3778 exsequiis
835 3707 1057 3762 Marthae
1107 3705 1335 3774 hospita
1378 3719 1512 3759 mea:
1559 3714 1611 3758 te
1646 3701 1840 3756 affutu-

266 3816 406 3855 rum.
436 3800 609 3864 Dixit;
637 3813 868 3869 moxque
886 3799 1092 3868 pariter
1128 3796 1184 3851 in
1213 3797 1318 3849 ictu
1344 3793 1481 3848 oculi
1508 3793 1559 3866 (I
1591 3793 1716 3848 Cor.
1747 3808 1837 3857 xv,

265 3889 355 3959 52)
414 3897 778 3959 apparuerunt
831 3881 972 3958 apud
1023 3887 1424 3941 Tharasconam
1449 3923 1464 3949 ,
1530 3881 1738 3937 libellos
1784 3880 1840 3941 in

267 3961 427 4035 manu
451 3989 716 4048 tenentes,
757 3980 813 4034 in
841 3979 1068 4036 ecclesia
1095 3997 1106 4033 :
1147 3977 1399 4033 Christus
1427 3976 1613 4046 capiti,
1646 3972 1839 4044 praesul

265 4072 510 4142 pedibus,
562 4080 835 4138 astantes;
887 4071 989 4140 ipsi
1035 4071 1135 4127 soli
1187 4085 1386 4140 corpus
1420 4069 1474 4124 in
1505 4067 1839 4123 mausoleum

267 4165 507 4221 locantes
535 4177 596 4230 α,
644 4165 965 4220 mirantibus
1008 4163 1218 4220 cunctis
1257 4163 1350 4234 qui
1398 4163 1639 4218 aderant.
1677 4161 1840 4231 Egre-

267 4257 504 4322 diuntur,
535 4257 814 4327 completis
841 4256 1132 4326 exsequiis.
1176 4253 1434 4325 Sequitur
1461 4269 1555 4310 eos
1594 4267 1733 4308 unus
1773 4266 1839 4306 ex

270 4350 430 4414 clero,
464 4364 711 4419 quaerens
737 4364 768 4403 a
807 4349 1035 4405 Domino
1069 4349 1190 4418 quis
1234 4356 1395 4410 esset,
1439 4346 1524 4401 vel
1561 4345 1705 4401 unde
1743 4357 1837 4418 ve-

268 4443 455 4496 nisset.
500 4440 598 4496 Cui
627 4441 886 4497 Dominus
932 4441 1065 4496 nihil
1111 4441 1419 4511 respondit;
1464 4437 1561 4495 sed
1597 4438 1839 4494 codicem

269 4545 427 4598 quem
457 4531 676 4585 tenebat
721 4531 884 4586 dedit.
919 4529 1158 4586 Clericus
1189 4531 1257 4585 ad
1297 4530 1603 4601 sepulcrum
1649 4529 1844 4594 rediit;
1870 4518 1925 4580 D

268 4621 506 4675 codicem
541 4622 749 4676 cunctis
798 4623 1062 4688 ostendit;
1109 4623 1164 4677 in
1211 4622 1434 4693 singulis
1484 4621 1712 4692 paginis,
1763 4621 1844 4675 sic

271 4709 401 4780 legit
430 4729 442 4764 :
473 4711 540 4766 In
562 4713 816 4767 memoria
839 4723 1036 4767 (eterna
1068 4715 1164 4768 erit
1179 4713 1412 4776 Martha,
1442 4713 1659 4782 hospita
1685 4709 1845 4766 Chri-

271 4805 370 4870 sti;
423 4805 486 4858 ab
529 4805 794 4858 auditione
829 4804 970 4858 mala
1007 4821 1110 4859 non
1159 4805 1354 4858 timebit
1386 4803 1561 4874 (Psal.
1591 4818 1712 4869 exn,
1763 4801 1834 4873 6).

272 4895 416 4950 Nihil
463 4895 609 4950 aliud
655 4895 1031 4952 continebatur
1086 4896 1140 4950 in
1186 4895 1392 4950 codice.
1442 4895 1652 4950 Interea
1701 4893 1842 4964 apud

270 4985 664 5058 Petragoricas,
700 4988 864 5044 levita
907 4987 1218 5058 pontiﬁcem
1247 4988 1450 5043 excitat
1479 5005 1494 5042 :
1539 4989 1730 5044 horam
1760 5001 1842 5044 sa-

271 5077 460 5134 criﬁcii
506 5079 808 5149 praeterire,
839 5079 1092 5150 populum
1125 5079 1360 5150 fatigari,
1401 5093 1710 5151 suggerens.
1743 5078 1842 5134 Cui

272 5168 505 5238 praesul:
541 5168 740 5235 Nolite,
787 5171 979 5241 inquit,
1011 5171 1213 5224 turbari
1261 5170 1398 5241 (Act.
1452 5186 1543 5238 xx,
1595 5171 1705 5242 10),
1745 5184 1844 5227 nec

276 5258 468 5315 taedeat
496 5273 592 5316 vos
643 5259 844 5317 diutius
885 5269 1244 5332 exspectasse.
1299 5261 1412 5333 Ego
1461 5261 1626 5326 enim,
1678 5277 1840 5328 nunc,

1940 3269 2060 3308 rum
2089 3261 2207 3319 rex,
2237 3252 2554 3318 Clodoveus,
2587 3253 2906 3311 Christiana:
2931 3255 3053 3311 ﬁdei
3073 3256 3252 3313 ferens
3281 3257 3520 3329 insignia

1891 3397 1894 3400 .
1937 3345 2168 3417 primus,
2209 3345 2594 3401 miraculorum
2622 3345 2846 3404 Martha:
2883 3349 3235 3405 sanctissima:
3279 3350 3522 3405 multitu-

1939 3439 2065 3494 dine
2113 3447 2168 3494 et
2213 3437 2584 3511 magnitudine
2640 3448 2840 3507 motus,
2899 3441 3302 3498 Tharasconam
3342 3443 3518 3502 venit:

1939 3545 2191 3600 moxque,
2222 3543 2284 3586 ut
2307 3525 2549 3585 tumbam
2575 3539 2777 3587 sanctae
2807 3531 3003 3600 tetigit,
3039 3535 3191 3603 gravi
3220 3533 3410 3590 morbo
3437 3549 3521 3590 re-

1941 3637 2108 3686 num,
2184 3637 2290 3690 quo
2355 3622 2738 3677 miserabiliter
2814 3623 3191 3690 laboraverat,
3261 3625 3521 3681 liberatus

1939 3719 2039 3766 est.
2091 3711 2249 3766 Dedit
2290 3711 2401 3766 Deo
2447 3712 2504 3766 in
2548 3713 2917 3768 testimonium
2970 3723 3138 3770 tantae.
3186 3715 3424 3781 virtutis,
3454 3723 3513 3772 et

1941 3820 2040 3860 suo
2073 3803 2269 3858 annulo
2293 3803 2546 3874 signavit,
2589 3812 2790 3859 terram
2817 3805 2982 3860 trium
3017 3805 3294 3861 leucarum
3337 3806 3394 3862 in
3441 3807 3519 3878 gi-

1941 3911 2064 3951 rum
2093 3895 2335 3951 ecclesia:
2361 3894 2583 3951 Marthae
2604 3895 2979 3963 sanctissimae,
3017 3911 3086 3952 ex
3105 3905 3334 3967 utraque
3361 3907 3516 3968 parte

1941 3987 2220 4052 Rhodani,
2249 4002 2372 4042 cum
2391 3987 2551 4052 villis,
2578 3995 2635 4042 et
2655 3989 2872 4056 castris,
2901 3997 2956 4044 et
2979 3987 3159 4056 silvis;
3184 4003 3305 4060 quae
3330 3990 3514 4045 omnia

1940 4095 2112 4152 usque
2140 4081 2299 4136 hodie
2323 4081 2661 4137 immunitate
2684 4089 2942 4153 perpetua
2965 4082 3203 4153 possidet
3233 4098 3521 4139 sacrosan-

1941 4178 2028 4226 cta
2051 4171 2258 4242 virago.
2285 4168 2476 4236 Furta,
2503 4186 2652 4238 vero,
2696 4171 2780 4227 vel
2810 4173 3032 4242 rapinae,
3062 4182 3158 4227 aut
3205 4174 3518 4244 sacrilegia,

1943 4275 2038 4316 seu
2063 4260 2198 4316 falsa
2220 4259 2445 4331 judicia,
2473 4261 2649 4316 subito
2678 4261 2772 4317 Dei
2805 4262 3028 4333 judicio,
3060 4263 3397 4319 horribiliter
3420 4279 3520 4334 pu-

1943 4353 2163 4408 niuntur
2225 4353 2421 4410 ibidem
2491 4354 2883 4424 incontinenti,
2933 4357 3002 4412 ad
3044 4356 3256 4413 laudem
3303 4357 3515 4412 Domini

1944 4436 2258 4500 Salvatoris.

1946 4596 2074 4653 CAP.
2108 4596 2171 4652 L.
2201 4627 2274 4638 —
2312 4597 2390 4654 De
2417 4600 2644 4672 transitu
2666 4609 2716 4672 et
2745 4601 3013 4670 sepultura
3041 4601 3212 4656 sancti
3241 4601 3524 4672 arcltipra-

2488 4670 2618 4724 salis
2653 4669 2951 4726 Maximini.

2018 4802 2307 4872 Hucusque
2330 4803 2396 4859 de
2438 4803 2764 4859 venerabilis
2790 4803 3051 4858 ministrae
3089 4803 3212 4859 Filii
3258 4802 3373 4870 Dei,
3419 4803 3523 4860 Do-

1946 4894 2079 4948 mini
2109 4893 2429 4961 Salvatoris,
2459 4895 2682 4951 Marthae
2717 4895 3072 4952 sanctissimae
3112 4894 3224 4950 vita
3248 4895 3518 4967 religiosa,

1947 4995 2002 5043 et
2028 4996 2200 5043 morte
2224 4988 2478 5057 pretiosa,
2505 5003 2625 5058 quae
2646 4995 2795 5058 gesta
2819 4996 2946 5043 sunt
2990 5002 3242 5043 narrasse
3275 4986 3519 5043 sufﬁciat.

1949 5077 2102 5134 Nunc
2149 5079 2317 5150 igitur
2353 5094 2472 5149 quze
2515 5085 2640 5150 post
2685 5092 2896 5134 sacrum
2929 5078 3046 5148 ejus
3091 5078 3399 5141 transitum,
3425 5091 3526 5146 per

1946 5167 2142 5237 ipsam,
2167 5168 2253 5224 vel
2290 5169 2433 5224 circa
2463 5168 2657 5239 ipsam,
2707 5167 2853 5225 facta
2889 5177 3014 5224 sunt
3041 5167 3314 5240 prodigia;
3358 5166 3523 5220 vitam

1947 5275 2162 5334 quoque
2197 5261 2488 5318 virtutibus
2526 5261 2760 5332 plenam,
2789 5270 2844 5318 et
2869 5263 3176 5332 passionem
3201 5257 3389 5315 fratris
3408 5255 3526 5340 ejus

1182 5411 1361 5458 ΝΟΤΕ
1404 5412 1788 5458 POTISSIMUM
1829 5414 1912 5458 EX
1956 5413 2209 5459 RABANO
2253 5415 2625 5460 DESUMPTE.

349 5553 394 5611 ar
412 5538 676 5594 Mausolea
706 5535 1103 5611 sunt__sepnl_cra
1133 5536 1216 5590 vel
1241 5541 1594 5611 monumenta
1630 5553 1838 5611 regum,

279 5628 310 5669 a
355 5610 620 5666 Mausoleo
646 5623 769 5678 rege
800 5607 1176 5679 JEgyptiorum
1222 5607 1382 5662 dicta.
1431 5607 1583 5672 Nam,
1638 5607 1717 5664 eo'
1747 5612 1842 5666 de-

281 5685 482 5745 functo,
505 5697 640 5735 uxor
667 5677 779 5746 ejus
815 5677 962 5733 mira:
991 5677 1374 5748 magnitudinis
1411 5686 1464 5733 et
1487 5679 1841 5748 pulchritudi-

281 5754 367 5808 nis
401 5752 666 5808 exstruxit
695 5750 1023 5821 sepulcrum,
1052 5749 1104 5804 in
1135 5757 1364 5816 tantum,
1389 5759 1448 5804 ut
1481 5765 1648 5820 usque
1683 5752 1843 5807 hodie

1949 5540 2131 5598 omnia
2156 5551 2504 5598 monumenta
2533 5546 2793 5614 pretiosa,
2823 5558 2889 5599 ex
2918 5541 3135 5614 nomine
3169 5538 3527 5614 ejusmauso-

1952 5614 2032 5669 lea
2085 5625 2482 5740 riggicupentur.
2533 5612 2755 5670 Rabani
2814 5617 2877 5667 de
2927 5612 3206 5677 Universo,
3251 5612 3346 5669 lib.
3399 5625 3526 5679 xxv,

1950 5701 2069 5740 can.
2109 5723 2139 5738 ..
2184 5724 2194 5738 .
