3938 6334
433 353 566 410 1511

1072 347 1130 400 Β.
1168 343 1420 401 ιιΑΒΑΝι
1458 340 1675 398 MAURI
1712 338 2026 396 ARCHIEP.

2131 335 2378 396 DGUNT.
2418 334 2703 394 OPERUM
2740 331 2919 391 PARS
2953 333 3038 390 lli.

3561 335 3691 392 15ιὲ

424 475 694 534 verasque
738 460 809 516 sit
851 459 1102 530 sanguis,
1146 458 1513 528 unusquisque
1553 455 1713 510 debet
1751 454 2004 518 credere,
2033 459 2088 517 Α
2111 451 2394 516 conﬁrmo,
2435 459 2492 505 et
2528 449 2704 505 addo:
2740 448 2885 518 quod
2911 447 3053 502 sicut
3073 443 3275 501 veritas
3299 452 3388 502 est
3412 444 3692 512 Christus,

422 567 611 619 nosse.
637 559 844 616 tenere,
872 548 1117 605 conﬁteri
1151 548 1353 618 pariter
1379 554 1435 602 et
1459 546 1832 600 incunctanter
1857 558 2003 598 asse-

426 662 552 704 rere
576 643 769 700 ﬁdelis.
799 641 1028 697 Prorsus
1051 640 1296 710 quisquis
1323 639 1427 694 hoc
1456 645 1637 708 negat,
1664 651 1785 693 esse
1808 651 2004 708 cogno-

428 738 601 798 scitur
628 744 684 792 et
708 733 1046 791 convincitur
1070 731 1320 796 inﬁdelis,
1347 730 1544 800 quippe
1573 729 1664 799 qui
1693 744 1800 784 non
1834 728 2006 784 credit

353 875 358 882 .
428 829 534 902 ipsi
568 827 796 901 Domino
824 825 1059 882 dicenti:
1095 843 1113 875 ι
1145 823 1258 879 Nisi
1300 822 1751 888 manducaveritis
1786 836 2006 877 carnem

439 939 457 970 ι
487 906 910 982 Ὲίιίἰῖιοηιὶιιὶε,
958 923 1014 970 et
1057 913 1303 970 bibe-ritis
1343 911 1460 981 ejus
1499 911 1851 983 sanguinem,
1898 927 2008 966 non

441 1033 458 1064 ι
489 1009 758 1066 habebitis
785 1010 950 1063 vitam
978 1007 1032 1062 in
1057 1005 1206 1061 vobis
1231 1004 1416 1076 (Joan.
1438 1019 1514 1069 vt,
1539 1003 1630 1075 54)
1646 1020 1662 1069 ;
1691 1023 1709 1055 ι
1745 1011 1829 1058 et:
1861 1020 1880 1052 ι
1905 1000 2009 1069 Qui

441 1121 460 1154 ι
491 1102 780 1157 manducat
793 1113 1012 1154 carnem
1029 1111 1228 1161 meam,
1243 1103 1298 1151 et
1316 1094 1453 1150 bibit
1473 1094 1788 1164 sanguinem
1806 1107 2010 1158 meum,

439 1213 458 1245 ι
492 1194 548 1247 in
586 1208 676 1248 me
712 1199 927 1257 manet,
955 1197 1009 1244 et
1033 1204 1133 1260 ego
1159 1188 1214 1242 in
1243 1202 1308 1243 eo
1331 1185 1496 1258 (Ibid.
1521 1203 1652 1240 vers.
1679 1185 1808 1256 57);
1845 1203 1864 1236 ›
1914 1195 2006 1238 et:

442 1301 460 1332 ι
492 1280 630 1336 Caro
658 1295 778 1335 mea
801 1292 928 1334 vere
955 1285 1038 1333 est
1064 1277 1240 1343 cibus,
1269 1285 1323 1331 et
1351 1276 1570 1346 sanguis
1599 1291 1754 1330 meus
1779 1289 1905 1330 vere
1931 1281 2017 1330 est

444 1388 463 1422 ι
495 1379 652 1441 potus
692 1368 855 1440 (Ibid.
903 1385 1035 1423 vers.
1082 1366 1194 1438 56).
1226 1386 1244 1418 ι
1301 1366 1458 1433 Quod
1505 1365 1780 1437 explicans
1824 1365 2016 1421 beatus

440 1462 770 1534 Augustinus
810 1461 922 1516 ait:
955 1478 974 1511 ι
1004 1459 1144 1529 Ergo
1193 1458 1239 1516 si
1283 1473 1412 1514 vere
1455 1467 1538 1514 est
1565 1458 1744 1524 cibus,
1792 1466 1847 1513 et
1887 1473 2016 1513 vera

441 1569 570 1609 caro
595 1572 608 1608 :
640 1560 695 1609 et
719 1552 766 1608 si
793 1567 919 1608 vere
951 1560 1034 1608 est
1059 1559 1246 1621 potus,
1287 1551 1473 1622 utique
1501 1558 1554 1606 et
1579 1566 1741 1606 verus
1766 1551 2017 1621 sanguis;

443 1643 709 1711 alioquin,
753 1641 1020 1712 quomodo
1055 1656 1245 1696 verum
1287 1641 1392 1695 erit
1430 1641 1573 1710 quod
1607 1639 1774 1694 dicit:
1806 1659 1823 1690 ι
1857 1638 2020 1694 Panis

450 1755 468 1786 ι
495 1748 656 1805 quem
685 1749 784 1804 ego
811 1733 972 1798 dabo,
1007 1748 1135 1788 caro
1178 1747 1296 1787 mea
1342 1740 1427 1786 est
1469 1746 1569 1800 pro
1608 1730 1791 1786 mundi
1817 1730 1960 1796 vita,
1993 1749 2011 1780 ι

2105 555 2161 602 et
2185 561 2346 601 verus
2373 559 2544 617 agnus
2572 543 2668 599 Dei
2698 543 2790 612 qui
2818 540 3059 611 quotidie
3082 555 3180 610 pro
3206 539 3318 594 vita
3348 540 3548 594 mundi
3587 556 3696 610 my-

2105 640 2240 696 stice
2288 637 2634 693 immolatur:
2689 636 2763 690 ita
2808 633 2999 705 procul
3045 632 3205 688 dubio
3251 646 3323 687 ex
3371 646 3520 702 pane
3569 647 3694 686 vera

2107 744 2254 794 caro,
2304 736 2360 784 et
2407 744 2475 784 ex
2505 721 2629 822 μηο
2675 740 2837 782 verus
2885 724 3104 796 sanguis
3132 722 3250 792 ejus
3279 711 3772 780 consecratione}.

2110 821 2344 892 Spiritus
2386 814 2560 875 sanc'ti
2599 817 2965 890 potentialiter
2991 824 3227 872 creatur.
3279 814 3424 882 Quia
3469 832 3694 880 revera,

2109 911 2560 983 quemadmodum
2588 917 2808 965 sanctus
2834 907 3166 980 Augustinus
3198 906 3493 961 verissime
3535 915 3700 960 testa-

2111 1012 2218 1068 tur,
2269 1001 2408 1056 sicut
2455 1001 2522 1056 de
2547 999 2770 1071 Virgine
2815 1013 2913 1068 per
2959 997 3220 1068 Spiritum
3269 1005 3528 1052 sanctum
3575 1012 3698 1051 vera

2112 1106 2238 1147 caro
2266 1091 2382 1146 sine
2424 1090 2569 1146 coitu
2603 1097 2840 1155 creatur,
2893 1089 2969 1143 ita
3011 1101 3112 1158 per
3155 1087 3412 1142 eumdem
3455 1101 3526 1140 ex
3573 1088 3700 1140 sub-

2112 1185 2310 1238 stantia
2339 1181 2496 1253 panis
2524 1197 2588 1237 ac
2612 1181 2724 1236 vini
2759 1180 2988 1251 mystice
3015 1179 3156 1233 idem
3182 1177 3388 1233 Christi
3419 1192 3623 1246 corpus
3651 1187 3702 1230 et

2114 1275 2334 1346 sanguis
2373 1283 2744 1331 consecratur.
2776 1291 2794 1324 ι
2849 1270 2978 1338 Quae
3016 1285 3139 1325 cum
3179 1269 3696 1325 certissime-omnia

2116 1370 2242 1435 sint,
2270 1383 2373 1424 nec
2397 1367 2539 1422 ullus
2567 1367 2694 1422 hinc
2719 1365 3058 1421 Christianus
3079 1363 3301 1418 Christo
3327 1363 3568 1417 credens
3595 1377 3704 1414 ani-

2116 1461 2300 1532 bigere
2327 1459 2526 1530 possit,
2563 1459 2708 1529 quod
2733 1465 2790 1512 et
2815 1457 2988 1528 ipsum
3015 1469 3136 1512 esse
3161 1469 3355 1510 verum
3377 1469 3518 1524 pars
3543 1454 3702 1509 etiam

2119 1552 2395 1624 gentilium
2423 1552 2543 1607 scit.
2596 1549 2731 1605 Nam
2760 1550 3028 1620 quondam
3076 1548 3133 1603 in
3177 1556 3329 1603 terra
3355 1545 3702 1617 Ἥρωι-πω

2121 1643 2338 1713 (“ﬁdam
2361 1641 2558 1696 n0bilis
2585 1650 2883 1710 potensque
2903 1653 3150 1710 paganus
3169 1638 3363 1694 bibere
3391 1652 3490 1691 me
3517 1637 3706 1706 suppli-

2121 1734 2256 1788 citer
2283 1731 2472 1803 petivit
2507 1732 2563 1786 in
2592 1730 2734 1786 illius
2761 1731 2866 1786 De'r
2903 1745 3086 1786 amore
3114 1729 3208 1798 qui
3235 1730 3306 1785 de
3333 1729 3470 1783 vino
3493 1729 3701 1798 sangui-

445 1830 550 1886 nisi
577 1844 708 1886 vera
754 1827 827 1884 sit
868 1827 1039 1883 caro?
1089 1825 1203 1882 Hoc
1250 1840 1380 1894 ergo
1422 1823 1663 1894 profecto
1707 1822 2016 1879 ﬁdelissime
2046 1820 2094 1884 B
2119 1838 2242 1879 nem
2272 1839 2430 1880 suum
2457 1822 2607 1878 facit.

445 1980 1119 2053 postea_Dictarcuj_usdam
1148 1979 1417 2053 §apientis
1455 1979 1536 2053 de-
1555 1995 1768 2047 corpore
1804 1989 1853 2033 et
1893 1997 2018 2053 san-

447 2047 603 2123 ῇιιὶηε
625 2049 837 2105 Domini
864 2047 1109 2106 adversus
1140 2047 1482 2123 Batbertuni;
1513 2047 1875 2123 fragmentum
1900 2050 2021 2123 item

448 2118 511 2176 de
537 2137 752 2191 corpore
779 2129 827 2174 et
857 2123 1108 2191 sanguine
1134 2119 1364 2191 Domini.
1417 2120 1511 2174 llis
1526 2118 1786 2191 _subjccta
1813 2129 1938 2191 sunt
1967 2119 2020 2173 in

449 2188 637 2247 eodem
665 2191 850 2246 codice
878 2188 1031 2244 Dicta
1066 2191 1243 2244 damni
1282 2190 1484 2243 abbatis
1519 2188 1760 2259 Herigeri
1799 2189 1862 2242 de
1893 2206 2020 2259 icor-

449 2278 572 2333 pore
615 2269 662 2314 et
705 2259 956 2333 sanguine
977 2259 1228 2333 Domini,
1252 2274 1397 2333 _cum
1436 2261 1539 2314 hoc
1576 2258 1837 2333 exordio;
1875 2258 2021 2313 Sicut

449 2327 571 2384 'ante
609 2347 704 2384 nos
740 2327 873 2384 diiit
899 2329 1113 2399 quidam
1139 2330 1374 2399 sapiens,
1409 2337 1538 2392 etc.,
1572 2329 1664 2399 qui
1693 2327 1905 2384 libellus
1940 2337 2026 2383 est

451 2401 551 2454 sub
584 2399 738 2454 titulo
767 2398 1032 2470 Anonymi
1066 2417 1095 2453 a
1125 2398 1350 2452 Cellotio
1372 2399 1570 2470 editus.
1623 2398 1778 2452 Prior
1813 2414 2022 2470 anony-

451 2485 604 2533 mus,
654 2484 812 2538 quem
839 2468 1202 2538 Acherianum
1236 2483 1402 2538 voco,
1453 2468 1516 2538 in,
1557 2483 1623 2522 eo
1672 2479 1921 2523 versatur
1962 2468 2026 2523 ut

450 2541 642 2610 probet
677 2553 881 2610 corpus
927 2537 1141 2592 Domini
1181 2537 1242 2610 _in
1289 2537 1630 2610 Eucharistia
1661 2538 1923 2608 egestioni
1969 2544 2024 2594 et

453 2607 787 2677 corruptioni
834 2621 1100 2678 noniesse
1145 2607 1456 2678 obnoxium.
1509 2607 1660 2678 Alter
1700 2607 2022 2678 anonymus,

452 2679 662 2733 scilicet
697 2685 898 2740 noster,
938 2677 1044 2730 duo
1079 2677 1309 2731 intendit
1342 2678 1601 2732 adversus
1628 2677 1979 2733 PaschaSium
2008 2696 2020 2731 :

455 2765 644 2813 unum,
675 2763 869 2818 corpus
897 2746 1312 2818 eucharisticum
1341 2761 1450 2802 non
1472 2763 1598 2818 esse
1633 2763 1854 2818 prorsus
1883 2748 2024 2803 idem

455 2834 614 2888 quam
642 2816 785 2887 quod
813 2825 995 2871 uatum
1037 2831 1103 2871 ex
1132 2816 1387 2888 Virgine:
1432 2816 1660 2872 alterum
1686 2859 1700 2881 ,
1749 2818 2024 2872 Christum

459 2887 566 2947 non
606 2889 764 2946 toties
797 2888 912 2960 pati
937 2929 950 2954 ,
1007 2887 1218 2959 quoties
1264 2888 1548 2946 missarum
1596 2888 1853 2946 solemnia
1882 2888 2024 2960 cele-

457 2965 703 3018 brantur.
752 2957 953 3032 Horum
981 2957 1207 3032 alterum
1237 2971 1437 3031 pugnat
1463 2962 1680 3032 quidem
1711 2970 1897 3017 contra
1925 2957 2026 3016 i'a‘

454 3033 764 3088 scbasium:
799 3031 1028 3086 alterum
1067 3031 1357 3086 Paschasio
1393 3031 1677 3102 perperam
1717 3032 2026 3102 impositum

455 3110 558 3167 est,
574 3103 651 3157 ιιιί
679 3103 920 3172 agnoscit
940 3102 1230 3172 Herigcrus
1252 3116 1346 3172 seu
1368 3118 1667 3172 anonymus
1699 3102 2026 3158 Cellotianus

2122 1990 2300 2060 natus,
2323 1978 2441 2061 ejus
2462 1977 2542 2061 rei
2567 1976 2903 2061 memoriam,
2951 1984 3138 2061 utpote
3158 1976 3284 2061 iam
3300 1975 3703 2061 oblitteratam.

2123 2069 2152 2105 a
2181 2045 2479 2118 majoribus
2504 2048 2647 2102 haud
2677 2047 2903 2116 accepit.
2955 2045 3119 2116 Atqui
3150 2045 3291 2100 vixit
3325 2055 3464 2100 ante
3494 2045 3704 2116 Herige-

2123 2117 2276 2186 rum,
2315 2119 2416 2190 qui
2436 2117 2553 2190 ejus
2581 2118 2870 2190 scriptiorie
2894 2132 3022 2190 usus
3050 2127 3162 2190 est,
3210 2133 3314 2172 nec
3349 2126 3474 2171 toto
3509 2119 3704 2190 sesqui-

2123 2185 2544 2246 saeculo'abfuit
2594 2203 2624 2242 a
2675 2185 2985 2241 Paschasio.
3051 2187 3202 2242 Nova
3249 2202 3389 2257 ergo
3440 2196 3504 2241 et
3551 2185 3704 2240 inusi-

2124 2269 2232 2316 tata
2279 2259 2355 2314 illi
2417 2272 2688 2325 anonymo
2741 2257 2855 2310 haec
2906 2257 3184 2312 contentio
3229 2257 3353 2311 visa
3401 2267 3494 2310 est
3521 2297 3539 2320 ,
3593 2272 3702 2325 pro-

2124 2342 2306 2402 pterea
2366 2329 2531 2402 quod_
2565 2326 2868 2402 Pa_scb_asio_
2905 2341 3155 2402 compar,
3187 2341 3354 2402 “eam
3408 2326 3598 2380 hausit
3651 2327 3706 2379 ab

2123 2396 2241 2470 ipso
2261 2396 2478 2454 auctore
2498 2396 2810 2470 Pascliasio.
2837 2397 3378 2470 Deniquescribebat
3397 2411 3704 2470 anonymus

2125 2466 2308 2526 noster
2333 2479 2468 2534 tum,
2493 2484 2617 2522 cum
2646 2467 2862 2537 Bulgari
2882 2467 3040 2537 (quos
3067 2466 3294 2522 Nicolao
3321 2467 3514 2536 primo
3541 2468 3705 2537 ponti-

2125 2542 2226 2597 ﬁce
2252 2541 2318 2595 ad
2341 2539 2499 2593 ﬁdem
2524 2538 2817 2594 accessisse
2839 2537 3071 2606 constat)
3089 2537 3268 2608 adhuc
3287 2554 3422 2608 pars
3447 2538 3705 2605 gentilium

2128 2621 2285 2666 erant
2315 2650 2329 2674 ,
2389 2608 2440 2663 id
2497 2616 2582 2662 est
2634 2622 2964 2677 paganorum
3019 2607 3304 2662 erroribus
3364 2609 3703 2662 tenebantur.

2128 2625 2285 2666 erant
2315 2650 2329 2674 ,
2389 2625 2440 2663 tu
2497 2625 2582 2662 εει
2634 2625 2964 2732 paganorum
3019 2625 3304 2662 erroribus
3364 2625 3703 2662 tenebantur.

2127 2681 2332 2751 Quippe
2359 2677 2677 2751 catholicam
2739 2691 2769 2731 e
2796 2676 3137 2751 Eucharistia
3167 2678 3336 2731 ﬁdem
3363 2677 3706 2751 probaturus,

2128 2746 2204 2806 ait
2232 2746 2352 2804 eam
2394 2750 2467 2803 ita
2495 2749 2667 2803 cuivis
2691 2763 2810 2803 esse
2835 2746 3208 2808 manifestam.
3252 2755 3314 2801 ut
3347 2767 3366 2798 ι
3397 2762 3532 2816 pars
3560 2748 3707 2801 etiam

2128 2820 2408 2904 gentilium
2425 2819 2590 2904 sciat.
2625 2818 2760 2904 Nam
2785 2816 3138 2904 quo‘ndami'in
3170 2826 3321 2904 terra
3347 2817 3708 2904 Wigarorum.

2128 2887 2322 2961 inquit,
2350 2889 3109 2961 quidaminobilispotensque
3137 2903 3392 2958 paganus
3419 2887 3608 2961 bibere
3633 2907 3712 2943 me

2129 2905 2322 2961 inquit,
2350 2905 2566 2959 quidam
2591 2905 2787 2944 DODlllS
2811 2905 3109 3012 Potensque
3137 2905 3392 2958 paganus
3421 2905 3608 2943 DIDCPE
3633 2907 3712 2943 me

2129 2961 2444 3036 suppliciter
2471 2959 2760 3036 petivit_iu_
2789 2959 2805 3012 i
2833 2959 2933 3036 lius
2962 2959 3056 3036 Dei
3087 2973 3314 3036 amore.
3359 2960 3458 3031 qui
3501 2962 3568 3014 de
3601 2962 3712 3012 vino

2129 3027 2444 3104 sanguinem
2472 3027 2630 3088 suum
2657 3028 2806 3088 facit.
2843 3053 2860 3083 ι
2896 3027 3048 3104 Quod
3076 3046 3209 3086 sane
3241 3032 3299 3104 in
3332 3027 3710 3104 argumentum

2130 3102 2270 3180 trahi
2303 3121 2410 3180 non
2438 3113 2653 3174 posset,
2701 3104 2745 3158 si
2791 3103 3001 3158 caeteris
3029 3103 3313 3180 conversis
3347 3118 3499 3156 unus
3537 3102 3714 3180 aliquis

457 3173 510 3227 in
539 3189 658 3246 cap,
689 3171 832 3246 (ibis
857 3171 1090 3246 verbis:
1111 3171 1314 3246 «_Quod
1342 3171 1524 3246 autem
1551 3174 1744 3246 iterum
1769 3172 2029 3246 objiciunt
2053 3175 2100 3238 C
2131 3177 2185 3230 id
2219 3171 2471 3230 rescisset
2508 3182 2912 3246 paganus_p_ost
2943 3172 3398 3246 praedicationem
3439 3172 3716 3246 mysterio-

457 3241 815 3322 cumjiixisse
839 3244 997 3298 toties
1017 3241 1298 3322 Christum
1332 3243 1473 3312 pati,
1516 3243 2030 3322 quoties_c_ontingat

458 3313 699 3382 quotidie
727 3313 929 3383 ubique
956 3312 1215 3383 celebrari
1230 3325 1394 3383 _,_ego
1439 3311 1587 3383 certe
1634 3311 1688 3364 in
1735 3312 1874 3368 libro
1913 3311 2030 3380 ejus

460 3381 582 3452 non;
595 3382 793 3452 reperi,
826 3381 858 3435 ί
875 3390 981 3437 etc.
1021 3381 1129 3436 Nec
1156 3381 1375 3452 dubium
1405 3382 1534 3450 quin
1566 3381 1705 3435 hanc
1731 3385 2030 3438 accusatio-

461 3401 529 3437 no
595 3401 793 3452 reperi,
826 3402 845 3435 ι
875 3401 981 3437 etc.
1021 3401 1129 3436 nec
1156 3401 1375 3435 uunium
1405 3401 1534 3450 qlﬂn
1566 3401 1705 3435 nanc
1731 3401 2029 3438 accusatio-

461 3401 586 3507 neih
610 3451 901 3520 Herigerus
927 3452 1135 3520 rejiciat
1163 3451 1215 3503 in
1243 3465 1570 3520 anonymum
1609 3459 1876 3518 nostrum,
1903 3468 2029 3507 nam

461 3467 585 3507 nem
612 3467 901 3572 nengerus
927 3467 1135 3520 repetat
1163 3467 1215 3503 in
1243 3467 1570 3572 anonrmum
1609 3467 1876 3518 nosuum,
1903 3468 2029 3507 nam

461 3523 596 3577 nihil
628 3522 748 3574 simi
772 3536 802 3574 e
832 3521 972 3590 apud
999 3520 1356 3590 Batramuum
1405 3535 1562 3590 egere
1589 3522 1828 3575 memini.
1869 3523 2030 3578 Certe

465 3595 607 3647 hunc
642 3589 965 3660 anonymum
992 3590 1198 3660 viderat
1229 3589 1537 3660 Herigerus,
1565 3591 1657 3659 qui
1685 3603 1752 3645 ex
1776 3606 1840 3646 eo
1865 3593 2029 3648 verba

463 3677 568 3717 non
597 3675 763 3731 pauca
788 3659 843 3716 et
867 3659 1164 3715 sententias
1183 3659 1392 3728 aliquas
1411 3661 1690 3717 transtulit
1713 3661 1768 3714 in
1792 3662 2030 3718 libellum

461 3747 638 3787 suum.

535 3803 672 3857 llinc
716 3801 872 3856 facile
905 3801 1149 3872 adducor
1185 3810 1245 3856 ut
1285 3810 1560 3872 sequentis
1605 3816 1856 3872 anonymi
1899 3805 2032 3858 scri-

461 3874 836 3944 ptionemﬂnou
868 3871 1029 3926 aliam
1053 3887 1184 3944 esse
1217 3871 1399 3944 putem
1425 3887 1587 3944 quam
1612 3871 1893 3944 epistolam
1920 3873 2031 3928 lla-

461 3942 586 4014 bani
612 3945 679 3998 ad
703 3943 921 4014 Egilem
932 3957 1028 3999 seu
1045 3942 1330 4014 Egilonem
1353 3942 1726 4014 Prumiensem
1761 3943 2029 4012 abbatem,

464 4013 615 4094 cujus
647 4014 702 4068 in
735 4011 961 4094 epistola
990 4013 1057 4067 ad
1091 4011 1437 4094 llcribaldum
1467 4012 1725 4094 [tabanus
1766 4014 1888 4094 ipse
1921 4029 2032 4094 me:

464 4085 621 4139 minit
645 4102 658 4136 :
699 4083 794 4137 ubi
828 4098 1059 4152 arguens
1085 4097 1181 4138 eos
1205 4083 1297 4152 qui
1327 4083 1575 4137 dixerant
1608 4098 1804 4153 corpus
1831 4083 2031 4140 Christi

465 4153 880 4210 eucharisticum
927 4155 1029 4208 hoc
1071 4153 1256 4223 ipsum,
1285 4167 1404 4223 esse
1443 4153 1586 4223 quod
1624 4163 1810 4206 natum
1849 4163 1931 4208 est
1967 4170 2034 4210 ex

469 4225 638 4278 Maria
665 4223 896 4293 virgine,
924 4223 1136 4278 subdit:
1169 4241 1188 4273 ι
1218 4222 1315 4277 Cui
1343 4222 1540 4288 errori,
1569 4231 1830 4293 quantum
1856 4226 2034 4293 potui-

466 4311 608 4360 mus,
632 4294 696 4348 ad
725 4293 934 4365 Egilum
961 4293 1208 4365 abbatem
1235 4293 1553 4365 scribentes,
1576 4293 1643 4348 de
1663 4308 1903 4365 co_rpore_
1919 4294 2034 4365 ipso

411 4382 414 4386 '
467 4366 596 4436 quid
634 4377 765 4436 vere
783 4363 1113 4418 credendum
1144 4363 1244 4427 sit,
1278 4363 1607 4436 aperuimus.
1641 4382 1659 4414 ι
1714 4363 1781 4416 Et
1817 4363 2034 4436 quidem

467 4432 596 4491 illud
624 4433 858 4488 maxime
884 4448 973 4488 me
1001 4441 1211 4498 movet,
1251 4433 1396 4501 quod
1425 4432 1732 4503 llerigerus,
1765 4433 1851 4488 cui
1899 4449 2032 4488 ano-

465 4521 686 4577 nymum
715 4513 960 4577 nostrum
989 4520 1094 4577 nou
1126 4503 1612 4577 incognitum_esse_
1632 4503 1741 4577 diui
1762 4544 1776 4567 ,
1817 4505 1918 4577 hac
1965 4505 2032 4558 de

467 4572 1033 4646 qumstioueiloquens,
1062 4573 1195 4629 duos
1229 4572 1434 4646 tantum
1462 4572 1751 4628 Paschasio
1781 4574 2030 4628 adversa-

2134 3262 2252 3301 rum
2289 3242 2605 3316 nostrorum
2641 3242 3108 3316 apudBuigaros:
3147 3242 3250 3316 qui
3281 3242 3714 3316 p‘ai'sngeutililrs

2132 3332 2240 3372 non
2269 3326 2415 3371 recte
2439 3311 2768 3378 dicerentur,
2805 3311 3124 3368 nisi‘omnes
3151 3313 3205 3365 in
3237 3311 3550 3366 inﬁdelium
3581 3321 3712 3365 tene~

2132 3387 2245 3442 bris
2291 3396 2404 3441 tum
2447 3393 2906 3455 perseverassent.
2958 3384 3136 3455 Porro
3163 3383 3316 3455 _hzee
3339 3381 3535 3455 omnia
3581 3393 3714 3455 recte

2133 3452 2465 3512 conveniunt
2479 3456 2534 3509 in
2555 3455 2766 3510 Rabani
2791 3462 3023 3518 aetatem,
3048 3453 3140 3522 qui
3163 3452 3453 3508 Paschasii
3475 3453 3714 3521 aqualis.

2133 3528 2350 3582 biennio
2378 3526 2612 3582 decessit
2640 3533 2764 3580 ante
2791 3523 2993 3579 Nicolai
3026 3523 3185 3592 primi
3215 3523 3630 3592 pontiﬁcatum,
3653 3523 3714 3574 ad

2171 3613 2292 3652 nem
2340 3596 2692 3653 Bulgarorum
2743 3595 3149 3650 conversionem
3195 3593 3553 3649 referendam
3603 3607 3716 3646 esse

2173 3669 2388 3738 isimus.
2422 3662 2539 3721 Non
2566 3681 2695 3738 ergo
2717 3664 3153 3738 temerecenseri
3180 3672 3368 3734 potest
3385 3662 3567 3738 hujus
3594 3664 3718 3738 scri-

2131 3737 2422 3807 ptiuncula:
2453 3733 2659 3792 auctor'.
2689 3735 2868 3807 Quod
2898 3737 2943 3807 si
2962 3733 3198 3807 _ita_est,
3220 3751 3333 3807 non
3366 3734 3566 3789 dubito
3596 3733 3715 3807 quiti

2134 3801 2248 3876 ipsa
2279 3808 2350 3863 sit
2379 3807 2586 3861 Rabani
2616 3801 2840 3876 epistola
2867 3806 2935 3860 ad
2960 3804 3162 3876 Egilem
3192 3806 3480 3876 abbatem,
3507 3801 3630 3876 quas:
3649 3801 3716 3876 ad

2134 3873 2232 3932 nos
2275 3878 2586 3948 pervenerit
2618 3873 2925 3948 vulgaribus
2953 3875 3302 3948 epistolarum
3322 3873 3600 3948 formulis
3630 3875 3714 3948 de—

2135 3943 2354 4013 stituta,
2399 3948 2477 4002 uti
2515 3943 3382 4016 contigitHerigeriuscriptioni,_
3418 3959 3590 4016 quam
3619 3943 3716 4016 ϐεξτ

2133 4019 2326 4072 rardus
2357 4017 2522 4073 abbas
2560 4017 2616 4072 in
2653 4013 2874 4086 prologo
2910 4013 3182 4086 adVitani
3209 4014 3390 4069 sancti
3416 4013 3712 4086 _Adalhardi

2134 4087 2408 4159 epistolam
2441 4083 2689 4159 appellat.
2741 4083 2928 4159 _Neque
2959 4085 3085 4159 illud
3119 4093 3276 4140 extra
3305 4083 3712 4159 conjectugam,

2137 4153 2278 4227 quod
2303 4153 2553 4228 anonyini
2586 4157 2770 4228 nostri,
2791 4153 3098 4228 lucubratio
3119 4169 3230 4228 non
3257 4154 3440 4209 solum
3477 4155 3529 4228 iri
3559 4153 3714 4208 Gem-

2133 4223 2369 4284 lilacensi
2393 4223 2580 4282 codice
2604 4227 2890 4296 reperitur,
2915 4225 3006 4280 sed
3031 4226 3188 4296 etiam
3213 4223 3297 4295 (ut
3321 4239 3391 4279 ex
3417 4224 3716 4296 arnieornm

2139 4298 2313 4352 relatu
2343 4296 2603 4421 intellexi}
2631 4294 2685 4351 in
2715 4299 3060 4352 membraneo
3090 4294 3232 4349 libro
3255 4295 3500 4350 casnobii
3533 4294 3714 4347 Sancti

2139 4367 2390 4421 Hucberti
2417 4368 2474 4421 in
2489 4367 2565 4420 Ar
2603 4380 2804 4421 uenna:
2829 4368 2920 4421 oui
2943 4366 3091 4420 locus
3115 4380 3220 4419 non
3246 4365 3324 4420 ita
3346 4365 3545 4421 procul
3567 4367 3714 4418 abest

2136 4367 2390 4422 Hucberti
2417 4368 2474 4422 in
2489 4365 2804 4421 Arduenna:
2829 4368 2920 4436 qui
2943 4366 3091 4420 locus
3115 4380 3220 4436 non
3246 4365 3324 4420 ita
3346 4365 3545 4436 procul
3567 4367 3716 4436 abest

2137 4454 2166 4490 a
2198 4438 2532 4493 monasterio
2557 4435 2882 4501 Prumiensi,
2912 4437 2998 4491 cui
3031 4435 3242 4506 praefuit
3269 4436 3388 4506 Egil
3423 4435 3620 4506 abbas,
3653 4435 3717 4487 ad

2138 4523 2294 4578 quem
2335 4507 2588 4578 Rabanus
2624 4506 2901 4578 epistolam
2941 4504 3192 4578 scripsiu
3228 4504 3355 4578 limi;
3392 4504 3578 4578 _aﬂ'ero
3625 4519 3718 4578 pro

2134 4575 2493 4648 conjecturis,
2538 4575 2672 4647 quas
2715 4577 3047 4632 eruditorum
3085 4575 3290 4646 judicio
3335 4575 3534 4630 lubens
3586 4575 3714 4629 sub-

469 4641 618 4719 fiesg
674 4641 878 4719 scilicet
921 4643 1202 4699 Rabanum
1246 4641 1742 4719 ct_Rat_ramnuin,
1795 4652 2032 4714 opponat
2125 4641 2274 4719 jicio.

466 4715 793 4772 Paschasio:
827 4734 845 4765 ‹
874 4722 1060 4769 contra
1089 4729 1282 4784 quem,
1323 4714 1524 4784 inquit,
1557 4713 1699 4784 satis
1738 4713 2028 4784 argumen-

468 4794 654 4840 tantur
682 4785 935 4840 Rabanus
983 4784 1036 4838 in
1083 4783 1308 4854 epistola
1357 4785 1424 4837 ad
1452 4783 1727 4852 Egiloneui
1757 4783 2027 4849 abbatem,

465 4865 524 4913 et
557 4857 880 4909 Ratramnus
922 4855 1138 4924 quidam
1181 4854 1316 4908 libro
1345 4854 1642 4923 composito
1687 4855 1755 4907 ad
1783 4854 2032 4909 Carolum

471 4940 676 4997 regem.
720 4943 737 4974 ι
792 4924 926 4997 Cum
975 4926 1118 4997 enim
1173 4933 1792 4997 anonymum_nostrum
1843 4925 2036 4996 legerit

469 4993 779 5066 He'rigerus,
827 4995 928 5050 hac
974 4995 1026 5049 in
1072 5010 1130 5048 re
1174 4993 1462 5050 Paschasio
1504 4994 1626 5066 data
1672 5009 1834 5063 opera
1880 4993 2036 5066 repu-

508 5064 754 5129 nan'tem;
793 5080 917 5119 eum
944 5075 1090 5120 certe
1128 5080 1234 5119 non
1275 5064 1735 5134 praetermissurus
1760 5076 1902 5120 esset
1935 5064 2038 5122 hoc

493 5134 611 5203 nco,
634 5137 678 5192 si
701 5136 838 5192 alius
862 5151 893 5188 a
913 5134 1136 5190 Rabano
1159 5145 1215 5190 et
1238 5136 1534 5190 Ratramno
1558 5134 1765 5191 fuisset.
1795 5135 1878 5189 Ad
1901 5138 2035 5199 haec,

475 5208 725 5278 anonymi
770 5205 1112 5278 nostri_a:tas
1155 5207 1394 5277 apprime
1435 5207 1686 5261 convenit
1717 5222 1839 5261 cum
1882 5217 2041 5262 aetate

476 5275 702 5332 ﬂabunii.
760 5275 1044 5348 Scribebat].
1076 5275 1272 5348 quippe
1311 5286 1499 5332 auctor
1541 5293 1606 5332 eo
1651 5285 1888 5348 tempore
1933 5293 2040 5348 quo

475 5348 852 5418 controversia
865 5347 939 5418 de
969 5345 1163 5418 triplici
1192 5362 1414 5418 corpore
1442 5363 1577 5402 nova
1607 5357 1742 5402 erat.
1763 5345 1766 5346 ⁷
1788 5347 1920 5402 Nam
1950 5345 2039 5402 re-

474 5418 584 5473 lata
604 5417 880 5474 Paschasii
900 5417 964 5488 de
984 5416 1142 5470 unico
1160 5416 1384 5488 corpore
1404 5419 1669 5473 sententia
1697 5419 1809 5473 haec
1830 5418 2040 5474 subdit:

482 5509 499 5540 ι
533 5489 678 5544 Istud
716 5488 875 5559 plane
903 5486 1078 5559 fateor
1107 5486 1380 5556 nunquam
1408 5505 1492 5543 me
1518 5489 1666 5558 prius
1695 5489 1929 5554 audisse,
1961 5491 2043 5543 vi—

476 5560 639 5630 disse,
666 5557 876 5630 legisse.
901 5577 918 5610 ι
954 5557 1079 5612 Haec
1099 5572 1228 5630 vero
1250 5559 1364 5612 sive
1391 5557 1618 5630 novitas,
1643 5559 1755 5630 sive
1777 5559 2044 5630 ignoratio

479 5630 532 5708 in
560 5629 708 5708 illum
720 5629 1009 5708 _auctoreiu
1037 5629 1230 5708 cadere
1254 5643 1358 5682 non
1387 5629 1708 5708 potuitinisi
1732 5629 1820 5683 vel
1843 5631 1966 5708 quia
1998 5631 2044 5708 is

477 5699 771 5754 Paschasio
804 5700 1025 5768 aequalis
1069 5700 1298 5767 primam
1349 5699 1478 5768 vidit
1533 5699 1686 5753 istius
1731 5699 2041 5768 quaestionis

481 5769 772 5836 originem:
795 5766 886 5824 vel
901 5770 1022 5838 quia
1045 5766 1268 5838 longiori
1289 5777 1412 5837 post
1430 5766 2042 5844 Paschasiumtempore

2204 4719 2468 4774 Caeterum
2495 4718 2638 4787 quod
2668 4727 2856 4774 auctor
2883 4719 2984 4775 iste
3012 4718 3199 4789 objicit
3227 4717 3529 4789 Paschasio
3555 4717 3716 4786 quasi

2138 4789 2359 4854 dixerit,
2391 4789 2666 4844 Christum
2697 4790 2859 4845 toties
2883 4790 2994 4860 pati
3049 4788 3259 4858 quoties
3285 4788 3560 4860 contingit
3591 4789 3718 4840 mis-

2135 4877 2314 4916 sarum
2343 4860 2605 4914 solemnia
2632 4858 2915 4923 celebrari,
2944 4858 2996 4912 id
3020 4872 3104 4914 est
3127 4859 3481 4927 consequenti
3508 4867 3714 4910 tantum

2136 4933 2254 4986 sine
2281 4930 2463 4994 dubio,
2492 4946 2598 4985 non
2627 4946 2694 4984 ex
2724 4930 2938 4984 disertis
2963 4930 3140 4984 verbis
3166 4929 3402 4983 deducit.
3445 4927 3542 4982 Sic
3569 4929 3714 4981 enim

2139 5001 2432 5064 invidiose,
2477 5008 2534 5054 ut
2575 5000 2897 5070 Paschasius
2933 5002 3046 5070 ipse
3081 5000 3174 5053 lib.
3191 5015 3280 5070 iam
3311 5000 3368 5052 in
3397 4997 3712 5070 Manlianum

2140 5072 2506 5140 conqueritur,
2549 5071 2688 5125 dicta
2731 5068 2849 5138 ejus
2895 5068 3402 5140 interpretabantur
3429 5068 3714 5140 norinulli,

2141 5137 2295 5212 quasi
2325 5142 2376 5195 in
2403 5141 2537 5212 libro
2560 5141 2624 5212 de
2646 5137 2871 5212 corpore
2897 5150 2951 5194 ct
2970 5137 3227 5209 sanguine
3244 5138 3491 5212 Domini,
3517 5137 3712 5212 Christi

2147 5208 2176 5262 ἱ
2197 5211 2356 5266 dictis
2381 5211 2500 5280 plus
2523 5211 2758 5265 tribuere
2783 5210 3031 5274 voluerit,
3053 5208 3212 5279 quam
3241 5210 3357 5280 ipsa
3387 5208 3710 5280 repmmitli!

2143 5278 2399 5336 Veritas:
2438 5282 2690 5342 timentes
2719 5280 2888 5345 forte,
2928 5278 3129 5350 inquit,
3167 5278 3310 5349 quod
3341 5278 3466 5350 ipsi
3495 5289 3624 5350 tunc
3657 5278 3715 5328 ti-

2144 5360 2414 5416 muerunt,
2444 5352 2637 5422 quibus
2660 5349 3108 5422 loquebatur,’ne
3121 5359 3304 5422 partes
3319 5349 3516 5422 facere
3539 5349 3714 5402 volne-

2145 5423 2280 5485 rim,
2321 5430 2375 5475 et
2411 5421 2526 5492 ejus
2557 5437 2651 5492 per
2686 5421 2926 5492 singulos
2957 5421 3193 5492 membra
3225 5421 3474 5492 dividere
3503 5423 3712 5492 concisa

2146 5492 2228 5545 vel
2257 5489 2573 5562 dispertita,
2596 5513 2614 5545 ι
2646 5499 2750 5548 etc.
2779 5489 2882 5547 'Ad
2910 5491 3157 5548 eumdem
3186 5491 3408 5546 modum
3435 5489 3712 5562 Paschasii

2144 5557 2437 5617 adversarii
2463 5579 2524 5616 ex
2551 5557 2668 5630 ejus
2694 5565 2956 5618 sententia
2983 5563 3048 5617 de
3075 5577 3182 5616 uno
3207 5571 3264 5616 et
3292 5563 3485 5617 eodem
3517 5557 3712 5630 Christi

2144 5634 2198 5704 in
2245 5629 2590 5688 Eucharistia’
2626 5649 2850 5704 corpore
2895 5633 3227 5696 inferebant,
3281 5633 3401 5704 fore
3451 5641 3514 5684 ut
3561 5629 3714 5682 toties

2143 5703 2393 5828 ﬁltristus
2446 5703 2736 5775 pateretur
2775 5704 2986 5773 quoties
3047 5705 3224 5759 missa:
3283 5703 3708 5759 celebrarentur.

2197 5790 2368 5828 sum.

2197 5790 2368 5830 ABILL.
