3938 6334
195 378 322 435 1515

1614 357 1989 414 ΕΡΙΕΤΟΙΛΕ.

3283 355 3415 411 15H

246 494 303 547 2.
343 488 474 546 Illud
511 487 565 543 in
607 487 709 542 hoc
745 485 884 541 libro
911 495 935 525 ι
961 482 1093 537 mihi
1136 478 1287 551 prius
1327 476 1538 548 penitus
1573 475 1746 529 fateor
1774 476 1824 535 Α
1850 456 2054 538 oratur,
2083 472 2224 541 quod
2254 487 2283 525 a
2311 471 2589 526 sacerdote
2617 471 2957 540 postmodum
2987 472 3096 527 Deo
3122 470 3266 525 Patri
3297 485 3422 540 sup-

193 581 478 638 inauditum
530 577 755 647 reperiri
803 576 905 632 sub
953 573 1168 628 nomine
1219 569 1391 624 sancti
1440 565 1747 630 Ambrosii,

193 675 324 746 quod
350 688 456 728 non
488 673 558 727 sit
591 671 704 726 haec
740 670 843 723 alia
873 682 1001 722 caro
1027 665 1256 727 Christi,
1287 675 1450 732 quam
1481 673 1599 729 qum
1625 665 1749 710 nata

192 776 268 822 est
296 767 360 820 de
389 764 585 827 Maria,
635 771 689 816 et
728 776 888 832 passa
934 761 986 813 in
1023 772 1218 821 cruce,
1265 761 1321 809 et
1361 749 1657 807 resurrexit
1686 748 1751 802 de

193 854 448 924 sepulcro.
483 871 501 902 ε
534 850 677 915 Haec,
711 850 902 918 inquit,
936 849 1052 917 ipsa
1075 853 1178 908 est,
1213 853 1266 898 et
1294 843 1414 898 ideo
1441 838 1640 895 Christi
1669 845 1753 892 est

190 961 330 1010 caro,
379 959 498 1013 qua:
541 958 638 1012 pro
686 941 868 994 mundi
897 939 1004 992 vita
1046 938 1223 991 adhuc
1257 933 1415 988 hodie
1448 931 1689 1010 offertur.
1727 947 1744 980 ι

191 1038 297 1091 Hoc
317 1037 368 1090 in
389 1033 621 1104 capitulo
639 1033 871 1102 positum
891 1038 974 1084 est
989 1027 1227 1084 secundo
1242 1025 1411 1097 (Edit.
1429 1041 1544 1094 cap.
1563 1023 1586 1075 l
1608 1031 1655 1075 et
1672 1021 1748 1090 4).

191 1127 444 1185 Similiter
469 1125 664 1180 dicitur
698 1131 754 1178 et
786 1122 841 1176 in
867 1130 1100 1176 octavo:
1134 1139 1152 1170 ‹
1187 1116 1324 1172 Vere
1355 1115 1534 1180 crede,
1565 1122 1622 1168 et
1650 1114 1752 1167 hoc

187 1221 325 1291 quod
369 1216 653 1274 conﬁcitur
698 1216 753 1269 in
797 1215 965 1269 verbo
991 1211 1193 1267 Christi
1224 1225 1320 1280 per
1347 1208 1604 1278 Spiritum
1632 1220 1753 1260 san-

188 1318 359 1374 ctum,
403 1323 600 1376 corpus
641 1306 810 1376 ipsius
836 1319 954 1359 esse
985 1298 1052 1359 cx
1083 1302 1322 1372 Virgine.
1356 1320 1372 1351 ι
1423 1299 1570 1354 Istud
1600 1297 1754 1367 plane

186 1402 354 1458 fateor
381 1415 655 1470 nunquam
695 1414 782 1452 me
813 1397 966 1467 prius
1007 1395 1245 1458 audisse,
1275 1393 1495 1456 vidisse,
1524 1389 1751 1459 legisse;

185 1493 515 1562 multumque
544 1491 772 1545 miratus
817 1503 938 1542 sum
982 1488 1086 1541 hoc
1133 1491 1381 1540 sanctum
1411 1481 1756 1536 Ambrosium

188 1583 382 1638 dixisse
407 1600 419 1634 :
452 1590 505 1636 et
532 1581 748 1649 insuper
775 1579 938 1633 etiam
979 1577 1148 1630 multo
1174 1574 1346 1645 magis
1375 1574 1545 1626 miror
1573 1578 1756 1625 aucto-

187 1689 298 1729 rem
347 1670 507 1739 hujus
554 1665 1062 1726 voluminisbistud
1112 1665 1186 1719 ibi
1234 1665 1496 1735 posuisse.
1551 1660 1757 1728 Quippe

186 1779 305 1819 cum
332 1763 386 1816 in
413 1762 638 1832 septimo
654 1759 893 1829 capitulo
917 1759 1108 1814 beatus
1127 1755 1458 1825 Augustinus
1483 1753 1756 1822 aliquanto

1850 566 2062 637 pliciter
2090 565 2351 621 offertur:
2389 574 2445 621 et
2477 566 2619 620 aliud
2659 567 2950 636 specialiter
2978 580 3173 636 corpus
3196 565 3420 631 Christi,

1851 658 1994 728 quod
2029 667 2210 711 natum
2255 665 2337 712 est
2375 656 2441 710 de
2483 656 2646 710 Maria
2686 657 2930 726 virgine,
2987 657 3038 710 in
3088 656 3232 726 quod
3276 656 3422 710 istud

1853 749 2174 804 transfertur
2198 768 2210 802 :
2252 757 2306 803 et
2334 748 2476 802 aliud
2507 748 2798 817 specialiter
2823 763 3018 817 corpus
3045 747 3271 812 Christi,
3300 762 3423 802 san-

1854 849 1993 896 ctam
2021 840 2230 895 scilicet
2269 839 2562 894 Ecclesiam
2581 878 2595 902 ,
2633 837 2727 906 qui
2757 853 2951 907 corpus
2981 835 3181 891 Christi
3214 849 3419 900 sumus,

1853 930 1980 984 dum
2028 929 2094 982 ab
2144 929 2259 997 ipso
2302 941 2513 981 summo
2557 925 2773 980 Christo
2821 924 3074 994 pontifice
3118 925 3425 995 porrigente

1855 1021 2110 1078 tribuitur
2152 1028 2206 1073 et
2251 1017 2546 1075 confertur.
2601 1016 2754 1083 Quod
2805 1031 2991 1070 revera
3043 1017 3174 1070 satis
3219 1015 3423 1085 liquido

1852 1113 2132 1186 patefecit,
2161 1127 2283 1167 cum
2315 1113 2382 1165 de
2406 1111 2522 1180 ipso
2551 1110 2640 1178 pio
2670 1108 2922 1178 pontiﬁce
2946 1117 3132 1164 nostro
3161 1109 3324 1172 dicit,
3366 1115 3428 1164 ut

1855 1221 1921 1259 ex
1954 1204 2070 1274 ipso
2116 1211 2170 1256 et
2211 1203 2278 1257 ab
2306 1202 2422 1270 ipso
2459 1215 2558 1254 nos
2596 1214 2792 1269 corpus
2817 1198 2962 1268 ejus,
3007 1213 3222 1254 carnem
3260 1197 3426 1266 illius,

1855 1293 1946 1348 illo
1975 1300 2222 1346 manente
2250 1291 2460 1361 integro
2487 1304 2780 1345 sumamus.
2819 1289 2972 1356 Quod
2998 1289 3127 1359 quid
3151 1297 3232 1344 est
3259 1289 3425 1355 aliud,
3505 1313 3510 1324 ·

1855 1401 2014 1455 quam
2049 1393 2108 1440 ut
2134 1400 2264 1450 nos,
2305 1385 2396 1454 qui
2431 1400 2615 1439 sumus
2643 1398 2838 1453 corpus
2866 1382 3105 1447 Christi,
3151 1397 3430 1438 sumamus

1855 1492 2052 1547 corpus
2077 1475 2314 1542 Christi,
2361 1475 2505 1545 quod
2549 1474 2708 1528 datur
2735 1473 2894 1528 nobis
2936 1475 3003 1528 ab
3043 1474 3159 1543 ipso
3187 1472 3428 1539 Christo,

1855 1581 1963 1621 non
1995 1567 2208 1622 aliunde
2238 1580 2401 1637 quam
2431 1581 2461 1620 a
2491 1566 2796 1634 semetipso,
2827 1565 2952 1634 quia
2990 1565 3311 1621 translatum
3347 1574 3435 1622 est

1857 1658 1910 1712 in
1941 1657 2139 1729 ipsum,
2165 1666 2226 1712 ut
2254 1657 2395 1726 quod
2424 1665 2509 1712 est
2537 1657 2591 1710 in
2623 1656 2758 1726 ipso,
2789 1657 2944 1711 nobis
2969 1655 3064 1726 qui
3093 1671 3160 1710 ex
3193 1657 3310 1727 ipso
3343 1673 3434 1713 su-

1855 1761 1999 1812 mus,
2021 1748 2175 1802 detur
2201 1748 2268 1801 ab
2298 1747 2434 1818 ipso,
2457 1746 2552 1802 sed
2577 1756 2758 1801 tamen
2787 1747 2998 1817 integro
3018 1755 3268 1802 manente
3296 1749 3434 1818 ipso,

184 1856 428 1926 superius
453 1855 636 1908 dicat:
671 1873 687 1904 ι
721 1853 855 1920 Quia
884 1850 1162 1906 Christum
1189 1849 1369 1904 vorari
1398 1848 1478 1903 fas
1505 1847 1754 1902 dentibus
1781 1833 1828 1892 Β
1855 1841 1980 1910 quia
1999 1840 2206 1895 scilicet
2225 1840 2493 1912 integrum
2515 1854 2710 1908 corpus
2727 1839 2928 1894 Christi
2949 1840 3017 1894 de
3040 1840 3205 1895 Maria
3225 1850 3434 1926 natum,

183 1963 290 2002 non
327 1956 408 2001 est
433 1987 447 2012 ,
494 1946 661 2001 voluit
705 1945 760 2000 in
805 1946 1062 2016 mysterio
1091 1944 1237 1997 hunc
1269 1955 1459 2011 panem
1489 1948 1543 1994 et
1571 1940 1756 1994 vinum

180 2055 308 2094 vere
333 2054 550 2094 carnem
582 2053 734 2093 suam
771 2046 826 2092 et
853 2035 1169 2107 sanguinem
1201 2033 1606 2088 consecratione
1637 2031 1759 2103 Spi-

181 2131 319 2184 ritus
353 2130 525 2183 sancti
554 2127 918 2199 potentialiter
951 2126 1158 2191 creari,
1206 2123 1438 2178 creando
1467 2137 1598 2176 vero
1625 2137 1760 2192 quo-

182 2218 313 2273 tidie
341 2233 438 2289 pro
471 2218 652 2272 mundi
680 2217 790 2271 vita
824 2216 1054 2286 mystice
1082 2212 1386 2276 immolari;
1428 2221 1488 2266 ut
1524 2212 1664 2266 sicut
1693 2211 1760 2265 de

179 2309 404 2379 Virgine
435 2323 531 2376 per
559 2307 820 2376 Spiritum
851 2320 977 2360 vera
1009 2319 1138 2360 caro
1167 2303 1285 2358 sine
1321 2302 1467 2356 coitu
1501 2310 1754 2366 creatur;

179 2402 260 2456 ita
293 2416 390 2470 per
418 2399 665 2454 eumdem
697 2414 763 2453 ex
795 2397 1094 2452 substantia
1123 2396 1280 2465 panis
1307 2409 1370 2449 ac
1395 2392 1505 2446 vini
1533 2394 1761 2464 mystice

178 2495 327 2548 idem
343 2492 542 2549 Christi
565 2507 760 2561 corpus
781 2500 834 2547 et
855 2490 1071 2560 sanguis
1091 2495 1456 2543 consecretur.
1485 2507 1504 2539 ι
1537 2485 1592 2540 Si
1617 2486 1763 2540 enim

177 2583 523 2648 verum,imo
549 2583 674 2652 quia
702 2581 885 2651 procul
905 2579 1065 2634 dubio
1088 2593 1274 2632 verum
1303 2578 1560 2646 est,quod
1584 2584 1765 2630 tantus

178 2681 377 2729 auctor
401 2673 578 2727 fassus
615 2680 699 2726 est
723 2671 848 2740 quia
877 2669 1151 2725 Christum
1178 2669 1360 2723 vorari
1399 2667 1481 2722 fas
1518 2667 1767 2722 dentibus

177 2784 292 2824 non
329 2775 440 2832 est;
491 2765 762 2837 quomodo
795 2766 939 2819 hanc
971 2777 1192 2817 carnem
1223 2760 1423 2816 Christi
1465 2759 1643 2816 vorari
1685 2757 1768 2814 fas

179 2867 274 2916 est
297 2901 312 2925 ,
359 2860 404 2914 si
436 2859 501 2913 de
533 2857 699 2913 Maria
729 2864 885 2920 nata,
921 2864 976 2911 et
1001 2856 1056 2910 in
1087 2868 1246 2908 cruce
1271 2868 1427 2923 passa
1449 2893 1463 2914 ,
1507 2861 1562 2906 et
1589 2853 1653 2906 de
1679 2866 1766 2906 se-

173 2949 372 3021 pulcro
411 2948 729 3004 resuscitata
769 2946 896 3002 est?
941 2943 1242 3015 praesertim
1282 2958 1404 2998 cum
1446 2941 1536 2996 illa
1567 2940 1770 2997 Christi

174 3055 316 3095 caro
343 3053 632 3108 resurgens
659 3037 724 3090 de
751 3035 997 3105 sepulcro
1027 3035 1101 3087 ita
1132 3032 1432 3103 glorificata
1462 3032 1554 3096 sit,
1575 3039 1636 3086 ut
1655 3029 1771 3100 jam

173 3130 367 3184 vorari
412 3129 558 3183 nullo
598 3126 758 3181 modo
791 3123 1010 3196 possit?
1056 3123 1284 3178 Prorsus
1313 3137 1442 3194 ergo
1479 3132 1589 3176 tam
1633 3135 1767 3176 con-

175 3216 386 3283 traria,
427 3218 568 3272 sicut
599 3217 702 3272 ista
730 3215 980 3270 videntur
1009 3215 1151 3269 inter
1180 3228 1240 3267 se
1271 3213 1448 3276 dicta,
1488 3226 1765 3282 nunquam

174 3311 242 3365 in
273 3309 380 3364 ullo
409 3309 611 3378 scripto
641 3322 762 3362 meo
786 3307 851 3362 de
875 3315 1072 3362 caetero
1094 3305 1383 3361 voluissem
1412 3318 1635 3375 ponere,
1663 3304 1767 3358 nisi

176 3409 582 3470 consequenter
607 3416 670 3456 ea
697 3415 912 3456 nossem
941 3399 1134 3478 simul,
1172 3407 1228 3453 et
1253 3413 1466 3469 possem
1484 3438 1498 3463 ,
1534 3397 1645 3452 Deo
1673 3397 1769 3452 do-

173 3505 374 3560 nante,
399 3495 648 3564 protinus
675 3494 954 3548 evidenter
979 3507 1270 3562 exponere.

258 3571 314 3638 3.
359 3584 476 3638 Huc
505 3583 714 3637 accedit
761 3591 816 3637 et
861 3582 1030 3637 multo
1058 3581 1204 3636 aliud
1235 3581 1538 3647 molestius,
1569 3589 1624 3636 et
1652 3597 1768 3636 om-

173 3675 321 3730 nino
350 3673 659 3738 diflicilius,
708 3673 838 3727 illud
875 3673 1125 3728 videlicet
1166 3671 1310 3741 quod
1355 3674 1408 3726 in
1451 3673 1771 3729 duodecimo

172 3765 428 3836 capitulo
475 3763 646 3835 (Edit.
685 3763 928 3835 cap..7),
987 3764 1078 3818 ubi
1127 3763 1336 3818 scilicet
1377 3763 1549 3817 tribus
1597 3764 1772 3819 modis

170 3859 389 3915 dicitur
429 3872 624 3926 corpus
670 3856 911 3920 Christi,
962 3855 1015 3910 id
1065 3863 1146 3909 est
1193 3854 1471 3920 Ecclesia,
1525 3864 1580 3930 et
1629 3855 1772 3910 istud

170 3949 500 4022 mysticum,
533 3957 588 4002 et
616 3949 742 4002 illud
769 3947 911 4017 quod
945 3948 1096 4002 sedet
1124 3947 1189 4002 ad
1222 3948 1498 4002 dexteram
1528 3947 1654 4013 Dei;
1698 3948 1774 4002 ita

173 4040 431 4110 disputat
471 4041 662 4094 beatus
689 4039 1052 4109 Augustinus,
1097 4039 1249 4109 quasi
1298 4054 1404 4093 non
1436 4039 1484 4094 ei
1512 4039 1776 4108 placuerit

172 4130 322 4188 illud
343 4133 486 4201 quod
510 4140 730 4186 sanctus
752 4130 888 4184 dixit
910 4129 1244 4184 Ambrosius.
1275 4130 1364 4183 Ait
1386 4131 1564 4184 enim:
1596 4151 1613 4182 ‹
1642 4131 1774 4187 Illud

172 4239 390 4294 cerpus
434 4224 578 4293 quod
619 4233 804 4278 natum
845 4232 927 4278 est
965 4223 1031 4276 de
1071 4222 1239 4276 Maria
1266 4263 1280 4287 ,
1335 4224 1388 4277 in
1440 4224 1583 4292 quod
1633 4225 1776 4280 istud

171 4311 520 4368 transfertur
547 4313 687 4381 quod
717 4313 972 4382 pependit
1000 4312 1055 4365 in
1084 4328 1278 4378 cruce,
1310 4314 1576 4382 sepultum
1607 4323 1690 4368 est
1719 4315 1774 4370 in

174 4403 459 4473 sepulcro,
492 4403 790 4457 resurrexit
819 4418 849 4456 a
874 4403 1124 4467 mortuis,
1162 4404 1467 4472 penetravit
1496 4404 1687 4469 cmlos,
1722 4413 1778 4459 et

174 4495 433 4567 pontifex
463 4493 634 4550 factus
680 4495 733 4549 in
779 4504 1037 4550 aeternum
1068 4495 1310 4566 quotidie
1339 4496 1646 4567 interpellat
1677 4512 1776 4568 pro

176 4587 372 4643 nobis.
429 4585 509 4641 Ad
535 4601 716 4656 quem,
748 4587 792 4641 si
835 4595 981 4642 recte
1023 4588 1508 4655 communicamus,
1537 4597 1774 4644 mentem

175 4679 498 4747 dirigimus,
549 4689 606 4732 ut
651 4694 717 4733 ex
765 4679 882 4748 ipso
930 4688 986 4733 et
1033 4679 1102 4733 ab
1142 4679 1258 4748 ipso
1298 4695 1396 4735 nos
1427 4696 1624 4750 corpus
1658 4680 1776 4749 ejus

177 4783 416 4824 carnem
443 4769 632 4838 ipsius,
655 4769 746 4823 illo
771 4777 1024 4825 manente
1050 4770 1282 4837 integro,
1311 4772 1608 4825 suniamus.
1646 4771 1776 4838 Qua:

179 4859 452 4915 nimirum
483 4875 610 4914 caro
642 4861 754 4930 ipsa
784 4868 896 4924 est,
943 4869 998 4914 et
1026 4860 1233 4915 fructus
1273 4861 1442 4932 ipsius
1471 4864 1675 4929 carnis,
1717 4872 1778 4918 ut

179 4950 340 5004 idem
379 4965 593 5019 semper
622 4959 866 5014 maneat,
905 4959 961 5005 et
990 4951 1270 5005 universos
1294 4952 1386 5020 qui
1417 4965 1543 5006 sunt
1572 4954 1625 5006 in
1655 4969 1778 5008 cor-

175 5057 351 5114 pore,
380 5051 589 5112 pascat.
623 5063 642 5093 ι
694 5043 819 5097 Haec
862 5051 983 5113 post
1021 5042 1294 5111 apostolos
1328 5043 1567 5098 omnium
1598 5045 1781 5100 Eccle-

177 5131 398 5187 siarum
421 5173 434 5195 ,
471 5132 614 5187 sicut
639 5141 764 5186 ante
796 5148 893 5187 nos
921 5133 1124 5187 dictum
1153 5141 1267 5196 est,
1306 5134 1548 5204 magistri
1578 5134 1782 5206 (Augu-

179 5220 351 5291 stini)
380 5221 521 5275 dicta
541 5262 556 5286 ,
605 5221 648 5277 si
668 5262 682 5282 ,
725 5222 873 5275 velut
906 5223 1069 5278 nimis
1097 5237 1347 5289 necesse,
1389 5223 1642 5290 fideliter,
1674 5225 1781 5280 fer-

175 5320 409 5377 venter,
426 5312 731 5382 diligenter,
747 5313 1104 5383 intelligenter
1117 5324 1172 5369 et
1191 5314 1501 5385 frequenter
1519 5317 1778 5388 legeritis,

179 5400 642 5458 manifestissime
669 5404 1024 5473 cognoscetis,
1055 5421 1159 5459 non
1189 5405 1404 5474 quidem
1429 5406 1594 5477 (quod
1616 5409 1780 5480 absit)

181 5492 516 5547 naturaliter
545 5492 752 5564 (Herig.
787 5510 902 5564 cap.
927 5495 1004 5564 4),
1040 5495 1134 5550 sed
1163 5497 1458 5566 specialiter
1487 5500 1631 5554 aliud
1660 5515 1782 5555 esse

180 5593 401 5652 corpus
425 5582 662 5647 Domini,
682 5584 826 5652 quod
853 5599 918 5637 ex
945 5585 1250 5641 substantia
1279 5587 1432 5657 panis
1460 5605 1522 5643 ac
1551 5590 1660 5643 vini
1684 5605 1782 5659 pro

181 5672 390 5727 mundi
425 5673 532 5726 vita
561 5674 802 5742 quotidie
849 5689 946 5744 per
979 5675 1242 5746 Spiritum
1294 5689 1541 5736 sanctum
1589 5698 1782 5738 conse-

270 5794 303 5824 ι
327 5782 386 5838 In
416 5784 720 5849 interlinea,
752 5787 944 5840 scilicet
976 5787 1274 5846 Paschasii.

527 5879 800 5941 ΡΑτειοι..
847 5877 1044 5944 CXII.

1857 1933 1912 1988 in
1944 1932 2089 2002 quod
2117 1932 2259 1986 istud
2286 1939 2370 1986 est
2395 1931 2716 1986 translatum
2744 1931 2885 2000 quod
2912 1931 2966 1985 in
2991 1931 3147 1986 altari
3178 1923 3439 1988 divinitus

1859 2029 2233 2088 consecratur,
2267 2021 2377 2077 Deo
2406 2021 2746 2092 postmodum
2774 2030 2986 2077 constat
3013 2023 3250 2078 oblatum
3279 2024 3440 2079 simul

1859 2119 1914 2165 et
1944 2111 2301 2166 immolatum.

1929 2201 1982 2254 4.
2021 2202 2102 2257 Ad
2131 2201 2221 2256 illa
2249 2201 2512 2271 siquidem
2542 2200 2706 2256 verba
2735 2201 2980 2269 Domini,
3011 2202 3126 2258 Hoc
3152 2212 3226 2258 est
3251 2220 3440 2275 corpus

1861 2311 2054 2360 meum,
2087 2294 2150 2348 fit
2180 2309 2378 2364 corpus
2403 2295 2648 2360 Domini;
2690 2304 2746 2350 et
2773 2297 3108 2368 supplicante
3139 2297 3440 2364 sacerdote,

1863 2400 2059 2454 corpus
2085 2384 2296 2439 Domini
2329 2385 2638 2456 srrmptibiie
2668 2387 2994 2444 transfertur
3021 2388 3076 2444 in
3111 2405 3306 2460 corpus
3340 2391 3445 2445 Do-

1865 2477 1996 2531 mini
2022 2486 2210 2532 natum
2247 2477 2315 2533 de
2343 2479 2584 2549 Virgine,
2615 2481 2758 2549 quod
2783 2490 2865 2534 est
2891 2482 3104 2552 penitus
3135 2483 3446 2538 inconsum-

1863 2567 2071 2637 ptibile,
2107 2575 2166 2620 ut
2191 2568 2440 2623 videlicet
2465 2584 2591 2624 vere
2617 2570 2774 2626 nobis
2803 2571 2960 2626 detur
2987 2574 3054 2628 ab
3085 2573 3202 2642 ipso
3229 2572 3448 2630 Christo

1867 2654 2160 2726 pontifice:
2195 2657 2320 2726 quia
2350 2659 2607 2713 nimirum
2639 2661 2779 2714 sicut
2805 2661 2922 2731 ipse
2953 2673 3038 2718 est
3064 2665 3156 2732 qui
3185 2665 3445 2735 baptizat,

1869 2745 1947 2801 sic
1977 2747 2090 2816 ipse
2123 2755 2207 2801 est
2247 2747 2339 2817 qui
2380 2749 2538 2803 nobis
2581 2751 2796 2819 corpori
2829 2767 2928 2807 suo
2967 2769 3164 2824 corpus
3195 2771 3348 2810 suum
3382 2759 3452 2813 de

1871 2850 2096 2904 corpore
2144 2851 2242 2891 suo
2290 2837 2581 2893 salubriter
2611 2841 2930 2896 sumendum
2973 2843 3103 2909 dat,
3155 2845 3209 2899 id
3253 2854 3339 2901 est
3381 2847 3454 2902 ad

1870 2931 2206 2996 remedium,
2258 2947 2364 2986 non
2393 2931 2556 3001 (sicut
2595 2934 2814 3004 reprobi
2865 2935 2996 2991 illud
3040 2938 3336 3012 accipiunt)
3383 2941 3455 2995 ad

1866 3022 2150 3092 judicium.
2182 3023 2320 3095 Ipse,
2355 3025 2592 3095 inquam,
2619 3036 2702 3082 est
2731 3028 2822 3097 qui
2851 3029 2962 3094 dat,
2993 3032 3453 3100 quemadmodum

1875 3116 1988 3186 ipse
2014 3116 2184 3171 dicit:
2216 3136 2232 3168 ‹
2262 3117 2426 3172 Panis
2461 3133 2621 3188 quem
2666 3135 2766 3190 ego
2807 3120 2979 3187 dabo,
3025 3137 3157 3178 caro
3203 3138 3326 3178 mea
3371 3132 3458 3180 est

1877 3226 1895 3258 ‹
1927 3223 2026 3278 pro
2053 3209 2238 3264 mundi
2263 3210 2375 3265 vita
2405 3209 2588 3283 (Joan.
2615 3227 2691 3277 vt,
2722 3213 2831 3284 52),
2867 3234 2884 3264 ι
2938 3231 3046 3270 non
3087 3231 3186 3286 pro
3223 3219 3452 3274 duorum

1869 3303 2192 3357 mundorum
2241 3304 2373 3359 vita.
2433 3303 2551 3374 Ipse
2595 3304 2754 3374 plane
2799 3307 3042 3376 pontifex
3087 3318 3293 3376 noster,
3341 3311 3457 3376 ipse

1869 3326 2192 3357 murmurum
2243 3326 2373 3359 vna.
2433 3326 2551 3374 Ipse
2597 3326 2754 3374 plane
2799 3326 3042 3376 pontuex
3087 3326 3293 3376 HOSIer,
3341 3329 3354 3365 I
3397 3326 3456 3367 se

1867 3409 1996 3449 vere
2024 3395 2214 3450 beatus
2241 3397 2344 3464 vir,
2377 3399 2468 3468 qui
2508 3407 2590 3454 est
2629 3407 2887 3470 tanquam
2917 3401 3119 3473 lignum
3151 3326 3456 3476 plantalgm

1869 3503 2026 3544 secus
2076 3491 2335 3547 decursus
2383 3507 2646 3562 aquarum
2681 3492 2856 3564 (Psal.
2897 3511 2940 3561 ι,
2982 3495 3073 3569 5),
3126 3499 3219 3553 dat
3264 3499 3456 3556 electis

1869 3584 2244 3639 tantummodo
2282 3585 2395 3639 suis
2433 3583 2670 3640 fructum
2715 3600 2892 3641 suum.
2948 3587 3067 3657 Ipse
3103 3606 3338 3662 namque
3367 3603 3454 3647 est

1870 3679 1923 3726 ct
1945 3672 2204 3740 sapientia
2226 3681 2448 3743 propter
2467 3675 2730 3729 unitatem
2755 3692 3016 3746 personae,
3042 3679 3094 3732 in
3117 3678 3272 3747 cujus
3297 3679 3458 3735 laude

1869 3759 2073 3830 lignum
2099 3763 2221 3816 vita:
2245 3771 2330 3816 est
2352 3762 2436 3817 his
2455 3764 2545 3832 qui
2573 3766 3028 3834 apprehenderint
3045 3782 3188 3822 eam.
3222 3769 3460 3826 Proinde

1872 3853 2143 3907 veraciter
2171 3853 2247 3906 ait
2277 3854 2422 3924 ipse,
2471 3855 2562 3926 qui
2602 3865 2686 3910 est
2723 3857 2912 3927 utique
2942 3859 3106 3913 arbor
3135 3859 3264 3930 ligni
3291 3861 3457 3916 vitae:

1881 3961 1899 3994 σ
1933 3941 2036 4008 Qui
2065 3943 2287 4004 vicerit.
2319 3945 2458 4000 dabo
2485 3946 2534 4000 ei
2561 3946 2720 4002 edere
2747 3948 2812 4002 de
2840 3948 2984 4020 ligno
3013 3950 3168 4016 vitae,
3200 3952 3343 4020 quod
3373 3959 3462 4006 est

1881 4055 1900 4089 ‹
1934 4037 1989 4090 in
2011 4036 2264 4108 paradiso
2290 4037 2384 4092 Dei
2414 4039 2546 4092 mihi
2571 4038 2756 4111 (Apoc.
2781 4055 2843 4105 ιι,
2871 4039 2947 4110 7).
2974 4059 2991 4091 ›
3029 4040 3166 4108 Quia
3191 4043 3456 4113 profecto,

1875 4129 2017 4183 sicut
2046 4143 2074 4181 a
2111 4128 2271 4182 beato
2303 4127 2600 4200 Augustino
2631 4140 3024 4200 consequenter
3051 4133 3372 4203 explanatur
3403 4136 3458 4190 in

1875 4219 2065 4274 eodem
2097 4219 2352 4288 capitulo,
2377 4237 2482 4276 non
2508 4221 2628 4276 aliis
2650 4221 2876 4294 largitur
2899 4224 3062 4278 etiam
3096 4225 3148 4278 in
3177 4227 3457 4296 mysterio,

1877 4325 2039 4380 quam
2069 4310 2434 4366 vincentibus.
2482 4310 2602 4380 Ipse
2643 4327 2878 4381 namque
2917 4329 3142 4384 granum
3181 4313 3456 4379 frumenti,

1877 4402 2018 4471 quod
2047 4401 2247 4456 cadens
2274 4402 2328 4455 in
2360 4409 2502 4456 terra
2531 4400 2632 4456 fuit
2655 4410 2946 4468 mortuum,
2971 4412 3026 4460 et
3049 4403 3205 4459 all‘ert
3228 4405 3462 4460 fructum

1880 4493 2137 4560 multum;
2170 4511 2276 4550 non
2301 4495 2422 4548 aliis
2449 4495 2572 4550 inde
2601 4495 2695 4551 dat
2723 4496 2904 4562 edere,
2929 4513 3090 4567 quam
3118 4498 3462 4556 vincentibus

1882 4586 2070 4641 electis
2099 4587 2233 4652 suis,
2279 4601 2415 4656 quos
2445 4587 2645 4657 reperit
2679 4589 2896 4658 quidem
2927 4588 3108 4644 fenum
3137 4631 3151 4654 ,
3201 4590 3295 4645 sed
3343 4590 3486 4660 ipse

1884 4678 2060 4732 factus
2100 4678 2262 4732 homo
2290 4676 2474 4731 fenum
2505 4686 2750 4732 nostrum
2781 4679 2946 4733 vertit
2993 4679 3044 4733 in
3087 4678 3458 4744 frumentum;

1881 4776 1937 4822 et
1982 4769 2095 4837 ipse
2142 4768 2244 4822 hoc
2293 4766 2631 4823 solummodo
2660 4767 2992 4822 frumentum
3027 4784 3215 4833 suum,
3257 4768 3462 4825 electos

1881 4859 2133 4914 videlicet
2181 4874 2338 4921 suos,
2389 4859 2628 4923 cibavit,
2678 4859 2855 4922 cibat,
2904 4867 2959 4914 et
2986 4860 3185 4914 cibabit
3209 4875 3274 4914 ex
3305 4861 3464 4931 adipe

1883 4949 2158 5004 frumenti.
2210 4949 2362 5006 Unde
2391 4951 2590 5005 dicitur
2629 4959 2684 5005 et
2726 4950 2781 5004 in
2826 4950 2931 5006 alio
2958 4951 3164 5022 psalmo
3199 4953 3266 5006 ad
3301 4951 3461 5007 Jeru-

1885 5040 2052 5095 salem
2092 5049 2148 5095 et
2178 5040 2346 5096 Sion:
2382 5058 2400 5090 ‹
2437 5041 2502 5095 Et
2535 5041 2690 5111 adipe
2722 5040 2977 5097 frumenti
3017 5044 3177 5098 satiat
3207 5050 3257 5098 te
3283 5041 3460 5114 (Psal.

1883 5147 2084 5192 cxcvu.
2118 5131 2224 5201 14).
2258 5153 2276 5184 ι
2316 5131 2470 5186 Unde
2499 5131 2630 5187 dicit
2664 5141 2718 5188 et
2747 5132 3035 5188 Zacharias
3078 5134 3339 5205 propheta
3379 5133 3462 5187 lo-

1885 5238 2056 5292 quens
2107 5223 2174 5279 de
2224 5223 2504 5279 Ecclesia:
2542 5242 2560 5274 ¢
2594 5223 2663 5277 Et
2689 5225 2818 5293 quid
2855 5228 3054 5280 bonum
3087 5224 3202 5293 ejus
3230 5231 3314 5281 est
3336 5265 3352 5289 ,
3409 5234 3464 5279 et

1891 5335 1909 5368 ι
1942 5317 2072 5388 quid
2105 5317 2388 5388 pulchrum
2431 5316 2568 5384 ejus,
2618 5317 2723 5372 nisi
2769 5317 3102 5374 frumentum
3139 5318 3460 5384 electorum,

1891 5428 1908 5459 ι
1943 5417 1998 5463 et
2023 5409 2204 5462 vinum
2233 5408 2544 5480 germinans
2573 5408 2848 5478 virgines?
2868 5429 2885 5460 ι
2909 5407 3093 5482 (Zaclt.
3123 5423 3199 5474 ιι,
3227 5407 3340 5480 l7.)

1957 5500 2011 5554 5.
2054 5501 2192 5556 Ecce
2221 5500 2390 5555 claret
2411 5501 2478 5556 ad
2503 5500 2764 5569 liquidum
2790 5501 2930 5570 quod
2959 5515 3063 5554 non
3091 5499 3196 5556 nisi
3223 5499 3464 5556 solorum

1889 5599 1973 5647 est
2016 5592 2170 5647 cibus
2208 5592 2524 5646 electorum.
2582 5591 2853 5647 Ponamus
2899 5591 3062 5660 igitur
3106 5597 3230 5644 ante
3277 5589 3465 5645 oculos

1890 5682 2014 5738 fidei
2062 5683 2237 5752 ipsum
2285 5682 2502 5738 beatum
2544 5683 2856 5754 pontificem
2914 5691 3197 5747 nostrum,
3249 5679 3464 5738 beatum

1965 5796 1992 5835 ἰ
2021 5793 2236 5850 Scilicet
2265 5795 2633 5852 Paschasinm.

2995 5880 3008 5916 ι

2991 5883 3068 5944 lt8
