3938 6334
466 363 602 419 1515

1092 364 1151 419 Β.
1195 364 1447 424 RABANI
1487 365 1704 420 MAURI
1743 361 2056 418 ARCHlEP.
2102 361 2414 418 MOGL'NT.
2456 363 2738 420 OPERUM
2777 363 2954 421 PARS
2993 365 3077 420 Ill.

3581 373 3726 430 1516

466 483 633 538 ﬁlium
658 521 674 547 ,
724 492 777 536 et
829 481 1182 550 sapientiam;
1222 490 1276 534 et
1319 480 1674 550 suscipiamus
1715 479 2034 550 gaudenter,
2065 483 2116 541 Λ
2211 479 2263 533 6.
2307 479 2426 546 Hic,
2455 480 2498 535 si
2526 488 2724 549 potest,
2750 482 2938 536 oculos
2977 491 3031 536 et
3067 497 3226 537 aures
3260 493 3489 554 aperiat,
3519 494 3580 540 et
3609 486 3728 541 hac

463 574 670 642 pariter
705 580 760 626 et
801 571 1097 636 tremendo,
1130 571 1363 640 qualiter
1392 571 1529 641 ipse,
1579 572 1672 640 qui
1717 584 1799 626 est
1847 573 2036 641 utique

463 665 666 736 lignum
699 665 843 731 vita),
875 663 1021 722 velut
1056 663 1392 733 decet-pendo
1438 664 1677 718 deczedat
1711 663 1897 719 electis
1923 665 2036 719 suis

463 759 716 814 timorate
760 766 814 813 et
855 757 1128 812 humiliter
1167 756 1546 811 accedentibus
1591 756 1657 810 ad
1701 771 1759 811 se
1801 772 2038 812 commu-

461 847 753 903 nicandum
795 847 1027 900 fructum
1066 847 1228 909 vitm;
1282 847 1466 915 sicque
1507 845 1762 916 perfacile
1806 854 1862 900 et
1901 860 2032 900 con-

465 949 754 1010 sequenter
813 939 1109 1008 poterimus
1169 937 1392 992 credere
1453 953 1586 992 vero
1649 937 1849 992 lumine
1911 937 2035 992 fidei

464 1041 662 1085 nostra:
685 1030 852 1101 gratis
877 1030 1058 1083 oculos
1079 1029 1402 1095 illustrante,
1422 1029 1562 1098 quod
1581 1029 1838 1082 Dominus
1863 1027 2035 1097 pridie

463 1136 625 1191 quam
651 1129 944 1190 pateretur,
969 1135 1155 1174 verum
1179 1134 1374 1189 corpus
1415 1127 1470 1174 et
1514 1119 1832 1190 sanguinem
1878 1133 2035 1172 suum

443 1213 610 1268 dedit
649 1209 925 1280 discipulis
968 1210 1100 1275 suis,
1130 1219 1382 1264 manente
1411 1209 1624 1279 integro
1659 1223 1888 1278 corpore
1915 1221 2032 1272 suo,

463 1305 607 1376 quod
656 1319 686 1357 a
736 1303 822 1357 die
871 1301 1282 1356 resurrectionis
1336 1309 1672 1368 resumptum
1734 1298 1872 1368 gerit
1931 1298 2034 1351 im-

463 1393 710 1450 mortale.
780 1391 932 1447 Unde
969 1404 1158 1446 revera
1205 1389 1338 1444 satis
1378 1397 1742 1457 congruenter
1783 1387 2037 1443 divinitus

463 1489 783 1559 dispositum
823 1485 982 1539 simul
1025 1494 1080 1540 et
1121 1483 1323 1538 factum
1361 1491 1464 1549 est,
1492 1483 1635 1553 quod
1673 1491 1798 1538 ante
1829 1483 2039 1553 passio-

464 1594 588 1634 nem
642 1576 855 1632 Domini
910 1576 1238 1630 celebratum
1297 1584 1381 1628 est
1441 1575 1544 1628 hoc
1589 1583 2031 1630 sacramentum:

463 1679 728 1742 quatenus
769 1684 966 1740 corpus
1004 1667 1214 1722 Domini
1262 1667 1404 1737 quod
1445 1667 1768 1721 seminatum
1817 1674 1922 1730 est,
1953 1679 2038 1719 re-

463 1776 690 1832 surgens
729 1760 998 1829 integrum
1041 1764 1257 1812 maneat
1300 1769 1513 1825 semper
1537 1766 1591 1810 et
1630 1756 2034 1824 incorruptum;

2138 567 2340 634 videat,
2383 578 2437 624 et
2478 571 2686 635 audiat,
2731 571 2823 640 qui
2863 571 3075 640 quoties
3121 581 3231 628 toto
3272 583 3545 630 terrarum
3587 579 3730 632 orbe

2134 661 2424 716 missarum
2477 663 2739 717 solemnia
2801 663 3168 729 celebrantur,
3227 666 3386 719 toties
3426 667 3726 722 Dominum

2135 749 2408 806 Christum
2464 753 2578 822 pati
2635 753 2928 821 praedicat,
2988 756 3058 810 ob
3100 755 3234 809 nihil
3274 756 3532 812 videlicet
3575 757 3726 813 aliud

2133 841 2239 896 nisi
2284 850 2505 912 propter
2546 845 2648 899 hoc
2690 845 3057 912 solummodo,
3115 857 3176 902 ut
3227 863 3414 902 omnes
3459 850 3728 919 reprobus

2134 947 2270 1002 quos
2306 949 2333 986 a
2369 932 2600 988 Domino
2634 935 2739 989 scit
2775 935 2830 990 in
2869 951 3032 991 cruce
3071 937 3401 1008 redemptos,
3429 939 3552 1008 ipsa
3577 956 3728 995 com-

2135 1023 2391 1078 munione
2431 1025 2679 1094 corporis
2719 1034 2776 1080 et
2814 1027 3092 1096 sanguinis
3131 1027 3332 1083 Christi
3375 1031 3726 1101 redemptos,

2137 1111 2327 1166 redimi
2357 1121 2412 1168 et
2438 1113 2784 1168 redimendos
2807 1115 2952 1169 dicat
2975 1115 3305 1187 (Ilerigerus,
3330 1135 3449 1188 cap.
3479 1119 3571 1188 4):
3602 1136 3726 1175 cum

2134 1202 2313 1271 potius
2346 1203 2524 1257 omnis
2557 1205 2818 1272 reprobus
2854 1205 3072 1277 indigne
3111 1219 3519 1262 sacramentum
3547 1209 3726 1279 ipsum

2133 1295 2460 1364 percipiens,
2479 1295 2742 1365 judicium
2784 1296 2889 1351 sibi
2929 1299 3220 1354 manducat
3259 1309 3316 1354 et
3357 1300 3519 1356 bibit.
3555 1303 3728 1356 Velim

2137 1394 2316 1439 tamen
2354 1385 2510 1440 nobis
2549 1386 2876 1458 respondeat
2915 1397 2971 1442 et
3009 1389 3155 1444 dicat
3193 1392 3285 1461 qui
3327 1391 3430 1446 hoc
3469 1393 3540 1446 ad
3575 1408 3728 1447 suam

2139 1475 2314 1546 (proh
2359 1474 2595 1548 nefas!)
2658 1488 2714 1532 et
2749 1479 3028 1538 .edentium
3076 1483 3376 1550 perniciem
3425 1487 3728 1553 prmdicat,

2137 1567 2384 1636 quisnam
2411 1567 2640 1623 Domino
2665 1570 2970 1639 passionem
2998 1573 3156 1627 toties
3201 1574 3476 1636 intulerit,
3510 1576 3728 1638 inferat,

2138 1667 2196 1712 et
2229 1656 2431 1712 inferre
2463 1659 2716 1729 deinceps
2744 1659 2962 1725 habeat,
2988 1671 3166 1715 utrum
3191 1664 3450 1720 videlicet
3475 1667 3734 1720 sacerdos

2140 1749 2232 1818 qui
2271 1750 2566 1815 sacrificat,
2607 1765 2676 1805 an
2719 1751 2882 1806 Pater
2915 1753 3005 1822 qui
3041 1754 3350 1810 sacrificata
3394 1759 3729 1820 sanctificat,

460 1863 516 1909 et
558 1861 734 1907 tamen
779 1852 919 1905 hunc
957 1864 1116 1920 quem
1156 1849 1274 1918 ejus
1317 1848 1554 1902 instante
1592 1857 1762 1901 morte
1797 1847 2036 1916 percepi.
2064 1833 2111 1893 B
2137 1856 2206 1896 an
2237 1841 2405 1897 Filius
2442 1843 2535 1911 qui
2572 1844 3036 1900 communicantes
3071 1846 3346 1912 viviﬁcat;
3387 1863 3462 1902 an
3498 1848 3734 1919 Spiritus

461 1955 619 2006 mus,
677 1954 848 2008 usque
892 1939 959 1992 ad
1007 1938 1168 1992 linem
1216 1936 1396 1992 stcculi
1441 1937 1507 1992 de
1566 1937 1680 2006 ipso
1727 1937 1872 2006 ligno
1912 1937 2035 1992 vitae

461 2045 738 2086 sumamus
782 2028 1020 2099 quotidie
1060 2025 1335 2081 fructum:
1382 2027 1507 2096 quia
1554 2024 1799 2095 profecto
1825 2026 1890 2080 de
1918 2027 2035 2096 ipso

461 2120 606 2191 ligno
646 2120 770 2174 vita:
810 2117 1068 2187 pullulat,
1119 2123 1306 2170 manat
1345 2130 1577 2186 semper,
1628 2117 1888 2170 exuberat
1930 2116 2035 2171 iste

461 2212 670 2266 fructus
691 2211 828 2265 vitai.
861 2208 1013 2264 Unde
1037 2216 1254 2264 sanctus
1277 2208 1606 2279 Augustinus
1628 2224 1750 2263 cum
1772 2209 2031 2263 dixisset:

467 2323 486 2354 ι
519 2303 590 2360 Ut
631 2318 697 2359 ex
737 2303 855 2374 ipso
899 2311 955 2357 et
995 2302 1065 2355 ab
1108 2302 1224 2370 ipso
1273 2316 1372 2356 nos
1419 2317 1617 2371 corpus
1657 2301 1773 2370 ejus
1815 2286 2032 2356 carnem

460 2395 632 2466 ipsius
674 2394 765 2448 illo
803 2401 1055 2447 manente
1097 2392 1305 2460 integro
1343 2407 1663 2458 sumamus;
1711 2411 1730 2444 ι
1787 2393 2032 2461 protinus

459 2483 658 2552 adjecit
697 2492 752 2538 et
792 2483 904 2536 ait:
949 2500 968 2533 ι
1009 2482 1138 2548 Quae
1179 2482 1432 2536 nimirum
1476 2498 1605 2537 caro
1651 2483 1766 2552 ipsa
1807 2490 1926 2547 est,
1977 2491 2034 2536 et

459 2574 668 2630 fructus
712 2573 880 2643 ipsius
920 2573 1120 2636 carnis,
1165 2581 1226 2626 ut
1264 2572 1406 2627 idem
1448 2588 1660 2642 semper
1701 2581 1939 2637 maneat,
1978 2580 2034 2627 et

461 2664 742 2720 universos
783 2662 876 2732 qui
918 2672 1042 2718 sunt
1079 2663 1135 2716 in
1177 2678 1427 2733 corpore,
1467 2672 1674 2733 pascat.
1707 2683 1725 2716 ›
1771 2663 1922 2730 Quod
1962 2663 2032 2718 ob

458 2757 514 2811 id
554 2770 677 2809 eum
717 2754 879 2809 credo
921 2754 1140 2817 dixisse,
1179 2764 1237 2808 ut
1273 2755 1440 2823 ipsius
1480 2755 1692 2810 Domini
1738 2756 2032 2810 humanum

459 2860 654 2914 corpus
694 2844 838 2914 quod
881 2844 1207 2899 seminatum
1250 2854 1335 2899 est
1372 2845 1426 2898 in
1468 2853 1662 2910 morte,
1693 2843 1850 2898 fuerit
1879 2845 2032 2914 quasi

457 2953 685 3009 granum
726 2952 1018 3007 semenque
1057 2937 1210 3002 vitze,
1255 2946 1418 3008 atque
1457 2938 1798 3007 postmodum
1826 2938 1892 2992 de
1916 2937 2032 3006 ipso

459 3039 794 3101 resurgente,
840 3037 1096 3100 tanquam
1138 3029 1204 3083 de
1243 3028 1386 3098 ligno
1414 3029 1554 3092 vita),
1584 3027 1869 3099 pullularet
1894 3043 2031 3082 sem-

457 3137 576 3193 per,
615 3131 671 3176 et
710 3121 934 3190 pullulet
970 3121 1289 3176 sumendum
1315 3121 1488 3186 nobis,
1517 3121 1658 3178 unde
1682 3122 1849 3176 vitam
1875 3132 2033 3176 aeter-

460 3229 584 3268 nam
633 3215 685 3268 in
730 3214 885 3268 nobis
929 3220 1236 3268 manentem
1282 3213 1563 3268 habemus.
1619 3213 1772 3267 Unde
1813 3185 2108 3284 prorsusc

459 3308 704 3376 reprobis
745 3323 851 3361 non
894 3308 1020 3362 licet
1059 3321 1296 3371 sumere,
1331 3307 1489 3362 beato
1526 3323 1713 3363 rursus
1738 3309 2037 3379 Augustino

458 3395 618 3453 sio'in
640 3398 828 3451 eodem
854 3397 1088 3466 capitulo
1111 3397 1358 3466 superius
1383 3406 1656 3454 testante:
1687 3419 1704 3451 ι
1737 3400 1878 3469 quod
1905 3413 2037 3454 sane

454 3503 658 3556 corpus
682 3487 882 3542 Christi
907 3497 965 3542 ut
985 3503 1112 3542 vera
1134 3503 1260 3542 caro
1285 3488 1356 3543 sit
1379 3487 1577 3544 Christi
1601 3506 1698 3560 pro
1719 3491 1903 3544 mundi
1923 3490 2035 3545 vita

458 3581 698 3650 quotidie
733 3595 830 3650 per
861 3580 1124 3652 Spiritum
1159 3590 1404 3637 sanetum
1437 3591 1808 3649 consecratur,
1833 3598 1901 3637 ex
1927 3599 2035 3653 qua

459 3686 569 3726 non
595 3671 829 3727 habeant
850 3681 1171 3742 potestatem
1196 3674 1354 3728 edere
1377 3675 1467 3744 qui
1490 3689 1556 3728 ex
1583 3673 1809 3730 adverso
1835 3684 1979 3730 sunt.
2011 3695 2029 3728 ι

458 3760 763 3817 Vescuntur
795 3770 978 3817 autem
1015 3777 1079 3817 ea
1118 3763 1384 3834 condigne
1423 3763 1516 3834 qui
1556 3773 1681 3818 sunt
1719 3764 1772 3818 in
1808 3779 2036 3833 corpore

458 3853 639 3918 illius,
691 3862 749 3908 ut
789 3853 962 3909 solum
1009 3870 1206 3925 corpus
1245 3856 1446 3910 Christi
1498 3857 1624 3910 dum
1673 3867 1756 3911 est
1809 3857 1862 3911 in
1907 3857 2034 3921 via,

457 3943 628 4015 ipsius
659 3960 821 4000 carne
856 3945 1151 4013 reficiatur,
1193 3956 1246 4002 et
1285 3947 1460 4003 discat
1492 3949 1625 4003 nihil
1653 3949 1800 4004 aliud
1826 3950 2038 4005 esurire

458 4053 621 4106 quam
661 4036 956 4105 Christum,
996 4039 1130 4094 nihil
1168 4041 1373 4095 sentire
1415 4042 1517 4096 nisi
1556 4041 1864 4110 Christum,
1905 4045 2039 4098 nihil

460 4127 602 4182 aliud
642 4143 870 4198 sapere,
912 4145 1017 4184 non
1058 4129 1270 4185 aliunde
1313 4131 1534 4197 vivere,
1579 4147 1686 4186 non
1733 4133 1876 4187 aliud
1917 4149 2038 4189 esse

458 4237 621 4292 quam
666 4237 860 4292 corpus
901 4223 1120 4279 Christi.
1180 4225 1316 4281 llinc
1357 4227 1471 4296 ipse
1513 4242 1743 4297 sponsus
1781 4227 2038 4285 Ecclesia:

461 4315 751 4381 Dominus,
801 4331 832 4370 a
873 4332 980 4386 quo
1026 4316 1184 4388 panis
1230 4318 1418 4381 datus,
1475 4319 1654 4384 datur,
1698 4328 1753 4373 et
1795 4320 2035 4387 dabitur,

459 4407 514 4463 id
537 4416 621 4464 est
661 4423 789 4464 caro
821 4422 938 4475 sua,
967 4424 1072 4464 non
1113 4424 1210 4480 pro
1250 4410 1496 4478 reprobis
1521 4417 1576 4465 et
1604 4411 1914 4477 immundis,
1942 4412 2037 4468 sed

458 4513 558 4568 pro
593 4500 886 4564 mundatis,
911 4509 967 4555 et
995 4501 1166 4570 magis
1197 4503 1473 4571 magisque
1497 4503 1852 4570 mundandis;
1885 4521 2036 4559 mun-

2135 1943 2357 1990 sanctus
2397 1949 2496 2004 per
2529 1951 2688 2004 quem
2722 1950 2787 1991 ea
2823 1945 2974 1990 creat
3010 1945 3064 1992 81.
3097 1947 3410 2003 consecrat,
3449 1949 3512 1994 et
3549 1943 3604 1994 ill
3634 1959 3734 2010 quo

2135 2026 2391 2080 sacerdos
2434 2027 2534 2080 ista
2581 2026 2696 2081 fieri
2740 2025 3049 2096 supplicat;
3110 2043 3180 2082 an
3220 2030 3462 2098 populus
3491 2071 3509 2094 ,
3562 2032 3616 2088 id
3655 2043 3736 2086 est

2133 2115 2375 2170 Ecclesia
2416 2125 2470 2170 et
2509 2131 2704 2184 sponsa
2730 2114 2961 2181 Christi,
2983 2133 3105 2187 quze
3140 2121 3566 2174 communicat?
3605 2121 3736 2188 Quo-

2133 2222 2254 2261 rum
2295 2207 2420 2276 quia
2466 2207 2598 2262 nihil
2645 2207 2749 2263 nisi
2791 2209 2956 2263 nimis
2991 2211 3328 2267 mendaciter
3364 2221 3420 2266 et
3465 2215 3734 2282 pernicio-

2133 2297 2348 2353 sissimo
2380 2305 2556 2368 potest
2589 2298 2728 2362 dici,
2776 2307 2924 2369 patet
2963 2299 3206 2369 profecto
3240 2300 3546 2356 Dominum
3577 2304 3736 2357 semel

2133 2401 2351 2456 passum
2405 2395 2460 2440 et
2513 2395 2824 2454 mortuum,
2881 2387 3184 2442 nullatenus
3235 2391 3603 2458 postmodum
3647 2408 3736 2461 po-

2136 2476 2335 2540 tuisse,
2375 2476 2459 2530 vel
2500 2491 2657 2546 posse
2699 2477 2864 2548 (quod
2902 2478 3067 2547 absit)
3113 2481 3262 2549 pati,
3315 2482 3547 2537 dicente
3589 2485 3736 2539 beato

2133 2565 2294 2621 Petro
2315 2566 2592 2636 apostolo:
2622 2587 2639 2619 ε
2663 2567 2913 2622 Christus
2940 2569 3109 2624 semel
3131 2586 3229 2640 pro
3254 2575 3515 2641 peccatis
3545 2578 3734 2632 nostris

2141 2678 2159 2709 ε
2188 2675 2381 2730 passus
2418 2671 2502 2714 est
2547 2660 2598 2731 (ι
2627 2658 2879 2724 Pen-.1",
2918 2663 3023 2733 l8).
3055 2663 3266 2720 ι·Ηίηο
3308 2667 3466 2720 dicat
3505 2677 3566 2721 et
3609 2685 3730 2738 apo-

2135 2752 2306 2807 stolus
2337 2751 2573 2808 Paulus:
2606 2771 2624 2804 t
2651 2753 2905 2810 Christus
2936 2757 3104 2811 semel
3135 2757 3358 2812 oblatus
3389 2769 3480 2813 est
3511 2762 3580 2814 ad
3609 2763 3734 2815 mul-

2141 2865 2158 2896 ι
2191 2853 2367 2899 torum
2399 2846 2768 2902 exhaurienda
2794 2856 3012 2916 peccata
3034 2847 3194 2918 (Heb.
3215 2865 3292 2914 ix,
3318 2850 3438 2918 28).
3465 2871 3484 2902 ι
3519 2851 3732 2906 Verum-

2135 2947 2314 2993 tamen
2354 2953 2423 2993 ne
2465 2938 2677 3007 reprobi
2717 2938 2906 2994 electis
2937 2941 3156 2995 dicant:
3194 2941 3383 2996 Semel
3415 2958 3616 3011 passus
3643 2959 3728 3013 pro

2133 3027 2372 3098 peccatis
2395 3029 2610 3094 vestris,
2635 3019 2948 3098 frequ'enter
2973 3031 3178 3100 patitur
3203 3047 3302 3101 pro
3329 3035 3582 3098 nostris;
3613 3045 3726 3088 tunc

2137 3123 2203 3178 ad
2233 3121 2602 3176 exhaurienda
2633 3122 2941 3192 specialiter
2964 3131 3183 3193 peccata
3217 3123 3524 3178 multorum
3544 3168 3557 3190 ,
3599 3142 3728 3179 nunc

2138 3213 2464 3285 generaliter
2493 3214 2562 3268 ad
2591 3223 2931 3268 cunctorum.
2969 3213 3105 3268 Nam
3137 3215 3238 3283 ipsi
3268 3214 3626 3271 solummodo
3654 3232 3724 3270 re-

2137 3306 2290 3377 probi
2318 3305 2625 3375 eonlingere
2651 3315 2876 3375 possunt
2903 3307 3046 3360 intra
3073 3323 3131 3362 se
3152 3308 3524 3364 deliramenta
3559 3311 3728 3380 hujus-

2139 3401 2382 3466 cemodi,
2418 3400 2716 3456 secundum
2750 3399 2879 3454 illud
2906 3399 3187 3469 Apostolt:
3223 3421 3242 3452 ‹
3279 3401 3532 3456 Rursum
3561 3405 3724 3457 cruci-

2145 3511 2163 3542 ‹
2197 3491 2421 3561 ﬁgentes
2467 3489 2821 3558 sibimetipsis
2870 3489 3066 3544 Filium
3117 3489 3214 3544 Dei
3267 3489 3467 3561 (Hebr.
3499 3507 3576 3554 τι,
3605 3492 3676 3558 6).
3707 3511 3724 3540 ν

2137 3580 2292 3637 Absit
2317 3581 2463 3637 enim
2495 3589 2554 3636 ut
2583 3579 2701 3649 ejus
2727 3579 2965 3635 Ecclesia
2997 3590 3054 3635 et
3081 3596 3282 3650 sponsa
3312 3584 3636 3652 passionem
3661 3584 3726 3634 iu-

2137 3674 2280 3729 ferat
2307 3673 2379 3737 ei,
2413 3689 2500 3737 ne,
2534 3673 2785 3742 inquam,
2821 3671 3075 3742 deinceps
3107 3673 3222 3727 luce
3265 3674 3490 3743 reprobi
3527 3673 3726 3730 dicant.

2137 3766 2266 3835 quid
2293 3765 2419 3820 hinc
2447 3764 2603 3819 nobis
2635 3762 2925 3833 Apostolus
2955 3764 3098 3818 dicat
3126 3765 3356 3819 audiant
3381 3783 3394 3818 :
3431 3783 3451 3814 ‹
3491 3765 3630 3826 Non,
3653 3767 3728 3816 in-

2145 3875 2164 3908 c
2197 3857 2332 3925 quit,
2357 3857 2409 3910 in
2437 3855 2758 3910 manufactis
2789 3855 2990 3910 sanctis
3017 3855 3176 3912 Jesus
3205 3857 3462 3911 introivit
3493 3857 3728 3926 exempla

2145 3967 2163 4000 ι
2196 3963 2446 4003 verorum
2467 3989 2481 4012 ,
2522 3948 2616 4003 sed
2650 3949 2702 4002 in
2734 3948 2908 4016 ipsum
2941 3946 3169 4010 etclam,
3209 3956 3270 4000 ut
3295 3955 3568 4014 appareat
3597 3961 3728 4000 nunc

2145 4059 2164 4091 ‹
2201 4040 2368 4094 vultui
2400 4040 2492 4094 Dei
2523 4055 2622 4108 pro
2647 4040 2834 4103 nobis;
2870 4052 3045 4108 neque
3069 4046 3127 4091 ut
3149 4052 3292 4106 stepe
3311 4035 3518 4090 oﬂ'erat
3545 4044 3730 4090 semet-

2145 4150 2164 4182 ι
2199 4132 2405 4201 ipsum,
2451 4130 2904 4200 quemadmodum
2931 4127 3176 4198 pontifex
3223 4129 3402 4181 intrat
3447 4128 3509 4181 in
3555 4135 3728 4180 sancta

2145 4240 2163 4273 ι
2198 4236 2296 4292 per
2333 4221 2572 4291 singulos
2605 4236 2778 4274 annos
2823 4219 2876 4273 in
2922 4219 3182 4288 sanguine
3225 4217 3450 4272 alieno:
3497 4217 3728 4287 alioquin

2145 4335 2162 4366 ι
2195 4315 2481 4384 oportebat
2516 4327 2639 4367 eum
2677 4309 2994 4380 frequenter
3022 4310 3133 4380 pati
3172 4309 3243 4363 ab
3274 4310 3500 4379 origine
3529 4309 3726 4362 mundi.

2145 4423 2164 4456 ι
2198 4404 2350 4459 Nunc
2380 4409 2564 4458 autem
2595 4402 2762 4457 semel
2804 4403 2860 4456 in
2899 4401 3376 4456 consummatione
3409 4401 3729 4455 seculorum

2144 4518 2162 4548 ι
2196 4497 2264 4552 ad
2293 4494 2715 4550 destructionem
2745 4495 2954 4564 peccati
2981 4508 3080 4563 per
3105 4492 3346 4546 hostiam
3379 4508 3546 4546 suam
3579 4508 3732 4562 appa-

460 4549 510 4568 ,-
530 4549 552 4554 -
594 4549 886 4564 --η-μην,
915 4549 965 4555 ν-
995 4549 1164 4570 ωηο-τ
1197 4549 1473 4571 “mo-vr—
1497 4549 1852 4570 ------ω-κ--,

460 4591 544 4645 dis
569 4592 675 4646 vita
712 4592 842 4647 solis
877 4593 1007 4648 dicit
1048 4593 1234 4648 electis
1275 4594 1426 4649 suis:
1462 4611 1480 4646 ‹
1514 4595 1815 4663 Comedite,
1841 4598 2030 4663 amici;

2143 4606 2160 4639 ι
2196 4549 2304 4642 ruit
2331 4584 2518 4657 (Ilebr.
2545 4601 2622 4650 Ix,
2645 4549 2762 4654 24):
2796 4605 2814 4637 ι
2875 4549 3010 4639 Hinc
3048 4599 3275 4654 prorsus
3315 4549 3728 4654 evidenter-ap-

467 4698 486 4734 ι
519 4681 686 4737 bibite
726 4691 782 4738 et
825 4683 1166 4737 inebriamini
1194 4723 1209 4749 ,
1261 4684 1566 4760 charissimi
1611 4684 1785 4755 (Cant.
1813 4703 1870 4752 v,
1901 4685 1973 4758 l).
2009 4705 2027 4737 ι

461 4771 598 4838 Quia
625 4787 812 4828 revera
855 4774 1056 4844 lignum
1081 4776 1207 4830 vitae
1245 4776 1374 4831 solis
1413 4778 1672 4831 membris
1711 4779 1846 4842 suis,
1874 4778 1924 4832 id
1951 4785 2036 4833 est

459 4862 675 4930 corpori
708 4878 825 4928 suo,
867 4865 958 4919 dat
997 4881 1193 4936 corpus
1228 4881 1382 4920 suum
1426 4867 1492 4922 de
1531 4882 1778 4937 corpore.
1824 4868 1892 4922 Et
1920 4869 2036 4938 ipse

461 4951 554 5021 qui
598 4952 844 5009 similiter
882 4965 967 5010 est
1003 4956 1127 5012 vitis
1169 4972 1317 5022 vera,
1364 4957 1674 5027 palmitibus
1720 4959 1773 5014 in
1816 4973 1876 5014 ea
1923 4975 2036 5014 ma-

461 5042 719 5098 nentibus
758 5045 848 5099 dat
881 5047 1169 5101 bibendum
1209 5049 1525 5118 sanguinem
1551 5064 1730 5114 suum,
1757 5051 1898 5105 sicut
1923 5051 2038 5122 ipse

462 5137 630 5191 dicit:
667 5154 687 5188 ι
718 5135 820 5205 Qui
860 5139 1145 5194 mamlucat
1187 5155 1405 5196 carnem
1447 5155 1644 5206 meam,
1673 5149 1728 5194 et
1753 5141 1891 5196 bibit
1916 5156 2038 5196 san-

467 5246 485 5279 ι
522 5229 739 5298 guinem
779 5244 978 5294 meum,
1021 5231 1072 5284 in
1112 5246 1198 5286 me
1239 5241 1440 5296 manet,
1478 5243 1654 5301 etcgo
1681 5233 1734 5287 in
1762 5248 1828 5288 eo
1853 5231 2036 5306 (Joan.

469 5340 489 5374 ι
525 5336 594 5387 vt,
623 5321 734 5392 57).
763 5341 784 5373 ο
841 5321 1119 5390 Reprobus
1161 5337 1291 5378 vero
1333 5324 1567 5380 mundus
1607 5326 1942 5380 manducans
1981 5333 2038 5380 et

462 5410 654 5467 bibens
695 5412 947 5480 indigne,
990 5411 1253 5480 judicium
1298 5414 1401 5468 sibi
1447 5413 1738 5469 manducat
1781 5424 1835 5469 et
1876 5415 2031 5470 bibit.

463 5499 582 5558 Non
623 5504 766 5558 enim
815 5505 1057 5573 pascitur
1095 5502 1364 5559 frumento
1404 5506 1728 5572 electorum,
1768 5506 2034 5576 quianon

463 5603 550 5650 est
589 5596 849 5659 triticum,
896 5595 991 5650 sed
1034 5593 1206 5676 palea,
1245 5593 1371 5650 licet
1414 5598 1824 5666 praesentialiter
1866 5598 1937 5654 sit
1981 5599 2036 5653 in

463 5701 614 5752 area;
630 5703 803 5755 neque
815 5695 1031 5756 potatur
1041 5689 1301 5759 sanguine
1317 5688 1548 5755 Domini,
1565 5691 1690 5760 quia
1703 5700 2036 5746 sarmentum

467 5774 650 5830 sterile
675 5789 782 5828 non
804 5785 985 5831 manet
1001 5777 1056 5831 in
1077 5778 1204 5842 vite,
1227 5776 1354 5832 licet
1377 5793 1496 5833 esse
1518 5781 1759 5835 videatur
1782 5781 1833 5836 in
1856 5783 2035 5834 vinea.

2137 4687 2310 4749 paret,
2339 4685 2396 4733 et
2421 4676 2555 4731 satis
2583 4675 2783 4744 liquido
2811 4675 3000 4739 claret,
3035 4689 3140 4728 non
3170 4673 3512 4744 oportuisse,
3539 4674 3726 4727 nedum

2137 4779 2404 4840 oportere,
2430 4767 2714 4822 Dominum
2737 4764 2918 4820 Jesum
2943 4765 3261 4834 frequenter
3283 4765 3398 4834 pati
3427 4765 3498 4818 ab
3522 4765 3730 4834 origine

2137 4861 2342 4916 mundi.
2401 4857 2536 4912 Nam
2579 4857 2626 4911 si
2667 4857 2883 4926 quando
2911 4855 3043 4911 Cain
3079 4853 3282 4909 occidit
3309 4854 3548 4908 fratrem
3581 4868 3726 4908 suum

2137 4954 2292 5020 Abel,
2341 4962 2470 5007 tunc
2495 4967 2688 5022 passus
2717 4950 2906 5004 fuisset
2932 4948 3179 5003 Christus
3198 4988 3214 5011 ,
3244 4959 3296 5002 et
3326 4948 3494 5002 tertia
3529 4948 3623 5003 die
3651 4963 3730 5002 re-

2141 5059 2369 5116 surgens
2398 5057 2617 5097 rursum
2647 5041 2912 5111 potuisset
2938 5039 3181 5107 eruciligi
3221 5046 3276 5092 ct
3309 5038 3530 5102 occidi,
3572 5046 3632 5092 et
3661 5039 3726 5090 ita

2140 5151 2351 5206 semper
2383 5135 2539 5190 tertia
2582 5135 2667 5189 die
2704 5146 2919 5187 crucem
2956 5138 3233 5200 pateretur
3261 5143 3440 5197 usque
3479 5130 3540 5182 in
3575 5129 3724 5182 linem

2141 5227 2356 5291 seculi;
2406 5225 2710 5281 nullatenus
2749 5233 2878 5277 tunc
2908 5222 3066 5276 toties
3096 5220 3367 5289 potuisset
3409 5235 3516 5274 nec
3555 5227 3723 5290 posset

2139 5322 2282 5390 pati,
2319 5320 2530 5388 quoties
2559 5332 2750 5388 passus
2777 5314 2966 5369 fuisset
2993 5323 3047 5368 et
3071 5321 3386 5382 pateretur,
3428 5314 3476 5366 si
3518 5329 3588 5368 cx
3624 5326 3724 5380 quo

2140 5420 2315 5483 empta
2348 5419 2474 5466 sunt
2513 5410 2799 5465 missarum
2829 5407 3094 5462 solemnia
3125 5407 3433 5472 celebrari,
3471 5407 3724 5462 voluisset

2141 5501 2305 5574 (quod
2335 5500 2498 5570 absit)
2528 5508 2640 5554 toto
2669 5507 2937 5552 terrarum
2980 5500 3114 5552 orbe
3157 5507 3214 5553 et
3259 5497 3426 5551 vellet
3461 5510 3636 5564 usque
3671 5495 3720 5546 in

2141 5595 2302 5650 linem
2334 5593 2520 5648 mundi
2551 5591 2614 5645 ad
2643 5589 2881 5660 singulas
2909 5590 3124 5654 missas,
3164 5601 3288 5658 quae.
3315 5589 3566 5658 quotidie
3605 5585 3722 5639 mil-

2142 5686 2284 5742 libus
2320 5694 2373 5739 et
2408 5683 2704 5738 innumeris
2734 5682 2813 5754 [in
2847 5681 3002 5753 locis]
3037 5681 3414 5746 celebrantur,
3445 5683 3580 5750 pati.
3619 5677 3718 5730 Sed

2143 5795 2330 5834 revera
2355 5776 2806 5835 quemadmodum
2831 5788 3173 5845 nequaquam
3205 5783 3334 5828 tunc
3363 5774 3420 5827 in
3445 5786 3604 5827 circa
3626 5781 3712 5824 sua
