3938 6334
223 377 336 435 I517

1598 361 1979 418 EPISTOLIE.

3305 365 3442 422 I5I8

220 510 388 574 passus
415 499 499 550 est
561 491 778 562 quando
803 487 1054 560 primitus
1080 499 1147 542 ex
1175 499 1315 556 pane
1350 489 1405 538 et
1431 480 1555 536 vino
1581 479 1769 548 digna—
1795 478 1848 538 Α
1873 493 2042 532 unum
2071 478 2141 534 sit
2165 493 2362 549 corpus
2389 480 2547 535 unius
2566 479 2705 552 Agni
2731 499 2744 534 :
2776 491 2830 538 et
2856 481 2959 538 hoc
2988 481 3211 550 idcirco,
3237 483 3363 554 quia
3387 495 3443 539 et

222 601 294 646 tus
325 595 405 644 est
433 599 620 640 verum
663 596 858 652 corpus
903 587 961 636 et
1001 579 1319 648 sanguinem
1360 591 1515 632 suum
1555 587 1762 637 creare,

219 692 540 742 consecrare,
571 682 628 730 et
651 672 928 744 discipulis
956 671 1068 727 suis
1096 672 1248 734 dare,
1279 675 1530 724 manente
1557 667 1768 734 integro

219 773 434 830 humano
485 781 709 838 corpore
755 780 895 820 suo:
951 765 1025 818 ita
1073 762 1378 818 nullatenus
1425 756 1768 830 postmodum

217 877 390 936 passus
416 867 532 925 est,
577 859 782 929 patitur
815 856 900 911 vel
940 856 1196 927 patietur,
1229 853 1440 924 quoties
1476 866 1671 920 corpus
1716 858 1771 904 et

218 953 517 1024 sanguinem
548 964 704 1004 suum
733 963 801 1003 ex
828 962 968 1018 pane
993 955 1145 1002 creat
1171 953 1226 1000 et
1253 946 1396 1000 vino.
1435 942 1588 1010 Quod
1615 957 1769 1012 aper-

218 1047 404 1101 tissime
432 1042 666 1112 probans
691 1038 998 1108 Apostolus,
1029 1053 1150 1092 cum
1179 1035 1448 1090 divisisset
1474 1033 1602 1088 illud
1627 1032 1770 1102 quod

215 1134 431 1205 positum
458 1130 725 1200 superius,
756 1143 898 1182 nunc
927 1135 1106 1181 autem
1138 1123 1303 1180 semel
1331 1123 1596 1194 apparuit,
1626 1120 1768 1175 illico

215 1224 537 1282 subinfenens
555 1222 659 1276 ait:
681 1239 700 1272 ς
721 1221 786 1274 Et
807 1218 1253 1289 quemadmodum
1281 1223 1538 1271 statutum
1565 1221 1648 1268 est
1673 1213 1772 1266 ho-

221 1337 237 1369 ι
267 1316 492 1372 minibus
527 1315 696 1366 semel
728 1311 900 1376 mori,
946 1318 1069 1380 post
1104 1311 1206 1364 hoc
1246 1317 1427 1362 autem
1460 1305 1724 1374 judicium
1753 1321 1766 1358 :

221 1427 236 1458 ι
268 1408 339 1462 sic
375 1415 430 1462 et
459 1405 708 1461 Christus
755 1401 923 1457 semel
970 1401 1183 1456 oblatus
1231 1407 1316 1455 est
1357 1398 1432 1453 ad
1480 1395 1770 1450 multorum

219 1519 237 1551 ι
265 1497 619 1554 exhaurienda
647 1501 900 1564 peccata;
939 1492 1174 1547 secundo
1203 1491 1319 1545 sine
1354 1495 1580 1558 peccato
1608 1499 1772 1554 appa-

215 1609 237 1643 r
267 1589 395 1644 rebit
419 1586 862 1656 exspectantibus
877 1600 934 1639 se
957 1584 1008 1638 in
1031 1583 1254 1637 salutem
1269 1580 1319 1651 (I
1327 1580 1413 1632 bid
1420 1617 1456 1644 .,
1471 1593 1602 1632 vers.
1620 1575 1732 1646 27).
1746 1593 1764 1625 ›

213 1682 312 1736 Deo
339 1679 557 1750 gratias,
587 1686 761 1747 patet,
795 1676 996 1745 placet,
1039 1673 1170 1728 libet
1197 1672 1427 1734 veritas;
1461 1676 1732 1740 prostrata
1753 1707 1768 1732 ,

209 1779 470 1844 perempta
495 1769 635 1838 jacet
658 1767 864 1822 falsitas
887 1785 900 1820 :
933 1765 1059 1835 quia
1083 1763 1337 1818 nimirum
1365 1776 1487 1817 cum
1511 1759 1770 1815 Dominus

1872 568 2001 624 illud
2049 578 2130 624 et.
2153 570 2296 625 istud
2325 587 2511 625 verum
2557 580 2642 626 est
2685 587 2916 642 corpus,
2961 582 3016 628 et
3044 589 3172 629 vera
3198 574 3444 646 pariliter

1870 677 2017 718 caro.
2052 662 2205 730 Quod
2232 672 2292 717 ut
2315 663 2656 720 manifestius
2682 663 2793 729 fiat,
2821 666 3083 736 exemplis
3106 667 3446 724 evidentibus

1870 753 2131 824 probabo.
2167 753 2337 823 Ipsius
2367 755 2579 811 Domini
2607 753 2807 810 Christi
2836 765 2921 812 est
2947 756 3106 822 alius,
3138 773 3247 813 non
3277 758 3444 830 (quod

1872 845 2050 914 absit)
2099 847 2476 915 personaliter,
2527 848 2621 903 sed
2666 848 2985 904 naturaliter
3028 850 3249 920 spiritus
3292 851 3447 922 juxta

1871 939 2230 1004 divinitatem,
2263 941 2398 996 alius
2433 941 2754 995 naturaliter
2780 942 2998 1010 spiritus
3017 951 3171 1012 juxta
3199 945 3447 999 Immani-

1872 1037 2036 1084 tatcm
2063 1049 2074 1083 :
2109 1031 2269 1085 simul
2297 1043 2476 1086 tamen
2506 1047 2612 1086 non
2643 1033 2765 1095 duo,
2800 1039 2891 1088 sed
2916 1049 3054 1088 unus
3080 1043 3164 1089 est
3190 1050 3447 1104 persona-

1872 1121 1996 1175 liter
2016 1122 2237 1190 spiritus
2257 1131 2478 1192 propter
2499 1125 2644 1178 unita
2655 1134 2758 1178 tem
2782 1139 3042 1192 personze.
3067 1126 3201 1180 Nam
3225 1127 3446 1197 spiritus

1871 1210 2012 1266 Deus
2041 1211 2131 1266 Dei
2164 1211 2352 1277 Filius,
2383 1214 2603 1281 spiritus
2637 1215 2836 1284 ubique
2866 1221 3030 1280 totus,
3069 1232 3332 1286 nusquam
3361 1233 3449 1272 re-

1871 1310 2090 1356 motus:
2145 1309 2200 1355 et
2242 1303 2464 1373 spiritus
2513 1305 2748 1360 hominis
2793 1315 3028 1372 creatus,
3083 1322 3145 1362 ac
3193 1323 3292 1378 per
3343 1310 3447 1364 hoc

1869 1393 2060 1449 localis
2090 1403 2250 1464 atque
2277 1396 2749 1466 circumscriptus,
2801 1399 2867 1454 de
2909 1414 3018 1470 quo
3051 1400 3177 1456 dicit
3208 1402 3450 1472 Evange-

1871 1482 2043 1538 lium:
2080 1504 2098 1536 ‹
2128 1486 2197 1540 Ει
2243 1486 2504 1542 inclinato
2546 1489 2722 1558 capite
2751 1489 2928 1544 emisit
2969 1491 3216 1561 spiritum
3262 1491 3445 1564 (Joan.

1872 1593 1985 1644 nx,
2013 1579 2124 1650 50).
2161 1599 2179 1630 ι
2213 1579 2648 1651 Uniuscujusque
2677 1591 2926 1638 nostrum
2955 1583 3090 1638 alius
3118 1595 3201 1640 est
3229 1594 3440 1642 natura-

1871 1671 1996 1725 liter
2020 1670 2182 1726 homo
2201 1673 2462 1738 exterior,
2491 1673 2628 1728 alius
2656 1674 2902 1741 interior,
2927 1674 3142 1729 dicente
3159 1675 3445 1750 Apostolo:

1877 1782 1893 1813 ι
1929 1763 1995 1816 Ει
2025 1763 2069 1818 si
2099 1764 2336 1820 exterior
2363 1765 2526 1821 homo
2561 1774 2745 1821 noster
2775 1769 3163 1838 corrumpitur,
3194 1777 3372 1825 tamen
3405 1772 3450 1825 is

210 1829 260 1918 in
289 1829 438 1918 conia
470 1829 565 1915 sua
602 1859 748 1914 dedit
776 1829 1210 1912 manducandum
1241 1867 1456 1922 corpus,
1495 1861 1550 1906 et
1581 1850 1770 1906 biben-
1797 1829 1845 1888 Β
1879 1872 1896 1904 ι
1929 1853 2021 1922 qui
2057 1853 2202 1908 intus
2232 1863 2350 1919 est,
2401 1864 2694 1910 ren0vatur
2726 1857 2792 1912 de
2829 1857 2916 1911 die
2951 1829 3013 1913 in
3036 1829 3179 1913 diem
3208 1859 3294 1931 (II
3325 1860 3448 1916 Cor.

210 1955 326 2010 dum
357 1955 669 2025 sanguinem
695 1967 874 2015 suum,
900 1950 1036 2005 nihil
1061 1949 1188 2005 mali
1220 1947 1382 2003 fuerit
1413 1961 1626 2017 passus,
1649 1961 1773 2000 cum

210 2055 381 2100 tamen
427 2047 603 2100 adhuc
649 2052 794 2099 esset
845 2042 1118 2113 passibilis
1170 2050 1226 2095 et
1273 2039 1560 2094 mortalis:
1604 2037 1773 2094 multo

207 2141 374 2196 minus
410 2153 697 2210 resurgens
729 2153 761 2192 a
796 2136 1024 2191 mortuis
1052 2134 1397 2206 postmodum
1431 2147 1624 2202 passus
1665 2138 1771 2196 est,

205 2231 420 2302 patitur,
455 2231 540 2285 vel
575 2229 814 2299 patietur
841 2242 1066 2282 manens
1098 2225 1448 2296 impassibilis
1476 2232 1529 2279 et
1555 2224 1776 2279 immor-

207 2321 342 2387 talis,
370 2321 582 2376 dicente
605 2319 898 2390 Apostolo:
931 2337 948 2369 ι
979 2317 1227 2374 Christus
1257 2330 1544 2388 resurgens
1572 2330 1601 2368 a
1631 2329 1776 2369 mor-

210 2432 228 2466 r
259 2410 362 2466 tuis
395 2411 507 2482 jam
549 2424 654 2464 non
697 2409 957 2474 moritur;
992 2424 1144 2464 mors
1172 2408 1245 2461 illi
1288 2407 1427 2462 ultra
1463 2422 1570 2461 non
1607 2406 1776 2461 domi-

209 2524 230 2557 c
260 2499 662 2575 nabitur(Ro'm.
681 2501 778 2573 ix).
803 2522 820 2553 ι
841 2501 978 2558 Ecce
1003 2501 1180 2571 qualia
1203 2501 1490 2555 missarum
1512 2499 1775 2554 solemnia

201 2595 538 2653 celebrantur
570 2595 638 2649 ab
664 2593 754 2648 illo
780 2593 944 2648 nimis
968 2593 1125 2664 longe
1153 2591 1368 2660 lateque
1399 2589 1618 2644 laudato
1646 2603 1777 2658 pon-

203 2687 343 2742 tiﬁce
367 2699 416 2751 ι,
458 2685 549 2754 qui
584 2700 685 2756 pro
714 2684 843 2739 solis
871 2683 1117 2754 reprobis
1143 2682 1260 2737 vult
1299 2689 1353 2736 et
1390 2681 1648 2751 praedicat
1673 2679 1777 2734 Do-

204 2780 405 2834 minum
451 2778 619 2832 Deum
663 2785 908 2831 nostrum
946 2775 1108 2829 toties
1157 2773 1466 2844 passionem
1513 2769 1774 2840 perferre,

195 2871 409 2942 quoties
437 2871 505 2925 ad
533 2868 701 2923 altare
729 2874 1126 2923 sacramentum
1157 2864 1399 2934 corporis
1424 2871 1479 2917 et
1503 2862 1779 2933 sanguinis

203 2963 412 3020 Domini
448 2961 645 3030 satagit
674 2960 928 3016 sacerdos
967 2957 1197 3024 offerre;
1247 2971 1370 3012 cum
1417 2970 1607 3010 rursus
1651 2954 1780 3008 dicit

199 3053 484 3123 Apostolus
509 3069 522 3106 :
555 3069 573 3102 ‹
603 3050 660 3104 In
688 3050 963 3104 voluntate
993 3049 1086 3102 Dei
1115 3046 1438 3102 sanctificati
1468 3061 1654 3100 sumus
1682 3059 1782 3114 per

205 3167 223 3199 ς
253 3146 579 3202 oblationem
601 3142 847 3213 corporis
865 3141 992 3196 Jcsu
1015 3140 1216 3195 Christi
1239 3138 1458 3194 semel.»
1485 3135 1779 3203 Item,cIIic

205 3258 224 3288 ‹
255 3246 435 3292 autem
482 3251 642 3288 unam
692 3249 791 3305 pro
836 3233 1074 3303 peccatis
1117 3229 1350 3286 offerens
1401 3229 1631 3284 hostiam
1659 3267 1675 3293 ,
1723 3227 1777 3280 in

201 3346 222 3380 ‹
257 3328 642 3397 sempiternum
681 3325 837 3380 sedet
871 3323 938 3378 ad
980 3323 1255 3378 dexteram
1294 3321 1426 3386 Dei,
1472 3319 1538 3374 de
1578 3326 1778 3373 czetcro

199 3436 222 3471 α
252 3428 576 3490 exspectans
604 3421 774 3473 donec
809 3426 1078 3487 ponantur
1107 3414 1310 3469 inimici
1340 3413 1456 3484 ejus
1485 3411 1777 3468 scabellum

198 3527 219 3560 ι
251 3510 448 3580 pedum
477 3509 613 3578 ejus.
646 3507 821 3563 Unam
849 3507 990 3561 enim
1021 3505 1352 3560 oblationem
1382 3501 1780 3558 consummavit

193 3618 219 3651 ς
253 3601 309 3654 in
339 3599 726 3667 sempiternum
754 3596 1127 3650 sanctilicatis.
1163 3593 1349 3664 (Hebr.
1376 3609 1434 3658 x,
1461 3591 1571 3662 10).
1602 3611 1620 3642 ι

267 3692 321 3744 7.
366 3690 472 3746 Sed
503 3699 562 3744 ut
588 3689 805 3744 tandem
833 3688 1123 3758 aliquando
1151 3688 1290 3741 hanc
1316 3685 1572 3740 adversus
1601 3685 1780 3740 inimi-

185 3799 320 3840 cum
366 3781 612 3836 veritatis
653 3776 1165 3849 disputatiunculam
1206 3776 1314 3830 Deo
1361 3776 1595 3831 donante
1635 3774 1782 3830 clau-

187 3877 353 3940 dam,
401 3873 612 3929 noverit
658 3871 750 3941 qui
795 3871 898 3925 hoc
941 3869 1105 3933 dicit,
1158 3869 1302 3938 quod
1338 3867 1599 3923 Dominus
1625 3865 1783 3921 Jesus

187 3963 506 4022 nullatenus
537 3962 663 4018 illuc
692 3977 906 4018 rursum
934 3962 1046 4032 pati
1078 3961 1255 4026 venit,
1295 3961 1438 4030 quod
1469 3975 1577 4014 non
1604 3967 1785 4030 potest

181 4073 318 4115 esse
347 4077 360 4111 :
405 4057 500 4112 sed
538 4071 733 4128 panem
767 4063 822 4110 et
853 4055 1038 4109 vinum
1071 4055 1124 4108 in
1151 4069 1350 4124 corpus
1379 4061 1435 4108 et
1463 4055 1782 4124 sanguinem

183 4165 353 4206 suum
383 4149 750 4204 consecrando
776 4149 927 4204 venit
951 4156 1197 4214 vertere,
1240 4147 1384 4218 quod
1428 4146 1584 4201 nobis
1621 4146 1784 4201 nimis

179 4252 276 4300 est
309 4259 550 4300 necesse.
605 4243 834 4299 Mundus
882 4244 1042 4315 igitur
1088 4243 1325 4307 electus,
1371 4241 1612 4296 Ecclesia
1645 4241 1782 4306 Dei,

179 4349 396 4405 sponsa
422 4334 656 4399 Christi,
695 4333 1000 4388 nullatenus
1027 4334 1216 4399 debet,
1258 4349 1360 4388 nec
1392 4333 1577 4402 utique
1606 4340 1786 4402 potest

182 4424 267 4482 ibi
308 4423 595 4478 Dominum
623 4438 812 4478 rursus
843 4424 980 4478 mori
1011 4423 1341 4488 desiderare,
1373 4423 1464 4478 ubi
1497 4437 1636 4478 novo
1660 4437 1782 4478 cor-

1880 1963 1898 1995 ι
1932 1961 2003 2008 rv,
2035 1944 2144 2016 l6).
2167 1966 2186 1998 ι
2228 1944 2401 2000 Simul
2419 1957 2608 2002 autem
2637 1963 2745 2003 non
2776 1949 3020 2005 homines
3047 1951 3171 2017 duo,
3196 1953 3288 2007 sed
3314 1969 3452 2008 unus

1874 2045 1958 2091 est
2001 2039 2183 2102 homo,
2237 2046 2374 2091 teste
2413 2038 2529 2107 ipso
2563 2036 2780 2094 Christo
2827 2041 2918 2109 qui
2966 2049 3138 2096 totum
3178 2043 3454 2098 hominem

1875 2127 2005 2183 fecit
2035 2145 2227 2184 sanum
2257 2129 2312 2184 in
2343 2130 2589 2186 sabbato.
2645 2130 2799 2186 Alius
2843 2140 2928 2187 est
2969 2134 3190 2202 spiritus
3217 2134 3313 2190 Dei
3342 2176 3354 2201 ,
3400 2145 3455 2190 et
3555 2171 3558 2174 ~

1875 2216 2014 2272 alius
2041 2227 2127 2273 est
2157 2217 2390 2274 hominis
2421 2220 2684 2290 spiritus:
2727 2229 2780 2276 et
2819 2230 2998 2277 tamen
3031 2240 3050 2274 ‹
3083 2224 3174 2293 qui
3215 2225 3456 2280 adhaeret

1881 2327 1899 2359 ι
1932 2308 2188 2372 Domino,
2238 2325 2376 2365 unus
2417 2310 2640 2380 spiritus
2680 2321 2761 2367 est
2793 2311 2842 2384 (ι
2870 2311 2992 2366 Cor.
3019 2329 3095 2378 vt,
3124 2313 3231 2385 l7).
3265 2335 3284 2367 ο
3337 2315 3456 2371 Alia

1876 2408 1960 2454 est
1986 2401 2348 2472 personaliter
2382 2418 2512 2459 caro
2543 2405 2662 2469 viri,
2697 2405 2801 2460 alia
2831 2407 3054 2462 uxoris:
3089 2407 3248 2462 simul
3274 2418 3455 2464 autem

1877 2509 1982 2548 una
2021 2503 2106 2550 est
2145 2511 2289 2562 caro,
2329 2497 2544 2553 dicente
2580 2497 2898 2569 Scriptura:
2929 2519 2949 2552 ί
2982 2501 3049 2554 Ει
3077 2511 3238 2557 erunt
3267 2503 3372 2559 duo
3401 2504 3459 2558 in

1884 2605 1901 2637 ι
1933 2602 2100 2642 carne
2127 2605 2232 2644 una
2264 2590 2454 2662 (Ibid.,
2484 2608 2615 2647 vers.
2647 2593 2755 2665 16).
2789 2612 2806 2644 ›
2861 2593 3013 2660 Quod
3043 2611 3319 2666 exponens
3347 2599 3456 2654 Do-

1879 2680 2058 2734 minus
2085 2682 2161 2735 ait
2195 2683 2249 2737 in
2276 2684 2569 2755 Evangelio
2595 2703 2609 2738 :
2642 2705 2660 2736 ί
2690 2686 2875 2755 Itaque
2897 2687 3011 2757 jam
3040 2704 3146 2742 non
3175 2698 3300 2744 sunt
3327 2691 3454 2756 duo,

1886 2793 1904 2824 ι
1936 2774 2030 2830 sed
2061 2791 2160 2830 una
2191 2792 2319 2831 caro
2347 2777 2562 2848 (Matth.
2589 2795 2700 2844 XIX,
2728 2779 2804 2850 6).
2837 2799 2855 2829 ι
2910 2779 3062 2846 Quod
3105 2781 3459 2837 historialiter

1881 2867 2096 2934 quidem
2128 2867 2327 2922 factum
2359 2869 2536 2924 sciens
2563 2870 2852 2940 Apostolus
2881 2871 2933 2924 in
2961 2871 3132 2926 Adam
3159 2873 3294 2928 etin
3323 2874 3458 2938 Eva,

1883 2967 2282 3012 sacramentum
2315 2967 2495 3014 tamen
2529 2975 2781 3030 magnum
2813 2962 3168 3030 spiritualiter
3197 2965 3463 3035 interpre-

1885 3057 2031 3104 tatur
2060 3050 2112 3103 in
2141 3049 2357 3106 Christo
2387 3061 2440 3106 et
2467 3053 2521 3106 in
2552 3052 2816 3108 Ecclesia.
2866 3054 3009 3126 Ergo
3036 3055 3147 3123 jam
3181 3058 3338 3112 modo
3367 3074 3464 3129 pa-

1885 3147 2016 3205 teat,
2039 3140 2266 3210 placeat,
2293 3141 2478 3207 libeat,
2507 3158 2656 3214 rogo,
2681 3144 2821 3214 quod
2850 3146 2992 3200 Deus
3020 3147 3201 3213 homo,
3223 3147 3461 3205 Verbum

1883 3245 2013 3285 caro
2042 3231 2134 3286 dat
2159 3232 2412 3288 Ecclesiae
2441 3250 2551 3289 sua:
2571 3276 2584 3300 ,
2635 3250 2843 3304 spons:e
2885 3252 3026 3302 suae,
3073 3239 3223 3294 carni
3257 3241 3466 3296 scilicet

1883 3338 2024 3387 suae,
2063 3324 2492 3379 manducandam
2521 3341 2738 3381 carnem
2771 3343 2922 3381 suam
2953 3328 3018 3383 de
3047 3331 3339 3402 semetipso
3368 3332 3463 3388 Dei

1881 3413 2055 3485 Agno,
2093 3431 2307 3487 semper
2335 3426 2513 3472 tamen
2543 3426 2791 3474 manente
2819 3421 2957 3486 vivo,
2991 3437 3204 3493 semper
3232 3425 3460 3495 integro.

1880 3505 2050 3576 Igitur
2075 3521 2250 3561 suam.
2289 3506 2478 3573 Lucet,
2510 3508 2707 3578 placet,
2737 3509 2888 3576 libet,
2916 3513 3058 3581 quod
3084 3512 3190 3566 alia
3217 3516 3467 3584 speciali-

1884 3605 1968 3651 ter
2000 3607 2084 3653 est
2113 3615 2240 3654 caro
2274 3600 2782 3671 inconsumptibilis,
2814 3612 2868 3659 et
2899 3603 3004 3658 alia
3033 3607 3380 3675 sumptibilis,
3409 3619 3468 3662 et

1883 3689 1988 3744 alia
2021 3691 2326 3759 specialiter
2355 3695 2720 3762 corruptibilis
2763 3695 2970 3766 (Hei-ig.
3001 3715 3114 3768 cap.
3142 3699 3197 3770 5)
3227 3719 3240 3753 :
3284 3711 3466 3757 tamen

1887 3797 1917 3836 a
1950 3783 2111 3836 dante
2148 3798 2312 3838 carne
2349 3783 2530 3838 datam
2560 3801 2779 3840 carnem
2826 3789 3100 3858 accipiens
3143 3805 3272 3847 caro
3317 3795 3466 3849 salu-

1885 3871 2059 3927 briter
2092 3875 2373 3940 sumendo,
2405 3873 2585 3930 futura
2615 3877 3077 3949 incorruptibilis;
3117 3883 3469 3943 nihilominus

1887 3981 2104 4036 quoque
2153 3967 2314 4022 debet
2363 3969 2566 4036 lucere,
2619 3972 2852 4042 placere,
2909 3973 3098 4040 libere,
3133 3980 3274 4046 quod
3310 3981 3472 4035 simul

1887 4075 1992 4114 una
2025 4066 2111 4114 est
2140 4059 2460 4128 naturaliter
2487 4077 2615 4118 caro
2645 4063 2798 4128 dans,
2826 4065 2972 4130 data,
2997 4067 3297 4136 accipiens;
3328 4071 3473 4128 vidc-

1887 4150 2015 4205 licet
2038 4150 2341 4218 invisibilis,
2367 4156 2654 4219 vescenda,
2676 4169 2933 4220 vescens;
2956 4157 3466 4230 inconsumptibilis,

1887 4243 2181 4308 sumenda,
2215 4259 2474 4300 sumens:
2513 4247 2866 4316 quoadusque
2906 4249 3117 4306 scilicet
3151 4252 3466 4310 inconsum-

1888 4332 2090 4403 ptibilis
2119 4347 2218 4403 per
2244 4337 2562 4392 sumendam
2591 4339 2671 4393 sic
2700 4351 2999 4396 sumentem
3033 4343 3321 4402 reficiendo
3349 4362 3473 4418 per-

1888 4428 2067 4494 ﬁciat,
2126 4437 2186 4484 ut
2231 4431 2483 4486 exhibeat
2511 4432 2614 4487 sibi
2652 4433 2974 4503 gloriosam,
3025 4451 3134 4492 non
3180 4438 3471 4496 habentem

176 4530 328 4587 pore
371 4522 426 4570 et
462 4515 723 4587 sanguine
753 4529 852 4569 suo
878 4516 1026 4570 venit
1053 4530 1176 4570 eum
1203 4514 1497 4578 viviﬁcare,
1531 4527 1778 4584 pascere,
1809 4543 1860 4603 Ι)
1888 4519 2152 4575 maculam
2190 4530 2282 4575 aut
2316 4538 2537 4594 rugam,
2582 4532 2676 4578 aut
2705 4523 2848 4580 aliud
2877 4525 3179 4597 ejusmodi,
3219 4536 3273 4583 et
3305 4545 3470 4585 unam

175 4614 408 4677 potare,
434 4615 488 4661 et
509 4622 606 4677 per
626 4605 866 4676 singulos
889 4606 1006 4661 dies
1029 4620 1158 4662 vere
1179 4608 1196 4625 ⁹
1217 4606 1376 4660 simul
1405 4622 1471 4661 ac
1496 4619 1778 4660 renovare.

175 4696 342 4753 Sane
369 4697 645 4752 sciendum
671 4707 754 4753 est
778 4698 932 4753 nobis
959 4698 1290 4763 omnimodo,
1311 4698 1455 4768 quod
1485 4697 1613 4752 licet
1639 4696 1786 4752 aliud

175 4789 507 4861 specialiter
532 4805 729 4860 corpus
754 4790 975 4857 Christi,
1010 4791 1152 4846 unde
1183 4791 1434 4861 superius
1463 4791 1605 4856 dixi,
1643 4792 1787 4862 quod

171 4883 352 4938 sedet
393 4883 460 4936 ad
509 4883 790 4937 dexteram
820 4883 949 4949 Dei;
1001 4891 1056 4938 et
1098 4882 1241 4937 aliud
1290 4882 1598 4952 specialiter
1641 4884 1784 4940 istud

170 4973 343 5043 quod
383 4973 640 5029 divinitus
678 4983 897 5029 creatur
942 4983 1000 5029 et
1044 4981 1394 5029 consecratur
1422 4975 1662 5044 quotidie
1688 4990 1787 5031 no-

169 5079 322 5119 vum
350 5083 366 5120 :
402 5065 564 5120 simul
598 5075 777 5121 tamen
829 5082 940 5122 non
990 5066 1097 5121 duo
1124 5075 1251 5120 sunt
1276 5065 1442 5137 (quod
1473 5066 1632 5139 absit)
1663 5082 1786 5123 cor-

166 5172 347 5228 pora,
381 5157 478 5212 sed
503 5173 668 5212 unum
694 5173 708 5212 :
739 5157 1006 5229 siquidem
1031 5158 1174 5213 sicut
1196 5173 1394 5229 corpus
1420 5168 1475 5213 et
1502 5167 1780 5225 carnatus,

165 5248 268 5304 sic
299 5249 474 5304 etiam
502 5249 682 5304 homo.
736 5249 884 5304 Istud
910 5258 1091 5304 autem
1134 5265 1242 5305 non
1281 5258 1368 5322 est
1409 5251 1609 5317 homo,
1657 5251 1784 5308 licet

167 5353 320 5392 vera
357 5339 431 5394 sit
459 5354 624 5394 caro:
663 5349 1034 5396 verumtamen
1063 5350 1120 5395 et
1146 5341 1277 5396 illud
1313 5357 1507 5412 corpus
1545 5351 1601 5397 et
1637 5343 1780 5399 istud

163 5432 378 5500 quod,
424 5432 565 5488 sicut
610 5433 687 5487 ait
737 5443 958 5489 sanctus
986 5435 1338 5504 Augustinus,
1372 5437 1698 5492 transfertur
1726 5439 1783 5493 in

164 5522 352 5577 illud.
407 5522 488 5578 0b
515 5523 569 5578 id
597 5539 702 5580 non
730 5524 836 5580 duo
867 5533 992 5580 sunt
1021 5537 1251 5595 corpora
1270 5568 1284 5589 ,
1318 5526 1411 5580 sed
1441 5543 1627 5594 unum,
1659 5528 1786 5584 licet

160 5613 342 5667 aliud
387 5613 458 5668 sit
498 5613 806 5684 specialiter
833 5615 984 5682 illud,
1017 5615 1161 5671 aliud
1191 5617 1374 5672 istud:
1406 5617 1532 5686 quia
1562 5635 1786 5689 prorsus

159 5707 368 5775 adeps
400 5705 488 5762 ille
519 5707 800 5776 frumenti,
834 5710 887 5766 id
917 5719 1002 5766 est
1030 5709 1286 5766 divinitas
1313 5709 1511 5778 Verbi,
1557 5713 1686 5770 facit
1727 5727 1786 5772 ut

1890 4628 2074 4668 secum
2099 4612 2261 4684 (sicut
2281 4613 2384 4686 est)
2407 4630 2626 4671 carnem
2651 4616 2820 4687 gratis
2841 4617 2908 4674 ad
2930 4618 3162 4690 gloriam
3188 4620 3468 4690 perducat.

1889 4705 2082 4762 Amen.

2450 4799 2782 4857 EPISTULA
2819 4803 2904 4858 IV.

2278 4907 2346 4946 ΑΙ)
2381 4907 2690 4947 HINCHABUM
2732 4908 3069 4949 RBEMENSEM.

2448 4984 2468 5046 [
2495 4983 2564 5033 Ex
2597 4984 2870 5034 Sirmoudo.
2897 4987 2917 5048 ]

1959 5073 2418 5130 Reverentissimo
2445 5082 2502 5130 et
2529 5073 3029 5131 desiderantissimo
3053 5075 3240 5144 fratri,
3269 5085 3326 5136 et
3349 5093 3466 5136 me-

1887 5165 1990 5220 rito
2015 5174 2175 5220 rectae
2196 5164 2320 5220 fidei
2349 5180 2414 5220 ac
2443 5179 2586 5220 sana:
2612 5163 2960 5235 professionis
3002 5167 3070 5222 ab
3099 5167 3350 5224 omnibus
3379 5183 3474 5223 ca-

1886 5257 2098 5314 tholicis
2123 5258 2224 5313 rite
2249 5257 2588 5324 venerando,
2617 5256 2898 5314 I‘IINCMARO
2925 5259 3188 5330 pontifici,
3223 5261 3475 5317 Haemus

1887 5365 2164 5407 servorum
2211 5349 2307 5406 Dei
2355 5365 2544 5408 servus
2584 5350 2639 5406 in
2669 5350 2898 5407 Domino
2924 5360 3183 5408 :eternam
3213 5361 3365 5409 outat
3390 5368 3478 5408 sa-

1884 5442 2074 5498 lutem.

1958 5533 2213 5590 Proximo
2240 5549 2388 5600 vere,
2417 5534 2521 5590 hoc
2549 5543 2632 5590 est
2663 5536 2716 5590 in
2745 5533 2939 5591 Martio
2963 5550 3167 5601 mense.
3197 5537 3250 5591 in
3280 5535 3474 5592 diebus

1891 5625 2360 5697 Quadragesimte,
2395 5625 2866 5697 appropinquante
2920 5626 3170 5682 Paschali
3216 5626 3478 5684 solemni-

1894 5725 2023 5783 tate,
2053 5728 2232 5774 vester
2256 5717 2478 5774 nuntius
2510 5717 2578 5774 ad
2607 5733 2695 5775 me
2724 5718 2948 5775 veniens
2969 5719 3207 5789 portavit
3237 5726 3478 5774 vestram

255 5831 287 5861 ι
344 5819 568 5876 Scilicet
619 5821 941 5893 Parrhasio,
1000 5827 1418 5901 quemoironice
1468 5829 1776 5898 pontificem
1818 5843 1998 5890 vocat.
