3938 6334
428 361 562 417 1519

1060 357 1120 411 Β.
1167 356 1415 411 BABANI
1451 355 1669 411 MAURI
1707 353 2025 410 ARCHIEP.
2069 352 2371 409 MUGUNT.
2405 351 2688 408 UPERUM
2722 351 2901 408 PARS
2939 351 3021 406 111.

3542 352 3684 406 ίεεο

425 476 726 544 epistulare,
771 471 929 525 simul
968 481 1022 526 et
1057 469 1374 540 opusculum
1414 467 1558 537 quod
1583 466 1793 520 fecistis
1820 466 1887 519 ad
1915 481 2001 520 re-
2029 468 2081 526 Α
2111 484 2128 516 ι
2167 465 2308 520 Deus
2335 480 2434 534 pro
2459 465 2635 530 nobis,
2673 466 2797 534 quis
2825 468 3016 519 contra
3041 464 3172 517 nos?
3200 462 3303 530 Qui
3340 463 3510 517 etiam
3547 479 3683 534 pro-

427 565 606 620 clusos
645 570 700 617 et
741 560 1017 630 simplices
1047 561 1138 629 qui
1184 559 1240 613 in
1281 567 1458 612 vestra
1500 556 1756 626 parochia
1790 555 2001 610 consis-

426 662 578 720 tunt,
629 661 817 708 contra
868 650 1170 706 Gotescalci
1213 663 1476 704 errorem.
1522 645 1796 702 Aﬁ'erebat
1836 647 2002 702 etiam

425 759 612 799 secum
657 742 885 796 aliorum
917 742 1140 812 scripta,
1171 739 1264 808 qui
1299 737 1685 809 propemodum
1719 735 2002 790 memorati

424 835 666 890 iueretici
710 834 901 903 dogma
947 838 1267 901 sequuntur,
1307 829 1402 884 sed
1448 844 1555 883 non
1589 839 1999 897 usquequaque.

425 927 561 981 Nam
605 926 928 980 Prudentius
960 923 1282 978 Tricassinte
1316 920 1554 976 civitatis
1583 920 1889 989 episcopus,
1933 915 2001 970 ad

425 1033 524 1073 vos
547 1024 603 1072 et
632 1015 700 1070 ad
728 1014 1014 1069 Pardulum
1045 1013 1319 1077 scribens,
1347 1010 1500 1082 plura
1529 1008 1834 1065 testimonia
1862 1022 2000 1077 prae-

428 1108 712 1163 teritorum
755 1105 976 1160 Patrum
1019 1105 1072 1157 in
1115 1099 1564 1174 quaternionibus
1610 1099 1722 1154 suis
1767 1099 2000 1168 collegit,

428 1200 484 1254 in
511 1199 706 1270 quibus
734 1197 1020 1266 aliquando
1043 1205 1228 1250 nostro
1254 1195 1434 1250 sensui
1463 1191 1776 1256 concordat,
1801 1193 1901 1247 hoc
1922 1197 2006 1245 est

427 1288 520 1344 ubi
549 1288 681 1344 dicit
714 1286 918 1357 peccati
947 1294 1223 1340 auctorem
1263 1284 1432 1338 Deum
1462 1298 1568 1337 non
1599 1297 1748 1347 esse,
1779 1297 1880 1336 nec
1907 1279 2004 1334 ali—

431 1397 590 1451 quem
645 1381 712 1436 ad
762 1379 1092 1450 peccandum
1143 1376 1485 1446 compellere,
1546 1375 1829 1445 priemium
1875 1388 2004 1429 vero

420 1469 585 1538 justis
620 1471 882 1525 immensa
910 1469 1086 1539 gratia
1125 1467 1549 1524 misericorditer
1585 1467 1846 1532 tribuere,
1885 1481 2002 1536 pte-

428 1578 554 1617 uam
585 1570 764 1617 autem
788 1562 1114 1632 condignam
1140 1559 1340 1629 iniquis
1371 1574 1469 1629 pro
1495 1558 1652 1613 malis
1673 1573 1858 1614 eorum
1883 1573 2004 1629 ope-

428 1655 580 1710 ribus
602 1653 748 1723 juste
771 1655 1015 1719 reddere,
1050 1653 1177 1724 quia
1204 1651 1381 1721 justus
1406 1660 1489 1707 est
1523 1651 1782 1707 Dominus
1807 1651 1861 1704 in
1890 1664 2006 1704 om-

427 1745 586 1800 nibus
610 1745 712 1800 viis
737 1745 869 1810 suis,
899 1753 954 1800 et
983 1752 1202 1800 sanctus
1237 1744 1291 1798 in
1317 1743 1568 1800 omnibus
1587 1743 1839 1814 operibus
1869 1740 1999 1796 suis.

2111 573 2130 608 ι
2171 557 2292 626 prio
2314 557 2422 612 ﬁlio
2451 573 2550 613 suo
2579 573 2683 612 non
2707 557 2970 626 pepercit,
3001 555 3095 610 sed
3118 570 3215 624 pro
3242 555 3398 611 nobis
3418 557 3686 612 omnibus

2110 668 2128 700 ι
2176 649 2393 704 tradidit
2419 663 2563 702 eum.
2598 649 2880 716 Quomodo
2919 663 3049 718 ergo
3081 663 3188 701 non
3215 649 3379 702 etiam
3416 663 3545 704 cum
3593 648 3686 703 illo

2110 759 2128 791 ‹
2173 740 2352 794 omnia
2377 740 2533 795 nobis
2572 739 2826 795 donavit?
2860 759 2881 792 ›
2935 738 3118 810 (Rom.
3151 755 3265 804 τω,
3291 739 3424 810 28.)
3459 739 3522 794 In
3558 739 3688 810 Epi-

2104 833 2240 887 stola
2261 842 2437 888 autem
2459 847 2556 887 sua
2581 834 2650 887 ad
2671 832 2934 902 Ephesios
2956 833 3028 886 ita
3050 832 3286 902 loquitur
3305 833 3524 887 dicens:
3550 853 3568 885 ι
3593 834 3688 888 Be-

2113 941 2131 974 ‹
2180 923 2424 977 nedictus
2444 922 2588 978 Deus
2607 931 2662 978 et
2685 923 2846 977 Pater
2865 923 3076 978 Domini
3103 923 3271 976 nostri
3295 920 3426 976 Jesu
3451 923 3688 988 Christi,

2109 1031 2128 1063 ι
2173 1012 2264 1082 qui
2311 1012 2585 1066 benedixit
2636 1027 2735 1066 nos
2807 1013 2863 1066 in
2926 1013 3072 1066 omni
3143 1011 3524 1067 benedictione
3579 1017 3692 1084 spi-

2110 1120 2128 1152 ι
2174 1100 2314 1155 ritali
2373 1101 2428 1154 in
2468 1101 2780 1156 coelestibus
2825 1102 2878 1155 in
2917 1100 3164 1166 Christo,
3210 1102 3352 1155 sicut
3384 1101 3552 1170 elegit
3589 1119 3692 1157 nos

2110 1212 2129 1245 ι
2173 1201 2296 1246 ante
2324 1192 2508 1246 mundi
2539 1194 2994 1258 constitutionem,
3039 1204 3100 1247 ut
3131 1207 3375 1247 essemus
3421 1198 3598 1248 sancti
3633 1207 3692 1249 et

2110 1300 2128 1334 ι
2177 1282 2501 1336 immaculati
2523 1283 2575 1336 in
2597 1291 2886 1353 conspectu
2907 1281 3025 1352 ejus
3049 1283 3104 1337 in
3133 1284 3404 1338 charitate
3427 1287 3524 1354 qui
3554 1301 3691 1354 prae-

2110 1393 2130 1427 (
2173 1374 2461 1429 destinavit
2498 1389 2597 1428 nos
2624 1375 2679 1428 in
2709 1375 3050 1444 adoptionem
3095 1375 3328 1430 ﬁliorum
3361 1391 3464 1446 per
3503 1375 3690 1432 Jesutn

2111 1481 2131 1515 ι
2176 1463 2447 1519 Christum
2473 1463 2527 1518 in
2550 1464 2724 1533 ipsum
2746 1465 3041 1519 secundum
3069 1466 3411 1535 propositum
3437 1466 3690 1522 volunta-

2111 1575 2131 1608 ι
2176 1555 2242 1610 tis
2270 1570 2401 1621 suae,
2431 1556 2484 1609 in
2513 1554 2726 1612 laudem
2753 1557 2937 1628 gloria:
2962 1557 3150 1628 gratiae
3175 1573 3287 1612 sua:
3315 1598 3331 1622 ,
3357 1558 3411 1611 in
3438 1575 3550 1628 qua
3571 1573 3694 1628 gra-

2112 1667 2132 1700 (
2179 1648 2405 1703 tiﬁcavit
2437 1663 2536 1702 nos
2575 1648 2630 1702 in
2670 1648 2865 1704 dilecto
2898 1649 3009 1704 ﬁlio
3043 1665 3162 1714 suo,
3192 1650 3248 1703 in
3279 1665 3390 1719 quo
3429 1650 3696 1707 habemus

2113 1758 2132 1792 α
2179 1742 2599 1812 redemptionem
2639 1757 2737 1812 per
2772 1744 3087 1814 sanguinem
3117 1743 3254 1810 ejus,
3301 1745 3692 1798 remissionem

431 1835 537 1891 Sed
570 1837 788 1905 quando
813 1837 942 1891 dicit
962 1837 1104 1906 quod
1133 1835 1295 1901 Deus,
1324 1835 1466 1890 sicut
1494 1833 1694 1889 electos
1719 1831 1997 1902 pnedesti-
2028 1829 2078 1892 B
2109 1851 2128 1884 ι
2173 1843 2518 1902 peccatorum
2545 1874 2560 1898 ,
2584 1834 2874 1888 secundum
2903 1834 3123 1889 divitias
3162 1834 3354 1904 gratia:
3385 1836 3535 1906 ejus,
3581 1852 3693 1906 qua

429 1926 650 1982 natione
681 1941 775 1982 sua
793 1925 858 1980 ad
885 1925 1165 1995 praemium
1191 1934 1449 1980 aeternum
1473 1923 1738 1995 perducit,
1772 1923 1845 1976 ita
1870 1936 2007 1992 pra:-

434 2019 795 2075 destinatione
836 2035 930 2075 sua
963 2026 1120 2089 cogat
1151 2027 1462 2088 peccatores
1501 2018 1556 2073 in
1593 2018 1870 2072 interitum
1901 2016 2002 2085 ire,

434 2111 538 2164 hoc
588 2110 721 2164 mihi
771 2110 984 2165 videtur
1025 2111 1079 2164 in
1115 2111 1534 2182 congregatione
1571 2109 2003 2164 testimoniorum

431 2215 656 2254 suorum
698 2199 878 2256 facere
917 2200 1071 2267 velle,
1109 2208 1170 2255 ut
1207 2201 1492 2256 credamus
1517 2200 1585 2254 'et
1629 2199 2000 2265 conﬁteamur,

425 2289 582 2359 juxta
624 2289 966 2345 traditionem
995 2289 1613 2360 Gotescalci,‘geminam
1651 2303 1768 2344 esse
1797 2288 2006 2357 prrede-

433 2382 780 2438 stinationem
810 2401 824 2436 :
869 2382 1076 2438 scilicet
1097 2382 1239 2453 quod
1275 2383 1414 2437 sicut
1441 2381 1640 2437 electos
1666 2381 2001 2452 prmsciendo

432 2481 489 2526 et
515 2471 945 2541 praedestinando
973 2472 1115 2528 Deus
1139 2472 1289 2527 ducit
1319 2473 1387 2527 ad
1413 2472 1608 2536 vitam,
1642 2471 1715 2524 ita
1743 2469 2002 2540 reprobos

427 2561 760 2632 praesciendo
788 2569 844 2617 et
870 2561 1297 2631 praedestinando
1332 2561 1491 2616 ducat
1515 2561 1582 2616 ad
1627 2574 1861 2630 poenam.
1895 2558 2000 2614 Sed

429 2653 558 2724 quia
607 2654 711 2708 hoc
751 2668 1014 2723 nusquam
1061 2653 1117 2709 in
1149 2652 1444 2724 Scripturis
1465 2653 1638 2708 sacris
1678 2653 1751 2706 ita
1789 2653 2000 2708 mixtim

430 2743 668 2814 positum
694 2744 894 2809 inveni,
925 2743 1044 2812 ejus
1071 2744 1452 2800 traditionibus
1481 2743 1745 2800 assentire
1771 2759 1876 2798 non
1910 2759 2000 2798 aen

436 2837 674 2906 quiesco.
719 2836 1044 2908 Singillatim
1085 2845 1264 2893 autem
1298 2837 1508 2894 cunctis
1542 2835 1999 2906 propositionibus

431 2924 548 2993 eius
573 2942 670 2997 per
699 2927 905 2998 singula
947 2928 1065 2983 loca
1096 2929 1439 2999 respondere,
1468 2935 1522 2982 et
1558 2926 1841 2982 sententiis
1868 2925 1996 2992 illis,

431 3033 568 3087 quas
610 3019 725 3088 ipse
763 3034 829 3074 ex
875 3019 1056 3076 multis
1094 3020 1246 3076 libris
1295 3020 1659 3092 congregavit,
1699 3020 1999 3074 contrarias

427 3109 726 3164 sententias
747 3125 1018 3180 apponere
1046 3125 1151 3164 non
1178 3125 1260 3164 me
1279 3110 1547 3180 permittit
1567 3108 1850 3164 inﬁrmitas
1871 3124 1994 3165 cor-

2113 1941 2132 1974 (
2177 1923 2633 1992 superabundavit
2661 1923 2716 1977 in
2745 1923 2900 1977 nobis
2925 1923 2978 1977 in
3011 1924 3156 1978 omni
3184 1925 3466 1995 sapientia
3491 1937 3552 1980 et
3575 1943 3696 1995 pru-

2111 2033 2131 2068 (
2176 2016 2354 2071 dentia
2375 2023 2436 2070 ut
2459 2022 2645 2070 notum
2668 2012 2873 2070 faceret
2892 2015 3047 2070 nobis
3071 2023 3490 2070 sacramentum
3515 2017 3698 2072 volun-

2110 2125 2130 2158 t
2177 2108 2303 2162 tatis
2349 2124 2459 2162 sua:
2499 2108 2790 2163 secundum
2838 2108 3036 2162 bonum
3075 2106 3339 2177 placitum
3390 2108 3522 2177 ejus
3563 2111 3698 2178 quod

2111 2216 2130 2249 ι
2175 2200 2456 2268 proposuit
2499 2199 2552 2253 in
2608 2213 2673 2254 eo
2724 2199 2780 2253 in
2827 2198 3288 2268 dispensationem
3338 2199 3698 2269 plenitudinis

2108 2308 2128 2342 ι
2174 2299 2495 2360 temporum,
2537 2291 2826 2346 instaurari
2868 2292 3048 2346 omnia
3088 2293 3143 2346 in
3193 2289 3426 2346 Christo
3472 2309 3602 2362 qua
3645 2296 3696 2348 in

2107 2399 2126 2432 ‹
2168 2381 2322 2436 εωὶίε
2349 2389 2403 2434 et
2428 2395 2548 2450 quae
2573 2380 2627 2434 in
2659 2391 2804 2435 terra
2831 2389 2957 2434 sunt
2991 2381 3046 2434 in
3086 2381 3204 2449 ipso
3229 2422 3245 2445 ,
3283 2381 3344 2435 in
3375 2398 3494 2452 quo
3523 2394 3582 2437 et
3609 2399 3700 2438 vos

2108 2489 2126 2522 ‹
2172 2487 2295 2526 cum
2341 2471 2630 2526 audissetis
2673 2471 2894 2527 verbum
2939 2472 3154 2527 virtutis
3188 2473 3564 2544 Evangelium
3617 2491 3697 2531 sa—

2107 2583 2126 2614 ι
2171 2563 2298 2618 lutis
2339 2571 2566 2629 vestrae,
2607 2570 2664 2617 et
2717 2562 3003 2618 credentes
3061 2564 3260 2635 signati
3307 2566 3454 2620 estis
3507 2567 3694 2635 spiritu

2107 2674 2126 2706 ε
2169 2655 2542 2726 promissionis
2589 2662 2798 2720 sancto,
2831 2655 2922 2724 Qui
2975 2663 3060 2709 est
3109 2656 3307 2724 pignus
3367 2655 3698 2711 haereditatis

2105 2763 2124 2796 ι
2170 2752 2371 2799 nostrae
2415 2745 2468 2798 in
2516 2744 2939 2812 redemptionem
2981 2744 3365 2813 acquisitionis
3399 2745 3458 2800 in
3487 2745 3698 2802 laud-all

2105 2854 2123 2887 ‹
2172 2835 2354 2906 gloriae
2401 2836 2568 2904 ipsius
2621 2835 2849 2907 (Ephes.
2880 2837 3036 2906 1,3.)
3093 2855 3112 2887 ι
3146 2836 3326 2903 Quam
3373 2841 3696 2892 sententiam

2097 2926 2289 2982 beatus
2307 2927 2624 2983 Ambrosius
2647 2937 2808 2998 atque
2831 2927 3188 2998 Hieronymus
3203 2928 3280 2982 ita
3295 2938 3692 2999 exposuerunt,

2098 3019 2308 3076 scilicet
2345 3023 2448 3076 hoc
2477 3021 2781 3076 decrevisse
2819 3022 3007 3087 Deum,
3038 3030 3097 3075 ut
3143 3023 3440 3078 credentes
3468 3025 3524 3078 in
3549 3024 3696 3080 Chri—

2099 3123 2240 3171 stum
2307 3116 2693 3186 adoptarentur
2743 3115 2798 3169 iu
2860 3116 3000 3170 ﬁlios
3045 3116 3162 3172 Dei.
3211 3116 3495 3172 Praescius
3557 3119 3698 3174 Deus

427 3201 595 3270 poris,
631 3216 730 3256 nec
773 3202 1032 3272 aegritudo
1059 3203 1368 3258 senectutis.
1403 3201 1533 3270 Quae
1566 3211 1746 3257 autem
1777 3203 1842 3257 de
1862 3218 1999 3274 ιιι-αξ·
2024 3191 2074 3257 C
2101 3208 2342 3262 omnium
2393 3207 2549 3262 scivit
2587 3206 2679 3276 qui
2740 3206 3000 3261 credituri
3047 3214 3229 3262 essent
3290 3208 3352 3262 in
3395 3208 3694 3272 Christum,

428 3291 652 3345 scientia
675 3299 728 3346 et
749 3292 1218 3361 prtedestinatione
1244 3291 1337 3345 Dei
1365 3291 1418 3345 in
1450 3292 1622 3350 sacris.
1637 3291 1793 3348 libris
1812 3293 1996 3359 didici,

425 3389 478 3434 et
515 3382 812 3436 sententias
836 3397 971 3453 quas
992 3382 1244 3452 probatas
1280 3383 1602 3438 acanonicis
1645 3383 2001 3452 scriptoribus

429 3469 485 3524 in
519 3469 714 3526 divinis
750 3472 1106 3528 'l‘estamcntis
1141 3474 1341 3540 inveni,
1378 3482 1538 3544 prout
1563 3473 1840 3528 memoria:
1875 3482 2001 3529 tunc

425 3569 808 3632 occurrebant,
841 3567 892 3622 in
923 3568 1191 3638 opusculis
1224 3567 1358 3622 meis
1394 3567 1620 3632 inserui,
1659 3582 1778 3636 quae
1803 3567 1868 3620 ad
1898 3566 2000 3622 No-

429 3660 634 3730 tingum
670 3661 978 3730 episcopum
1020 3667 1076 3714 et
1112 3659 1482 3714 Eberhardum
1521 3657 1772 3712 comitem
1803 3666 1996 3727 praete-

426 3751 531 3805 rito
561 3759 800 3820 tempore
827 3760 1015 3806 contra
1041 3749 1340 3806 Gotescalci
1363 3764 1604 3806 errorem
1625 3748 1852 3804 confeci.
1871 3749 2000 3816 Qua:

425 3842 589 3895 etiam
619 3841 896 3910 opuscula,
918 3855 1037 3910 qua:
1057 3840 1264 3895 dixistis
1291 3838 1435 3910 quod
1479 3845 1811 3894 memoratus
1837 3837 2000 3892 Gote-

427 3933 637 3988 scalcus
660 3949 722 3987 ea
743 3941 1117 4003 corrumperet
1140 3947 1204 3986 ac
1227 3931 1463 3996 vitiaret,
1479 3930 1631 3984 vobis
1652 3928 1812 3982 modo
1837 3936 1998 4000 prout

424 4042 455 4079 a
486 4039 572 4080 me
601 4025 798 4080 dictata
839 4031 966 4079 sunt
994 4024 1062 4078 ad
1089 4023 1370 4093 legendum
1395 4020 1690 4086 transmisi,
1721 4028 1777 4074 et
1796 4021 1838 4074 si
1869 4021 2000 4089 quid

424 4114 478 4168 in
509 4115 590 4170 eis
625 4113 1018 4169 emendandum
1061 4112 1162 4178 sit,
1201 4120 1380 4166 vestro
1412 4099 1616 4180 judicio
1653 4111 1824 4181 magis
1859 4111 1999 4182 eligo

426 4205 630 4276 corrigi
665 4194 832 4274 quam
870 4201 1129 4257 haeretici.
1173 4201 1350 4256 Pauca
1397 4201 1612 4270 quidem
1642 4202 1820 4256 adhuc
1855 4202 2000 4257 testi-

426 4295 604 4350 monia
639 4295 705 4350 de
748 4293 1007 4366 apostolis
1045 4301 1100 4347 et
1137 4292 1415 4362 prophetis
1437 4292 1524 4346 hic
1555 4292 1838 4347 inserenda
1873 4308 1999 4347 cen-

425 4384 532 4450 sui,
567 4393 838 4455 quatenus
883 4389 1093 4437 tentent
1133 4382 1186 4436 hi
1219 4383 1308 4450 qui
1350 4381 1875 4451 praedestinationem
1901 4383 1996 4438 Dei

427 4475 480 4528 in
508 4482 614 4529 tam
639 4490 862 4545 pravum
902 4488 1121 4528 sensum
1152 4481 1366 4528 vertere
1392 4473 1601 4540 volunt,
1631 4483 1690 4528 ut
1717 4475 1885 4530 Deum
1912 4475 1996 4530 di-

425 4573 552 4620 cant
573 4565 1050 4636 prmdestinatione
1077 4579 1171 4620 sua
1193 4574 1469 4619 auctorem
1496 4579 1616 4620 esse
1638 4565 1996 4635 perditorum,
2028 4546 2076 4606 Ι)

429 4663 611 4711 utrum
649 4673 715 4712 ex
759 4655 940 4712 divina
977 4655 1300 4710 auctoritate
1332 4671 1459 4710 suas
1479 4655 1818 4712 inventiones
1857 4656 2001 4710 aﬁir-

425 4763 576 4801 mare
596 4757 814 4817 possent
846 4765 913 4803 an
935 4764 1064 4804 non.
1094 4748 1206 4818 Ego
1228 4756 1408 4803 autem
1430 4764 1695 4819 nusrpram
1721 4749 2001 4818 praedesti-

425 4837 699 4892 nationem
724 4840 776 4893 in
802 4839 944 4894 malo
968 4839 1222 4909 positam,
1255 4849 1513 4910 quantum
1541 4841 1818 4906 recordor,
1854 4841 2002 4896 inve-

430 4928 506 4991 ni,
536 4929 631 4982 sed
661 4944 874 5007 semper
900 4930 952 4983 in
976 4928 1198 4986 bonum.
1236 4929 1373 4984 Nam
1403 4931 1595 4988 beatus
1633 4931 1830 4986 Paulus
1866 4947 1995 5002 apo-

423 5017 596 5073 stolus
631 5019 683 5072 in
713 5019 950 5088 Epistola
995 5021 1062 5074 ad
1090 5021 1362 5076 Romanos
1394 5023 1468 5076 ita
1501 5023 1726 5094 scripsit
1762 5023 1946 5078 dicens
1978 5041 1991 5078 :

430 5131 448 5162 σ
493 5110 709 5167 Scimus
759 5121 937 5168 autem
997 5114 1139 5184 quod
1205 5114 1548 5185 diligentibus
1585 5115 1754 5170 Deum
1813 5117 2020 5193 omnia

431 5224 448 5258 ι
495 5212 856 5277 cooperantur
886 5205 939 5259 in
977 5206 1177 5261 bonum
1199 5207 1295 5262 his
1319 5208 1407 5277 qui
1435 5209 1726 5264 secundum
1750 5209 1997 5280 proposi-

429 5320 446 5352 ι
495 5309 606 5355 tum
648 5300 821 5356 vocati
864 5309 988 5354 sunt
1025 5303 1220 5357 sancti.
1252 5301 1388 5356 Nam
1433 5319 1567 5372 quos
1607 5305 1898 5374 praascivit,
1943 5313 1998 5360 et

431 5408 450 5442 ι
487 5391 888 5462 praztiestinavit
926 5391 1234 5448 conformes
1284 5395 1396 5448 ﬁeri
1450 5395 1701 5465 imaginis
1740 5395 1833 5450 ﬁlii
1871 5397 1996 5462 sui,

431 5501 449 5536 ι
493 5491 553 5538 ut
580 5483 651 5538 sit
685 5483 799 5554 ipse
829 5483 1216 5554 primogenitus
1258 5485 1309 5538 in
1341 5486 1522 5540 multis
1551 5485 1826 5542 fratribus.
1853 5487 1998 5554 Quos

430 5593 449 5628 ς
491 5587 669 5632 autem
696 5577 1117 5648 praedestinavit,
1146 5577 1243 5632 hos
1267 5587 1323 5631 et
1342 5579 1573 5644 vocavit,
1601 5588 1657 5635 et
1684 5595 1817 5650 quos
1842 5597 1997 5637 voca-

431 5685 450 5720 σ
497 5667 592 5730 vit,
620 5669 719 5722 hos
745 5677 800 5722 et
820 5668 1155 5739 justiﬁcavit.
1185 5668 1331 5733 Quos
1356 5677 1535 5723 autem
1557 5669 1904 5736 justiﬁcavit,
1935 5673 1998 5726 il-

433 5770 454 5806 t
499 5752 580 5808 los
615 5764 671 5808 et.
697 5755 1036 5825 gloriﬁcavit.
1071 5754 1207 5820 Quid
1239 5771 1367 5826 ergo
1390 5757 1629 5811 dicemus
1660 5759 1727 5813 ad
1758 5761 1910 5815 lucc?
1939 5760 1996 5816 Si

2103 3298 2242 3354 sicut
2269 3298 2402 3353 dicit
2427 3297 2497 3352 ad
2526 3297 2836 3364 Romanos,
2867 3312 3002 3366 quos
3027 3299 3306 3368 przescivit
3364 3308 3422 3353 et
3448 3301 3694 3362 vocavit,

2102 3405 2201 3445 nos
2222 3405 2328 3444 non
2343 3389 2515 3444 solum
2541 3404 2603 3444 ex
2630 3387 2846 3454 Iudaeis,
2861 3390 2955 3444 sed
2971 3391 3134 3444 etiam
3156 3405 3224 3444 ex
3243 3391 3530 3461 gentibus.
3557 3392 3696 3459 Quos

2101 3490 2281 3536 autem
2321 3481 2464 3535 Deus
2501 3480 2699 3536 dicitur
2727 3497 2942 3546 vocare,
2987 3493 3346 3550 perseverant
3379 3483 3436 3536 in
3477 3483 3600 3539 fide.
3631 3483 3694 3538 Hi

2101 3581 2225 3628 sunt
2253 3589 2388 3644 quos
2421 3571 2585 3642 elegit
2609 3581 2733 3627 ante
2758 3572 3014 3627 mundum
3046 3573 3099 3626 in
3133 3570 3379 3638 Christo,
3405 3583 3464 3627 ut
3485 3575 3598 3629 sint
3625 3577 3695 3628 iu-

2099 3665 2448 3721 contaminati
2471 3680 2652 3720 coram
2680 3666 2790 3720 Deo
2816 3665 2870 3720 in
2889 3665 3178 3729 charilate,
3203 3665 3308 3719 hoc
3340 3676 3430 3720 est
3462 3677 3526 3721 ut
3547 3682 3696 3722 amor

2100 3757 2195 3812 Dei
2215 3765 2458 3813 sanctam
2480 3756 2584 3812 illis
2626 3755 2787 3812 faciat
2811 3756 3302 3812 conversationem.
3329 3756 3493 3824 Quod
3519 3768 3692 3812 autem

2100 3849 2212 3902 ait:
2262 3867 2280 3899 ‹
2317 3848 2376 3902 In
2417 3848 2685 3902 charitate
2727 3848 3130 3919 praedestinavit
3157 3863 3288 3911 nos;
3335 3867 3356 3899 ι
3404 3849 3696 3919 dupliciter

2099 3937 2402 4008 legendum,
2457 3945 2516 3991 ut
2551 3937 2811 4000 charitas,
2863 3937 2947 3992 vel
2993 3953 3118 3992 cum
3156 3937 3568 4006 superioribus,
3611 3937 3694 3990 rei

2100 4045 2224 4085 cum
2263 4027 2609 4084 inferioribus
2651 4028 2948 4098 copuletur.
2987 4025 3120 4081 Cum
3166 4027 3556 4096 superioribus
3597 4028 3690 4088 ita,

2107 4143 2124 4174 ι
2168 4132 2484 4177 utessemus
2499 4121 2675 4175 sancti
2711 4129 2766 4175 et
2786 4118 3115 4174 immaculati
3139 4134 3330 4173 coram
3355 4121 3478 4189 ipso
3502 4121 3692 4174 inclia-

2107 4231 2125 4264 ι
2165 4213 2346 4279 ritate,
2383 4233 2401 4264 ›
2434 4221 2488 4267 et
2526 4220 2711 4281 postea
2747 4219 3030 4280 sequatur,
3070 4228 3088 4260 ε
3144 4211 3552 4279 praedestinantis
3599 4227 3692 4266 nos

2105 4327 2124 4358 ‹
2167 4307 2219 4362 in
2244 4307 2587 4375 adoptionem
2623 4305 2856 4360 ﬁliorum
2890 4302 3181 4374 pechsum
3207 4303 3497 4358 Christum
3539 4307 3592 4359 in
3617 4306 3691 4375 ip-

2106 4415 2124 4449 ‹
2163 4412 2304 4451 sum.
2335 4417 2354 4449 ι
2385 4396 2520 4452 Cum
2547 4394 2895 4450 inferioribus
2916 4403 3094 4449 autem
3117 4395 3231 4458 sic,
3272 4413 3292 4446 ι
3337 4395 3393 4448 in
3425 4397 3691 4450 charitate

2106 4508 2124 4540 ‹
2168 4489 2555 4558 praedestinans
2583 4501 2682 4542 nos
2720 4487 2773 4541 in
2811 4487 3154 4556 adoptionem
3192 4485 3436 4540 ﬁliorum
3465 4503 3570 4556 per
3609 4485 3692 4541 εἰει

2107 4599 2126 4632 ‹
2165 4595 2284 4635 sum
2325 4579 2602 4634 Christum
2647 4579 2700 4632 in
2731 4578 2868 4648 ipso,
2905 4597 2923 4630 ι
2955 4579 3008 4632 id
3040 4586 3123 4634 est
3149 4576 3399 4642 Christo,
3431 4579 3529 4647 qui
3555 4595 3689 4631 nun-

2101 4686 2261 4741 quam
2290 4686 2398 4725 non
2441 4669 2542 4723 fuit
2578 4668 2720 4723 ﬁlius
2753 4685 2768 4722 :
2799 4683 2898 4722 nos
2933 4682 3062 4722 vero
3089 4682 3194 4720 non
3227 4666 3436 4722 fuimus
3463 4667 3566 4721 ﬁlii
3600 4683 3692 4722 an-

2101 4772 2318 4833 tequam
2345 4761 2714 4832 prtedestinati
2752 4775 2996 4814 essemus
3029 4774 3154 4827 cum
3183 4759 3324 4828 ipso.
3359 4759 3477 4813 Hoc
3511 4769 3690 4814 autem

2098 4854 2522 4927 prredestinavit,
2556 4864 2616 4908 ut
2645 4853 2877 4907 haberet
2903 4861 3224 4922 potestatem
3261 4851 3410 4906 ﬁlius
3441 4852 3545 4907 Dei
3579 4853 3688 4908 fieri

2099 4949 2278 5004 omnis
2298 4948 2390 5017 qui
2418 4945 2640 5002 credere
2668 4944 2928 5000 voluisset
2951 4944 3003 4996 in
3036 4944 3246 5014 ipsum;
3275 4943 3409 5012 quia
3441 4959 3608 4998 nemo
3635 4943 3691 4999 ﬁ—

2102 5040 2208 5095 lius
2260 5040 2357 5094 Dei
2400 5038 2518 5094 ﬁeri
2561 5037 2754 5108 potuit,
2801 5036 2903 5092 nisi
2948 5035 3106 5090 ﬁdem
3133 5045 3188 5090 ct
3217 5037 3554 5090 charitatem
3577 5053 3688 5106 qua

2101 5148 2200 5202 per
2239 5130 2579 5186 dilectionem
2633 5136 2914 5197 operatur,
2951 5128 3168 5182 habeat.
3211 5126 3426 5182 Idcirco
3461 5145 3576 5183 non
3613 5139 3686 5182 est

2104 5221 2247 5284 Deo,
2275 5221 2366 5290 qui
2404 5218 2594 5274 salutis
2627 5219 2878 5272 humanm
2907 5227 2962 5272 et
2996 5217 3262 5272 bonorum
3293 5220 3548 5274 omnium
3599 5236 3684 5272 au-

2103 5321 2222 5369 ctor
2243 5320 2345 5377 est,
2371 5311 2614 5366 seductio
2632 5310 2866 5364 hominis
2895 5319 2949 5364 et
2971 5310 3216 5379 deceptio
3234 5310 3572 5378 deputanda,
3595 5325 3684 5379 per

2104 5403 2330 5473 quamiu
2348 5411 2576 5458 mortem
2590 5401 2749 5456 cadat
2767 5407 3084 5471 perpetuam
3111 5420 3123 5454 :
3148 5401 3244 5456 sed
3261 5403 3444 5472 magis
3453 5404 3684 5457 sibimet-

2099 5495 2222 5564 ipsi,
2250 5494 2340 5560 qui
2374 5493 2604 5563 propriae
2638 5493 3114 5561 concupiscentim,
3139 5493 3223 5548 vel
3264 5494 3469 5549 diaboli
3500 5510 3681 5565 sugge-

2099 5585 2261 5640 stioni
2280 5585 2643 5649 consentiens;
2671 5591 2948 5654 peccatum
2963 5585 3277 5650 committit,
3300 5600 3406 5640 nec
3419 5586 3548 5639 inde
3567 5601 3682 5640 cos-

2099 5676 2315 5744 dignam
2354 5675 2726 5744 paenitentiam
2781 5683 2908 5728 ante
2961 5675 3171 5728 obitum
3223 5689 3394 5745 agere
3436 5675 3676 5729 voluerit.

2101 5764 2253 5830 Quod
2293 5764 2564 5834 apostolus
2611 5763 2846 5821 lacubus
2889 5764 3121 5820 ostendit
3170 5765 3362 5820 dicens
3419 5786 3432 5818 :
3469 5783 3488 5818 ι
3521 5763 3676 5820 Nemo
