3938 6334
263 429 380 486 1521

1649 415 2030 474 EPISTOLaE.

3339 413 3476 469 1522

266 551 416 593 «cum
444 542 680 593 tentatur
706 532 849 590 dicat
877 532 1126 602 quoniam
1157 546 1187 586 a
1214 532 1326 588 Deo
1350 538 1603 587 tentatur.
1662 530 1804 584 Deus
1831 527 1879 589 Α
1907 524 2050 581 aliud
2078 534 2161 581 est
2187 526 2404 582 tentari.
2442 524 2575 580 Nam
2598 526 2715 582 sine
2751 525 3047 597 tentatioue
3073 527 3334 599 probatus
3355 541 3478 582 esse

268 627 446 683 «enim
474 627 769 682 intentatur
801 623 1064 678 malorum
1101 632 1204 688 est,
1258 623 1372 694 ipse
1421 630 1602 677 autem
1642 619 1815 675 nemi-

268 734 283 768 ι
310 731 426 773 nem
458 723 648 771 tentat.
684 713 1061 783 Unusquisque
1104 727 1230 768 vero
1261 716 1815 784 tentaturacoueupi—

268 827 283 861 ι
309 808 509 865 scentia
540 822 637 863 sua
667 807 974 863 abstractus
992 815 1048 862 et
1067 805 1274 862 illectus
1303 825 1317 861 :
1349 807 1540 863 deinde
1560 808 1814 878 concupi-

269 919 284 952 ι
312 901 509 954 scentia
530 915 652 955 eum
677 899 986 968 conceperit
1004 900 1147 971 parit
1175 908 1479 969 peccatum,
1532 908 1813 970 peceatum

268 1004 436 1045 «vero
467 1005 590 1046 cum
625 999 1058 1046 consummatum
1104 989 1267 1045 fuerit
1311 1001 1535 1062 generat
1581 999 1814 1047 mortem

266 1080 389 1152 (Jac.
412 1097 454 1146 ι,
487 1079 598 1152 15).
630 1101 649 1135 ι
685 1080 947 1153 Superius
975 1082 1040 1137 de
1070 1081 1481 1147 tentationibus,
1518 1097 1654 1153 quas
1680 1097 1808 1152 per—

263 1173 496 1228 mittente
528 1173 755 1228 Domino
784 1173 1023 1228 exterius
1061 1162 1323 1243 probandi
1358 1173 1532 1243 gratia
1578 1175 1815 1245 perpeti-

263 1277 389 1328 mur,
416 1262 728 1333 diSputavit.
755 1262 910 1318 Nunc
932 1263 1121 1334 incipit
1139 1278 1298 1334 agere
1324 1264 1390 1320 de
1410 1264 1516 1320 illis
1548 1279 1683 1336 quas
1733 1265 1815 1319 in-

264 1352 416 1407 terius
445 1350 735 1424 instigante
764 1351 1001 1417 diabolo,
1050 1352 1138 1408 vel
1163 1353 1326 1407 etiam
1367 1362 1575 1409 natura:
1615 1361 1815 1409 nostrae

260 1440 537 1513 fragilitate
560 1441 841 1508 suadente,
868 1443 1179 1499 toleramus.
1233 1443 1331 1500 Ubi
1374 1444 1552 1514 primo
1600 1444 1813 1500 illorum

261 1531 476 1587 destruit
501 1548 763 1599 errorem,
783 1534 885 1604 .qui
908 1534 1051 1589 sicut
1084 1534 1254 1590 bonas
1281 1535 1635 1606 cogitationes
1655 1551 1686 1590 a
1706 1536 1815 1591 Deo

260 1621 402 1677 nobis
427 1631 638 1678 constat
660 1622 934 1694 inSpirari,
960 1625 1035 1679 ita
1063 1626 1225 1680 etiam
1274 1625 1443 1682 malas
1493 1627 1611 1697 ipso
1654 1628 1815 1682 insti-

258 1719 404 1782 gante
431 1720 621 1783 putant
650 1722 834 1769 nostra
853 1714 909 1768 in
938 1724 1117 1770 mente
1136 1716 1408 1785 generari.
1442 1735 1460 1769 ι
1490 1715 1661 1773 Nemo
1684 1732 1815 1789 ergo

1914 614 2092 670 nullus
2116 624 2311 685 potest.
2338 614 2451 670 Non
2476 630 2603 687 ergo
2632 615 2720 671 hic
2744 624 2930 671 oratur
2959 624 3018 671 ut
3038 633 3145 672 non
3188 625 3483 678 tentemur.

1914 704 2009 761 sed
2037 714 2097 760 ut
2134 722 2241 760 non
2283 705 2578 762 inferamur
2625 706 2679 761 in
2724 707 3074 762 tentationem
3106 725 3119 760 :
3146 716 3402 777 tanquam
3444 705 3491 761 si

1912 794 2198 866 quispiam,
2227 796 2313 851 cui
2340 810 2559 852 necesse
2584 804 2667 852 est
2702 796 2825 868 igne
2870 797 3188 862 examinari,
3223 812 3328 852 non
3366 804 3489 852 oret

1914 894 1973 940 ut
1997 886 2119 956 igne
2148 901 2254 941 non
2275 887 2644 957 contingatur,
2671 888 2767 942 sed
2789 897 2848 942 ut
2866 903 2971 942 non
2994 897 3270 943 exuratur.
3300 907 3319 940 ι
3347 887 3487 943 Vasa

1920 992 1938 1026 ι
1973 975 2116 1028 enim
2151 973 2298 1046 ﬁguli
2322 976 2514 1046 probat
2539 973 2753 1041 fornax,
2780 984 2835 1032 et
2858 976 3102 1032 homines
3122 975 3298 1046 iustos
3322 985 3495 1032 tenta—

1918 1083 1938 1117 ι
1975 1064 2049 1120 tio
2074 1065 2434 1123 tribulationis
2458 1065 2646 1139 (Eccli.
2671 1082 2839 1132 xxvii,
2863 1067 2937 1139 6).
2970 1088 2990 1121 ι
3027 1066 3178 1123 Multi
3214 1077 3393 1124 autem
3433 1069 3491 1123 in

1912 1159 2183 1229 precando
2204 1159 2278 1213 ita
2297 1159 2482 1215 dicunt
2507 1178 2520 1214 ι
2547 1158 2625 1215 Ne
2646 1175 2746 1215 nos
2772 1160 2997 1231 patiaris
3021 1160 3203 1217 induci
3229 1160 3283 1215 in
3318 1168 3495 1215 tenta-

1914 1249 2136 1315 tionem,
2167 1249 2771 1319 exponentesvidelicet
2792 1250 3063 1321 quomodo
3086 1250 3287 1306 dictum
3310 1249 3382 1305 sit
3407 1250 3492 1304 iu-

1913 1340 2095 1395 ducas.
2123 1337 2301 1413 (Cypr.
2331 1340 2395 1395 de
2418 1341 2652 1396 oratione
2680 1340 3009 1413 Dominica).
3048 1362 3064 1392 ι
3093 1339 3208 1411 Qua
3253 1341 3306 1396 in
3343 1348 3496 1413 parte

1912 1429 2219 1484 ostenditur
2240 1428 2375 1485 nihil
2397 1437 2584 1486 contra
2608 1444 2707 1486 nos
2754 1429 3125 1487 adversarium
3169 1446 3343 1504 posse,
3392 1431 3493 1487 nisi

1913 1519 2057 1575 Deus
2089 1529 2213 1575 ante
2239 1520 2546 1591 permiserit
2581 1539 2593 1574 :
2627 1530 2685 1577 ut
2705 1523 2884 1578 omnis
2910 1523 3072 1578 timor
3101 1531 3306 1590 noster,
3335 1531 3390 1580 et
3411 1525 3499 1580 dc-

1912 1610 2079 1676 vOtio,
2103 1618 2265 1682 atque
2278 1611 2584 1668 observatio
2601 1612 2666 1668 ad
2681 1612 2849 1667 Deum
2876 1623 3250 1682 convertatur,
3277 1615 3496 1687 quando

1914 1698 1968 1754 in
1997 1700 2382 1758 tentationibus
2408 1703 2607 1758 nostris
2635 1702 2775 1757 nihil
2809 1703 2951 1759 malo
2994 1703 3155 1761 liceat
3192 1703 3298 1759 nisi
3346 1713 3500 1776 pote-

257 1817 369 1857 cum
417 1811 653 1860 ιθηωιυι.
688 1806 834 1861 diem
878 1806 1131 1876 quoniam
1154 1822 1184 1861 η
1207 1806 1316 1863 ι)θο
1356 1815 1618 1873 tentatur,
1652 1829 1672 1861 ,
1719 1807 1813 1864 illa
1848 1870 1889 1876 _
1916 1801 2027 1846 stas
2049 1791 2172 1847 inde
2196 1791 2486 1848 tribuatur.
2525 1812 2545 1845 ι
2588 1791 2741 1861 Quod
2793 1803 2970 1850 autem
3023 1795 3111 1852 ille
3156 1795 3501 1855 Corbeiensis

255 1893 492 1950 videlicet
518 1896 828 1962 tentatione,
861 1870 970 1968 qua
993 1897 1144 1953 dives
1169 1897 1424 1955 incedens
1448 1899 1501 1953 in
1536 1870 1821 1954 itineribus
1848 1870 1896 1930 Β
1922 1881 2219 1968 “mnum”
2251 1881 2304 1936 ίη
2325 1881 2550 1954 θβῖδίοίδ
2575 1898 2671 1938 sua
2701 1883 3026 1955 νίίυρθηίνίῑ
3054 1900 3174 1954 ηοεη
3206 1903 3312 1944 ¹¹⁰¹¹
3351 1897 3500 1945 me":

251 1985 355 2040 suis
385 1986 690 2053 marcescit,
716 1988 769 2044 id
797 1997 901 2054 est,
926 2002 1086 2045 nemo
1116 2004 1240 2044 eum
1277 1989 1542 2059 rapinam,
1588 1988 1817 2055 furtum,

250 2075 435 2132 t‘al’sum
460 2078 852 2146 testimonium,
876 2080 1248 2146 homicidium,
1277 2090 1545 2153 stUprum,
1590 2079 1674 2136 vel
1713 2096 1822 2137 cre-

249 2176 361 2222 tera
394 2168 1071 2239 hujusmodieommiserit,
1098 2171 1242 2226 dicat
1281 2171 1533 2242 quoniam
1571 2170 1683 2227 Deo
1728 2185 1820 2226 co-

246 2266 400 2328 gente
427 2272 646 2315 necesse
674 2260 923 2316 habuerit
944 2260 1060 2317 haec
1082 2270 1321 2332 patrare,
1350 2262 1472 2317 ideo
1510 2261 1818 2317 nullatenus

245 2348 435 2404 horum
457 2349 705 2406 effectum
728 2352 996 2408 declinare
1018 2353 1276 2423 potuerit.
1314 2371 1333 2404 ι
1368 2352 1508 2407 Deus
1548 2351 1690 2407 enim
1735 2350 1819 2407 in-

245 2447 482 2495 tentator
508 2440 770 2503 malorum
800 2451 904 2509 est,
935 2462 954 2495 ι
989 2441 1309 2497 subauditur
1334 2450 1811 2498 tentamentorum.

246 2550 266 2583 ι
295 2528 415 2601 Ipse
437 2532 581 2587 enim
602 2533 872 2589 neminem
893 2541 1083 2599 tentat,
1109 2553 1129 2587 ι
1148 2547 1211 2588 ea
1232 2533 1482 2589 videlicet
1498 2533 1813 2600 tentatione,

241 2639 364 2695 qua:
389 2624 588 2695 decipit
615 2625 843 2683 miseros
862 2635 921 2680 ut
940 2634 1182 2696 pereant.
1242 2625 1449 2696 Duplex
1495 2632 1582 2681 est
1634 2633 1815 2680 autem

237 2730 408 2786 genus
434 2717 747 2773 tentationis
777 2733 794 2774 :
819 2733 986 2773 unum
1013 2717 1158 2788 quod
1206 2717 1424 2788 decipit,
1478 2715 1623 2771 aliud
1671 2718 1815 2788 quod

233 2805 452 2878 probat.
484 2806 788 2864 Secundum
820 2809 923 2866 hoc
949 2808 1093 2880 quod
1121 2809 1341 2879 decipit,
1372 2808 1514 2864 Deus
1542 2808 1815 2863 neminem

236 2904 412 2952 tentat
437 2915 450 2951 :
475 2898 771 2954 secundum
802 2898 930 2955 illud
956 2900 1098 2970 quod
1132 2899 1346 2970 probat,
1392 2898 1534 2955 Deus
1584 2899 1814 2955 tentavit

230 2984 544 3051 Abraham;
577 2987 643 3042 de
684 3002 791 3058 quo
834 2998 889 3044 et
942 2987 1213 3060 Propheta
1262 2988 1496 3060 postulat
1528 3006 1543 3044 :
1583 3007 1602 3042 ι
1636 2987 1813 3045 Proba

230 3090 346 3143 me,
380 3076 621 3145 Domine,
650 3087 705 3135 et
735 3086 877 3135 tenta
925 3095 1013 3135 me
1056 3078 1227 3151 (Psal.
1260 3095 1388 3147 xxv,
1418 3077 1496 3152 2).
1528 3100 1548 3133 ι
1586 3099 1604 3133 ι
1638 3079 1814 3136 Unus-

226 3170 467 3241 quisque
498 3187 627 3227 vero
653 3178 893 3228 tentatur
917 3188 949 3227 a
983 3172 1416 3243 concupiscentia
1458 3187 1555 3228 sua
1601 3172 1813 3229 abstra-

1918 1967 2192 2041 Fulgentii
2222 1973 2546 2028 sententiam
2566 1975 2883 2045 exposuisse
2911 1975 3204 2034 scribendo
3232 1978 3301 2036 de
3343 1979 3501 2035 vobis

1919 2059 1987 2115 ad
2013 2060 2244 2117 amicum
2273 2077 2432 2118 suum
2464 2062 2539 2118 ita
2572 2064 2760 2121 dicens
2787 2084 2800 2120 :
2829 2063 2966 2121 Nam
2996 2068 3140 2138 quod
3186 2068 3264 2126 ait
3296 2069 3503 2127 dixisse

1916 2149 2282 2222 Fulgentium.
2337 2171 2357 2204 ι
2410 2155 2738 2225 praeparavit
2787 2155 2931 2212 Deus
2975 2159 3145 2215 malos
3186 2160 3253 2216 ad
3302 2161 3499 2218 luenda

1917 2245 2201 2315 supplicia,
2232 2265 2251 2299 ι
2283 2260 2383 2316 pro
2411 2261 2476 2302 eo
2505 2247 2653 2318 quod
2680 2256 2765 2303 est
2799 2267 2818 2301 ι
2853 2251 3149 2325 praeparari
3180 2253 3450 2324 permisit,
3476 2278 3493 2308 ι

1915 2335 2122 2392 invenit
2143 2337 2286 2409 quod
2307 2337 2531 2407 diceret,
2561 2354 2667 2396 non
2707 2354 2836 2396 vero
2856 2341 2992 2398 dixit
3012 2343 3157 2414 quod
3187 2344 3372 2401 debuit
3401 2365 3414 2401 :
3446 2354 3503 2402 et

1915 2438 2013 2482 vos
2041 2426 2294 2484 seductos
2321 2443 2443 2486 esse
2473 2430 2672 2487 asserit
2691 2432 2832 2504 stylo
2856 2432 3135 2506 cujusdam
3165 2434 3356 2503 libelli,
3405 2439 3501 2509 qui

1914 2515 2088 2573 fertur
2114 2533 2232 2576 esse
2264 2518 2599 2596 Hieronymi,
2630 2523 2696 2578 de
2722 2522 3074 2582 luduratione
3122 2527 3303 2583 cordis
3355 2526 3499 2584 Pha-

1914 2611 2118 2679 raonis,
2148 2620 2207 2668 ut
2230 2613 2483 2671 diceretis
2511 2629 2615 2670 non
2643 2614 2812 2671 Deum
2844 2616 3124 2673 indurasse
3145 2634 3239 2674 cor
3260 2617 3499 2675 Pharao-

1914 2701 2023 2768 nis,
2051 2703 2144 2760 sed
2189 2704 2431 2760 indurari
2458 2706 2793 2778 permisisse,
2841 2722 2950 2764 non
2973 2718 3117 2765 recte
3168 2725 3264 2766 vos
3304 2726 3496 2783 repre-

1914 2790 2151 2850 hendere
2185 2795 2319 2850 mihi
2359 2795 2617 2852 videtur:
2659 2798 2786 2870 quia
2823 2813 2928 2854 non
2983 2799 3124 2856 Deus
3174 2799 3494 2875 cujusquam

1914 2898 2010 2939 cor
2041 2899 2137 2940 sua
2165 2884 2399 2943 factione
2438 2886 2674 2954 indurat,
2720 2896 2780 2943 ut
2817 2891 3168 2961 semetipsum
3219 2892 3384 2948 homo
3428 2894 3498 2949 ab

1913 2987 2100 3029 errore
2124 2990 2231 3030 non
2255 2976 2511 3048 corrigat,
2537 2977 2630 3034 sed
2650 2976 2803 3047 justo
2838 2977 3045 3047 judicio
3079 2979 3323 3037 indurari
3367 2998 3493 3054 per-

1913 3064 2101 3132 mittit,
2154 3074 2249 3121 aut
2297 3067 2519 3138 propria
2554 3069 2820 3141 nequitia,
2872 3079 2965 3126 aut
3010 3071 3209 3128 diaboli
3262 3071 3490 3129 malitia.

1914 3157 2068 3227 Quod
2105 3152 2414 3216 manifestis
2439 3161 2654 3218 indiciis
2683 3163 2895 3235 probari
2928 3172 3126 3236 potest.
3195 3164 3329 3221 Nam
3357 3165 3497 3222 Pau-

223 3232 361 3316 ctus
379 3232 442 3315 et
480 3260 712 3329 illectus,
752 3282 773 3317 ι
812 3261 1120 3320 abstractus
1154 3232 1416 3319 .videlicet
1453 3278 1485 3317 a
1524 3271 1674 3319 recto
1715 3261 1809 3318 iti-

1912 3248 1998 3306 ius
2031 3250 2326 3322 apostolus,
2357 3267 2480 3308 cum
2513 3252 2567 3308 in
2603 3232 2845 3326 Epistola
2883 3232 2983 3310 sua
3013 3255 3080 3312 ad
3106 3253 3380 3311 Romanos
3424 3256 3492 3311 de

223 3362 388 3416 nere,
411 3361 466 3406 et
490 3350 699 3409 illectus
727 3354 780 3409 in
804 3353 1023 3408 malum.
1049 3352 1129 3408 De
1146 3354 1250 3409 hoc
1268 3368 1428 3409 versu
1454 3352 1810 3424 Hieronymus

222 3448 426 3494 contra
450 3437 792 3497 Jovinianum
845 3441 982 3515 (Lib.
1009 3457 1070 3508 ιι,
1097 3442 1191 3497 sub
1214 3440 1481 3514 initium):
1518 3461 1535 3494 ι
1573 3441 1724 3498 Sicut
1752 3442 1808 3497 in

217 3527 411 3591 bonis,
440 3530 636 3602 inquit,
663 3534 916 3603 Operibus
942 3533 1215 3603 perfector
1255 3541 1340 3590 est
1378 3535 1539 3599 Deus,
1567 3548 1673 3588 non
1725 3543 1810 3591 est

218 3616 381 3676 enim
402 3621 653 3688 volentis,
674 3639 847 3694 neque
867 3625 1154 3691 currentis,
1197 3625 1290 3680 sed
1340 3625 1436 3680 Dei
1478 3626 1806 3692 miserentis,

216 3719 286 3767 et
303 3710 633 3781 adjuvantis,
665 3720 724 3768 ut
744 3715 1027 3784 pervenire
1060 3713 1335 3770 valeamus
1370 3715 1438 3770 ad
1461 3715 1664 3771 calcem
1692 3734 1705 3769 :
1730 3717 1808 3773 sic

212 3802 283 3860 in
322 3801 484 3859 malis
514 3811 677 3875 atque
700 3805 958 3874 peccatis,
989 3806 1197 3861 semina
1227 3815 1411 3861 nostra
1449 3813 1576 3861 sunt
1619 3807 1805 3863 incen-

217 3891 339 3944 tiva
367 3900 425 3946 et
441 3890 705 3961 perfectio
730 3894 950 3962 diaboli,
974 3910 1098 3950 cum
1126 3895 1316 3952 viderit
1339 3911 1438 3953 nos
1474 3912 1636 3968 super
1679 3899 1804 3952 fun-

211 3980 544 4038 damentum
565 3981 767 4040 Christi
786 3985 1084 4043 azdiﬁcasse
1104 3984 1309 4054 fenum,
1340 3987 1503 4061 ligna,
1532 3990 1802 4060 stipulam,

212 4079 357 4127 tunc
384 4073 635 4145 supponit
664 4075 990 4133 incendium.
1029 4064 1053 4131 ι’
1092 4076 1258 4150 Igitur
1301 4094 1406 4135 non
1463 4088 1549 4135 est
1591 4095 1805 4151 :equum

210 4171 282 4218 ut
334 4162 677 4222 Salvatorem
707 4176 950 4224 nostrum
983 4168 1303 4240 perditionis
1344 4178 1541 4226 nostrae
1589 4184 1804 4227 assera-

208 4269 350 4309 mus
380 4266 675 4323 auctorem,
709 4260 802 4315 sed
850 4269 909 4314 ut
952 4258 1357 4317 misericordem
1404 4271 1614 4331 patrem
1659 4278 1805 4326 ame-

206 4360 369 4412 mus,
407 4356 461 4402 et
490 4348 695 4419 justum
717 4348 956 4419 iudicem
989 4351 1294 4416 timeamus,
1330 4352 1614 4423 ipsumque
1662 4354 1802 4410 assi-

205 4437 329 4493 due
371 4437 746 4509 deprecemur,
797 4450 856 4496 ut
884 4451 1041 4497 eruat
1066 4458 1166 4498 nos
1195 4459 1225 4498 a
1256 4445 1432 4509 malis,
1465 4454 1520 4501 et
1552 4445 1804 4501 defendat

203 4530 287 4583 ab
318 4531 575 4587 omnibus
600 4532 854 4588 inimicis.
880 4532 981 4601 Qui
1012 4535 1065 4590 in
1092 4536 1338 4592 oratione
1366 4536 1664 4604 Dominica,
1689 4537 1804 4607 jus-

200 4624 290 4678 sit
330 4622 550 4681 Patrem
580 4626 856 4682 ecelestem
890 4644 989 4684 nos
1020 4612 1231 4700 petere,
1269 4638 1328 4685 ut
1367 4631 1604 4686 dimittat
1646 4632 1801 4687 nobis

202 4714 405 4769 debita
435 4725 641 4784 nostra,
674 4717 813 4773 sicut
853 4727 910 4774 et
950 4734 1050 4775 nos
1097 4720 1417 4776 dimittimus
1468 4721 1803 4777 debitoribus

200 4807 448 4874 nostris,
477 4818 531 4863 et
553 4825 621 4865 ne
642 4825 741 4866 nos
766 4811 984 4867 inducat
1007 4812 1059 4866 in
1086 4812 1458 4878 tentationem,
1495 4815 1588 4870 sed
1611 4814 1803 4870 liberet

200 4910 375 4950 nosa
407 4897 568 4953 malo.
595 4896 708 4954 Non
745 4900 891 4955 enim
929 4901 1143 4957 inducet
1192 4919 1290 4958 nos
1342 4904 1395 4958 in
1448 4906 1798 4962 tentationem

196 5000 316 5057 per
332 5002 496 5056 quam
529 4989 880 5061 decipiamur,
903 4993 996 5049 sed
1019 4994 1119 5048 hoc
1143 4992 1376 5063 petimus
1399 5009 1466 5049 ne
1490 5010 1589 5051 nos
1620 4995 1799 5052 induci

195 5078 502 5150 permittat
524 5079 577 5135 in
606 5074 955 5139 tentationem
983 5085 1222 5151 noxiam,
1253 5101 1353 5156 per
1380 5104 1540 5158 quam
1590 5089 1798 5145 incida-

197 5184 342 5224 mus
370 5169 424 5223 in
447 5180 791 5239 peccatorum
822 5175 1032 5229 ruinam
1057 5193 1071 5237 ;
1106 5177 1234 5246 quin
1262 5179 1442 5247 potius
1481 5179 1672 5235 liberet
1700 5195 1798 5236 nos

196 5273 237 5313 a
264 5257 439 5323 malo,
471 5260 574 5317 hoc
593 5270 677 5315 est
700 5263 934 5331 diabolo,
958 5274 1012 5321 et
1044 5268 1111 5321 ab
1141 5258 1340 5324 aeterne
1366 5271 1588 5326 interitu
1639 5270 1796 5344 (.tug.

192 5347 276 5401 de
322 5345 576 5404 Sermone
599 5348 807 5406 Domini
827 5353 880 5406 in
906 5364 1100 5421 monte,
1124 5356 1214 5410 lib.
1246 5374 1306 5423 ιι,
1326 5376 1441 5429 cap.
1464 5360 1541 5431 9).
1585 5378 1604 5412 ι
1636 5362 1801 5432 Igitur

192 5451 323 5490 non
378 5453 479 5508 per
512 5440 746 5511 seipsum
788 5443 994 5499 inducit
1036 5445 1197 5513 Deus,
1244 5450 1338 5504 sed
1380 5450 1560 5507 induci
1600 5456 1802 5524 patitur

188 5542 369 5595 eunt,
400 5546 560 5601 quem
590 5547 691 5589 suo
724 5536 923 5591 auxilio
948 5537 1266 5606 deseruerit,
1318 5546 1507 5601 ordine
1547 5550 1804 5603 occultis-

188 5620 359 5677 simo
394 5638 459 5679 ac
488 5626 715 5681 meritis.
755 5626 944 5684 Causis
968 5632 1130 5686 etiam
1164 5648 1304 5703 saepe
1352 5636 1671 5705 manifestis,
1722 5641 1806 5695 di—

189 5717 619 5787 gnumjudicat
648 5719 795 5776 illum
816 5738 976 5793 quem
1004 5724 1241 5790 deserat,
1286 5736 1342 5785 et
1370 5730 1422 5784 in
1459 5734 1806 5790 tentationem

190 5806 405 5864 induci
437 5809 599 5866 sinat.
631 5808 788 5870 Aliud
817 5822 901 5871 est
931 5824 1111 5872 autem
1139 5817 1320 5876 induci
1352 5820 1404 5877 iu
1431 5824 1805 5895 tcutatioucui,

1907 3341 2189 3400 Pharaone
2211 3344 2540 3401 mentionem
2575 3345 2875 3413 habuisset,
2906 3346 2981 3401 ita
3018 3343 3219 3416 adjecit
3266 3346 3493 3404 dicens:

1914 3452 1933 3486 ς
1964 3434 2103 3491 Dicit
2129 3434 2273 3492 enim
2301 3434 2582 3507 Scriptura
2611 3436 2907 3507 Pharaoni,
2934 3438 3072 3507 Quia
3095 3438 3162 3495 ad
3190 3439 3294 3495 hoc
3318 3439 3493 3511 ipsum

1912 3542 1932 3576 ι
1964 3525 2194 3580 excitavi
2223 3533 2276 3580 te
2306 3534 2366 3581 ut
2393 3526 2676 3583 ostendam
2709 3527 2764 3583 in
2795 3534 2849 3584 te
2875 3527 3131 3584 virtutem
3179 3544 3376 3593 meam,
3436 3538 3494 3586 et

1910 3639 1929 3671 ‹
1964 3629 2024 3675 ιιι
2041 3621 2391 3676 annuntietur
2407 3635 2603 3677 nomen
2621 3636 2800 3677 meum
2817 3621 2871 3676 in
2887 3622 3139 3678 universa
3152 3631 3295 3678 terra
3311 3620 3487 3695 (Rom.

1905 3721 1987 3773 rx,
2016 3706 2102 3779 14)
2134 3727 2153 3759 ι
2185 3705 2358 3779 (Orig.
2384 3709 2437 3762 in
2457 3707 2628 3779 Epist.
2656 3708 2725 3762 ad
2749 3706 2927 3777 Rom.,
2948 3727 2995 3764 c.
3015 3708 3093 3783 9).
3130 3729 3149 3763 ι
3178 3710 3313 3767 Vide
3346 3710 3492 3766 enim

1906 3795 2032 3866 quia
2053 3812 2161 3851 non
2191 3796 2348 3865 dixit,
2397 3798 2464 3854 ad
2488 3798 2591 3853 hoc
2613 3798 2788 3868 ipsum
2814 3806 2868 3855 te
2898 3797 3021 3867 feci,
3049 3799 3251 3873 alioqui
3272 3802 3342 3858 ad
3367 3817 3493 3860 eon-

1905 3885 2135 3941 ditorem
2161 3884 2351 3942 referri
2375 3888 2530 3958 culpa
2560 3888 2833 3944 videretur
2863 3908 2875 3944 :
2911 3892 3005 3947 sed
3031 3892 3130 3959 ait,
3167 3893 3235 3949 ad
3277 3893 3378 3949 hoc
3409 3893 3494 3966 ip-

1905 3992 2023 4032 sum
2055 3985 2108 4033 te
2148 3978 2423 4046 suscitari,
2472 3988 2532 4036 ut
2550 3995 2649 4051 per
2689 3980 2857 4036 animi
2886 3983 2961 4038 tui
2991 3970 3275 4052 malitiam,
3329 4001 3493 4057 quam

1906 4068 2003 4124 tibi
2043 4068 2303 4126 infrunite
2328 4078 2383 4125 et
2408 4071 2525 4127 sine
2553 4072 2647 4127 Dei
2675 4072 2873 4131 timore
2898 4075 3127 4133 vivendo
3155 4077 3493 4149 quaesisti,et

1903 4158 1959 4215 in
1989 4159 2124 4216 alios
2148 4159 2417 4234 irrogetur
2447 4162 2594 4219 utilis
2619 4178 2681 4219 ac
2711 4163 2987 4222 fructuosa
3030 4156 3337 4239 correptio;
3354 4176 3407 4223 et
3436 4169 3493 4224 iu

1904 4251 2131 4320 teipsum
2158 4251 2227 4306 ad
2253 4253 2588 4322 posteritatis
2610 4255 2914 4327 exemplum
2941 4244 3333 4316 famosissimus
3364 4276 3495 4317 con-

1902 4339 2107 4395 feratur
2142 4341 2410 4399 interitus.
2443 4363 2462 4395 ι
2497 4342 2758 4416 (Ambros.
2785 4346 2839 4400 in
2862 4345 3032 4419 Epist.
3064 4349 3132 4403 ad
3166 4348 3320 4404 Rom.
3364 4367 3480 4422 cap.

1902 4430 1994 4504 9.)
2032 4450 2049 4482 ι
2080 4430 2162 4489 Ad
2191 4434 2293 4489 hoc
2321 4435 2466 4491 enim
2493 4449 2742 4493 servatus
2762 4447 2845 4494 est
2872 4439 3108 4508 Pharao,
3137 4451 3196 4497 ut
3221 4442 3387 4498 multa
3411 4445 3490 4501 si-

1904 4540 2008 4595 gna
2035 4534 2090 4580 et
2117 4524 2288 4598 plaga:
2317 4528 2737 4585 ostenderentur
2768 4530 2823 4584 in
2848 4530 2996 4586 illum
3027 4532 3180 4603 quasi
3196 4532 3316 4604 jam
3343 4552 3490 4593 mor-

1905 4624 2077 4671 tuum.
2112 4617 2415 4676 Suscitalus
2451 4630 2633 4678 autem
2674 4622 2852 4678 dictus
2882 4632 2985 4691 est,
3029 4626 3155 4697 quia
3183 4642 3309 4687 cum
3344 4631 3487 4700 apud

1903 4706 2071 4763 Deum
2097 4721 2345 4768 mortuus
2367 4722 2533 4780 esset,
2568 4714 2840 4771 modicum
2871 4725 3079 4788 tempus
3101 4721 3311 4792 accepit
3340 4732 3398 4777 ut
3418 4724 3495 4779 vi-

1901 4815 2031 4854 vere
2057 4801 2331 4858 videretur
2364 4814 2470 4863 :,ut
2497 4813 2641 4861 esset
2679 4807 2745 4861 ad
2776 4805 2928 4876 cujus
2974 4825 3190 4881 poenam
3231 4822 3287 4868 et
3335 4815 3488 4872 varia

1902 4898 2290 4949 tormentorum
2316 4910 2513 4965 genera
2536 4912 2706 4967 usque
2734 4897 2802 4953 ad
2829 4908 3057 4957 mortem
3090 4902 3487 4975 ingererentur,

1902 4990 1958 5036 et
1984 4998 2173 5039 omnes
2197 4986 2289 5055 qui
2314 4985 2430 5041 sine
2460 4986 2569 5042 Deo
2593 4998 2768 5054 erant,
2804 4990 2927 5047 inde
2950 5002 3094 5048 metu
3123 4997 3317 5062 territi,
3343 4997 3491 5053 hunc

1907 5074 2077 5130 solum
2111 5075 2278 5132 Deum
2305 5093 2424 5134 esse
2453 5095 2574 5135 cum
2609 5079 2965 5140 admiratione
2987 5087 3222 5143 maxima
3257 5087 3492 5146 fateren-

1906 5176 2015 5232 tur,
2039 5183 2068 5221 a
2096 5183 2201 5238 quo
2222 5170 2306 5226 hac
2326 5172 2574 5228 vindicta:
2610 5183 2757 5230 sunt.
2781 5175 2894 5234 Hoc
2913 5179 3075 5234 etiam
3102 5195 3303 5252 genere
3339 5184 3483 5238 anti-

1906 5257 1998 5327 qui
2027 5258 2217 5313 mediei
2250 5259 2303 5314 iu
2331 5261 2639 5341 hominibus
2685 5275 2860 5322 morte
2900 5268 3096 5341 dignis,
3151 5271 3236 5326 vel
3296 5274 3487 5328 mortis

1908 5349 2227 5403 sententiam
2254 5353 2578 5419 consecutis,
2609 5356 2954 5424 requirebant
2979 5359 3244 5429 quomodo
3270 5360 3491 5430 prodes-

1905 5447 2026 5494 sent
2040 5440 2316 5512 vivis,qu:e
2332 5443 2384 5497 in
2400 5444 2615 5502 homine
2629 5447 2864 5505 latebant
2887 5453 3108 5522 apertis,
3124 5461 3184 5508 ut
3197 5453 3280 5510 his
3292 5469 3490 5526 cogno-

1906 5539 2121 5586 scerent
2149 5548 2341 5589 causas
2366 5536 2721 5607 aegritudinis,
2744 5550 2803 5595 ut
2826 5556 2986 5613 poena
3016 5543 3299 5601 morientis
3323 5546 3489 5616 protl-

1907 5629 2055 5675 ceret
2077 5620 2144 5675 ad
2158 5622 2382 5679 salutem
2402 5626 2650 5683 viventis.
2665 5627 2938 5700 »(August.
2958 5631 3011 5684 in
3036 5630 3204 5702 Epist.
3221 5635 3289 5688 ad
3308 5633 3483 5701 Ιίοηι..

1908 5728 1956 5765 c.
1980 5709 2095 5783 62.)
2122 5728 2141 5761 ι
2169 5710 2323 5780 Quod
2349 5729 2478 5784 ergo
2509 5715 2619 5785 jam
2668 5718 2879 5774 Pharao
2928 5735 3031 5774 non
3080 5720 3487 5795 obtemperabat

1910 5804 2192 5876 przcccptis
2225 5806 2336 5873 Dei,
2355 5808 2465 5879 jam
2492 5810 2556 5866 de
2577 5810 2835 5882 supplicio
2867 5812 3129 5869 veniebat.
3158 5814 3274 5872 Non
3302 5825 3483 5875 autem
