3938 6334
408 338 433 447 ί
467 379 605 437 1525

1093 373 1160 428 Β.
1202 370 1454 428 RABANI
1487 369 1705 428 MAURl
1738 367 2059 425 ARCHIEP.
2103 367 2412 426 MOGUNT.
2452 366 2737 424 OPEBUM
2767 366 2946 422 PARS
2982 365 3072 422 lli.

3584 365 3727 421 ιω

465 491 751 563 quisquam
789 492 969 558 potest
1009 484 1189 540 dicere
1225 483 1633 539 obdurationem
1669 482 1815 537 illam
1855 482 2036 538 cordis
2062 489 2110 546 Α
2137 490 2429 538 mereatur.
2454 480 2878 552 ltaque,inquit:
2900 501 2921 533 ‹
2951 480 3030 536 Tu
3059 481 3181 552 quis
3202 495 3261 537 es
3282 480 3375 552 qui
3392 481 3736 551 respondeas

467 579 739 637 immerito
768 575 1028 633 accidisse
1055 573 1347 639 Pharaoni,
1369 575 1465 629 sed
1494 573 1702 645 judicio
1742 574 1837 629 Dei
1877 573 2036 629 retri-

464 669 684 727 buentis
706 666 1067 724 incredulitati
1096 665 1214 735 ejus
1237 664 1473 720 debitam
1498 679 1733 736 poenam.
1763 663 1880 720 Non
1911 679 2040 735 ergo

469 761 576 818 hoc
623 759 701 815 illi
748 759 1065 828 imputatur,
1117 756 1260 827 quod
1308 764 1437 811 tunc
1483 771 1591 811 non
1633 755 2040 826 obtemperarit,

470 847 905 922 quandoquidem
941 846 1205 903 obdurato
1226 845 1389 900 corde
1417 846 1793 917 obtemperare
1815 860 1918 900 non
1946 859 2042 916 po-

474 948 646 1003 terat;
676 937 769 994 sed
798 937 925 1008 quia
952 936 1170 1007 dignum
1196 950 1255 990 se
1286 935 1536 1006 praebuit,
1552 935 1665 990 .cui
1691 950 1785 991 cor
1813 933 2045 990 obdura-

2147 591 2169 625 ‹
2196 574 2306 629 Deo
2318 572 2346 627 ?
2360 571 2610 643 Nunquid
2622 572 2753 627 dicit
2767 570 3080 643 ﬁgmentum
3092 571 3142 626 ei
3156 572 3243 640 qui
3260 585 3321 627 se
3342 570 3527 636 ﬁnxit,
3586 568 3735 638 Qua-

2149 682 2168 716 ι
2196 680 2257 721 re
2296 664 2376 720 sic
2405 678 2491 719 me
2521 662 2731 721 fecisti?
2764 661 2848 716 An
2882 676 2992 717 non
3022 661 3185 717 habet
3217 671 3551 733 potestatem
3596 659 3735 732 ﬁgl-

2149 778 2168 812 σ
2204 758 2289 815 lus
2318 758 2417 813 luti
2462 770 2529 813 ex
2573 758 2763 812 eadem
2805 754 3195 826 mnspersione
3219 770 3321 809 vas
3362 753 3557 808 facere
3584 751 3733 808 aﬁnd

2149 867 2171 902 ι
2206 850 2423 921 quidem
2452 850 2505 904 in
2542 847 2997 914 honorem,‘aliud
3025 846 3079 901 in
3102 845 3531 901 contumeliam?
3561 842 3729 915 (Ibid.

2151 958 2172 993 σ
2204 957 2339 996 vers.
2364 939 2482 1012 ‘20.)
2512 958 2532 992 ›
2564 938 2815 1006 Quandin
2852 936 3165 1009 ﬁgmentum
3192 951 3286 1002 es,
3321 935 3505 1005 inquit
3526 975 3544 1000 ,
3586 943 3646 989 et
3668 933 3735 987 ad

474 1037 626 1086 retur
653 1028 816 1100 priori
848 1026 1177 1082 inﬁdelitate.
1207 1025 1267 1081 ln
1293 1027 1379 1081 his
1405 1026 1551 1081 enim
1576 1042 1714 1097 quos
1741 1026 1883 1082 Deus
1898 1025 2046 1096 juste
2144 1046 2380 1088 massam
2417 1031 2516 1085 luti
2545 1029 2810 1102 pertines,
2852 1027 3092 1084 nondum
3127 1026 3427 1098 perductus
3469 1024 3539 1079 ad
3569 1023 3735 1094 spiri-

473 1121 716 1184 damnat,
746 1117 1033 1174 inﬁdelitas
1057 1124 1114 1172 et
1139 1116 1389 1188 impietas
1411 1117 1669 1173 imbuant
1696 1130 1872 1188 paenae
1931 1132 2047 1173 me-

474 1212 660 1277 ritum,
689 1218 749 1266 ut
770 1225 869 1281 per
894 1210 1066 1280 ipsam
1097 1223 1312 1280 pinnam
1341 1209 1504 1264 etiam
1530 1209 1670 1266 male
1707 1216 2039 1281 operentur;

474 1305 618 1360 sicut
648 1309 703 1359 et
729 1301 977 1372 superius
1006 1300 1151 1356 idem
1201 1300 1333 1355 dicit
1378 1299 1707 1371 Apostolus:
1742 1318 1762 1351 ι
1791 1299 1858 1355 Ει
1903 1316 2041 1371 quo-

480 1409 503 1444 i
531 1391 690 1448 modo
716 1406 824 1447 non
850 1391 1221 1462 probaverunt
1256 1388 1430 1445 Deum
1472 1389 1528 1444 in
1581 1389 1774 1445 notitia
1819 1389 2044 1457 habere,

481 1498 503 1535 ι
530 1479 753 1536 tradidit
771 1480 896 1536 illos
920 1481 1066 1536 Deus
1090 1480 1144 1535 in
1174 1481 1465 1551 reprobum
1490 1494 1733 1546 sensum,
1766 1490 1823 1536 ut
1847 1480 2052 1537 faciant

482 1591 503 1624 ι
537 1588 603 1629 ea
630 1587 748 1643 quae
770 1587 877 1627 non
904 1572 1230 1628 conveniunt
1264 1570 1435 1645 (Rom.
1467 1588 1547 1637 rx,
1572 1572 1681 1637 18).
1732 1592 1751 1625 ι
1802 1572 2049 1643 Quapro-

472 1672 596 1735 pter
618 1664 691 1719 ita
718 1663 989 1719 concludit
1015 1662 1301 1735 Apostolus
1327 1682 1341 1717 :
1364 1682 1383 1715 ι
1411 1663 1552 1736 Ergo
1574 1664 1660 1719 cui
1686 1663 1806 1719 vult
1827 1666 2051 1722 misere-

483 1772 500 1804 ι
533 1762 638 1819 tur,
655 1762 708 1808 et
727 1769 889 1825 quem
912 1753 1027 1809 vult
1050 1752 1500 1826 indurat.i(0rig.
1516 1755 1571 1809 in
1593 1752 1764 1826 Epist.
1786 1755 2044 1822 adRom.,

2148 1123 2298 1188 talia,
2328 1128 2388 1176 ut
2427 1121 2504 1176 sis
2530 1118 2789 1191 spiritalis
2814 1117 2996 1173 omnia
3019 1115 3293 1186 judicans,
3334 1122 3392 1171 et
3436 1128 3472 1168 a
3516 1111 3738 1167 nemine

2139 1212 2422 1285 judiceris,
2447 1213 2701 1268 cohibeas
2722 1218 2775 1266 te
2805 1217 3020 1282 oportet
3049 1210 3117 1265 ab
3142 1205 3463 1277 hujusmodi
3501 1205 3737 1274 inquisi-

2147 1305 2314 1370 tione,
2348 1312 2531 1359 etnon
2566 1301 2895 1373 respondeas
2922 1301 3055 1367 Deo,
3091 1300 3248 1370 cujus
3274 1298 3569 1355 consilium
3592 1296 3741 1366 gms-

2148 1409 2255 1466 que
2281 1394 2422 1449 scire
2461 1393 2707 1463 cupiens,
2758 1398 2972 1462 oportet
3002 1399 3064 1445 ut
3103 1391 3261 1461 prius
3288 1390 3347 1445 in
3386 1387 3513 1457 ejus
3551 1386 3739 1441 amici-

2148 1487 2282 1540 tiam
2327 1482 2643 1554 recipiatur,
2696 1481 2840 1551 quod
2881 1481 3194 1550 contingere
3240 1479 3351 1535 nisi
3398 1474 3741 1546 spiritalibus

2149 1592 2256 1632 non
2275 1582 2484 1646 potest;
2507 1573 2620 1644 jam
2648 1574 2992 1644 portantibus
3035 1572 3331 1644 imaginem
3360 1569 3612 1626 caelestis
3646 1569 3741 1621 ho-

2150 1667 2331 1723 minis.
2375 1684 2394 1717 c
2424 1664 2545 1720 1am
2583 1666 2753 1732 enim,
2783 1665 2981 1735 inquit,
3024 1679 3133 1719 non
3173 1664 3357 1719 dicam
3383 1676 3493 1718 vos
3537 1674 3738 1723 servos,

2156 1777 2177 1811 ς
2211 1758 2305 1815 sed
2333 1759 2561 1815 amicos.
2586 1756 2780 1815 Omnia
2808 1757 2951 1812 enim
2980 1772 3105 1828 quae
3132 1756 3318 1811 audivi
3361 1770 3394 1809 a
3426 1764 3591 1825 patre
3628 1768 3743 1807 meo

476 1861 524 1900 ε.
562 1844 641 1915 9.)
672 1864 691 1897 ι
714 1844 868 1914 Quod
918 1852 1099 1901 autem
1122 1845 1275 1912 dicit,
1303 1864 1321 1897 ι
1346 1846 1487 1917 Ergo
1507 1846 2049 1915 cuivultmiseretur,
2076 1859 2125 1921 Β
2157 1869 2176 1903 ι
2211 1860 2337 1908 nota
2378 1851 2483 1908 feci
2510 1850 2664 1907 vobis
2705 1848 2888 1921 (Joan.
2924 1863 3021 1914 xv,
3048 1847 3160 1920 i5).
3191 1867 3213 1899 ι
3246 1845 3517 1915 Quaudiu
3566 1846 3745 1914 itaque

482 1954 502 1987 ι
533 1946 589 1993 et
611 1952 775 2007 quem
797 1937 912 1992 vult
938 1937 1176 2002 indurat,
1213 1955 1233 1989 ι
1268 1951 1335 1991 ex
1365 1937 1453 1992 his
1476 1952 1597 2007 quae
1620 1938 1671 1992 in
1696 1937 1880 1993 Exodo
1919 1938 2054 1994 scri-

473 2036 567 2098 pta
603 2036 731 2083 sunt
753 2026 967 2083 videtur
993 2042 1290 2083 assumere.
1317 2025 1397 2083 lbi
1439 2027 1583 2083 enim
1629 2027 1801 2084 dicit:
1837 2048 1855 2081 ι
1890 2027 2054 2084 Indu-

407 2118 419 2127 ’
483 2138 503 2173 ι
540 2119 673 2177 rabo
690 2136 787 2178 eor
803 2120 1124 2187 Pharaonis,
1148 2129 1298 2177 utne
1320 2121 1556 2176 dimittat
1574 2121 1828 2193 populum
1855 2120 2051 2193 (Exod.

479 2228 502 2264 ι
536 2226 610 2277 Iv,
640 2210 754 2284 21).
794 2230 815 2264 ι
850 2211 1207 2267 lndurabatur
1248 2223 1428 2267 autem
1474 2227 1571 2268 cor
1602 2210 1904 2267 Pharaonis
1952 2213 2056 2268 hoc

476 2302 659 2358 modo.
695 2301 875 2359 Noluit
909 2302 1054 2360 Deus
1081 2304 1311 2360 subitam
1337 2313 1393 2360 et
1417 2303 1630 2376 plenam
1668 2308 1797 2361 dare
1839 2306 1895 2361 in
1928 2319 2053 2361 eum

475 2391 791 2448 vindictam.
823 2392 1080 2460 Quamvis
1105 2395 1249 2449 enim
1277 2402 1422 2450 esset
1457 2406 1849 2451 consummatae
1900 2395 2055 2451 mali-

473 2481 587 2547 tiae,
614 2490 793 2538 tamen
817 2499 915 2554 per
936 2484 1254 2553 patientiam
1283 2500 1436 2540 suam
1476 2485 1621 2542 Deus
1664 2502 1765 2542 nec
1818 2486 1921 2558 ipsi
1974 2486 2054 2542 fa-

475 2574 732 2632 cultatem
767 2577 1138 2632 conversionis
1162 2575 1466 2633 excluserat
1505 2591 1519 2631 :
1550 2586 1607 2633 et
1630 2578 1753 2633 ideo
1774 2579 1950 2649 primo
1975 2577 2055 2635 le-

475 2666 738 2731 nioribus,
785 2675 898 2721 tum
948 2666 1113 2722 etiam
1150 2666 1409 2738 paulatim
1455 2666 1954 2738 ingravescentibus
1996 2667 2053 2724 in

472 2772 598 2813 eum
628 2757 946 2813 verberibus
972 2757 1162 2813 utitur.
1209 2757 1315 2813 Sed
1355 2759 1500 2829 quod
1526 2759 1670 2815 Deus
1697 2760 1921 2831 gerebat
1954 2776 2056 2831 per

471 2847 812 2917 patientiam,
845 2861 911 2903 ex
936 2849 1041 2904 hoc
1061 2847 1151 2904 ille
1180 2848 1536 2904 indurahatur
1563 2849 1630 2905 ad
1657 2857 2050 2922 contemptum,

474 2938 735 3009 majorem
766 2941 865 2996 sibi
892 2941 1029 2997 iram
1052 2941 1370 3006 recondens,
1404 2942 1477 2997 ita
1506 2950 1566 2997 ut
1613 2942 1684 2999 ad
1732 2944 1909 3014 ipsum
1945 2945 2051 3000 dici

474 3031 765 3087 conveniat
784 3031 912 3087 illud
932 3032 1073 3102 quod
1093 3031 1383 3102 Apostolus
1407 3032 1598 3088 scribit
1625 3050 1639 3087 :
1676 3052 1695 3085 ι
1721 3034 1805 3088 An
1832 3034 2051 3091 divitias

480 3138 501 3171 ι
530 3120 792 3176 bonitatis
828 3121 945 3193 ejus
972 3128 1027 3175 et
1056 3119 1481 3190 longanimitatis
1513 3120 1852 3177 contemnis?
1897 3121 2053 3195 lgne-

2151 1959 2247 2000 vas
2271 1942 2415 2015 figuli
2444 1957 2524 2008 es,
2550 1939 2940 1996 conterendum
2969 1946 3053 1993 est
3084 1938 3188 1994 hoc
3219 1938 3403 2008 ipsum
3436 1937 3499 1990 in
3524 1943 3577 1991 te
3602 1936 3745 2004 prius

2150 2035 2301 2107 virga
2324 2034 2414 2089 illa
2444 2035 2639 2097 ferrea,
2670 2031 2735 2087 de
2764 2045 2873 2101 qua
2896 2030 3099 2084 dictum
3131 2039 3253 2084 est:
3288 2048 3309 2081 ι
3344 2027 3538 2099 Reges
3578 2041 3673 2081 eos
3694 2024 3743 2078 in

2158 2145 2177 2179 ι
2213 2125 2363 2196 virga
2415 2122 2633 2189 ferrea,
2687 2129 2743 2177 et
2777 2128 3032 2191 tanquam
3079 2134 3177 2176 vas
3236 2118 3392 2191 ﬁguli
3440 2116 3743 2187 conﬂi-ﬁ
3844 2146 3853 2155 -

2157 2237 2177 2271 ‹
2210 2233 2304 2273 eos
2329 2215 2502 2289 (Psal.
2528 2231 2592 2282 ιι,
2626 2213 2704 2287 9),
2736 2233 2756 2267 ι
2797 2222 2859 2269 ιιι
2894 2222 3149 2284 corrupto
3192 2212 3485 2268 exteriore
3514 2210 3740 2273 homine,

2152 2321 2207 2368 et
2233 2310 2490 2367 interiore
2526 2308 2809 2374 innovate,
2853 2307 3030 2378 possis
3056 2307 3113 2361 in
3151 2307 3439 2361 charitate
3480 2304 3745 2358 raiﬁcatus

2151 2414 2207 2462 et
2234 2403 2492 2460 fundatus
2531 2400 2992 2473 comprehendere
3029 2400 3401 2465 latitudinem,
3450 2396 3745 2468 longum.“

2152 2512 2301 2564 nem,
2331 2494 2696 2561 altitudinem,
2728 2500 2784 2549 et
2829 2491 3181 2565 profundum,
3205 2505 3557 2563 cognoscere
3588 2488 3743 2543 etiam

2151 2584 2666 2655 supereminentiam
2710 2580 2952 2637 scientia:
2995 2579 3282 2636 charitatis
3318 2577 3561 2634 Christi.
3600 2576 3745 2631 Nnc

2152 2676 2333 2748 itaque
2369 2690 2493 2731 cum
2531 2689 2597 2730 ex
2639 2673 2833 2729 eadem
2861 2670 3246 2742 conspersione
3298 2669 3454 2725 Dens
3483 2668 3593 2722 alia
3620 2682 3739 2721 vasa

2151 2768 2207 2824 in
2232 2768 2494 2825 honorem
2515 2766 2665 2832 facit,
2695 2764 2799 2821 alia
2827 2765 2880 2819 in
2908 2763 3319 2829 contumeliam,
3348 2778 3464 2818 non
3490 2770 3579 2817 est
3602 2770 3742 2816 tm

2152 2860 2444 2925 discutere,
2480 2858 2725 2930 quisquis
2767 2869 3065 2913 secundum
3111 2856 3367 2911 eamdem
3403 2855 3741 2925 conspersio-

2151 2964 2278 3006 nem
2314 2950 2492 3005 adhuc
2519 2950 2682 3015 vivis,
2715 2948 2768 3003 id
2797 2956 2882 3004 est
2902 2954 3123 3003 terreno
3140 2961 3305 3002 sensu
3331 2947 3637 3003 carnaliter
3662 2962 3739 3002 sa-

2152 3041 2256 3112 pis.
2289 3059 2307 3092 »
2343 3039 2515 3113 (Orig.
2540 3042 2597 3095 in
2620 3039 2789 3110 Epist.
2819 3040 2889 3094 ad
2910 3037 3066 3094 Rom.
3099 3037 3181 3107 9.)
3214 3056 3234 3090 ο
3264 3037 3571 3110 Subjungit
3606 3040 3735 3093 eam

2151 3132 2267 3188 haec
2317 3132 2612 3202 Apostolus
2654 3146 2723 3188 ex
2770 3144 3003 3202 persona
3066 3130 3346 3186 contraria
3404 3130 3737 3185 mtientis:

480 3231 499 3263 ι
534 3227 629 3269 ras
672 3213 928 3284 quoniam
969 3212 1233 3284 patientia
1250 3213 1345 3268 Dei
1377 3221 1429 3268 te
1450 3214 1518 3269 ad
1543 3213 1917 3284 pmnitentiam
1957 3215 2051 3271 ad-
2078 3222 2124 3284 C
2160 3242 2179 3276 ι
2212 3223 2360 3281 Dicis
2384 3225 2567 3296 itaque
2614 3223 2907 3295 mihiquid
2945 3223 3121 3279 adhuc
3158 3224 3469 3295 queritur?
3492 3222 3629 3278 Nam
3656 3238 3737 3277 vo-

478 3321 499 3354 ι
527 3301 715 3358 ducit?
744 3301 1053 3359 Secundum
1081 3302 1339 3358 duritiam
1367 3312 1548 3358 autem
1579 3311 1633 3358 et
1661 3317 1756 3358 cor
1800 3303 2053 3373 impteni-

479 3412 500 3444 ε
536 3402 657 3449 tens
685 3393 1029 3449 thezaurizas
1052 3393 1145 3448 tibi
1173 3394 1275 3463 ipsi
1301 3393 1440 3450 iram
1469 3394 1523 3449 in
1554 3394 1642 3451 die
1668 3394 1799 3451 irae?
1830 3415 1849 3448 ι
1875 3394 2049 3467 (Rom.

480 3502 499 3537 α
532 3499 596 3548 ιι,
624 3482 709 3553 4.)
732 3482 849 3537 Non
884 3497 1015 3553 ergo
1043 3497 1204 3552 quem
1234 3479 1515 3539 vult‘Deus
1543 3483 1782 3551 indurat,
1826 3485 1921 3540 sed
1959 3486 2052 3556 qui

470 3573 746 3646 patientiae
766 3572 1140 3645 obtemperare
1168 3575 1399 3631 noluerit
1428 3576 1729 3632 induratur.
1754 3598 1773 3631 ι
1802 3580 2047 3651 (August.

472 3667 529 3722 in
548 3665 722 3737 Epist.
751 3663 823 3719 ad
842 3663 1018 3732 Rom.,
1041 3682 1089 3720 c.
1115 3665 1229 3739 62.)
1257 3686 1277 3719 ‹
1299 3666 1395 3724 Cui
1426 3668 1571 3724 enim
1591 3669 1903 3739 miseretur,
1921 3672 2054 3730 facit

472 3773 599 3814 eum
622 3759 821 3815 bonum
842 3759 1077 3830 operari,
1104 3767 1159 3815 et
1176 3776 1339 3831 quem
1366 3762 1618 3829 obdurat,
1650 3762 1905 3835 relinquit
1924 3780 2049 3821 cum

470 3856 535 3906 ut
559 3849 700 3905 mala
735 3860 1026 3921 operetur:
1059 3853 1153 3908 sed
1186 3861 1241 3908 et
1280 3852 1370 3907 illa
1423 3853 1796 3911 misericordia
1845 3870 2049 3926 praece-

472 3942 621 3999 denti
653 3946 847 4001 merito
874 3944 998 4000 fidei
1031 3946 1307 4012 tribuitur,
1330 3956 1385 4002 et
1405 3948 1507 4002 ista
1527 3946 1812 4004 obduratio
1846 3965 2049 4020 praece-

472 4034 619 4089 denti
642 4033 921 4105 impietati,
952 4043 1012 4091 ut
1040 4044 1095 4091 et
1116 4036 1255 4092 bona
1276 4052 1373 4108 per
1400 4036 1596 4092 'lonum
1623 4036 1716 4093 Dei
1740 4054 2047 4111 operemur,

469 4133 527 4182 et
550 4125 690 4180 mala
716 4141 813 4198 per
841 4126 1183 4198 supplicium,
1235 4143 1357 4182 cum
1393 4135 1573 4182 tamen
1614 4143 1721 4181 non
1772 4128 2052 4184 auferatur

471 4214 704 4273 liberum
759 4216 1052 4273 voluntatis
1095 4204 1402 4283 arbitrium,
1450 4217 1563 4273 sive
1603 4218 1672 4273 ad
1719 4219 2049 4274 credendum

468 4306 681 4375 Deo,ut
707 4316 1070 4378 consequatur
1096 4323 1194 4363 nos
1218 4307 1613 4373 misericordia,
1665 4307 1780 4363 sive
1826 4309 1893 4364 ad
1944 4311 2047 4365 im-

469 4400 755 4470 pietatem,
777 4406 836 4454 ut
865 4408 1231 4468 consequatur
1258 4414 1357 4454 nos
1381 4392 1719 4469 supplicium.
1748 4399 1863 4468 Qua
1915 4417 2048 4457 con-

473 4490 721 4546 clusione
766 4489 939 4556 illata,
988 4490 1152 4545 infert
1183 4492 1536 4561 quaestionem
1569 4501 1826 4562 tanquam
1864 4509 1895 4548 a
1921 4509 2051 4550 con-

2160 3335 2180 3370 c
2216 3315 2410 3372 luntati
2434 3316 2552 3388 ejus
2583 3317 2706 3387 quis
2733 3315 2981 3371 resistit?
3009 3334 3029 3367 ι
3061 3325 3166 3371 etc.
3198 3314 3487 3371 Voluntati
3528 3315 3733 3385 quidem

2156 3410 2251 3467 Dei
2277 3416 2484 3467 eertum
2509 3418 2594 3465 est
2618 3409 2760 3479 quod
2784 3409 2963 3465 nullus
2981 3408 3251 3464 obsistere
3269 3408 3455 3480 possit
3479 3425 3497 3463 :
3526 3408 3623 3465 sed
3648 3424 3736 3464 re-

2152 3506 2411 3562 luntatem
2438 3504 2557 3576 ejus
2573 3502 2776 3572 justam
2808 3511 3124 3575 rectamqne
3148 3518 3273 3561 esse
3304 3503 3455 3559 seire
3483 3518 3589 3558 nos
3618 3518 3734 3558 eou-

2152 3595 2318 3649 venit.
2343 3592 2415 3649 Ut
2440 3593 2568 3649 boni
2592 3594 2738 3649 enim
2761 3603 2854 3649 aut
2874 3593 3000 3650 mali
3026 3594 3220 3659 simus,
3250 3602 3465 3650 nostra:
3500 3594 3735 3649 volunta-

2152 3685 2222 3740 tis
2247 3691 2354 3751 est,
2389 3684 2532 3753 quod
2559 3692 2740 3739 autem
2773 3684 2950 3740 malus
2975 3684 3044 3740 ad
3068 3684 3386 3756 huiusmodi
3411 3685 3667 3747 verbera,
3686 3694 3734 3740 et

2150 3777 2324 3832 bonus
2361 3776 2432 3831 ad
2473 3774 2779 3847 hujusmodi
2824 3775 3051 3846 gloriam
3081 3775 3413 3841 destinatur,
3444 3776 3737 3832 voluntatis

2148 3875 2233 3923 est
2254 3866 2387 3922 Dei?
2418 3885 2436 3918 ‹
2464 3865 2509 3923 0
2546 3867 2732 3933 homo,
2767 3865 2963 3936 inquit,
2995 3873 3052 3921 ιιι
3098 3865 3228 3935 quid
3271 3880 3335 3921 es
3375 3867 3473 3937 qui
3524 3882 3737 3937 respou-

2155 3979 2173 4013 ι
2204 3960 2334 4014 deas
2358 3958 2504 4013 Deo?
2529 3978 2548 4010 ι
2597 3955 2776 4031 (Greg.
2801 3956 3086 4012 Horatium
3112 3974 3189 4024 rx,
3211 3974 3261 4011 c.
3284 3957 3365 4027 8.)
3390 3957 3735 4028 Responde:

2150 4053 2261 4107 Deo
2299 4067 2405 4107 non
2445 4065 2606 4123 posse
2652 4049 3013 4106 convincitur
3045 4049 3137 4119 qui
3184 4049 3351 4105 homo
3403 4051 3733 4111 nominatur,

2149 4142 2277 4213 quia
2308 4157 2408 4213 per
2428 4142 2533 4197 hoc
2556 4142 2699 4213 quod
2728 4140 2795 4196 de
2823 4140 2989 4195 humo
3020 4148 3272 4211 sumptus
3294 4148 3383 4195 est
3400 4140 3617 4211 judicia
3646 4156 3731 4196 ω-

2147 4247 2316 4303 perna
2346 4232 2618 4288 discutere
2667 4231 2860 4302 dignus
2902 4246 3008 4286 non
3056 4239 3161 4286 est.
3186 4229 3349 4287 Unde
3391 4230 3448 4286 in
3480 4228 3584 4285 Job
3612 4230 3733 4301 legi-

2149 4334 2276 4379 tur:
2308 4344 2327 4376 c
2358 4323 2454 4379 Vel
2481 4324 2604 4395 quis
2625 4323 2806 4380 dicere
2826 4322 3148 4394 potest,Cur
3174 4322 3250 4378 ita
3276 4322 3421 4378 facis
3432 4323 3489 4378 ἳ»
3518 4324 3639 4393 (Joh
3662 4340 3733 4383 rx.

2150 4414 2280 4488 12.)
2328 4415 2580 4471 Auctoris
2625 4415 2767 4470 facta
2826 4428 3039 4485 semper
3075 4413 3388 4471 indiscussa
3430 4413 3734 4470 vmeranda

2148 4513 2294 4571 sunt,
2325 4505 2451 4575 quia
2497 4504 2693 4576 injusta
2725 4519 2847 4563 esse
2894 4519 3235 4574 nequaquam
3265 4514 3524 4575 possunt.
3552 4504 3734 4561 Ratio-

472 4581 793 4637 tradicente.
849 4579 942 4635 Ait
993 4581 1137 4637 enim
1167 4595 1182 4636 :
1232 4601 1251 4634 ι
1276 4582 1425 4637 Dicis
1480 4583 1667 4656 itaque
1714 4583 1871 4650 mihi,
1919 4585 2048 4657 quid
2071 4590 2126 4652 D
2151 4608 2274 4650 nem
2302 4595 2500 4666 quippe
2529 4596 2596 4651 de
2629 4594 2844 4651 occulto
2885 4595 3003 4666 ejus
3033 4595 3264 4651 consilio
3283 4612 3564 4667 quaerere,
3604 4597 3735 4653 nihil

476 4692 496 4725 ι
528 4675 702 4731 adhuc
723 4674 1013 4745 quaeritur?
1038 4672 1170 4728 Nam
1189 4673 1453 4730 voluntati
1470 4673 1587 4743 ejus
1606 4677 1731 4747 quis
1751 4676 1988 4732 resistit?
2017 4696 2038 4730 ι

467 4765 646 4839 (Rom.
679 4783 757 4833 ιχ,
787 4765 905 4837 19.)
940 4765 1036 4821 Cui
1072 4780 1204 4821 sane
1246 4766 1581 4836 inquisitioni
1623 4768 1703 4823 sic
1731 4768 2043 4839 respondet,

465 4869 529 4917 ut
570 4858 934 4931 intelligamus
961 4857 1293 4928 spiritalibus
1322 4858 1476 4923 viris,
1498 4858 1661 4914 etiam
1691 4874 1799 4914 non
1853 4874 2044 4915 secun-

463 4951 593 5007 dum
636 4960 909 5006 terrenum
955 4949 1233 5005 hominem
1283 4950 1607 5017 viventibus,
1654 4960 1839 5023 patere
1881 4967 2041 5023 posse

461 5044 638 5116 prima
669 5041 866 5098 merita
895 5040 1019 5097 ﬁdei
1032 5040 1411 5112 etimpietatis,
1437 5043 1707 5112 quomodo
1733 5042 1875 5097 Deus
1895 5056 2039 5112 prae-

461 5132 686 5191 scientia
712 5131 881 5202 eligat
904 5132 1231 5199 credituros,
1256 5141 1313 5189 et
1340 5133 1557 5189 damnet
1582 5133 1913 5201 incredulos,
1939 5149 2040 5191 nec

462 5223 583 5285 illos
597 5239 665 5281 ex
688 5222 944 5295 cperibus
970 5222 1200 5293 eligens,
1227 5238 1328 5280 nec
1358 5224 1492 5279 istos
1514 5239 1582 5280 ex
1604 5225 1861 5295 operibus
1882 5226 2036 5283 dam-

460 5332 597 5374 nans
625 5334 638 5372 :
674 5316 769 5374 sed
788 5314 1003 5371 illorum
1032 5314 1155 5371 fidei
1176 5323 1442 5385 praestans
1469 5323 1530 5370 ut
1556 5316 1694 5372 bene
1717 5325 2032 5387 operentur,

453 5416 515 5466 et
549 5410 775 5467 istorum
798 5408 1128 5481 impietatem
1154 5409 1427 5464 obdurans
1452 5407 1769 5475 deserendo,
1812 5417 1870 5464 ut
1896 5409 2035 5466 male

450 5509 768 5573 Operentur.
794 5500 895 5569 Qui
920 5500 1174 5571 quoniam
1202 5498 1526 5565 intellectus,
1545 5506 1605 5555 ut
1627 5500 1759 5565 dixi,
1785 5500 2035 5571 spiritali-

452 5589 735 5664 buspatet,
749 5607 779 5648 a
795 5594 995 5649 carnali
1016 5601 1194 5649 autem
1208 5594 1487 5664 prudentia
1502 5594 1660 5665 longe
1676 5604 1915 5652 remotus
1928 5603 2031 5662 est,

455 5681 537 5737 sic
548 5681 1549 5756 refellitinquirentem.utintelligatse
1561 5686 1828 5756 deponere
1839 5685 2036 5742 debere

460 5770 609 5840 prius
636 5771 907 5828 nominem
941 5772 1063 5840 luti,
1098 5780 1154 5827 ιιι
1177 5773 1280 5829 ista
1298 5788 1394 5844 per
1429 5775 1676 5844 spiritum
1713 5776 2036 5848 investigare

2149 4694 2235 4741 est
2270 4686 2416 4741 aliud
2465 4700 2629 4757 quam
2677 4693 2863 4741 contra
2915 4685 3034 4755 ejus
3078 4687 3371 4743 consilium
3428 4689 3731 4759 superbire.

2147 4776 2283 4833 Cum
2310 4792 2438 4849 ergo
2464 4776 2728 4833 factorum
2757 4794 2936 4834 causa:
2963 4794 3071 4834 non
3108 4778 3625 4849 deprehenduntur,
3648 4796 3731 4837 re

2147 4880 2258 4928 stat
2278 4880 2338 4926 ut
2358 4872 2457 4927 sub
2477 4870 2637 4927 factis
2658 4871 2800 4928 illius
2824 4886 2947 4927 cum
2971 4871 3279 4929 humilitate
3308 4882 3589 4940 taceatur,
3610 4874 3731 4946 quia

2146 4978 2485 5035 nequaquam
2520 4962 2717 5020 sutilcit
2761 4977 2952 5020 sensus
2990 4962 3200 5029 carnis,
3226 4971 3291 5019 ut
3318 4974 3541 5021 secreta
3570 4979 3729 5036 pelle-

2145 5061 2253 5108 tret
2276 5051 2597 5122 majestatis.
2629 5052 2733 5121 Qui
2760 5068 2892 5125 ergo
2918 5053 2974 5109 in
3015 5053 3181 5110 factis
3204 5053 3305 5111 Dei
3326 5056 3606 5113 rationem
3628 5072 3727 5112 ιιιιι

2141 5143 2311 5211 videt,
2350 5143 2720 5201 inﬁrmitatem
2764 5160 2920 5203 suam
2950 5146 3310 5203 considerans
3352 5163 3456 5203 cur
3490 5164 3606 5205 non
3648 5150 3723 5201 ri-

2143 5237 2268 5290 deat
2296 5235 2559 5291 rationem
2588 5236 2753 5292 videt.
2790 5236 2943 5293 Unde
2972 5252 3071 5308 per
3096 5235 3325 5292 Paulum
3350 5253 3579 5308 quoque
3606 5238 3722 5293 sub-

2140 5333 2430 5394 sequenter
2464 5324 2774 5396 adjungitur
2798 5342 2813 5379 :
2841 5343 2859 5376 ι
2892 5323 3143 5395 Nunquid
3169 5323 3303 5380 dicit
3322 5325 3643 5397 ﬁgmentum
3674 5327 3723 5379 ei

2145 5432 2166 5468 σ
2193 5415 2286 5486 qui
2309 5430 2370 5471 se
2390 5414 2546 5470 ﬁnxit
2570 5430 2583 5469 :
2608 5415 2787 5483 Quare
2813 5432 2901 5473 me
2928 5416 3103 5472 fecisti
3130 5417 3253 5472 sic?
3276 5416 3453 5489 (Rom.
3476 5434 3559 5481 rx,
3576 5417 3715 5487 ειη.»

2140 5504 2260 5575 Quo
2286 5507 2432 5562 enim
2459 5522 2518 5563 se
2538 5508 2715 5562 cernit
2740 5507 3054 5579 ﬁgmentum
3082 5506 3249 5564 divini
3280 5524 3405 5565 esse
3427 5510 3634 5580 operis.
3658 5523 3721 5563 eo

2139 5598 2487 5668 semetipsum
2534 5596 2814 5668 redarguit
2869 5613 2938 5653 ne
2978 5606 3168 5654 contra
3220 5614 3447 5654 manum
3498 5598 3719 5655 resdu

2140 5692 2440 5762 operantis,
2487 5691 2613 5758 quia
2653 5690 2747 5759 qui
2793 5690 3022 5761 benigne
3066 5690 3210 5759 quod
3258 5707 3365 5747 non
3406 5701 3525 5747 erat
3572 5689 3713 5753 fuit.

2141 5776 2286 5848 quod
2330 5787 2414 5835 est
2451 5777 2642 5848 injuste
2680 5794 2789 5834 non
2832 5779 3050 5835 deserit.
3090 5778 3169 5834 Ad
3213 5781 3567 5853 semetipsum
3590 5793 3713 5849 ergo
