3938 6334
259 393 380 450 1525

1696 383 2052 450 ΕΡῙΞΤΟΙΑΕ
2064 421 2078 438 .

3351 387 3485 443 {526

255 515 360 579 post
393 504 796 576 percussionem
845 516 998 558 mens
1027 500 1236 567 redeat,
1275 511 1330 558 et
1354 504 1496 572 quod
1514 505 1814 574 apprehen-
1840 504 1887 563 Α
1923 516 1942 548 ‹
1979 495 2218 552 monium
2245 496 2576 567 temporibus
2620 498 2752 563 suis,
2783 498 2836 552 in
2864 513 2971 568 quo
2998 497 3205 568 positus
3241 514 3358 553 sum
3385 514 3488 570 ego

255 598 367 651 dere
387 609 494 649 non
525 591 666 648 valet
694 607 800 646 non
825 591 1087 661 requirat,
1125 607 1192 646 ne
1228 592 1272 646 si
1298 593 1494 648 divina:
1529 593 1622 648 irae
1650 609 1814 649 causa

255 684 544 748 discutitur,
591 681 819 751 amplius
860 681 1100 736 discussa
1156 689 1500 750 provocetur,
1551 690 1606 738 et
1651 697 1813 756 quem

256 775 459 846 placare
483 771 762 828 humiliter
781 778 1008 840 poterat,
1035 769 1544 840 inexstinguibiliter
1565 773 1814 843 superbia

256 867 522 923 accendat.
553 884 571 916 ι
601 863 698 918 His
729 878 860 934 ergo
887 864 964 917 ita
993 878 1052 917 se
1079 863 1420 930 habentibus,
1453 865 1650 920 bonum
1681 865 1815 921 mihi

255 959 454 1013 videtur
484 963 545 1010 ut
590 956 820 1010 humana
852 953 1117 1022 fragilitas
1171 955 1353 1010 divina
1399 956 1603 1027 judicia
1652 957 1817 1013 indis-

254 1057 384 1105 crete
438 1047 710 1102 discutere
747 1061 854 1100 non
893 1053 1206 1115 praesumat,
1235 1046 1332 1102 sed
1373 1047 1546 1118 magis
1571 1047 1816 1103 venerari

254 1140 470 1204 studeat,
515 1138 640 1209 quia
666 1139 721 1193 in
749 1137 1011 1207 praecipiti
1054 1137 1246 1208 pedem
1271 1138 1442 1208 ponit,
1470 1139 1562 1208 qui
1601 1154 1819 1194 mensu-

254 1246 423 1286 rarum
464 1245 684 1286 suarum
728 1229 955 1284 limitem
1007 1245 1114 1285 non
1166 1231 1418 1287 attendit.
1467 1231 1626 1288 Solus
1674 1234 1820 1288 enim

254 1320 382 1376 Deus
410 1319 650 1391 perfecte
677 1327 732 1374 et
754 1336 850 1390 per
875 1320 1058 1374 omnia
1085 1335 1237 1375 suam
1277 1321 1612 1378 voluntatem
1651 1331 1706 1377 et
1731 1339 1822 1394 po-

254 1421 495 1468 testatem
523 1413 690 1467 novit.
727 1411 854 1467 Ideo
884 1412 1068 1466 divina
1105 1413 1329 1483 judicia,
1355 1429 1475 1484 quae
1513 1415 1696 1485 ignota
1723 1431 1822 1471 no-

252 1503 325 1558 bis
357 1511 501 1568 sunt,
533 1504 807 1558 discutere
836 1518 935 1558 nos
962 1519 1067 1558 non
1098 1505 1368 1559 convenit.
1405 1505 1606 1561 Tamen
1651 1505 1818 1562 firmi-

251 1601 326 1648 ter
356 1594 583 1649 credere
625 1594 882 1648 debemus
910 1595 1050 1663 quod
1080 1595 1222 1650 Deus
1263 1603 1495 1650 mortem
1537 1612 1642 1652 non
1669 1596 1816 1664 fecit,

249 1700 338 1740 nec
373 1684 585 1738 laetetur
630 1684 684 1738 in
719 1683 1024 1754 perditione
1075 1684 1446 1751 morientium,
1488 1693 1544 1740 et
1583 1686 1673 1756 qui
1707 1686 1822 1741 vult

247 1790 427 1831 omnes
457 1774 704 1829 homines
742 1773 921 1829 salvos
949 1787 1091 1840 esse,
1122 1783 1178 1829 et
1215 1774 1284 1828 ad
1323 1775 1652 1845 agnitionem
1679 1778 1820 1832 veri-

1920 608 1938 640 α
1971 589 2290 660 prmdicator
2312 599 2366 644 et
2388 581 2661 660 apostolus
2685 605 2700 643 :
2725 590 3014 644 veritatem
3039 591 3179 656 dico,
3208 606 3313 644 non
3331 605 3488 646 inen-

1920 700 1938 733 ‹
1977 682 2100 748 tior,
2138 683 2323 738 doctor
2343 685 2581 753 gentium
2614 684 2666 738 in
2705 683 2808 738 [ide
2831 691 2886 738 et
2919 684 3150 738 veritate
3176 683 3226 754 (Ι
3258 683 3393 738 Tim.
3423 699 3486 749 ιι.

1920 789 1939 822 ‹
1977 771 2000 825 l
2034 771 2184 844 seq.).
2217 792 2234 823 ι
2279 772 2508 844 (Raban.
2537 776 2591 828 in
2618 773 2787 844 Epist.
2825 771 2986 827 Pauli
3033 774 3126 828 lib.
3170 775 3352 844 xxm.)
3383 793 3399 826 ι
3427 773 3488 830 In

1916 876 2200 918 commune
2248 879 2347 934 pro
2387 865 2635 920 omnibus
2683 866 2878 920 debere
2915 880 3009 920 eos
3064 865 3322 922 sollicitos
3367 883 3489 922 esse

1915 953 2188 1023 pnecepit.
2231 953 2363 1008 Nam
2400 955 2445 1010 is
2475 956 2567 1026 qui
2615 972 2714 1026 pro
2755 957 3004 1012 omnibus
3030 956 3338 1013 hominibus
3376 959 3492 1014 haec

1918 1042 2094 1098 facere
2117 1044 2358 1114 jubetur,
2393 1047 2612 1102 evidens
2637 1055 2721 1103 est
2747 1047 3000 1117 quoniam
3024 1056 3078 1102 et
3112 1063 3210 1118 pro
3242 1051 3492 1104 omnibus

1917 1132 2330 1190 sollicitudinem
2385 1137 2688 1206 expendere
2735 1137 2972 1207 jubetur.
3023 1137 3227 1192 Deinde
3281 1139 3347 1193 ad
3401 1138 3490 1194 illa

1919 1238 2038 1292 quae
2084 1239 2292 1279 summa
2331 1241 2452 1281 esse
2503 1227 2756 1284 videntur
2801 1229 2941 1283 inter
2985 1228 3230 1285 homines
3277 1232 3489 1286 transit.

1925 1332 1945 1366 ‹
1980 1313 2087 1369 Pro
2113 1315 2348 1385 regibus,
2377 1317 2568 1386 inquit,
2601 1326 2657 1372 et
2685 1319 2934 1373 omnibus
2963 1320 3054 1389 qui
3083 1319 3134 1374 in
3161 1320 3496 1377 sublimitate

1925 1422 1945 1456 ι
1975 1412 2150 1460 sunt.»
2178 1405 2244 1460 Et
2264 1408 2554 1462 ostendens
2583 1409 2835 1478 quoniam
2864 1416 2918 1464 et
2946 1411 3050 1465 hoc
3072 1410 3280 1466 lucrum
3303 1413 3374 1468 sit
3397 1427 3492 1468 eo-

1922 1511 2127 1551 rum“
2162 1506 2222 1552 ut
2275 1499 2530 1569 quietam,
2583 1500 2775 1570 inquit,
2826 1509 2881 1557 et
2935 1503 3276 1572 tranquillam
3327 1505 3494 1561 vitam

1927 1605 1946 1639 ι
1975 1603 2197 1659 agamus
2227 1583 2354 1644 eum
2379 1591 2523 1645 omni
2543 1591 2744 1662 pietate
2765 1600 2820 1646 et
2851 1594 3201 1649 sobrietate.»
3238 1593 3295 1649 Si
3323 1597 3488 1662 enim,

1919 1691 1980 1738 ut
2017 1684 2343 1739 conveniens
2385 1692 2488 1750 est,
2519 1685 2570 1738 in
2613 1700 2746 1754 pace
2776 1685 2851 1740 illi
2895 1685 3197 1758 deguerint,
3231 1689 3491 1759 possibile

1921 1784 2005 1830 est
2045 1781 2102 1830 ct
2145 1790 2243 1830 nos
2282 1775 2730 1846 tranquillitatem
2779 1775 3038 1833 facientes
3081 1779 3270 1850 pietati
3321 1780 3498 1835 inten-

246 1867 366 1922 tatis
393 1867 598 1930 venire,
631 1865 861 1920 redimet
903 1865 1114 1920 animas
1160 1881 1440 1921 servorum
1473 1883 1721 1934 suorum,
1765 1877 1818 1925 et
1845 1852 1893 1912 Β
1921 1868 2067 1933 dere,
2101 1877 2153 1924 et
2183 1869 2306 1923 vita:
2337 1869 2639 1923 sobrietati.
2679 1869 2748 1923 Et
2769 1871 3002 1925 suadens
3041 1870 3146 1926 illis
3183 1871 3284 1927 ista
3315 1871 3393 1926 sic
3420 1870 3497 1926 fa-

245 1973 344 2012 non
393 1956 730 2026 derelinquet
771 1970 958 2010 omnes
988 1956 1079 2025 qui
1112 1965 1332 2026 sperant
1375 1958 1429 2011 in
1475 1973 1552 2012 se.
1584 1959 1734 2024 Quod
1763 1960 1819 2015 in

244 2049 533 2119 Scripturis
571 2048 740 2103 sacris
765 2057 820 2104 et
863 2049 916 2102 in
949 2048 1143 2104 divinis
1187 2048 1552 2106 Testamentis
1581 2050 1647 2107 de
1683 2066 1819 2121 prm-

241 2137 596 2192 destinatione
638 2137 896 2206 scriptum
943 2137 1192 2208 legimus,
1248 2137 1478 2193 firmiter
1517 2149 1815 2206 teneamus,

241 2245 337 2286 nec
379 2230 445 2285 de
491 2239 680 2284 nostro
709 2229 912 2298 aliquid
945 2229 1182 2298 adjicere
1218 2245 1632 2299 praesumamus.
1671 2231 1816 2288 Satis

239 2321 310 2377 sit
334 2321 490 2376 nobis
515 2321 658 2390 quod
683 2319 970 2390 Apostolus
1014 2328 1069 2375 et
1103 2321 1292 2376 doctor
1319 2323 1560 2392 gentium
1589 2324 1655 2378 de
1682 2339 1819 2394 prae-

237 2416 600 2472 destinatione
621 2416 918 2471 electorum
965 2416 1176 2480 docuit;
1225 2430 1328 2470 nec
1355 2415 1484 2470 illud
1522 2417 1669 2486 quod
1704 2417 1818 2488 ipse

237 2507 305 2562 de
347 2503 702 2576 reprohorum
734 2507 1206 2578 praedestinatione
1253 2507 1432 2562 dicere
1477 2509 1669 2570 noluit,
1720 2525 1819 2564 nos

235 2599 448 2655 noviter
475 2598 790 2654 inferamus.
833 2597 949 2654 Non
981 2599 1128 2652 enim
1157 2609 1369 2668 oportet
1405 2613 1505 2654 nos
1537 2600 1602 2654 de
1630 2599 1820 2655 volun-

235 2697 349 2744 tate
374 2698 429 2746 et
465 2689 624 2745 factis
653 2690 747 2745 Dei
794 2691 911 2745 sine
940 2690 1208 2745 charitate
1253 2689 1550 2759 disputare,
1581 2700 1636 2746 et
1680 2707 1819 2762 prm~

232 2782 542 2852 sumptione
569 2782 639 2836 ad
683 2781 1022 2837 infirmorum
1070 2781 1382 2837 scandalum
1415 2782 1645 2837 invicem
1686 2798 1818 2837 con-

234 2873 482 2939 tendere,
514 2889 581 2928 ne
613 2873 754 2929 forte
781 2889 878 2944 per
906 2874 1010 2928 hoc
1025 2872 1182 2943 juxta
1208 2872 1469 2930 Veritatis
1494 2876 1818 2930 sententiam

232 2967 290 3022 in
319 2974 580 3022 aeternum
608 2968 929 3036 supplicium
956 2968 1296 3023 damnemur.
1331 2968 1538 3024 Sufficit
1567 2970 1720 3025 nobis
1751 2970 1820 3025 ad

231 3057 488 3122 salutem,
518 3066 573 3113 et
597 3059 664 3113 ad
691 3067 852 3113 rectae
875 3057 999 3114 fidei
1036 3060 1408 3126 sobrietatem,
1439 3061 1584 3130 quod
1607 3068 1818 3130 aposto-

229 3153 340 3210 lica
368 3156 616 3211 doctrina
650 3171 750 3211 nos
791 3156 966 3222 docet,
996 3164 1052 3210 et
1081 3157 1275 3211 stultas
1312 3156 1639 3227 quaestiones
1667 3156 1818 3226 peni-

231 3255 325 3302 tus
352 3247 688 3314 deseramus,
736 3249 1031 3304 secundum
1059 3248 1299 3318 ejusdem
1327 3250 1568 3319 Apostoli
1609 3265 1814 3319 praece-

227 3347 412 3407 ptum,
436 3337 578 3406 quod
611 3337 678 3392 ad
707 3337 1047 3394 Timotheum
1077 3337 1322 3393 scribens
1355 3338 1430 3392 ait
1458 3357 1470 3391 :
1501 3357 1518 3389 ‹
1552 3337 1671 3392 Noli
1695 3354 1817 3393 ver-

234 3447 254 3480 c
293 3429 380 3484 bis
401 3429 750 3495 contendere,
783 3429 840 3484 in
888 3429 1055 3484 nihilo
1085 3429 1234 3494 utile,
1282 3429 1386 3484 nisi
1419 3430 1484 3482 ad
1514 3428 1818 3485 subversio-

234 3538 256 3571 α
296 3535 423 3574 nem
444 3521 796 3574 audientium.
823 3520 1064 3576 Sollicite
1087 3536 1216 3575 cura
1241 3521 1464 3591 teipsum
1487 3520 1816 3590 probabilem

233 3631 256 3663 c
296 3612 556 3666 exhibere
603 3613 713 3666 Deo
767 3613 1096 3682 Operarium,
1157 3612 1620 3676 inconfusibilem,
1673 3622 1820 3668 recte

235 3719 256 3752 ι
296 3709 624 3755 tractantem
667 3702 893 3756 verbum
942 3702 1210 3757 veritatis.
1265 3701 1494 3756 Profana
1540 3711 1720 3756 autem
1766 3711 1824 3757 et

233 3809 256 3843 ‹
295 3790 608 3859 inaniloqua
639 3789 835 3856 devita,
861 3799 917 3845 et
943 3790 1232 3845 verborum
1262 3791 1568 3845 novitates:
1593 3792 1820 3846 multum

231 3900 252 3931 ι
295 3881 443 3934 enim
473 3880 759 3950 proticiunt
808 3880 875 3934 ad
921 3880 1276 3950 impietatem,
1308 3887 1364 3934 et
1417 3896 1596 3935 sermo
1635 3898 1822 3937 eorum

231 3989 256 4024 ‹
295 3980 360 4025 ιιι
387 3987 582 4026 cancer
629 3971 794 4042 serpit
830 3971 917 4042 (11
961 3971 1095 4026 Tim.
1128 3987 1190 4037 ιι,
1231 3970 1297 4024 14
1346 3970 1500 4042 seq.).
1539 3991 1556 4023 ι
1603 3973 1668 4028 Et
1699 3988 1821 4026 rur-

224 4078 358 4121 sum
386 4081 398 4118 :
432 4083 450 4116 ι
487 4061 716 4130 Stullas,
746 4063 942 4132 inquit,
968 4071 1022 4116 et
1053 4063 1169 4117 sine
1192 4062 1470 4132 disciplina
1499 4064 1823 4133 quaestiones

231 4173 254 4207 ι
292 4155 496 4220 devita,
544 4155 720 4210 sciens
745 4155 870 4225 quia
911 4162 1172 4226 generant
1199 4154 1340 4220 lites,
1382 4169 1595 4209 servum
1644 4164 1820 4210 autem

232 4264 256 4297 ι
298 4246 513 4301 Domini
546 4263 654 4302 non
697 4255 911 4316 oportet
937 4247 1168 4318 litigare,
1204 4247 1300 4302 sed
1328 4256 1667 4303 mansuetum
1703 4265 1824 4305 esse

231 4362 252 4392 ι
295 4341 366 4396 ad
408 4356 616 4406 omnes,
660 4341 962 4405 docibilem,
1012 4341 1331 4410 patientem,
1381 4356 1507 4395 cum
1555 4341 1821 4396 modestia

231 4450 254 4484 ι
292 4433 675 4501 corripientem
705 4447 798 4487 eos
825 4432 916 4500 qui
943 4432 1205 4487 resistunt
1232 4431 1483 4498 veritati;
1517 4447 1584 4487 ne
1606 4432 1822 4502 quando

231 4541 254 4575 ι
297 4523 392 4578 det
418 4525 560 4580 Deus
589 4524 693 4579 illis
717 4525 1089 4596 pmnitentiam
1114 4525 1181 4580 ad
1219 4525 1644 4596 cognoscendam
1679 4525 1820 4580 veri-

230 4631 254 4667 ε
298 4623 487 4679 tatem,
515 4623 569 4670 et
595 4616 912 4685 resipiscam
935 4631 964 4668 a
993 4615 1190 4670 diaboli
1213 4614 1442 4686 laqueis,
1473 4631 1505 4669 a
1538 4631 1647 4685 quo
1675 4616 1818 4684 capti

232 4723 258 4758 α
300 4712 554 4762 tenentur
573 4705 641 4760 ad
667 4705 836 4776 ipsius
849 4706 1175 4762 voluntatem
1199 4705 1342 4778 (Ibid
1350 4746 1387 4770 .,
1409 4723 1542 4761 vers.
1567 4705 1780 4776 23-26).
1795 4726 1811 4757 ι

221 4793 472 4854 Oremus
495 4811 595 4866 pro
625 4796 854 4851 invicem
895 4805 955 4851 ut
991 4797 1282 4860 salvemur,
1312 4797 1454 4852 sicut
1489 4807 1820 4852 memoratus

222 4893 530 4964 Apostolus
558 4909 656 4948 nos
688 4893 866 4949 facere
895 4894 1054 4949 docet
1091 4895 1312 4949 dicens:
1347 4912 1364 4943 ‹
1395 4892 1633 4948 Obsecro
1659 4893 1820 4964 igitur

229 5003 256 5038 σ
296 4987 479 5057 primo
505 4985 746 5040 omnium
779 4983 895 5040 ﬁeri
938 4984 1359 5048 obsecrationes,
1404 4983 1694 5049 orationes,
1725 4999 1820 5053 po-

228 5092 259 5130 ι
296 5075 642 5140 stulationes,
687 5074 982 5145 gratiarum
1023 5073 1264 5128 actiones
1291 5088 1390 5142 pro
1427 5073 1678 5128 omnibus
1726 5075 1822 5128 ho-

233 5187 256 5220 ‹
299 5167 559 5232 minibus,
588 5181 689 5237 pro
731 5167 945 5237 regibus
979 5173 1035 5220 et
1064 5167 1321 5220 omnibus
1361 5165 1451 5234 qui
1483 5165 1538 5220 in
1580 5165 1822 5220 sublimi-

234 5275 258 5308 ι
301 5263 417 5311 tate
440 5266 584 5323 sunt,
613 5265 672 5310 ut
695 5256 934 5326 quietam
955 5263 1011 5311 et
1032 5255 1382 5326 tranquillam
1398 5257 1566 5311 vitam
1596 5273 1820 5328 agamus

232 5366 264 5399 ι
300 5348 360 5403 in
389 5349 535 5404 omni
563 5348 762 5418 pietate
802 5357 858 5403 et
887 5349 1156 5404 castitate.
1189 5349 1301 5404 Hoc
1329 5350 1472 5404 enim
1499 5348 1700 5406 bonum
1739 5359 1823 5406 est

219 5447 291 5496 et
319 5447 604 5510 acceptum
644 5453 828 5494 coram
877 5439 1146 5494 salvatore
1186 5447 1374 5494 nostro
1416 5440 1542 5504 Deo,
1575 5441 1666 5510 qui
1704 5456 1818 5495 om-

228 5549 256 5584 ι
299 5547 402 5586 nes
439 5530 688 5586 homines
715 5530 831 5585 vult
868 5529 1044 5586 salvos
1089 5530 1228 5596 ﬁeri,
1272 5539 1328 5586 et
1373 5531 1442 5585 ad
1486 5532 1816 5602 agnitionem

231 5643 252 5675 ε
292 5622 546 5678 veritatis
572 5622 776 5678 venire.
811 5621 962 5677 Unus
987 5623 1132 5677 enim
1168 5623 1332 5688 Deus,
1364 5638 1505 5678 unus
1532 5632 1586 5677 et
1616 5626 1820 5680 media-

231 5734 254 5765 σ
301 5723 388 5769 tor
407 5713 500 5768 Dei
533 5721 587 5769 et
622 5715 899 5769 hominum
929 5715 1092 5770 homo
1120 5713 1369 5769 Christus
1398 5712 1574 5779 Jcsus,
1602 5715 1695 5785 qui
1721 5716 1818 5770 de-

229 5824 251 5857 ι
293 5805 378 5860 dit
423 5804 842 5868 redemptionem
882 5804 1228 5871 semetipsum
1277 5818 1375 5872 pro
1422 5803 1622 5871 multis,
1669 5806 1843 5875 testi-7

1918 1973 2064 2024 cere,
2100 1959 2241 2013 sicut
2285 1959 2400 2028 ipse
2426 1959 2706 2030 praecepit,
2729 1974 3089 2016 communem
3120 1977 3220 2030 pro
3249 1962 3498 2018 omnibus

1918 2050 2228 2104 hominibus
2255 2049 2694 2117 sollicitudinem,
2716 2051 2806 2120 qui
2831 2067 2924 2122 per
2954 2060 3123 2106 totum
3157 2054 3342 2108 orbem
3379 2069 3497 2108 esse

1917 2138 2186 2204 videntur,
2227 2139 2552 2209 expendere,
2584 2147 2636 2193 et
2660 2140 2966 2194 communia
2991 2141 3131 2195 bona
3159 2141 3354 2196 debere
3383 2143 3498 2196 exi-

1918 2229 2128 2284 stimari
2154 2245 2216 2285 ea
2244 2245 2364 2300 quae
2400 2230 2775 2285 universorum
2806 2238 2970 2285 sunt:
3004 2250 3022 2282 ι
3055 2231 3170 2287 Hoc
3208 2243 3384 2288 autem
3415 2243 3500 2288 est

1924 2339 1942 2372 ι
1974 2322 2172 2377 bonum
2201 2329 2256 2376 et
2291 2329 2572 2391 acceptum
2598 2337 2783 2377 coram
2807 2321 3076 2377 salvatore
3097 2324 3207 2378 Deo
3241 2332 3448 2389 nostro,
3473 2341 3492 2374 ι

1919 2411 2145 2486 (Ambr.)
2179 2412 2520 2468 Sutiicienter
2557 2415 2730 2469 suasit
2771 2429 2866 2470 eos
2915 2415 2993 2469 sic
3033 2430 3246 2486 sapere,
3297 2417 3342 2470 si
3373 2417 3496 2486 qui-

1917 2503 2038 2559 dem
2075 2513 2130 2559 et
2155 2503 2267 2560 Deo
2293 2505 2371 2560 sie
2399 2504 2595 2576 placet.
2627 2505 2782 2561 Unde
2810 2514 2864 2561 et
2890 2508 3262 2577 probationem
3295 2508 3498 2563 faciens

1917 2596 2061 2664 quod
2094 2594 2206 2650 Deo
2233 2597 2336 2651 ista
2385 2596 2620 2666 placent,
2658 2595 2844 2666 adjicit
2871 2615 2883 2651 :
2915 2616 2932 2649 t
2962 2597 3064 2665 Qui
3111 2613 3298 2654 omnes
3329 2599 3502 2653 homi-

1923 2702 1943 2735 ε
1965 2701 2063 2740 nes
2081 2685 2196 2740 vult
2216 2686 2394 2742 salvos
2419 2686 2556 2752 fieri,
2572 2696 2626 2741 et
2653 2687 2718 2741 ad
2747 2689 3109 2758 cognitionem
3135 2690 3380 2745 veritatis
3401 2705 3495 2746 ve-

1923 2793 1942 2825 ι
1972 2776 2108 2830 nire.
2138 2796 2156 2828 ι
2189 2775 2324 2831 Nam
2349 2779 2474 2848 quia
2501 2779 2643 2833 Deus
2672 2778 2740 2832 de
2765 2779 3016 2834 omnibus
3057 2780 3365 2835 hominibus
3395 2780 3498 2836 ista

1918 2865 2066 2930 velit,
2097 2880 2256 2922 nemo
2284 2869 2488 2936 poterit
2521 2868 2916 2922 contradicere.
2947 2868 3181 2923 Evidens
3210 2878 3390 2924 autem
3419 2877 3501 2925 est

1919 2958 2174 3028 quoniam
2208 2974 2398 3014 omnes
2435 2959 2549 3013 vult
2575 2960 2793 3027 salvari,
2831 2960 2954 3030 quia
3001 2969 3054 3015 el
3083 2975 3271 3016 omnes
3297 2969 3496 3015 tuetur.

1919 3052 2296 3108 Necessarium
2342 3061 2426 3108 est
2457 3069 2586 3124 ergo
2633 3063 2692 3107 ut
2738 3069 2836 3109 nos
2881 3052 3000 3123 ejus
3046 3054 3328 3110 tuitionem
3371 3069 3501 3126 erga

1919 3163 2106 3203 omnes
2141 3148 2435 3214 imitemur,
2466 3149 2511 3203 si
2543 3158 2723 3203 tamen
2768 3149 2835 3203 ad
2879 3148 3094 3218 plenum
3135 3149 3500 3207 acceleramus

1919 3241 2116 3296 similia
2147 3255 2335 3309 sapere
2369 3242 2498 3296 Deo.
2543 3240 2610 3294 Et
2653 3239 2798 3294 onmi
2825 3255 2892 3294 ex
2931 3249 3086 3311 parte
3120 3239 3170 3294 id
3208 3241 3498 3297 ostendens

1921 3331 2124 3402 adjicit,
2162 3350 2178 3381 ε
2219 3330 2369 3386 Unus
2405 3341 2586 3386 autem
2619 3331 2761 3385 Deus
2797 3341 2899 3385 est.
2935 3352 2952 3382 ι
2993 3331 3104 3386 [loc
3135 3339 3238 3397 est,
3269 3331 3396 3402 quia
3417 3339 3503 3388 est

1919 3425 2160 3479 onmium
2208 3425 2370 3490 Deus,
2414 3440 2521 3478 non
2577 3423 2802 3480 aliorum
2845 3424 3060 3494 quidem
3101 3433 3185 3480 est
3220 3424 3500 3490 Dominus,

1920 3516 2146 3570 aliorum
2177 3529 2305 3568 vero
2334 3529 2439 3569 non
2468 3521 2569 3567 cst.
2601 3513 2783 3582 Itaque
2831 3528 2938 3568 non
2969 3522 3053 3568 est
3090 3514 3345 3583 possibile
3377 3530 3502 3569 eum

1921 3608 2197 3678 despicere
2251 3607 2460 3676 aliquos
2513 3605 2668 3676 quasi
2729 3605 2935 3660 alienos
3000 3606 3102 3661 sibi
3163 3607 3500 3662 existentes:

1927 3719 1944 3750 ‹
1977 3699 2128 3754 Unus
2153 3708 2236 3753 est
2261 3699 2527 3752 mediator
2557 3698 2651 3752 Dei
2681 3705 2734 3752 et
2755 3699 3033 3754 hominum
3061 3699 3224 3754 homo
3255 3699 3502 3756 Christus

1928 3810 1945 3841 ‹
1973 3789 2176 3844 Iesus.)
2211 3789 2392 3860 (Aug.)
2415 3787 2600 3842 Fallax
2629 3789 2810 3857 itaque
2837 3789 3118 3854 mediator,
3149 3790 3252 3845 hoc
3280 3799 3364 3845 est
3389 3791 3502 3864 dia-

1921 3881 2100 3947 bolus,
2129 3893 2238 3950 quo
2266 3895 2364 3949 per
2407 3887 2615 3934 secreta
2641 3877 2842 3947 judicia
2889 3879 2983 3935 Dei
3027 3882 3282 3951 superbia
3331 3883 3505 3938 homi-

1922 3991 2052 4030 num
2082 3981 2385 4029 mercretur
2418 3972 2587 4040 illudi,
2618 3989 2782 4027 unum
2813 3988 2936 4028 cum
2969 3974 3277 4031 hominibus
3315 3976 3501 4041 habet,

1923 4066 1977 4122 id
2002 4075 2102 4131 est,
2139 4075 2421 4135 peccatum
2451 4080 2464 4118 :
2498 4065 2642 4119 aliud
2668 4065 2833 4120 videri
2849 4065 2960 4119 vult
2981 4065 3182 4122 habere
3213 4083 3335 4122 eum
3367 4067 3498 4134 Deo,

1921 4158 2123 4227 utquia
2169 4157 2348 4211 carnis
2382 4156 2711 4212 mortalitate
2757 4173 2867 4212 non
2904 4159 3120 4228 tegitur,
3151 4174 3250 4228 pro
3280 4159 3503 4215 immor-

1925 4248 2015 4302 tali
2047 4264 2104 4304 se
2129 4247 2396 4303 ostendat.
2444 4246 2551 4303 Sed
2596 4249 2724 4318 quia
2759 4249 3083 4319 stipendium
3109 4251 3316 4320 peccati
3348 4266 3495 4307 mors

1921 4348 2027 4405 est,
2062 4341 2162 4396 hoc
2201 4339 2364 4395 habet
2402 4355 2688 4395 commune
2713 4355 2834 4395 cum
2876 4341 3200 4407 hominibus,
3233 4341 3373 4397 unde
3425 4343 3497 4398 si-

1922 4431 2032 4487 mul
2063 4433 2388 4486 damnentur
2413 4431 2466 4485 in
2498 4439 2748 4486 mortem.
2789 4431 2964 4486 Verax
3011 4439 3190 4486 autem
3235 4431 3498 4488 mediator

1921 4532 2026 4588 est,
2050 4538 2209 4593 quem
2235 4531 2419 4577 secuta
2445 4531 2537 4576 tua
2568 4521 2959 4587 misericordia,
3001 4521 3245 4587 Domine,
3278 4523 3500 4578 demon-

1923 4613 2105 4667 strasti
2137 4611 2449 4677 humilibus,
2482 4620 2536 4666 et
2574 4611 2792 4677 misisti,
2825 4617 2883 4664 ut
2912 4610 3027 4679 ejus
3066 4611 3314 4682 exemplo
3338 4611 3501 4668 etiam

1922 4706 2094 4775 ipsam
2141 4703 2414 4760 discerent
2457 4701 2838 4758 humilitatem.
2887 4701 3149 4756 Mediator
3183 4705 3379 4776 quippe
3411 4703 3502 4759 ille

1923 4799 2017 4854 Dei
2042 4805 2096 4852 et
2129 4797 2428 4862 hominum,
2456 4797 2618 4851 homo
2638 4795 2885 4852 Christus
2920 4795 3095 4862 Jesus,
3125 4796 3265 4852 inter
3300 4806 3504 4852 morta-

1923 4889 2001 4944 les
2025 4898 2341 4960 peccatores
2365 4896 2419 4942 et
2448 4887 2808 4942 immortalem
2829 4887 3035 4956 justum
3061 4887 3328 4958 apparuit,
3359 4904 3502 4944 mor-

1927 4981 2047 5035 talis
2085 4996 2207 5036 cum
2239 4979 2567 5044 hominibus,
2595 4979 2776 5046 justus
2812 4994 2937 5034 cum
2976 4978 3105 5045 Deo,
3147 4987 3207 5034 ut
3244 4980 3499 5049 quoniam

1923 5071 2249 5141 stipendium
2293 5069 2517 5139 justitia:
2553 5071 2662 5124 vita
2715 5077 2770 5124 et
2812 5085 2917 5140 pax
2959 5078 3057 5134 est,
3105 5085 3201 5142 per
3233 5070 3502 5142 justitiam

1925 5163 2269 5232 conjunctam
2318 5163 2428 5218 Deo
2488 5170 2774 5217 evacuaret
2817 5169 3048 5216 mortem
3082 5160 3501 5231 justiﬁcatorum

1925 5258 2236 5329 impiorum,
2277 5271 2439 5326 quam
2479 5269 2602 5310 cum
2645 5253 2751 5309 i-llis
2795 5252 2963 5309 voluit
3009 5254 3212 5310 habere
3253 5269 3500 5309 commu-

1924 5366 2069 5406 nem.
2103 5349 2196 5404 Sic
2223 5349 2620 5403 demonstratus
2659 5355 2744 5401 est
2780 5346 3016 5415 antiquis
3044 5346 3266 5410 sanctis,
3319 5353 3378 5399 ut
3424 5345 3499 5398 ita

1926 5440 2026 5510 ipsi
2050 5455 2146 5511 per
2168 5439 2327 5493 tidem
2377 5436 2570 5491 futura:
2598 5435 2865 5505 passionis
2913 5433 3047 5502 ejus,
3083 5436 3223 5490 sicut
3273 5449 3372 5490 nos
3407 5447 3502 5505 per

1927 5531 2088 5586 fidem
2135 5528 2446 5598 prasteritm,
2497 5526 2628 5582 salvi
2676 5525 2888 5581 fierent.
2937 5525 2994 5579 In
3043 5532 3302 5594 quantum
3351 5525 3497 5580 enim

1927 5623 2108 5689 homo,
2139 5623 2192 5676 in
2221 5629 2431 5676 tantum
2464 5619 2729 5674 mediator
2758 5637 2768 5671 :
2797 5618 2848 5672 in
2874 5624 3134 5687 quantum
3167 5624 3348 5671 autem
3382 5631 3502 5670 ver-

1926 5716 2077 5780 bum,
2103 5729 2208 5769 non
2247 5713 2475 5777 medius,
2512 5711 2634 5780 quia
2670 5709 2893 5779 aequalis
2926 5709 3056 5774 Deo,
3083 5717 3137 5763 et
3176 5709 3318 5764 Deus
3358 5709 3500 5780 apud

1926 5805 2116 5870 Deum,
2158 5811 2212 5858 et
2255 5801 2410 5858 simul
2456 5816 2576 5857 cum
2628 5799 2829 5869 Spiritu
2876 5806 3064 5854 sancto
3111 5815 3248 5856 unus
3285 5801 3445 5856 Deus.
3479 5818 3497 5851 ι
