3938 6334
607 320 743 377 1527

1233 321 1294 387 Β,
1336 322 1591 379 RABANI
1628 325 1850 382 MAURI
1886 326 2206 385 ARClllEP.
2248 328 2560 407 MOGUNT.
2598 333 2885 394 OPEllde
2922 336 3095 395 PARS
3127 340 3191 396 ΠΙ
3601 359 3688 417 {513

607 434 839 508 (Ambr.)
873 453 891 485 ι
922 435 1228 507 Opportune
1256 436 1341 491 vel
1372 437 1607 495 maxime
1634 438 1738 493 hoc
1773 439 1827 493 in
1852 438 1969 495 loco
2000 440 2175 496 homi—
2200 445 2251 504 Α
2277 442 2453 499 Titum
2492 445 2812 517 discipulum
2854 464 3008 505 suum
3051 452 3193 506 misit
3227 455 3447 526 scriptum
3480 467 3690 526 continem-

605 542 729 581 nem
767 540 890 580 eum
924 525 1149 587 vocavit,
1186 531 1246 579 ut
1271 533 1327 579 et
1355 541 1387 579 a
1431 534 1625 580 natura
1665 529 1977 584 ostenderet
2013 529 2177 585 dona-

607 619 772 675 tionis
800 604 1254 682 communionem,
1295 617 1545 673 omnibus
1578 620 1889 675 necessario
1918 620 1974 675 id
2013 621 2180 677 eonﬁ-

604 709 862 774 tentibus,
890 707 1143 778 quoniam
1174 706 1540 762 universitatis
1564 723 1690 778 pars
1715 709 1954 767 existens
1989 727 2180 769 secun-

603 796 732 853 dum
755 805 1005 852 naturam
1028 811 1366 852 communem
1394 796 1664 864 omnibus,
1700 808 1879 870 potest
1912 817 2008 871 per
2031 802 2181 857 simi-

603 888 885 944 litudinem
924 896 1129 942 naturae
1172 887 1514 943 donationem
1543 898 1824 959 praestare.
1858 889 2012 947 Unde
2049 891 2177 948 illud

603 978 759 1048 quasi
777 976 890 1046 jam
917 977 972 1032 in
1008 976 1403 1035 confessionem
1439 979 1732 1034 deductum
1758 980 1885 1036 hinc
1908 982 2180 1052 accipiens

606 1067 813 1138 adjicit,
849 1086 869 1120 ι
897 1068 989 1138 qui
1026 1067 1170 1123 dedit
1197 1067 1430 1139 seipsum
1464 1069 1889 1140 redemptionem
1915 1086 2018 1141 pro
2055 1087 2177 1127 om-

601 1160 764 1217 nibus
792 1159 1156 1215 testimonium
1204 1160 1537 1230 temporibus
1586 1161 1718 1216 suis.
1754 1181 1774 1214 »
1812 1159 1947 1217 Nam
1992 1170 2047 1217 et
2078 1178 2180 1234 pro

601 1252 854 1308 omnibus
889 1250 1037 1306 dedit
1089 1250 1347 1321 seipsum.
1398 1249 1507 1306 Nec
1559 1252 1704 1307 enim
1756 1267 1857 1325 pro
1911 1251 2180 1323 aliquibus

603 1353 836 1401 mortem
882 1343 1065 1400 subire
1106 1343 1397 1413 acquievit,
1446 1343 1540 1399 sed
1579 1342 1833 1400 omnibus
1884 1344 2070 1401 volens
2122 1346 2180 1400 in

603 1449 889 1492 commune
916 1431 1163 1490 conferre
1203 1433 1542 1501 beneﬁcium,
1573 1435 1878 1505 passionem
1907 1436 2179 1508 suscipere

601 1536 685 1584 est
714 1527 984 1599 dignatus,
1018 1526 1310 1583 secundum
1342 1527 1469 1583 illud
1493 1536 1703 1598 tempus
1724 1542 1832 1598 quo
1857 1543 2049 1599 passus
2071 1534 2176 1595 est,

599 1617 970 1674 testimonium
1009 1617 1156 1673 enim
1198 1627 1358 1674 vocat
1390 1619 1697 1689 passionem
1735 1618 1927 1689 ipsam.
1963 1637 1983 1670 ι
2013 1618 2177 1673 Tem-

598 1711 823 1782 poribus
848 1726 979 1767 vero
1008 1711 1130 1768 suis
1154 1732 1173 1765 ι
1205 1712 1355 1779 dicit,
1386 1721 1446 1767 ut
1472 1722 1685 1768 asserat
1716 1714 2011 1771 secundum
2041 1713 2174 1769 illud

2282 536 2420 606 (Tit.
2448 553 2529 604 ut,
2562 538 2681 611 10).
2717 559 2738 592 ι
2774 540 3092 597 Hmreticum
3112 584 3130 609 ,
3174 544 3348 615 inquit,
3383 549 3591 611 hominem
3616 573 3690 629 post

2286 645 2306 678 ς
2339 644 2499 683 unam
2543 637 2600 684 et
2642 632 2935 687 secundam
2976 635 3344 703 correptionem
3378 639 3551 710 devita,
3578 651 3690 708 scier

2287 736 2305 769 ι
2340 719 2482 790 quod
2507 718 2799 777 subversus
2818 732 2903 778 est
2924 721 3239 793 hujusmodi,
3262 736 3310 781 et
3328 728 3538 802 delinquit
3552 742 3690 809 proprio

2287 827 2306 861 α
2334 809 2540 879 judicio
2599 811 3009 875 condemnatus.
3044 835 3063 865 ι
3107 813 3330 883 (Raban.
3354 819 3403 871 in
3422 819 3556 887 Epist.
3578 825 3687 893 Pauli,

2280 897 2369 952 lib.
2401 899 2552 972 xxv.)
2572 920 2591 953 ι
2617 898 2792 967 Quam
2821 904 3141 959 sententiam
3182 905 3353 961 beatus
3391 908 3625 970 Ambrosius
3647 917 3689 972 in
3792 922 3793 925 “

2280 990 2546 1061 exposuit.
2597 990 2681 1047 Ad
2716 991 2934 1062 plenum
2954 1033 2971 1058 ,
2998 994 3186 1065 inquit,
3216 996 3351 1051 illum
3371 998 3537 1067 devita,
3567 1008 3629 1073 qui
3652 1023 3691 1063 ea

2279 1096 2400 1152 qum
2425 1082 2700 1138 contraria
2727 1092 2853 1139 sunt
2879 1084 3066 1155 pietati
3091 1087 3358 1158 praeelegit,
3384 1090 3499 1147 hunc
3515 1095 3693 1152 ettimlta-

2281 1173 2508 1227 reticum
2539 1182 2717 1228 vocat.
2745 1168 3037 1244 Postquam
3063 1177 3203 1231 enim
3227 1179 3379 1234 semel
3396 1181 3692 1243 etbisemlen

2279 1260 2627 1329 instruxeris,
2653 1272 2710 1320 et
2728 1266 3030 1321 ostenderis
3051 1268 3101 1322 ei
3129 1268 3215 1323 illa
3240 1284 3349 1338 qute
3369 1275 3692 1349 conveniundi:

2280 1352 2477 1421 saluti,
2504 1353 2835 1424 superﬂuum
2859 1366 2945 1413 est
2971 1357 3174 1414 diutius
3215 1375 3329 1415 cum
3360 1360 3691 1437 ejusmodidispu-

2281 1450 2421 1507 tare,
2451 1459 2574 1500 cum
2599 1445 2671 1500 sit
2705 1446 3055 1503 manifestum
3101 1450 3341 1518 quoniam
3378 1452 3690 1528 nullampera‘git

2280 1535 2699 1606 correptionem,
2723 1551 2791 1592 ex
2814 1538 3010 1608 quibus
3035 1539 3203 1596 semel
3236 1548 3290 1597 et
3323 1541 3419 1610 bis,
3447 1544 3515 1598 illa
3533 1563 3689 1615 quam

2280 1626 2672 1683 conveniebant
2702 1629 2808 1685 sibi
2834 1631 3083 1698 audiens,
3106 1648 3409 1704 cognoscere
3428 1635 3559 1693 uoluit
3572 1640 3690 1693 retin-

2282 1724 2410 1772 tem.
2441 1716 2705 1789 Relinque
2727 1735 2857 1791 ergo
2881 1736 3005 1776 eum
3026 1722 3121 1792 qui
3155 1723 3273 1778 talis
3298 1734 3407 1791 est,
3423 1734 3473 1779 ut
3484 1726 3621 1797 justam
3636 1744 3689 1783 ex-

599 1810 812 1874 tempus
857 1818 969 1875 quo
1008 1819 1200 1874 passus
1247 1814 1351 1860 est.
1400 1804 1468 1859 Et
1519 1813 1581 1859 ut
1622 1805 1929 1876 passionem
1973 1805 2172 1862 Christi
2206 1808 2251 1869 Β
2277 1817 2482 1878 spectet
2509 1825 2540 1864 a
2560 1810 2742 1881 judice
2778 1826 3028 1882 pmnam,
3054 1829 3119 1870 eo
3143 1815 3281 1885 quod
3313 1816 3363 1870 in
3398 1831 3477 1871 sua
3502 1819 3686 1887 pertinet

598 1893 851 1950 omnibus
892 1895 1253 1951 necessariam
1303 1909 1423 1951 esse
1473 1895 1892 1962 demonstraret,
1937 1896 2177 1952 ostendit

596 1985 705 2042 illis
733 1966 875 2057 quod
902 1987 1187 2044 conveniat
1214 1986 1271 2042 in
1296 2002 1581 2044 commune
1623 1989 1690 2045 de
1715 1988 1965 2045 omnibus
2003 1988 2175 2043 homi-

595 2076 759 2133 nibus
807 2077 1223 2133 sollicitudinem
1273 2077 1605 2150 impendere,
1644 2093 1710 2135 co
1747 2078 1891 2149 quod
1934 2085 1990 2133 et
2033 2077 2176 2134 Deus

597 2168 853 2225 omnibus
881 2185 1069 2226 curam
1117 2170 1392 2238 adhibeat,
1431 2180 1485 2227 et
1515 2171 1658 2242 quod
1705 2171 1760 2225 in
1788 2185 2074 2226 commune
2103 2171 2175 2227 sit

596 2260 838 2315 omnium
869 2260 1151 2327 Dominus,
1177 2250 1240 2316 et
1270 2262 1413 2332 quod
1443 2259 1618 2331 majus
1643 2268 1749 2328 est,
1777 2261 2032 2331 quoniam
2062 2260 2175 2332 ipse

597 2347 848 2405 Christus
893 2349 1143 2406 similiter
1183 2352 1433 2408 omnibus
1484 2352 1917 2423 appropinquare
1961 2352 2175 2409 videtur

596 2438 933 2509 proprietate
964 2448 1190 2496 naturae.
1227 2439 1362 2496 Nam
1395 2449 1451 2498 et
1473 2442 1725 2498 omnibus
1748 2442 1978 2512 prtebuit
2011 2444 2174 2499 bene-

595 2530 779 2584 ﬁcium
807 2547 904 2600 pro
938 2532 1188 2586 omnibus
1213 2531 1519 2603 passionem
1560 2532 1874 2605 suscipiens.
1913 2532 2174 2606 Compro-

597 2620 695 2676 bat
722 2636 852 2677 vero
882 2621 1014 2677 illud
1044 2621 1110 2677 de
1157 2631 1354 2680 caetero
1390 2624 1553 2680 etiam
1581 2633 1634 2681 et
1681 2624 1750 2681 de
1787 2626 1894 2682 illis
1934 2642 2056 2697 qua:
2093 2642 2175 2683 se-

595 2716 831 2772 cundum
866 2732 924 2772 se
966 2726 1111 2772 sunt.
1143 2736 1162 2768 ι
1190 2717 1247 2773 In
1290 2734 1397 2790 quo
1425 2719 1633 2791 positus
1680 2735 1820 2786 sum,
1846 2720 2042 2792 inquit,
2072 2736 2172 2793 ego

601 2823 619 2855 ι
652 2804 977 2875 prmdicator
1004 2812 1059 2859 et
1082 2805 1396 2876 Apostolus,
1418 2808 1702 2865 veritatem
1729 2808 1870 2876 dico,
1894 2826 2001 2865 non
2024 2826 2172 2867 mene

601 2910 621 2944 ‹
660 2893 783 2956 tior,
816 2895 1004 2950 doctor
1038 2895 1277 2966 gentium
1319 2896 1375 2952 in
1415 2896 1521 2953 fide
1556 2906 1612 2953 et
1641 2900 1918 2954 veritate.)
1949 2898 2057 2957 Pro
2085 2899 2171 2958 bis

593 2997 722 3052 ergo
759 2990 813 3037 et
840 2998 939 3054 ego
976 2985 1297 3041 constitutus
1336 3002 1454 3042 sum
1485 2988 1776 3059 apostolus,
1820 2999 1879 3044 ut
1906 2998 1960 3046 et
1999 2992 2170 3062 ipsam

592 3072 896 3127 doctrinam
926 3073 998 3129 ad
1038 3076 1279 3131 omnium
1306 3076 1583 3133 hominum
1614 3080 1861 3135 notitiam
1900 3080 2165 3151 deferam,

2277 1897 2598 1968 persistens,
2630 1899 2839 1955 nullum
2866 1902 2934 1957 ad
2964 1905 3346 1974 correptionem
3368 1921 3494 1961 suam
3509 1922 3556 1962 et
3571 1907 3686 1961 instri-

2278 1989 2457 2044 ctione
2491 1989 2742 2061 accipere
2780 1992 2898 2047 vult
2929 1994 3236 2049 consilium.
3278 1994 3348 2051 De
3384 2011 3473 2065 quo
3508 2005 3549 2050 et
3576 1996 3686 2051 beatis

2277 2076 2636 2148 Hieronymus
2682 2079 2757 2134 ita
2798 2081 2893 2136 ait.
2922 2081 3103 2149 Quare
3130 2092 3305 2139 autem
3344 2092 3447 2155 post
3478 2085 3632 2156 prima:
3653 2094 3685 2139 et

2276 2170 2565 2226 secundam
2586 2174 2979 2244 correptionem
3008 2177 3325 2233 devitandus
3340 2178 3417 2243 sit,
3434 2179 3563 2235 reddit
3577 2194 3683 2233 unus

2276 2261 2462 2317 dicens
2487 2262 2629 2332 quod
2653 2264 2947 2321 subversus
2969 2275 3055 2322 est
3089 2256 3377 2338 huiusmodi
3395 2277 3442 2323 et
3460 2277 3683 2338 pectath

2276 2352 2349 2407 sit
2381 2352 2438 2407 in
2476 2353 2768 2424 semetipso
2792 2354 3134 2426 depravatus.
3173 2356 3269 2425 Qui
3293 2359 3418 2414 enim
3438 2358 3685 2426 semelhisqte

2277 2455 2578 2518 correptus,
2606 2447 2792 2504 audito
2812 2463 2993 2505 errore
3014 2466 3119 2508 suo
3144 2467 3245 2507 non
3269 2450 3372 2505 vult
3395 2449 3561 2520 corrigi,
3577 2462 3685 2504 emit

2274 2536 2509 2593 aestimat
2547 2538 2933 2609 corrigentem,
2969 2549 3025 2594 et
3064 2555 3097 2595 e
3134 2538 3684 2609 contrarioseadjnrgiut

2271 2645 2481 2702 pugnas
2504 2631 2789 2686 verborum
2810 2645 3031 2701 parans,
3052 2648 3181 2689 eum
3202 2634 3311 2689 vult
3330 2633 3575 2689 lucrifacere
3592 2645 3684 2701 aqu

2275 2726 2519 2782 docetur.
2566 2724 2861 2797 Propterea
2902 2741 3033 2781 vero
3084 2741 3119 2781 a
3161 2726 3425 2797 semetipso
3457 2723 3595 2780 dicitur
3614 2736 3683 2776 est

2275 2820 2584 2887 damnatus,
2610 2820 2738 2890 quia
2764 2817 3084 2886 fornicator,
3108 2818 3327 2883 adulter,
3352 2817 3684 2879 homicidam:
3752 2852 3757 2861 .

2276 2920 2393 2968 tera
2416 2910 2547 2966 vitia
2565 2951 2583 2978 ,
2621 2926 2720 2982 per
2756 2911 3069 2967 sacerdotes
3092 2911 3158 2966 de
3178 2910 3397 2967 Ecclesia
3419 2906 3681 2978 propellmtnr.

2271 3002 2516 3059 haeretici
2538 3011 2718 3067 autem
2746 3003 2803 3057 in
2839 3002 3048 3077 seipsos
3076 3002 3381 3060 sententiam
3403 3000 3541 3055 ferunt
3559 3010 3683 3053 suou-

2272 3097 2438 3155 bitrio
2464 3099 2531 3154 de
2554 3098 2797 3155 Ecclesia
2823 3099 3179 3157 recedentes:
3218 3115 3329 3170 quae
3346 3092 3683 3164 recessum

591 3168 648 3217 et
691 3176 880 3218 omnes
925 3162 994 3218 ad
1040 3163 1201 3219 ﬁdem
1252 3163 1455 3221 Christi
1504 3169 1760 3224 accedere
1802 3167 2022 3237 faciam,
2070 3187 2167 3245 per
2192 3163 2237 3227 C
2268 3189 2613 3246 οοηεοίεηιίω
2640 3189 2852 3246 videtur
2875 3205 2995 3248 esse
3023 3162 3458 3247 damnaiianm
3478 3162 3683 3242 ima

592 3265 755 3320 quem
782 3252 884 3307 ista
899 3253 1053 3310 nobis
1081 3256 1344 3311 retributa
1372 3265 1516 3312 sunt.
1543 3257 1613 3312 Et
1632 3259 1848 3329 quidem
1882 3261 1950 3316 ad
1971 3262 2165 3319 borum

588 3340 897 3398 doctrinam
930 3351 986 3400 et
1031 3345 1447 3402 insinuationem
1488 3348 1729 3419 gentium
1776 3358 1995 3408 creatus
2043 3369 2165 3410 sum

593 3433 889 3502 apostolus,
939 3442 1000 3490 ut
1038 3437 1324 3506 praedicem
1355 3437 1606 3495 omnibus
1633 3439 1946 3498 hominibus
1974 3444 2067 3514 qui
2108 3444 2163 3501 in

589 3524 736 3578 omni
762 3524 881 3582 loco
905 3535 1049 3582 sunt.
1080 3547 1099 3581 ι

660 3611 786 3671 Haec
818 3630 949 3687 ergo
988 3619 1055 3673 de
1076 3617 1421 3687 prtescientia
1462 3621 1558 3677 Dei
1589 3629 1643 3678 et
1668 3622 2163 3695 praedestinatione,

588 3713 644 3761 et
679 3706 820 3776 quod
854 3709 969 3778 ipse
1014 3710 1153 3766 Deus
1193 3727 1382 3769 omnes
1417 3713 1662 3772 homines
1701 3715 1877 3775 salvos
1922 3717 2064 3787 fieri,
2108 3732 2165 3777 et

588 3801 656 3852 ad
696 3798 1025 3870 agnitionem
1068 3802 1315 3860 veritatis
1339 3804 1453 3859 vult
1490 3807 1793 3877 pervenire,
1835 3811 2161 3880 apostolica-

586 3902 709 3942 rutn
760 3891 1150 3947 sententiarum
1195 3908 1355 3950 sensu
1394 3895 1551 3967 juxta
1588 3900 2008 3968 praecedentium
2054 3901 2161 3958 Pa-

586 3989 733 4034 trum
763 3981 1175 4051 expositionem,
1208 3995 1369 4055 prout
1401 3987 1571 4056 potui,
1602 3995 1657 4044 et
1689 3990 1909 4045 assidua
1936 3990 2163 4048 inﬁrmi-

586 4078 673 4124 tas
710 4085 797 4125 me
823 4070 1052 4138 sinebat,
1092 4073 1244 4144 juxta
1284 4075 1601 4146 petitionem
1646 4087 1881 4134 vestram
1924 4081 2163 4137 breviter

586 4169 642 4216 et
671 4162 900 4217 strictim
927 4163 1016 4219 hic
1061 4165 1251 4237 collegi
1282 4185 1295 4220 :
1321 4167 1498 4224 sciens
1536 4170 1679 4241 quod
1716 4188 1811 4228 vos
1847 4173 2002 4244 plura
2036 4174 2161 4231 inde

585 4252 843 4324 colligere
869 4255 1111 4323 potestis,
1142 4256 1283 4312 sicut
1324 4258 1557 4315 eruditio
1594 4270 1775 4317 vestra
1804 4271 1861 4319 et
1887 4263 2156 4333 valetudo,

582 4360 762 4399 meam
804 4345 1128 4416 imperitiam
1173 4357 1226 4404 et
1255 4350 1624 4409 infirmitatem
1652 4371 1751 4426 per
1784 4358 1964 4412 omnia
1988 4359 2162 4416 excel-

584 4436 719 4501 lens,
748 4452 845 4493 vos
875 4451 1035 4508 agere
1056 4440 1335 4509 permittit.
1363 4442 1473 4515 Ego
1498 4452 1702 4512 autem,
1725 4457 1985 4517 quantum
2014 4465 2155 4519 pra:-

2265 3280 2500 3338 schisma
2526 3281 2629 3337 hoc
2654 3295 2774 3339 esse
2808 3281 3175 3349 arbitrantur,
3205 3281 3337 3352 quod
3362 3277 3537 3335 haeresis
3554 3288 3684 3346 penet-

2265 3386 2386 3428 sum
2425 3372 2620 3443 dogma
2660 3371 2894 3439 habeat;
2945 3372 3185 3429 schisma
3224 3380 3420 3444 propter
3453 3365 3683 3441 episcoptlcl

2265 3462 2657 3519 dissensionem
2686 3466 2757 3520 ab
2782 3464 3024 3521 Ecclesia
3046 3473 3340 3537 separetur.
3358 3462 3483 3532 Quod
3504 3456 3681 3531 quidni!

2261 3553 2530 3626 principio
2560 3554 2635 3609 ita
2679 3570 2799 3611 esse
2841 3555 3021 3625 aliqua
3068 3572 3138 3613 ex
3179 3563 3325 3626 parte
3366 3553 3541 3624 intelligi
3568 3557 3680 3621 potest

2265 3645 2532 3701 Caeterum
2565 3647 2770 3702 nullum
2800 3649 3034 3705 schisrna
3065 3666 3175 3706 non
3202 3650 3301 3707 sibi
3322 3648 3516 3721 aliquam
3530 3640 3683 3712 ωοειιεὶι

2265 3736 2541 3805 hatresim,
2579 3748 2640 3792 ut
2662 3747 2807 3795 recte
2834 3740 2902 3795 ab
2926 3740 3172 3797 Ecclesia
3198 3740 3454 3797 recessisse
3479 3738 3680 3793 videatur.»

2272 3828 2421 3885 Unde
2449 3828 2652 3885 bonum
2677 3831 2810 3902 mihi
2835 3831 3068 3899 videtur,
3093 3833 3139 3888 si
3171 3832 3316 3888 vobis
3338 3830 3509 3901 placet,
3528 3823 3682 3897 quod»

2264 3933 2361 3988 pra
2402 3929 2704 3975 memorato
2738 3920 3014 3987 haeretico,
3056 3922 3202 3977 nulla
3241 3921 3383 3976 detur
3417 3917 3682 3981 occasian

2264 4008 2486 4065 licentia
2511 4010 2803 4075 scribendi,
2842 4018 3005 4082 atque
3031 4026 3158 4067 cum
3184 4011 3351 4082 aliquo
3371 4003 3612 4079 disputandi.
3629 4014 3682 4053 ³³·

2264 4107 2483 4170 tequam
2506 4100 2552 4156 si
2575 4099 2826 4170 possibile
2852 4101 2924 4157 sit
2950 4101 3066 4171 ejus
3092 4118 3242 4159 mens
3265 4109 3316 4157 et
3336 4115 3495 4157 sensus
3512 4092 3681 4150 adulto-

2263 4189 2423 4245 licam
2448 4188 2637 4245 redeat
2673 4190 2994 4247 doctrinam.
3036 4190 3231 4249 Oretur
3262 4200 3421 4247 autem
3450 4202 3526 4260 pro
3540 4186 3681 4255 ipso.li

2263 4278 2523 4335 Dominus
2547 4280 2638 4351 qui
2664 4282 3004 4353 omnipotens
3037 4293 3123 4339 est
3160 4290 3395 4354 operetur
3421 4279 3588 4334 salutem
3608 4284 3680 4337 εει

2262 4369 2536 4424 inﬁrmum
2577 4369 2822 4435 fratrem,
2852 4380 2911 4425 ut
2952 4372 3151 4428 tribuat
3183 4388 3274 4428 eor
3306 4366 3680 4429 docibilem”

2262 4458 2387 4514 ﬁdei
2416 4460 2791 4525 consentiens,
2838 4476 3001 4530 quam
3042 4460 3199 4516 fidem
3239 4457 3465 4515 catholica
3493 4456 3679 4524 perm

585 4544 762 4595 sumo,
796 4547 891 4586 vos
931 4532 1216 4597 admoneo,
1252 4541 1311 4588 ut
1352 4534 1452 4589 has
1488 4539 1858 4595 contentiones
1886 4540 2074 4596 noxias
2099 4541 2153 4597 in
2184 4520 2237 4579 D
2261 4551 2448 4608 orbem
2479 4553 2715 4608 custodit
2740 4552 2982 4608 Ecclesia
3010 4570 3026 4618 ;
3067 4561 3124 4608 et
3155 4551 3414 4622 resipiscat
3436 4563 3465 4601 a
3488 4539 3621 4599 diaboli
3636 4535 3680 4587 Ιίο

583 4620 779 4689 popqu
817 4621 1125 4678 Christiano
1159 4623 1279 4679 ﬁeri
1327 4625 1674 4695 prohibeatis,
1731 4638 1788 4685 et
1829 4630 2005 4701 ipsum
2046 4630 2155 4686 Go—

584 4709 896 4777 tescalcum,
929 4711 1088 4782 hujus
1117 4715 1318 4770 erroris
1362 4725 1660 4785 auctorem,
1700 4734 1802 4775 nec
1843 4721 2153 4791 scribendo,

584 4813 685 4854 nec
726 4798 991 4872 loquendo
1032 4804 1171 4860 ultra
1212 4814 1322 4861 tam
1350 4808 1533 4864 multis
1574 4824 1772 4866 nocere
1801 4813 2149 4882 permittatis.

581 4888 749 4946 Miror
772 4893 917 4948 enim
940 4897 1278 4965 prudentiam
1305 4909 1535 4954 vestram
1564 4902 1707 4971 quod
1740 4902 1899 4958 istum
1930 4905 2152 4960 noxium

577 4980 779 5049 virum,
806 4983 909 5038 hoc
935 4993 1021 5040 est
1043 4985 1438 5055 Gotescalcum,
1469 4991 1563 5061 qui
1591 4992 1645 5046 in
1672 4994 1921 5049 omnibus
1951 4995 2156 5066 vitupe-

580 5073 766 5129 rabilis
815 5074 1065 5131 inventus
1111 5087 1233 5145 est,
1294 5081 1419 5150 quia
1472 5097 1575 5137 nec
1631 5085 1882 5139 monachi
1929 5095 2150 5155 votum,

579 5179 681 5220 nec
752 5165 892 5220 sacri
956 5167 1161 5223 ordinis
1244 5170 1457 5238 ritum,
1528 5172 1621 5228 sed
1704 5188 1879 5245 neque
1954 5178 2153 5247 praedi-

578 5256 738 5310 candi
785 5255 1018 5311 oﬁicium
1072 5257 1306 5329 legitime
1356 5265 1702 5332 observavit,
1755 5268 1993 5325 scribere
2050 5271 2151 5325 ali-

579 5345 709 5415 quid
735 5348 1080 5417 permisistis,
1109 5350 1164 5404 in
1205 5367 1313 5421 quo
1336 5352 1511 5412 oﬂicio
1538 5358 1707 5430 magis
1751 5375 1946 5418 nocere
1979 5365 2155 5433 potuit

578 5452 740 5505 quam
782 5439 903 5494 viva
956 5455 1086 5496 voce
1132 5441 1419 5511 loquendo.
1467 5447 1619 5503 Unde
1664 5451 1826 5506 etiam
1881 5453 1934 5508 in
1985 5455 2152 5526 pluri-

578 5527 683 5582 mis
724 5528 880 5597 locis,
927 5540 985 5587 ut
1012 5532 1215 5599 audivi,
1251 5536 1337 5590 sui
1362 5540 1552 5593 veneni
1581 5542 1773 5611 poculo
1808 5561 1913 5601 non
1947 5563 2150 5617 paucos

580 5618 884 5689 inebriavit,
924 5634 977 5679 et
1012 5625 1065 5680 in
1111 5627 1313 5683 erroris
1354 5628 1618 5688 insaniam
1664 5638 1838 5691 vertit.
1870 5638 2021 5706 Quod
2051 5658 2146 5697 ne-

578 5724 845 5783 quaquam
868 5716 942 5771 ita
973 5719 1086 5774 ﬁeri
1118 5730 1347 5790 oportet.
1384 5723 1523 5777 sicut
1553 5726 1603 5778 in
1626 5727 1858 5783 Eoistola
1889 5747 2049 5801 quam
2080 5736 2145 5791 ad

2258 4644 2433 4715 queis,
2458 4658 2488 4698 a
2526 4658 2635 4714 quo
2673 4651 2865 4713 captus
2886 4653 2967 4699 est
2993 4644 3059 4698 ad
3080 4644 3246 4714 ipsius
3272 4638 3679 4697 voluntatemmlrc'

2255 4745 2501 4793 vertatur
2536 4736 2605 4790 ad
2639 4743 2883 4791 sanctam
2930 4744 3156 4791 matrem
3192 4731 3479 4792 Ecclesiam,
3510 4727 3678 4785 0W

2256 4843 2379 4883 cum
2405 4843 2469 4882 ea
2493 4826 2695 4883 sentiat
2719 4837 2880 4897 atque
2912 4826 3257 4897 proﬁteatur,
3276 4832 3329 4880 et
3351 4824 3490 4892 ipsam
3514 4812 3676 4870 unitatem

2255 4916 2404 4990 pacis
2432 4926 2487 4971 et
2516 4926 2677 4973 rectae
2705 4915 2831 4973 ﬁdei
2871 4916 3123 4987 deinceps
3168 4914 3387 4987 quandiu
3422 4910 3532 4965 vivat
3555 4902 3673 4957 serta-

2254 5008 2478 5064 Interim
2516 5016 2695 5065 autem
2733 5009 2903 5065 donec
2932 5008 3062 5065 illud
3105 5009 3227 5075 ﬁat,
3263 5022 3361 5063 non
3386 5002 3511 5058 laudo
3531 5003 3673 5085 ut

2256 5101 2442 5157 munio
2480 5100 2531 5156 ei
2576 5100 2860 5168 tribuatur,
2890 5101 3014 5172 quia
3035 5100 3184 5170 juxta
3216 5085 3672 5182 testimonium

2255 5191 2504 5263 apostoli,
2532 5193 2708 5249 omnis
2738 5194 2829 5264 qui
2859 5195 3061 5251 recedit
3082 5204 3136 5249 et
3158 5209 3258 5249 non
3283 5178 3669 5274 manetiudocltim

2255 5283 2455 5340 Christi
2486 5282 2653 5339 Deum
2676 5300 2784 5339 non
2813 5285 3011 5340 habet:
3034 5286 3123 5356 qui
3153 5285 3406 5354 permanet
3430 5277 3472 5330 in
3497 5272 3668 5361 docui”:

2254 5374 2344 5430 hic
2362 5373 2557 5429 Filium
2577 5373 2858 5429 etPatt‘em
2878 5344 3070 5429 habet:
3085 5392 3103 5424 ι
3128 5344 3180 5429 έί
3201 5372 3333 5442 quis,
3356 5361 3511 5436 inquit»
3527 5344 3669 5454 mf“?

2261 5484 2279 5517 ι
2314 5480 2429 5532 vos,
2453 5473 2508 5519 et
2536 5465 2679 5520 hanc
2700 5464 3003 5520 doctrinam
3026 5481 3133 5519 non
3157 5463 3329 5527 affert,
3361 5456 3494 5513 nolite

2260 5576 2277 5607 ι
2307 5572 2429 5611 eum
2456 5557 2511 5612 in
2537 5558 2774 5623 domum,
2801 5573 2901 5614 nec
2920 5573 3017 5614 ave
3042 5558 3090 5613 ei
3116 5554 3366 5612 dixeritis:
3389 5547 3462 5618 (ιυί
3478 5541 3578 5637 ξφ

2258 5664 2277 5697 ι
2310 5644 2384 5701 illi
2416 5659 2550 5713 ave,
2582 5614 2945 5702 communicat
2982 5646 3225 5717 Operibus
3264 5642 3389 5697 illius
3402 5614 3591 5701 malignis
3607 5614 3662 5724 in.

2259 5759 2277 5792 ι
2313 5740 2475 5799 Joau.
2513 5743 2652 5814 10).»
2691 5744 2829 5800 Ecce
2852 5743 3074 5815 praedixi
3104 5741 3281 5806 vobis,
3315 5746 3363 5793 ut
3386 5735 3430 5791 in
3450 5729 3514 5787 dic
3531 5724 3661 5779 ὓοωιω
