3938 6334
454 388 461 394 .
503 343 631 401 I53]

1136 339 1199 395 Β.
1238 339 1492 396 ΠΑΒΑΝΙ
1528 340 1749 397 MAURI
1785 338 2094 397 ARCHIEP.

2196 337 2460 396 IOGUNT.
2503 338 2792 398 OPERUM
2827 340 3010 400 PARS
3046 343 3136 401 Ill.

3648 350 3778 407 {533

497 456 577 511 ris
600 451 861 524 quidquid
882 467 998 523 eius
1027 451 1200 525 gratia
1232 467 1453 523 possum
1473 492 1489 517 ,
1520 459 1628 507 tuae
1653 450 1936 528 charitatis
1977 448 2081 503 uti-
2107 448 2159 510 A
2189 465 2209 499 ε
2239 445 2429 505 Omnis
2458 448 2622 507 homo
2649 450 2768 521 qui,
2806 452 3039 509 credens
3064 454 3126 509 in
3152 453 3369 513 Patrem
3404 466 3465 515 et
3492 459 3703 517 Filiam
3730 478 3781 520 et

499 544 639 600 litati
691 543 940 599 conferre
982 559 1082 615 per
1128 544 1343 608 omnia,
1375 550 1432 599 et
1460 542 1517 597 in
1558 541 1810 599 omnibus
1838 548 2086 611 paratum

499 649 641 690 esse.
671 633 835 701 Vale,
865 641 921 689 et
945 640 1217 689 amantem
1252 641 1305 688 te
1342 631 1537 703 dilige,
1578 638 1882 701 nostrasque
1907 629 2090 701 parvi-

499 724 632 781 tatis
660 725 716 780 in
746 724 917 781 sacris
948 723 1286 780 orationibus
1308 737 1517 797 memor
1541 721 1659 778 fieri
1689 737 1796 778 non
1822 722 2032 778 omitte.

1015 814 1246 886 Explicit
1288 813 1556 884 prwfalio.

920 966 1004 1009 DE
1043 964 1677 1008 PREDESTINATIONE.

572 1090 632 1151 Si
655 1096 818 1151 homo
842 1093 1123 1151 rationalis
1151 1082 1257 1148 vim
1286 1108 1397 1149 suae
1426 1100 1747 1165 agnosceret
1771 1100 1980 1149 naturas
1996 1133 2011 1159 ,
2036 1099 2095 1149 et

501 1189 774 1246 Creatoris
796 1186 878 1243 sui
899 1186 1203 1257 potentiam
1232 1186 1335 1241 rite
1370 1185 1718 1257 intelligeret,
1748 1200 2091 1256 nequaquam

502 1282 682 1339 stultis
708 1295 767 1336 se
792 1279 1095 1348 implicaret
1113 1278 1523 1349 quasstionibus,
1556 1289 1609 1334 et
1630 1293 1750 1349 qua:
1769 1276 2091 1333 Christianae

500 1374 753 1447 religioni
786 1382 916 1428 sunt
947 1371 1242 1436 contraria,
1264 1385 1368 1447 nec
1392 1386 1556 1426 sensu
1583 1378 1812 1435 teneret,
1836 1383 1938 1424 nec
1961 1382 2092 1422 voce

502 1466 793 1538 proferret.
839 1462 946 1519 Sed
985 1463 1113 1534 quia
1151 1464 1409 1533 antiquus
1454 1463 1657 1528 hostis,
1702 1462 1794 1533 qui
1832 1462 1901 1519 ab
1936 1460 2091 1515 initio

504 1557 753 1612 humana:
792 1555 984 1610 invidit
1018 1554 1218 1619 saluti,
1266 1570 1542 1625 nunquam
1589 1554 1790 1610 desinit
1822 1553 1878 1607 in
1908 1560 2091 1623 segete

503 1647 703 1704 Christi
728 1645 1166 1717 superseminare
1207 1644 1416 1700 zizania
1438 1685 1454 1711 ,
1497 1645 1619 1700 ideo
1648 1660 1747 1715 per
1773 1642 2091 1713 vaniloquos

504 1753 613 1793 non
641 1736 816 1792 solum
848 1736 1043 1802 otiosa,
1073 1734 1166 1791 sed
1193 1743 1249 1791 et
1269 1735 1452 1800 noxia,
1481 1743 1538 1790 et
1556 1733 1909 1805 blasphemiis
1929 1732 2089 1804 plena

506 1919 845 1976 conditorem
875 1926 1123 1976 asserant
1159 1929 1433 1975 auctorem
1452 1959 1467 1984 ,
1498 1918 1739 1974 dicentes
1766 1918 1907 1988 quod
1931 1918 2092 1973 sicuti

505 2011 600 2082 qui
626 2026 723 2082 per
742 2010 1141 2082 prmscientiam
1163 2010 1258 2066 Dei
1280 2025 1346 2065 ac
1366 2010 1893 2081 praedestinationem
1914 2011 2092 2067 vocati

505 2112 634 2159 sunt
662 2103 731 2159 ad
760 2104 1160 2175 percipiendam
1181 2103 1408 2175 gloriam
1430 2113 1648 2160 aeterna:
1666 2104 1817 2171 vitae,
1841 2120 1947 2161 non
1972 2120 2097 2175 pos-

507 2206 635 2254 sunt
664 2214 771 2255 non
800 2198 1112 2264 salvari,ita
1133 2208 1191 2253 et
1214 2198 1289 2254 illi
1315 2199 1407 2268 qui
1440 2198 1509 2254 ad
1533 2207 1796 2255 aeternum
1815 2198 2094 2254 interitum

507 2288 1223 2359 vadunt,pra:destinatione
1246 2288 1342 2345 Dei
1362 2298 1647 2360 coguntur,
1663 2298 1720 2344 et
1738 2304 1844 2344 non
1868 2296 2096 2360 possunt

507 2379 739 2435 evadere
761 2380 1060 2436 interitumt
1088 2378 1241 2447 Quod
1283 2394 1445 2449 quam
1488 2378 1781 2435 absurdum
1808 2379 1897 2445 sit,
1930 2379 2093 2434 etiam

510 2468 747 2538 imperiti
780 2468 1080 2540 intelligere
1105 2474 1349 2537 possunt,
1380 2468 1507 2537 quia
1532 2467 1681 2523 nullo
1712 2467 1872 2523 modo
1892 2468 1981 2522 ille
2001 2468 2096 2539 qui

509 2569 707 2615 cuncta
732 2561 876 2616 bona
904 2560 1130 2627 creavit,
1153 2566 1209 2614 et
1234 2558 1504 2615 sanabiles
1526 2557 1652 2615 fecit
1677 2559 1923 2615 nationes
1949 2559 2099 2616 orbis

509 2658 812 2717 terrarum,
841 2658 1004 2720 atque
1031 2650 1148 2704 vult
1186 2664 1377 2706 omnes
1405 2649 1653 2706 homines
1681 2649 1859 2705 salvos
1895 2649 2014 2705 fieri
2042 2659 2099 2706 et

508 2741 576 2796 ad
603 2742 930 2813 agnitionem
957 2741 1205 2797 veritatis
1230 2742 1431 2807 venire,
1474 2741 1706 2811 aliquem
1749 2741 1895 2814 cogit
1924 2742 2097 2797 inter-

511 2833 614 2901 ire,
642 2834 736 2890 sed
762 2832 934 2907 magis
963 2834 1095 2890 facit
1116 2843 1265 2890 recte
1287 2834 1617 2900 credentem,
1641 2850 1705 2892 ac
1723 2835 1955 2907 benigne
1974 2851 2101 2907 ope—

510 2935 761 2994 tantem,
809 2927 876 2981 ad
918 2925 1150 2981 salutem
1192 2934 1451 2981 aeternam
1490 2925 1794 2996 pervenire.
1829 2925 1887 2983 Si
1929 2927 2101 2993 enim,

512 3015 807 3071 secundum
836 3016 981 3085 ipsos
1005 3014 1095 3085 qui
1129 3013 1254 3070 talia
1283 3015 1542 3082 sentiunt,
1574 3015 1668 3071 Dei
1695 3016 2100 3086 praedestinatio

513 3107 742 3162 invitum
776 3108 1052 3165 hominem
1073 3106 1205 3163 facit
1224 3121 1475 3179 peccare,
1499 3107 1770 3179 quomodo
1793 3107 1943 3178 justo
1956 3108 2101 3179 iudi-

2192 539 2455 611 Spiritum
2487 548 2757 609 sanctum,
2789 553 3142 615 regeneratur
3177 547 3231 602 in
3256 547 3573 621 baptismo,
3610 561 3725 609 tam
3752 572 3783 612 a

2187 629 2422 702 propriis
2442 630 2679 701 peccatis
2702 647 2825 702 quae
2852 634 2994 688 mala
3015 635 3294 694 voluntate
3310 649 3371 695 et
3398 642 3629 700 actione
3652 661 3781 701 eos.

2189 722 2389 790 traxit,
2418 738 2601 793 quam,
2629 725 2700 780 ab
2733 725 2981 797 originali
3020 730 3163 799 quod
3190 745 3223 785 a
3258 735 3595 802 parentibus
3624 737 3785 795 trait

2191 813 2510 869 absolvitur.
2539 813 2648 870 Sed
2676 815 2946 886 relapsum
2972 827 3095 887 post
3126 820 3459 891 baptismum
3490 828 3562 880 ad
3594 827 3781 884 inﬁde-

2188 901 2415 971 litatem,
2443 913 2501 960 et
2526 905 2725 976 impios
2742 921 2948 987 mores,
2968 909 3061 978 qui
3086 919 3249 982 negat
3271 914 3534 985 originali
3562 928 3783 986 peccato

2188 993 2360 1052 fuisse
2386 1006 2703 1068 purgatum,
2729 1008 2842 1055 tam
2870 1000 3007 1057 falsa
3030 1003 3289 1073 opinatur
3311 1020 3486 1077 quam
3516 1010 3621 1080 qui
3640 1026 3783 1067 ean-

2188 1083 2314 1141 dem
2359 1089 2559 1142 asserit
2600 1103 2711 1144 non
2753 1098 2959 1146 mterna
2985 1101 3163 1149 morte
3192 1092 3367 1152 fuisse
3394 1097 3779 1157 damnandum.

2191 1179 2295 1247 Qui
2329 1180 2473 1239 enim
2504 1182 2713 1237 recedit
2737 1197 2768 1237 a
2792 1182 3031 1251 Christo,
3068 1194 3127 1241 et
3150 1188 3369 1245 alienus
3396 1204 3435 1244 a
3462 1193 3647 1258 gratia
3678 1191 3783 1249 ω

2189 1271 2332 1327 hanc
2356 1271 2549 1338 vitam,
2575 1273 2776 1330 cadens
2811 1274 2869 1329 in
2902 1276 3299 1346 perditionem,
3330 1295 3443 1336 non
3477 1282 3537 1336 in
3566 1283 3623 1337 id
3648 1286 3783 1353 quod

2191 1362 2483 1419 remissum
2505 1372 2591 1420 est
2620 1365 2832 1430 recidit,
2863 1382 2965 1424 nec
2991 1367 3049 1423 in
3085 1370 3339 1441 originali
3380 1383 3621 1443 peccato
3642 1376 3785 1430 dan-

2191 1450 2410 1507 nabitur
2432 1470 2447 1507 :
2485 1454 2581 1509 sed
2604 1465 2828 1526 propter
2847 1465 3122 1526 postrema
3143 1461 3381 1516 crimina
3402 1477 3475 1518 ea
3502 1473 3683 1520 morte
3704 1464 3782 1521 af-

2190 1540 2422 1609 ﬁcietur,
2446 1558 2567 1613 qua:
2591 1545 2641 1599 ei
2665 1556 2886 1617 propter
2923 1547 3011 1602 illa
3044 1564 3170 1620 qua:
3204 1553 3445 1608 remissa
3476 1564 3609 1609 sunt
3633 1556 3785 1613 debe-

2190 1634 2373 1713 batur.
2402 1634 2557 1702 Quod
2589 1637 2718 1706 quia
2747 1637 2846 1694 Dei
2873 1641 3274 1710 praescientiam
3320 1660 3432 1700 nec
3478 1644 3666 1713 latuit,
3692 1661 3783 1706 nec

2145 1716 2153 1809 ξ
2193 1712 2416 1793 fefellit,
2470 1729 2588 1784 sine
2634 1728 2802 1786 dubio
2851 1732 3014 1788 talem
3068 1750 3354 1807 nunquam
3410 1738 3617 1809 elegit,
3660 1754 3780 1794 ιιι·-

502 1824 712 1897 profert
731 1826 968 1897 eloquia.
995 1826 1072 1881 Ita
1099 1833 1158 1881 ut
1179 1826 1401 1896 quidam
1426 1841 1614 1882 eorum
1641 1825 1958 1895 perditionis
1979 1840 2093 1880 suae
2120 1807 2171 1868 Β

2197 1834 2363 1889 quam
2413 1820 2856 1891 praedestinavit,
2915 1832 2973 1879 et
3025 1826 3337 1897 periturum
3395 1845 3675 1900 nunquam
3720 1832 3780 1886 ab

2193 1920 2395 1968 aeterna
2414 1914 2718 1984 perditione
2739 1915 3016 1972 discrevit.
3046 1938 3065 1970 ι
3091 1918 3262 1990 igitur
3284 1920 3443 1977 sicut
3472 1923 3613 1978 bona
3634 1938 3777 1994 θρα-ι

2194 2001 2263 2058 ad
2309 2002 2722 2074 inspirationem
2761 2023 2971 2075 eorum,
3011 2010 3086 2066 ita
3130 2012 3275 2067 mala
3320 2014 3393 2068 ad
3426 2030 3531 2070 eos
3566 2024 3779 2071 suntre-

2195 2090 2419 2148 ferenda
2450 2095 2541 2164 qui
2583 2107 2830 2167 peccant.
2884 2098 3000 2155 Non
3033 2102 3180 2157 enim
3214 2102 3404 2159 relicti
3440 2116 3577 2162 sunt
3618 2123 3648 2162 a
3688 2107 3778 2163 Des

2194 2189 2256 2237 nt
2313 2183 2684 2255 relinquerent
2740 2186 2946 2256 Deum,
2998 2193 3095 2247 sed
3150 2193 3516 2266 reliquerunt
3582 2214 3692 2254 ein
3732 2208 3779 2253 et

2196 2272 2367 2330 relicti
2405 2283 2559 2344 sunt,
2607 2285 2665 2332 et
2704 2294 2777 2335 ex
2802 2280 2945 2337 bono
2989 2282 3044 2338 in
3092 2284 3301 2340 malum
3341 2289 3579 2357 να)ρὼ
3618 2290 3779 2344 τὼ-

2197 2371 2311 2420 tate
2335 2368 2530 2423 mutati
2563 2377 2714 2436 sunt,
2742 2378 2906 2441 atque
2941 2370 3013 2428 ob
3045 2373 3173 2442 hoc,
3196 2375 3334 2434 licet
3352 2376 3571 2433 fuerint
3596 2380 3775 2443 renati,

2196 2453 2323 2511 licet
2347 2455 2549 2513 fuerint
2583 2457 2887 2529 iustificati,
2917 2464 2986 2519 ab
3021 2480 3089 2521 eo
3130 2474 3321 2523 tamen
3368 2469 3469 2538 qui
3516 2470 3641 2525 illos
3667 2469 3779 2527 tales

2194 2546 2492 2615 praescivit,
2515 2564 2622 2605 non
2659 2561 2786 2607 sunt
2823 2554 3212 2624 praedestinati.
3246 2557 3779 2617 Praedestinatinnen

2196 2646 2380 2695 autem
2403 2639 2525 2707 Dei,
2557 2641 2673 2698 sive
2698 2644 2767 2699 ad
2795 2644 2996 2701 bonum
3034 2648 3150 2703 sive
3183 2649 3255 2705 ad
3286 2651 3531 2717 malum,
3560 2654 3615 2709 in
3636 2656 3784 2710 om?-

2198 2730 2300 2786 bus
2323 2732 2537 2802 operari
2577 2734 2633 2788 in
2672 2734 3009 2806 ineptissime
3044 2739 3288 2796 dicitur:
3330 2757 3439 2798 nec
3464 2760 3673 2800 -verum
3712 2756 3785 2802 est

2200 2820 2447 2878 homines
2475 2823 2722 2893 quadam
2754 2836 3079 2885 necessitate
3100 2830 3357 2902 implere,
3389 2848 3527 2889 αιιιι
3568 2836 3624 2889 in
3654 2838 3785 2891 heu:

2199 2912 2448 2971 voluntas
2474 2930 2583 2970 non
2614 2916 2687 2972 sit
2720 2918 3067 2990 intelligenda
3105 2922 3224 2978 sine
3258 2925 3475 2996 gratia.
3500 2925 3635 2994 Qu:
3659 2929 3785 2982 eain

2200 3002 2342 3059 ratio
2362 3012 2447 3060 est
2477 3013 2541 3059 ut
2562 3005 2704 3063 ullus
2733 3008 2824 3078 qui
2850 3023 3042 3065 sanum
3072 3014 3217 3084 sapit
3236 3013 3421 3070 dicat:
3456 3015 3585 3073 Non
3603 3029 3684 3073 est
3706 3033 3785 3073 ae-

2203 3107 2357 3150 cesse
2381 3095 2510 3150 mihi
2536 3103 2596 3151 ut
2618 3096 2859 3154 laborem
2887 3115 2985 3169 pro
3010 3103 3197 3173 requie
3223 3112 3281 3158 et
3306 3105 3497 3163 salute
3520 3112 3783 3181 magis

512 3198 601 3254 cio
632 3197 776 3254 Deus
804 3198 1024 3253 damnat
1042 3169 1381 3270 peccantem,
1400 3169 1533 3255 cum
1551 3198 1641 3253 ille
1669 3214 1778 3254 non
1793 3169 2094 3266 voluntate,

2203 3183 2249 3238 si
2274 3185 2691 3254 praedestinatus
2719 3203 2839 3244 sum
2874 3205 2907 3246 a
2946 3191 3061 3249 Deo
3083 3169 3152 3249 ad
3177 3194 3359 3252 vitam
3388 3169 3784 3268 aeternam}:-

513 3288 609 3343 sed
633 3289 962 3344 necessitate
990 3288 1345 3359 peccaverit?
1374 3296 1464 3344 aut
1488 3290 1758 3359 quomodo
1782 3289 1928 3346 Deus
1956 3289 2102 3360 iudi-

513 3380 661 3436 cabit
688 3382 966 3447 mundun,
999 3381 1090 3450 qui
1120 3388 1204 3436 est
1244 3379 1425 3450 iustus
1460 3378 1649 3450 iudex,
1681 3389 1737 3438 et
1764 3380 1951 3438 reddet
1976 3383 2100 3447 uni-

510 3475 708 3544 cuique
743 3474 1038 3530 secundum
1069 3488 1233 3544 opera
1262 3474 1402 3529 sua?
1422 3473 1691 3543 iudicabit
1725 3475 1912 3533 orbem
1940 3484 2101 3533 terrae

510 3566 566 3620 in
599 3567 877 3635 aequitate,
916 3573 970 3619 et
1011 3564 1239 3635 populos
1269 3565 1323 3619 in
1350 3565 1586 3621 veritate
1638 3566 1778 3621 sua?
1816 3564 1874 3621 Si
1915 3575 2099 3622 autem

512 3654 823 3725 huiusmodi
855 3654 1268 3711 ratiocinatione
1292 3655 1496 3711 tollitur
1517 3655 1628 3712 Deo
1653 3653 1904 3725 nejudex
1920 3654 2102 3725 justus

511 3749 605 3813 sit,
632 3754 1029 3817 consequenter
1057 3746 1305 3804 aufertur
1330 3747 1403 3803 illi
1431 3756 1486 3804 et
1504 3749 1653 3819 regia
1681 3748 1918 3821 dignitas
1939 3757 2100 3820 atque

512 3840 696 3895 divina
737 3837 1012 3906 maiestas.
1063 3838 1170 3894 Sed
1198 3853 1231 3895 e
1259 3840 1534 3896 contrario
1578 3840 1858 3910 Scriptura
1892 3841 2103 3896 clamat

510 3929 866 4000 prophetica:
912 3948 932 3981 α
969 3928 1234 3997 Quoniam
1275 3931 1417 3986 Deus
1458 3947 1688 4001 magnus
1728 3932 2020 4001 Dominus,
2047 3943 2102 3990 et

518 4039 538 4073 ι
578 4036 672 4075 rex
699 4036 926 4092 magnus
957 4035 1118 4090 super
1143 4036 1331 4077 omnes
1360 4022 1488 4077 deos
1524 4020 1707 4095 (Ρδαι.
1741 4039 1888 4091 xcrv,
1917 4024 1984 4095 5)
2011 4043 2027 4093 ;
2073 4045 2092 4079 ι

513 4121 569 4168 et
604 4111 775 4167 item:
821 4131 841 4163 ‹
879 4110 1146 4184 Regnabit
1176 4112 1437 4168 Dominus
1475 4127 1638 4183 super
1668 4129 1858 4170 omnes
1887 4123 2103 4186 gentes,

512 4198 539 4260 ἰ
576 4206 719 4263 Deus
765 4208 916 4262 sedet
964 4220 1128 4276 super
1175 4205 1360 4260 sedem
1407 4213 1650 4261 sanctam
1700 4220 1853 4261 suam
1905 4206 2097 4280 (Psal.

520 4315 540 4349 ι
576 4313 696 4363 xm,
730 4295 804 4369 l).
841 4316 860 4348 ι
902 4294 1091 4364 Igitur,
1119 4294 1265 4365 quod
1304 4311 1425 4351 cum
1453 4295 1558 4351 hac
1581 4296 1791 4352 ratione
1817 4297 2099 4368 perspicue

514 4387 838 4457 explicatur,
869 4391 1039 4440 restat
1083 4391 1143 4439 ut
1189 4385 1279 4455 qui
1310 4384 1434 4441 talia
1472 4387 1660 4453 sensit,
1695 4401 1761 4442 ex
1784 4401 1969 4442 eorum
1999 4403 2099 4443 nu-

514 4493 666 4533 mero
693 4476 766 4532 sit
791 4476 855 4531 de
878 4476 1077 4547 quibus
1097 4474 1385 4530 Psalmista
1409 4476 1517 4530 ait:
1546 4495 1564 4528 ‹
1593 4476 1738 4532 Dixit
1758 4476 2018 4549 insipiens
2039 4480 2095 4534 in

521 4584 541 4619 ε
587 4566 750 4623 corde
781 4536 914 4622 suo;
943 4563 1060 4620 Non
1090 4573 1174 4621 est
1196 4565 1359 4621 Deus.
1387 4564 1637 4636 Corrupti
1665 4574 1793 4623 sunt
1815 4536 2095 4625 etlabomi-
2119 4536 2172 4596 D

519 4677 539 4711 ‹
584 4655 792 4712 nabiles
843 4654 971 4709 facti
1028 4662 1152 4709 sunt
1203 4654 1260 4709 in
1309 4653 1674 4726 voluptatibus
1728 4657 1841 4712 suis
1899 4656 2089 4729 (Psal.

521 4768 542 4801 ι
586 4762 728 4813 XLVI,
743 4744 820 4817 9).
845 4766 864 4799 ι
881 4744 1034 4800 Hunc
1054 4755 1232 4800 autem
1254 4760 1495 4801 errorem
1526 4755 1836 4801 sanctorum
1868 4745 2091 4804 Patrum

516 4836 886 4907 multipliciter
911 4834 1158 4890 confutat
1194 4835 1468 4903 doctrina,
1505 4844 1560 4892 et
1597 4837 1869 4895 convincit
1913 4839 2093 4896 taliter

518 4930 834 4996 sentientes,
866 4946 967 4987 nec
989 4928 1390 5000 Scripturarum
1427 4933 1888 5001 auctoritate,nec
1908 4936 2089 4992 veraci

520 5021 679 5076 inniti
702 5021 1139 5078 ratiocinatione.
1162 5021 1659 5081 Przedeslinationis
1681 5026 1824 5082 enim
1849 5027 1984 5084 fides
2002 5028 2097 5085 fir-

517 5111 761 5173 missima
783 5121 1091 5169 sanctarum
1113 5113 1440 5170 auctoritate
1462 5115 1863 5188 Scripturarum
1885 5121 2095 5177 munita

517 5210 642 5260 est:
682 5202 767 5257 cui
796 5201 942 5258 nullo
964 5204 1122 5259 modo
1160 5201 1243 5259 fas
1280 5212 1364 5259 est
1404 5219 1467 5261 ea
1511 5221 1631 5276 quae
1673 5208 1740 5263 ab
1785 5209 2096 5269 hominibus

519 5294 661 5350 male
687 5302 917 5368 aguntur
944 5295 1161 5359 ascribi,
1190 5295 1282 5366 qui
1313 5297 1367 5352 in
1397 5298 1793 5370 proclivitatem
1825 5300 2050 5357 cadendi
2077 5342 2094 5369 ,

520 5399 629 5440 non
656 5398 725 5439 ex
750 5383 1061 5439 conditione
1086 5382 1202 5449 Dei,
1235 5387 1329 5441 sed
1359 5403 1423 5443 ex
1444 5387 1606 5458 primi
1637 5389 1811 5459 patris
1837 5391 2095 5462 praevari-

519 5476 733 5531 catione
755 5483 1040 5531 venerunt.
1066 5475 1143 5530 De
1169 5474 1322 5545 cuius
1343 5493 1501 5548 poena
1521 5494 1682 5536 nemo
1708 5481 1968 5538 liberatur
1987 5485 2092 5543 nisi

519 5582 619 5639 per
649 5568 877 5638 gratiam
910 5566 1123 5623 Domini
1147 5570 1316 5625 nostri
1338 5569 1465 5627 Jesu
1491 5572 1713 5642 Christi,
1734 5590 2091 5648 prmparatam

521 5668 577 5713 et
599 5661 1031 5729 praedestinatam
1056 5660 1109 5715 in
1139 5669 1342 5717 aeterno
1371 5664 1594 5721 consilio
1623 5667 1716 5722 Dei
1741 5677 1867 5723 ante
1895 5671 2094 5726 consti-

522 5748 787 5804 tutionem
834 5748 1039 5804 mundi.
1092 5747 1354 5821 (Prosper
1408 5763 1589 5809 contra
1641 5756 1854 5826 Gallos,
1899 5777 1944 5813 ε.
1998 5759 2089 5831 5.)

2203 3273 2296 3331 lim
2320 3276 2487 3332 nolim
2517 3277 2646 3334 illuc
2680 3282 2992 3351 perveniam
3023 3301 3036 3338 :
3077 3285 3123 3340 si
3148 3294 3337 3343 autem
3382 3292 3783 3361 ιιι-πόθων.

2203 3383 2310 3423 non
2342 3384 2483 3435 sum,
2514 3370 2649 3426 nihil
2677 3372 2810 3428 mihi
2840 3375 3056 3445 proﬁcit
3088 3377 3231 3433 bene
3250 3382 3483 3450 operari
3509 3399 3579 3439 ac
3602 3385 3787 3440 virtuti-

2200 3462 2304 3519 bus
2339 3476 2558 3533 operam
2587 3465 2740 3533 dare,
2771 3468 2904 3536 quia
2933 3476 3151 3526 aeterna).
3184 3471 3565 3532 beatitudinis
3586 3479 3783 3548 prum

2202 3568 2309 3609 non
2335 3554 2645 3625 possidebo.
2670 3556 2837 3625 Quasi
2880 3558 3049 3616 Deum
3102 3564 3397 3631 tentando,
3422 3580 3497 3621 ac
3540 3569 3783 3639 prem

2200 3646 2370 3719 ipsius
2390 3648 2754 3720 despiciendo,
2779 3660 2835 3708 et
2861 3669 2969 3710 non
3010 3657 3184 3728 magis
3223 3673 3326 3730 per
3357 3658 3631 3717 fidmn'et
3671 3662 3783 3717 Gb-

2201 3739 2437 3795 ctionem
2467 3742 2660 3800 devote
2680 3744 2965 3803 serviendo
2988 3748 3204 3820 placere
3235 3753 3450 3821 possim
3484 3753 3785 3826 (Hm-u-

2200 3830 2369 3886 sticon
2391 3830 2482 3887 lib.
2512 3833 2606 3905 vi).
2635 3854 2655 3888 ι
2676 3834 2835 3893 Prius
2861 3850 2991 3909 ergo
3017 3840 3192 3910 ipsum
3220 3857 3425 3898 nomen
3452 3847 3787 3915 ιιι-εὐδύῦ

2204 3920 2365 3977 tionis
2408 3923 2540 3993 quid
2593 3925 2797 3982 indicet
2847 3942 3220 3999 exponamus:
3260 3934 3467 3991 deinde
3510 3938 3781 4007 esscapd

2202 4014 2394 4082 Deum,
2415 4017 2511 4088 qui
2532 4018 2651 4074 sine
2678 4022 2990 4094 acceptione
3008 4038 3375 4093 personarum
3398 4038 3511 4096 est,
3528 4032 3781 4101 ιιι-ειδέ-

2200 4108 2475 4165 nationem
2520 4109 2825 4169 divinarum
2856 4112 3264 4186 Scripturarum
3294 4123 3639 4178 auctoritate
3674 4139 3783 4195 pm-

2196 4199 2470 4275 Kbabimus.
2522 4203 2937 4264 Praedestinatio
2988 4210 3185 4282 quippe
3234 4228 3269 4267 a
3303 4216 3696 4283 praevideodo,
3734 4226 3783 4270 et

2198 4294 2593 4361 praeveniendo,
2616 4295 2701 4351 vel
2724 4297 3135 4367 prmerdinando
3160 4302 3413 4359 futurum
3434 4307 3646 4379 aliquid
3664 4310 3781 4364 ὀά-

2203 4390 2291 4438 tur
2315 4392 2371 4440 et
2385 4385 2504 4442 ideo
2515 4387 2778 4455 Deus,cui
2802 4392 3138 4460 praescientia
3158 4409 3267 4449 non
3294 4397 3565 4454 accidens
3585 4400 3778 4461 «Lael

2199 4474 2437 4529 essentia
2464 4473 2564 4530 fuit
2587 4491 2801 4549 semper
2818 4488 2996 4546 etest,
3011 4482 3275 4553 quidquid
3294 4495 3601 4559 antequam
3620 4491 3689 4545 sit
3710 4490 3777 4544 sic

2196 4563 2417 4652 prascit
2458 4566 2824 4636 prazdestinat,
2856 4579 2913 4626 et
2933 4581 3219 4644 propterea
3254 4579 3639 4647 przedestinat,
3664 4582 3781 4652 quia

2198 4654 2360 4725 quale
2384 4654 2624 4714 futurum
2650 4660 2721 4716 sit
2748 4663 2983 4731 praescit.
3007 4663 3135 4720 Ideo
3159 4674 3215 4721 et
3235 4667 3543 4739 Apostolus
3568 4689 3583 4723 :
3614 4690 3635 4724 ι
3656 4671 3775 4726 Nu

2203 4762 2223 4797 ‹
2257 4759 2393 4815 quos
2415 4749 2710 4819 praescivit,
2732 4752 2920 4823 inquit,
2942 4762 3001 4810 et
3020 4758 3434 4827 prmdestinavit
3462 4761 3647 4835 (Bon.
3668 4780 3773 4825 un.

2202 4855 2221 4888 ι
2255 4836 2366 4911 29).
2399 4858 2419 4892 ι
2465 4838 2573 4897 Sed
2602 4856 2709 4898 non
2745 4858 2906 4900 omne
2945 4848 3090 4916 quod
3134 4850 3358 4919 przescit
3408 4855 3771 4922 praedestinat.

2197 4928 2334 4985 Mala
2380 4924 2525 4988 enim
2578 4942 2789 4991 tantum
2840 4938 3077 5008 praescit,
3122 4948 3179 4994 et
3218 4956 3329 4997 non
3378 4943 3767 5012 prmdesti-at:

2198 5020 2339 5077 bona
2367 5038 2497 5081 vero
2525 5034 2582 5080 et
2600 5026 2817 5096 praescit
2838 5036 2893 5084 et
2926 5029 3294 5098 praedestinat.
3319 5031 3479 5098 Quod
3524 5050 3661 5106 ergo
3690 5036 3771 5088 bo-

2197 5127 2327 5167 num
2355 5122 2439 5171 est
2459 5117 2798 5186 prtescientia
2835 5121 3206 5190 prtedestinat,
3231 5122 3286 5177 id
3328 5132 3419 5178 est
3466 5125 3765 5196 primu

2199 5204 2271 5259 sit
2305 5204 2360 5259 in
2397 5220 2456 5263 se
2490 5208 2862 5277 praeordinat:
2905 5211 3010 5267 hoc
3056 5227 3181 5268 cum
3230 5213 3349 5284 ipso
3400 5224 3635 5272 auem
3664 5228 3769 5271 est

2198 5296 2442 5365 coeperit,
2469 5304 2646 5367 vocat,
2677 5299 2891 5356 ordinat
2918 5308 2976 5357 et
3013 5301 3269 5371 disponit.
3300 5300 3459 5359 Unde
3506 5314 3573 5361 et
3606 5306 3769 5376 sepi-

2198 5394 2324 5442 tur:
2359 5405 2379 5439 r
2408 5387 2558 5455 Quos
2576 5390 3003 5461 prmdestinavit,
3027 5392 3128 5449 bos
3170 5400 3227 5448 et
3274 5394 3497 5451 vocavit
3518 5413 3539 5451 :
3564 5406 3625 5451 et
3646 5408 3765 5466 qua

2204 5497 2225 5531 ι
2258 5481 2472 5536 vocavit
2500 5481 2621 5538 illos
2639 5491 2695 5537 et
2714 5482 3036 5553 iustificavit
3055 5500 3072 5551 ;
3098 5499 3235 5554 quos
3252 5493 3437 5540 autem
3456 5484 3761 5554 iudicavi

2204 5589 2222 5623 ι
2257 5569 2375 5628 illos
2399 5580 2456 5627 et
2482 5572 2823 5643 glorificavit.
2855 5593 2874 5625 ι
2904 5573 3025 5631 Jam
3048 5575 3214 5647 igitur
3252 5577 3501 5648 apertius
3538 5578 3761 5635 disma-

2198 5677 2320 5719 mus
2339 5665 2480 5734 quod
2503 5664 2795 5735 loquimur.
2826 5664 3105 5734 Quomodo
3130 5682 3260 5740 erga
3278 5668 3587 5725 human
3610 5684 3757 5741 gen-

2199 5757 2536 5827 praescientia
2563 5771 2659 5814 sua
2687 5764 2742 5813 et
2760 5756 3228 5829 przedestinatione
3255 5759 3401 5816 Deus
3426 5761 3755 5827 generaliter.
