3938 6334
217 381 330 441 I553

1628 382 2006 445 EPISTOLE.

3300 399 3438 455 1554

216 510 262 551 ιιι
277 510 371 567 quo
391 495 651 567 iniquitas
683 512 791 554 non
828 505 931 566 est,
962 505 1167 555 utatur.
1192 496 1381 554 Massa:
1426 496 1611 567 itaque
1654 498 1758 553 hu-
1785 503 1834 563 Λ
1866 519 1885 551 ι
1920 499 2031 572 15).
2073 520 2091 553 ι
2126 498 2264 556 Hinc
2325 509 2380 557 et
2424 517 2520 575 per
2559 502 2751 561 Isaiam
2802 508 2999 565 dicitur
3034 527 3048 564 :
3085 531 3103 562 ι
3139 500 3264 569 [hec
3310 512 3441 570 dicit

213 584 333 641 mani
353 587 591 657 generis,
616 602 738 659 qua:
762 588 820 645 in
842 589 1014 645 Adam
1055 597 1111 646 et
1152 589 1276 645 Eva:
1316 589 1758 660 praevaricatione

213 675 512 734 damnabilis
559 679 908 753 mortalisque
950 680 1093 737 facta
1136 689 1239 747 est,
1281 696 1391 737 non
1439 683 1760 738 condemna-

215 765 339 823 tioue
359 768 539 825 divina
569 771 912 842 generaliter,
943 771 1039 828 sed
1087 786 1154 827 ex
1205 773 1391 829 debito
1432 784 1590 843 poena
1639 786 1760 827 cru-

212 858 468 930 ciatusque
510 861 773 931 gehennae
811 863 1075 930 debetur;
1118 864 1278 919 venia
1316 878 1464 930 vero,
1494 880 1600 920 non
1646 878 1759 919 me-

212 949 338 1015 rito,
381 950 478 1006 sed
526 950 621 1006 Dei
660 952 793 1022 justi
839 951 1039 1021 judicis
1086 953 1469 1010 misericordia:
1513 952 1760 1025 largitate

186 1040 487 1096 .confertur.
515 1039 655 1109 Quia
676 1054 804 1099 vero
816 1040 1000 1112 justus
1025 1051 1082 1100 et
1112 1044 1423 1100 misericors
1449 1043 1593 1099 Deus
1615 1060 1759 1115 pra:-

211 1129 339 1185 scius
356 1137 443 1185 est
463 1129 882 1198 futurorum,ex
930 1133 1035 1190 hac
1080 1133 1373 1190 damnabili
1419 1150 1622 1203 massa,
1653 1149 1758 1190 non

210 1237 547 1294 personarum
578 1225 915 1292 acceptione,
939 1225 1033 1282 sed
1082 1225 1286 1298 judicio
1327 1225 1597 1297 :equltatis
1649 1241 1760 1282 sua:

208 1312 677 1384 irreprehensibili,
707 1330 846 1384 quos
882 1316 1098 1390 prmscit
1125 1317 1495 1372 misericordia
1526 1317 1757 1388 gratuita

204 1411 471 1474 praeparat,
508 1403 562 1459 id
583 1410 670 1459 est
688 1405 1035 1474 praedestinat
1060 1409 1128 1462 ad
1149 1407 1317 1461 vitam
1344 1415 1625 1473 aeternam,
1652 1421 1758 1461 ca:-

205 1502 337 1549 teros
377 1503 555 1549 autem
604 1510 788 1565 pinna,
816 1504 877 1551 ut
918 1498 1166 1567 prmdixi,
1208 1496 1389 1552 debita
1434 1495 1609 1567 punit,
1632 1495 1759 1565 quia

203 1585 321 1656 quid
340 1595 524 1643 essent
559 1587 725 1642 futuri
754 1589 1059 1659 praescivit;
1085 1604 1192 1645 non
1240 1597 1420 1644 tamen
1458 1585 1761 1657 puniendos

198 1677 309 1747 ipse
334 1675 461 1733 fecit
498 1688 593 1734 aut
618 1680 1038 1751 praedestinavit,
1069 1680 1165 1736 sed
1202 1690 1430 1745 tantum,
1457 1688 1517 1735 ut
1545 1680 1679 1747 dixi,
1703 1678 1759 1734 in

200 1769 479 1825 damnabili
516 1786 692 1827 massa
732 1771 1023 1841 praescivit.
1066 1771 1220 1840 Quod
1266 1771 1311 1827 si
1355 1786 1387 1827 a
1434 1786 1522 1827 me
1564 1771 1759 1840 quatris

1866 607 1885 639 σ
1919 588 2180 645 Dominus
2209 608 2222 644 :
2257 588 2534 647 Custoditc
2555 592 2839 663 judicium,
2865 606 2922 654 et
2947 596 3109 654 facite
3148 598 3436 667 justitiam.

1866 698 1886 731 ι
1922 678 2058 747 Quia
2092 678 2246 749 juxta
2295 689 2378 736 est
2422 682 2567 739 salus
2612 699 2731 743 mea
2778 694 2838 741 ut
2877 688 3088 754 veniat,
3138 698 3193 744 et
3227 689 3441 761 justitia

1867 788 1886 821 ι
1922 786 2043 826 mea
2085 778 2147 825 ut
2184 770 2474 827 reveletur.
2521 773 2716 830 Beatus
2766 775 2851 831 vir
2897 776 2987 846 qui
3034 776 3164 833 fecit
3212 777 3338 844 hoc,
3382 788 3440 836 et

1866 881 1886 915 ι
1923 862 2067 919 filius
2111 864 2346 920 hominis
2385 866 2477 936 qui
2514 868 2866 938 apprehendit
2908 867 3074 935 istud,
3118 870 3431 927 custodiens

1866 971 1886 1005 α
1920 952 2205 1009 sabbatum
2263 956 2363 1010 ne‘
2396 955 2601 1027 polluat
2662 956 2829 1024 illud,
2881 960 3191 1016 custodiens
3244 976 3438 1016 manus

1865 1063 1885 1098 ι
1920 1060 2047 1101 suas
2088 1060 2158 1101 ne
2200 1044 2366 1101 faciat
2411 1061 2571 1102 omne
2613 1048 2813 1104 malum
2855 1048 2988 1121 (ιτα.
3024 1066 3131 1117 Lvr,
3176 1050 3201 1104 l
3235 1051 3369 1121 seq.)
3409 1071 3431 1104 ι

1860 1138 1937 1195 De
1984 1153 2094 1209 quo
2140 1146 2198 1195 et
2242 1153 2342 1210 per
2387 1137 2674 1195 Ieremiam
2696 1141 2934 1197 dicitur:
2974 1160 2993 1193 ι
3020 1141 3145 1197 Haec
3164 1141 3296 1198 dicit
3323 1141 3433 1197 Do-

1867 1247 1887 1282 ι
1923 1229 2104 1285 minus
2147 1229 2311 1285 lsrael
2341 1243 2355 1284 :
2388 1229 2702 1286 Maledictus
2746 1231 2831 1286 vir
2886 1231 2979 1302 qui
3035 1247 3144 1288 non
3201 1230 3438 1287 audierit

1866 1340 1886 1374 ι
1919 1323 2083 1378 verba
2119 1322 2261 1395 pacti
2307 1322 2485 1393 hujus,
2515 1323 2656 1394 quod
2704 1325 2933 1395 praecepi
2968 1324 3211 1395 patribus
3235 1325 3435 1381 vestris

1864 1430 1886 1464 ι
1924 1412 1976 1468 in
2000 1413 2087 1468 die
2110 1428 2215 1483 qua
2246 1413 2407 1483 eduxi
2437 1429 2531 1470 eos
2556 1414 2621 1469 de
2653 1425 2797 1469 terra
2837 1413 3080 1486 Egypti,
3111 1416 3178 1470 de
3216 1414 3437 1472 fornace

1866 1517 1888 1552 ι
1921 1500 2137 1566 ferrea,
2167 1501 2617 1558 dicens:Audite
2663 1518 2849 1558 vocem
2903 1519 3120 1570 meam,
3167 1513 3224 1559 et
3276 1504 3439 1562 facite

1866 1607 1888 1643 ι
1921 1591 2103 1646 omnia
2133 1606 2252 1662 qua:
2273 1592 2526 1662 praecipio
2554 1593 2726 1660 vobis,
2753 1601 2809 1648 et
2842 1593 2995 1649 eritis
3023 1593 3157 1649 mihi
3186 1594 3238 1649 in
3264 1609 3434 1666 popu-

1866 1700 1887 1735 ι
1921 1683 2054 1751 lum,
2075 1692 2134 1739 et
2171 1698 2272 1754 ego
2306 1698 2402 1740 ero
2436 1683 2591 1740 vobis
2621 1685 2673 1739 in
2704 1684 2895 1751 Deum,
2932 1693 2987 1740 et
3009 1687 3278 1741 suscitabo
3291 1687 3439 1757 jura-

1867 1793 1887 1827 ι
1917 1782 2157 1830 mentum
2184 1774 2325 1844 quod
2356 1774 2536 1846 juravi
2575 1774 2823 1845 patribus
2842 1776 3036 1831 vestris
3073 1776 3320 1832 daturum
3351 1792 3439 1832 me

201 1858 332 1915 scire
358 1875 457 1916 cur
484 1859 620 1916 duas
646 1860 776 1917 istas
803 1860 1133 1918 differentias
1163 1862 1311 1918 Deus
1337 1861 1519 1927 faciat,
1549 1878 1593 1918 Si
1633 1876 1756 1931 per-
1784 1848 1830 1908 Β
1865 1882 1885 1915 ι
1923 1864 2003 1920 eis
2033 1873 2234 1919 terram
2258 1862 2510 1919 fluentem
2532 1863 2672 1920 lacte
2689 1873 2742 1920 et
2768 1863 2922 1920 melle
2943 1863 3075 1937 (Jer.
3092 1882 3168 1930 xi,
3191 1865 3225 1919 ὅ
3243 1867 3430 1937 seq.).i

198 1965 441 2007 sonarum
487 1959 739 2022 acceptor
767 1967 874 2008 non
899 1962 1003 2020 cst,
1028 1953 1154 2023 quia
1194 1951 1514 2025 generaliter
1537 1960 1631 2008 aut
1652 1968 1757 2023 pu-

192 2039 305 2096 nire
343 2039 503 2097 debet
532 2039 767 2108 justitia,
797 2051 891 2097 aut
934 2042 1301 2099 misericordia
1343 2042 1594 2108 liberare,
1627 2057 1757 2097 con-

195 2131 343 2187 tende
375 2146 496 2186 cum
537 2131 723 2199 Paulo,
748 2133 857 2189 imo
889 2132 937 2189 si
978 2134 1144 2191 audes
1181 2148 1347 2205 argue
1388 2132 1636 2198 Paulum,
1661 2133 1754 2203 qui

188 2218 340 2285 dixit,
368 2218 588 2276 Christo
611 2221 667 2275 in
690 2236 749 2276 se
779 2220 1032 2290 loquente
1060 2239 1075 2275 :
1121 2240 1140 2273 ι
1176 2221 1222 2279 0
1257 2222 1442 2288 homo,
1469 2229 1525 2276 tu
1553 2221 1674 2292 quis
1695 2237 1757 2279 es

192 2328 213 2361 ε
245 2310 330 2379 qui
355 2312 683 2381 respondeas
703 2311 858 2368 Deo?
886 2311 1139 2383 Nunquid
1180 2312 1313 2368 dicit
1355 2312 1672 2384 figmentum
1699 2313 1751 2368 ei

197 2418 217 2451 α
249 2401 335 2471 qui
365 2417 423 2457 se
449 2401 626 2469 tinxit,
654 2401 855 2472 thuid
880 2418 967 2458 me
992 2404 1071 2459 sic
1099 2402 1320 2459 fecisti?
1341 2402 1424 2458 An
1453 2418 1559 2458 non
1586 2403 1753 2460 habet

188 2512 211 2545 ι
243 2503 559 2566 potestatem
604 2495 801 2567 ﬁgulus
843 2495 940 2551 luti
980 2511 1049 2553 ex
1095 2496 1287 2553 eadem
1340 2511 1519 2552 massa
1568 2496 1751 2553 facere

182 2604 205 2637 ι
239 2584 377 2640 aliud
402 2585 619 2657 quidem
652 2602 746 2642 vas
776 2586 832 2641 in
870 2587 1150 2654 honorem,
1179 2586 1323 2643 aliud
1367 2587 1423 2641 in
1465 2594 1747 2643 contume-

184 2693 207 2726 ι
241 2674 402 2731 liam?
434 2695 455 2729 ι
490 2674 663 2747 (Rom.
687 2692 766 2743 ix,
791 2678 907 2749 50.)
944 2678 1057 2751 Ego
1098 2688 1279 2735 autem
1310 2678 1413 2734 hoc
1456 2677 1580 2733 dico
1603 2677 1749 2748 quod

174 2768 309 2835 dixi,
329 2770 453 2840 quia
489 2769 751 2841 quidquid
790 2771 933 2827 Deus
980 2772 1112 2844 agit,
1136 2771 1576 2838 misericorditer,
1601 2771 1748 2842 juste

174 2869 469 2932 sancteque
515 2861 691 2918 facit:
737 2863 863 2934 quia
910 2864 1057 2920 solus
1108 2867 1222 2936 ipse
1266 2864 1599 2936 praesciendo
1643 2863 1749 2920 scit

170 2950 313 3022 quod
359 2951 523 3007 homo
549 2953 839 3009 nesciendo
876 2955 1067 3010 nescit.
1127 2954 1259 3023 Quis
1300 2954 1444 3011 enim
1492 2954 1746 3026 cognovit

169 3055 389 3097 sensum
416 3042 653 3108 Domini,
678 3043 799 3114 quis
824 3045 1079 3100 instruxit
1115 3059 1260 3110 eum,
1293 3054 1389 3099 aut
1418 3045 1539 3115 quis
1567 3045 1746 3101 consi-

166 3133 359 3190 liarius
385 3133 503 3203 ejus
530 3134 665 3191 fuit?
691 3143 781 3191 aut
806 3136 928 3206 quis
946 3136 1099 3209 prior
1124 3135 1267 3192 dedit
1298 3135 1373 3190 illi
1402 3142 1459 3192 et
1484 3136 1740 3192 retribui-

1854 1952 1938 2008 Ad
1980 1952 2323 2009 Ezechielem
2354 1951 2615 2008 Dominus
2639 1953 2755 2008 ait:
2793 1972 2812 2005 ‹
2844 1951 2924 2007 Tu
2969 1968 3119 2024 ergo,
3145 1953 3217 2008 fili
3264 1953 3438 2009 homi-

1861 2061 1883 2096 ‹
1917 2043 2023 2110 nis,
2051 2042 2138 2099 dic
2186 2042 2254 2098 ad
2303 2043 2518 2099 domum
2542 2042 2743 2110 lsrael;
2775 2042 2855 2098 sic
2882 2042 3049 2098 locuti
3083 2043 3212 2099 estis
3246 2043 3431 2099 dicen-

1859 2153 1880 2187 ‹
1914 2143 2039 2190 tes:
2086 2133 2409 2205 lniquitates
2454 2142 2651 2189 nostra:
2693 2141 2749 2190 et
2790 2142 3009 2204 peccata
3041 2143 3227 2190 nostra
3271 2146 3434 2204 super

1859 2244 1881 2278 ι
1915 2241 2016 2282 nos
2057 2232 2205 2290 sunt,
2232 2233 2287 2279 et
2335 2224 2390 2280 in
2442 2224 2572 2295 ipsis
2609 2241 2709 2282 nos
2745 2225 3072 2281 tabescimus
3107 2241 3122 2279 :
3163 2225 3433 2296 quomodo

1858 2334 1880 2368 ι
1915 2331 2049 2386 ergo
2073 2315 2256 2370 vivere
2290 2313 2628 2384 poterimus?
2656 2314 2751 2369 Dic
2776 2314 2842 2370 ad
2867 2328 2991 2369 eos:
3016 2312 3141 2368 Haac
3169 2313 3304 2369 dicit
3328 2313 3433 2369 Do-

1858 2423 1877 2457 ι
1915 2406 2095 2460 minus
2114 2403 2294 2459 Deus:
2325 2401 2459 2458 Nolo
2486 2410 2714 2457 mortem
2738 2402 2910 2473 impii,
2937 2403 3031 2458 sed
3056 2410 3117 2457 ut
3144 2412 3430 2458 converta-

1854 2516 1875 2549 ε
1911 2505 2001 2552 tur
2040 2497 2237 2567 impius
2259 2510 2291 2551 a
2323 2496 2408 2550 via
2436 2510 2555 2561 sua,
2575 2502 2630 2551 et
2656 2496 2821 2550 vivat.
2850 2495 3260 2562 Couvertimini,
3288 2511 3423 2550 eon-

1855 2605 1875 2638 ι
1910 2587 2186 2642 vertimini
2215 2601 2247 2640 a
2272 2586 2378 2641 viis
2406 2586 2603 2641 vestris
2646 2585 2917 2657 pessimis,
2943 2594 2999 2640 et
3034 2600 3206 2656 quare
3233 2587 3430 2641 morie-

1852 2696 1874 2730 ς
1908 2678 2060 2741 mini,
2095 2679 2289 2732 domus
2330 2675 2530 2731 Israel?
2574 2675 2655 2730 Tu
2701 2677 2899 2745 itaque,
2946 2674 3024 2730 fili
3061 2677 3317 2741 hominis,
3344 2674 3433 2730 dic

1853 2788 1873 2821 ι
1911 2769 1981 2824 ad
2006 2768 2146 2823 filios
2188 2766 2372 2838 populi
2419 2768 2495 2821 tui
2531 2783 2545 2820 :
2588 2765 2804 2822 Iustitia
2844 2767 2978 2838 justi
3026 2782 3133 2822 non
3179 2767 3433 2823 liberabit

1853 2880 1873 2914 ‹
1908 2876 2032 2917 eum
2086 2860 2140 2915 in
2194 2874 2519 2930 quacunque
2569 2858 2656 2915 die
2701 2858 3040 2929 peccaverit,
3085 2867 3141 2913 et
3181 2858 3430 2928 impietas

1851 2972 1871 3004 ι
1906 2952 2057 3023 impii
2086 2967 2195 3006 non
2226 2949 2442 3006 nocebit
2470 2950 2520 3004 ei
2561 2950 2615 3005 in
2654 2964 2977 3020 quacunque
3009 2949 3096 3004 die
3136 2965 3431 3005 conversus

1849 3065 1868 3099 ι
1906 3044 2071 3101 fuerit
2096 3044 2163 3099 de
2190 3042 2468 3113 impietate
2495 3056 2624 3107 sua;
2654 3049 2710 3096 et
2754 3040 2933 3112 justus
2974 3055 3080 3096 non
3121 3039 3323 3111 poterit
3344 3038 3427 3094 vi-

1853 3154 1873 3188 ε
1907 3149 2034 3192 vere
2075 3134 2129 3189 in
2170 3132 2381 3205 justitia
2423 3146 2518 3187 sua
2558 3131 2612 3186 in
2637 3144 2955 3201 quacunque
2991 3130 3077 3186 die
3097 3128 3423 3201 peccaverit.

166 3234 259 3281 tur
283 3226 370 3280 ei?
397 3200 493 3282 aut
535 3227 657 3298 quis
699 3200 840 3285 dicit
873 3200 1109 3297 ei,-Quid
1154 3226 1370 3284 fecisti?
1402 3226 1519 3283 Non
1562 3235 1744 3298 potest
1768 3200 1816 3265 δ
1852 3247 1871 3280 ι
1907 3228 2133 3284 Etiamsi
2171 3200 2364 3281 dixero
2401 3221 2550 3293 justo
2589 3223 2730 3295 quod
2761 3222 3076 3288 vitavivat,
3104 3200 3163 3276 et
3188 3220 3426 3277 conlisus

168 3326 379 3373 tantum
397 3317 580 3389 justus
611 3319 719 3374 dici
752 3320 911 3385 Deus,
934 3327 1027 3374 aut
1066 3318 1240 3375 solum
1284 3317 1616 3384 misericors,
1647 3318 1741 3374 sed

154 3410 343 3481 justus
394 3419 449 3466 et
497 3410 826 3466 misericors.
874 3408 966 3466 Sic
1014 3409 1276 3481 legimus,
1320 3409 1399 3465 sic
1445 3409 1738 3465 credimus.

159 3500 460 3571 Propterea
497 3501 712 3570 quando
748 3500 824 3556 illi
857 3516 979 3556 cum
1018 3501 1184 3556 David
1218 3500 1647 3557 misericordiam
1686 3509 1742 3556 et

147 3591 428 3663 judicium
451 3601 757 3656 cantamus,
789 3600 1072 3647 cantamus
1095 3600 1417 3656 metuentes,
1439 3607 1547 3647 non
1574 3591 1743 3646 inter-

154 3696 421 3750 rogamus
450 3696 571 3751 quat
600 3681 671 3736 sit
690 3681 941 3736 voluntas
968 3678 1104 3748 ejus,
1137 3682 1193 3735 in
1213 3680 1418 3750 judicio
1442 3689 1499 3736 et
1531 3679 1743 3736 miseri-

151 3771 351 3828 cordia
377 3771 841 3840 conquiescentes.
873 3789 892 3822 ι
922 3770 1109 3827 Omnis
1146 3771 1288 3826 enim
1318 3770 1405 3826 lex
1432 3771 1611 3826 divina
1636 3770 1742 3827 hoc

149 3864 347 3930 docet,
371 3871 428 3917 ut
448 3878 546 3934 per
565 3862 927 3919 obedientiam
956 3862 1328 3919 mandatorum
1350 3863 1448 3919 Dei
1469 3864 1743 3934 pervenia-

148 3970 285 4010 mus
312 3955 383 4011 ad
404 3962 708 4010 creatorem
737 3963 982 4010 nostrum
1005 3971 1021 4009 :
1044 3969 1146 4010 nec
1167 3954 1308 4010 ullus
1328 3955 1535 4010 ratione
1557 3956 1744 4027 vigens

147 4046 283 4102 sine
314 4045 423 4100 fide
453 4054 600 4100 recta
632 4054 686 4100 et
709 4045 866 4101 bonis
894 4046 1147 4116 operibus
1172 4045 1283 4101 Deo
1309 4045 1524 4117 placere
1542 4054 1737 4117 potest.

146 4135 320 4193 Unde
348 4146 405 4193 et
440 4136 754 4208 prophetica
784 4147 946 4206 atque
965 4137 1259 4208 apostolica
1287 4137 1500 4208 eloquia
1529 4139 1631 4194 hoc
1658 4152 1744 4194 re-

138 4236 382 4294 sonant,
406 4229 474 4284 ad
524 4229 628 4285 hoc
667 4229 1043 4294 exhortantur,
1073 4236 1134 4284 ut
1166 4237 1314 4285 recto
1353 4242 1513 4285 cursu
1541 4238 1743 4286 sanctze

138 4320 593 4377 conversationis
635 4321 1013 4392 perveniamus
1041 4321 1109 4377 ad
1146 4331 1445 4380 creatorem
1472 4331 1737 4380 nostrum.

135 4411 410 4483 Denique
446 4412 527 4468 sic
555 4410 764 4483 Moyses
809 4413 925 4468 ait:
967 4432 985 4466 ι
1025 4413 1141 4469 Non
1190 4414 1420 4470 teutabis
1453 4415 1740 4470 Dominum

141 4521 165 4555 ¢
214 4501 398 4557 Deum
424 4512 599 4569 tuum,
626 4504 769 4559 sicut
793 4506 1012 4561 tentasti
1047 4506 1100 4560 in
1124 4506 1243 4562 loco
1272 4507 1602 4564 tentationis.
1627 4505 1737 4563 Cu-

136 4617 163 4651 (
210 4598 367 4654 stodi
411 4608 677 4670 prmcepta
706 4600 917 4655 Domini
958 4600 1053 4657 Dei
1091 4602 1191 4669 tui,
1218 4616 1282 4656 ac
1321 4602 1650 4667 testimonia,
1680 4612 1737 4657 et

134 4711 159 4745 ι
208 4694 595 4760 cmremonias,
619 4710 756 4765 quas
783 4696 1040 4766 prmcepit
1071 4696 1167 4751 tibi
1195 4715 1209 4751 :
1239 4706 1294 4752 et
1331 4697 1416 4754 fac
1453 4698 1597 4769 quod
1620 4698 1739 4770 pla-

130 4807 158 4843 ο
204 4788 394 4845 citum
417 4797 500 4846 est
522 4800 577 4847 et
596 4790 793 4846 bonum
820 4791 873 4845 in
907 4800 1198 4861 conspectu
1230 4791 1465 4857 Domini,
1504 4800 1565 4847 ut
1597 4791 1737 4848 bene

130 4902 157 4936 ς
204 4883 291 4939 sit
325 4883 446 4948 tibi,
474 4892 532 4939 et
553 4884 830 4956 ingressus
847 4884 1125 4954 possideas
1152 4892 1351 4939 terram
1376 4884 1653 4955 optimam,
1669 4885 1735 4939 de

127 4993 151 5026 ι
198 4988 323 5045 qua
368 4973 572 5045 juravit
616 4975 877 5031 Dominus
921 4974 1169 5045 patribus
1220 4975 1370 5041 tuis,
1424 4984 1484 5030 ut
1534 4975 1736 5031 deleret

126 5086 149 5117 α
195 5081 413 5123 omnes
447 5067 697 5123 inimicos
726 5076 848 5124 tuos
884 5083 1067 5124 coram
1105 5076 1178 5133 te,
1215 5067 1355 5122 sicut
1397 5067 1609 5124 locutus
1652 5078 1733 5124 est

124 5176 147 5207 σ
197 5155 406 5227 (Deut.
448 5173 525 5223 vt,
564 5158 632 5213 16
665 5160 818 5230 seq.).
851 5178 869 5212 ι
900 5158 1035 5213 Nam
1096 5157 1383 5214 Psalmista
1437 5160 1565 5214 hinc
1616 5160 1731 5214 ait:

123 5267 146 5300 s
195 5247 356 5316 Quis
379 5256 463 5305 est
484 5249 644 5305 homo
670 5250 761 5319 qui
788 5249 903 5304 vult
926 5250 1116 5317 vitam,
1140 5258 1195 5305 et
1215 5250 1363 5321 cupit
1394 5250 1576 5307 videre
1618 5251 1733 5306 dies

122 5360 149 5394 ¢
193 5340 434 5400 bonos?
469 5342 731 5398 Coerceat
774 5341 1011 5413 linguam
1046 5357 1197 5397 suam
1234 5359 1264 5397 a
1302 5343 1467 5409 malo,
1495 5353 1551 5399 et
1588 5343 1731 5398 labia

118 5454 143 5485 ι
191 5433 338 5503 ejus
369 5447 440 5489 ne
463 5432 752 5503 loquantur
785 5433 989 5488 dolum.
1023 5433 1265 5489 Divertat
1302 5450 1333 5488 a
1368 5435 1531 5501 malo,
1564 5442 1621 5490 et
1653 5433 1733 5489 fa-

114 5548 139 5578 α
190 5525 333 5583 ciat
358 5524 592 5590 bonum;
624 5522 860 5595 inquirat
882 5538 1070 5594 pacem
1093 5532 1147 5579 et
1171 5532 1424 5593 sequatur
1439 5539 1578 5579 eam.
1596 5523 1732 5591 Quia

1850 3336 1870 3370 ι
1908 3318 1961 3374 in
1979 3317 2192 3390 justitia
2231 3330 2329 3371 sua
2372 3315 2564 3371 fecerit
2598 3312 2963 3384 iniquitatem,
2992 3326 3179 3368 omnes
3202 3311 3425 3383 justitia:

1848 3431 1869 3464 ι
1904 3410 2022 3481 ejus
2046 3407 2304 3464 oblivioni
2332 3407 2631 3473 tradentur,
2663 3413 2718 3461 et
2746 3404 2800 3460 in
2826 3404 3110 3475 iniquitate
3137 3420 3232 3460 sua
3258 3420 3422 3475 quam

1848 3519 1870 3553 ι
1903 3509 2160 3572 operatus
2177 3499 2331 3553 estin
2355 3498 2469 3558 ipsa
2490 3504 2771 3552 monetur.
2789 3493 2885 3552 Sin
2911 3504 3087 3551 autem
3109 3495 3296 3551 dixero
3318 3495 3423 3550 im-

1848 3613 1869 3646 ‹
1903 3594 2012 3663 pio,
2048 3591 2222 3647 Morte
2252 3589 2522 3654 morieris,
2545 3597 2603 3645 ct
2636 3588 2805 3659 egerit
2830 3589 3205 3659 paenitentiam
3236 3604 3266 3643 a
3296 3603 3424 3658 pec-

1850 3703 1870 3735 ‹
1905 3691 2029 3740 cato
2057 3698 2175 3748 suo,
2208 3681 2507 3750 feceritque
2544 3679 2808 3749 judicium
2835 3688 2890 3734 et
2923 3678 3212 3748 justitiam,
3248 3688 3301 3734 et
3338 3679 3424 3749 pi—

1848 3795 1869 3828 ‹
1906 3790 2044 3848 gnus
2068 3773 2365 3829 restituerit
2384 3771 2475 3827 ille
2506 3771 2722 3841 impius,
2745 3771 3095 3842 rapinamque
3109 3771 3422 3839 reddiderit,

1849 3888 1869 3921 σ
1904 3871 1960 3924 in
2001 3866 2272 3922 mandatis
2310 3864 2436 3919 vita:
2481 3862 2875 3931 ambulaverit,
2906 3878 3009 3918 nec
3040 3862 3227 3918 fecerit
3270 3863 3427 3934 quid-

1850 3981 1871 4014 ‹
1903 3976 2066 4033 quam
2092 3957 2365 4028 iniustum,
2392 3958 2503 4013 vita
2524 3958 2669 4012 vivet
2696 3965 2753 4012 et
2772 3972 2879 4012 non
2916 3956 3196 4012 morietur.
3228 3956 3418 4013 Omnia

1849 4073 1868 4106 ο
1902 4061 2124 4125 peccata
2164 4051 2281 4122 ejus
2325 4066 2444 4121 qua:
2484 4050 2732 4121 peccavit
2767 4065 2875 4104 non
2922 4049 3330 4120 imputabuntur
3370 4047 3421 4104 ei

1848 4163 1867 4196 ε
1906 4143 2121 4214 (Ezech.
2176 4156 2387 4206 xxxiii,
2428 4138 2496 4195 10
2539 4139 2694 4211 seq.).
2733 4158 2751 4191 ι
2804 4137 2885 4194 Ad
2928 4136 3423 4194 Nabuchodonosor

1844 4251 2059 4310 quoque
2090 4234 2277 4290 Daniel
2298 4234 2560 4305 propheta
2600 4233 2680 4289 sic
2714 4233 2826 4287 ait:
2862 4250 2882 4284 ι
2918 4229 2963 4288 0
2994 4248 3110 4299 rex,
3136 4232 3419 4288 consilium

1850 4351 1870 4386 ι
1908 4346 2085 4389 meum
2119 4330 2330 4401 placeat
2363 4328 2478 4393 tibi,
2503 4337 2558 4384 et
2578 4336 2799 4399 peccata
2833 4335 2921 4382 tua
2949 4325 3305 4397 eleemosynis
3328 4340 3417 4381 re-

1849 4444 1868 4479 i
1905 4424 2068 4490 dime,
2097 4430 2151 4478 et
2179 4421 2488 4492 iniquitates
2517 4428 2639 4475 tuas
2667 4417 3052 4474 misericordiis
3078 4432 3373 4488 pauperum
3399 4432 3415 4468 :

1848 4536 1869 4568 ε
1905 4515 2128 4570 forsitan
2156 4513 2398 4583 ignoscat
2423 4512 2566 4566 Deus
2588 4510 2798 4566 delictis
2830 4508 2936 4564 tuis
2966 4506 3127 4579 (Dan.
3152 4521 3227 4572 tv,
3252 4504 3364 4576 24).
3391 4526 3411 4559 ι

1841 4607 1978 4663 Hinc
2006 4613 2060 4661 et
2086 4619 2183 4676 per
2210 4602 2349 4659 Osce
2378 4601 2612 4656 dicitur:
2651 4619 2669 4651 ι
2705 4599 2980 4654 Seminatc
3008 4596 3159 4652 vobis
3186 4597 3238 4651 in
3258 4594 3421 4665 justi-
3512 4660 3523 4677 Ι

1843 4718 1863 4750 ‹
1900 4697 1994 4762 tia,
2024 4707 2080 4752 et
2104 4695 2293 4751 metite
2322 4696 2375 4751 in
2407 4710 2501 4750 ore
2530 4694 2937 4758 misericordias,
2975 4692 3234 4746 innovate
3262 4690 3418 4746 vobis

1844 4807 1863 4840 s
1901 4788 2136 4845 novale:
2183 4797 2395 4857 tempus
2444 4794 2624 4841 autem
2666 4782 2999 4854 requirendi,
3044 4797 3165 4837 cum
3210 4782 3416 4837 venerit

1842 4903 1861 4935 σ
1897 4881 1989 4952 qui
2016 4880 2231 4936 docebit
2260 4894 2356 4934 vos
2384 4876 2652 4948 justitiam
2684 4876 2829 4947 (Ose.
2854 4892 2910 4941 x,
2941 4874 3050 4946 12).
3085 4896 3097 4924 ι
3133 4873 3197 4930 Et
3243 4874 3408 4929 item:

1842 4997 1861 5027 ι
1896 4971 2633 5044 Convertere,inquit,lsrael
2655 4971 2721 5025 ad
2742 4970 3024 5024 Dominum
3047 4968 3214 5023 Deum
3238 4975 3411 5032 tuum,
3470 4988 3479 5005 ι

1845 5087 1862 5119 ι
1899 5066 2151 5138 quoniam
2178 5063 2427 5120 corruisti
2465 5064 2517 5118 in
2549 5062 2833 5131 iniquitate
2868 5070 2977 5115 tua.
3012 5054 3204 5116 Tollite
3229 5059 3412 5114 vobis-

1843 5178 1861 5211 ‹
1901 5175 2021 5214 cum
2043 5158 2232 5220 verba,
2265 5165 2321 5211 et
2346 5153 2722 5219 convertimini
2751 5152 2817 5206 ad
2844 5151 3147 5214 Dominum,
3170 5157 3224 5205 et
3247 5148 3410 5204 dicite

1842 5272 1861 5303 ε
1896 5251 1975 5306 ei:
2005 5250 2232 5307 Omnem
2281 5247 2437 5303 aufer
2483 5246 2842 5317 iniquitatem,
2878 5252 2933 5301 et
2972 5244 3156 5313 accipe
3187 5243 3406 5303 bonum,

1842 5361 1862 5394 ο
1898 5349 1953 5397 et
1971 5342 2258 5396 reddemus
2280 5338 2475 5394 vitulos
2500 5336 2763 5393 labiorum
2791 5344 3098 5391 nostrorum
3127 5331 3271 5404 (Ose.
3297 5345 3410 5397 xw,

1847 5451 1867 5484 ‹
1900 5433 1959 5497 2,
1986 5432 2062 5502 5).
2098 5452 2117 5483 ι
2152 5430 2208 5486 Si
2236 5430 2452 5501 quidem
2478 5429 2531 5484 in
2555 5426 2704 5484 Joele
2730 5427 2801 5483 ita
2827 5427 3082 5497 scriptum
3109 5431 3231 5479 est:
3260 5439 3279 5473 ι
3300 5419 3413 5477 Ma-

1846 5540 1865 5574 σ
1903 5536 2040 5593 gnos
2065 5521 2209 5575 enim
2245 5520 2359 5575 dies
2387 5519 2599 5575 Domini
2634 5526 2688 5575 et
2728 5517 2982 5573 terribilis
3013 5512 3189 5577 valde,
3212 5521 3265 5567 et
3289 5511 3412 5582 quis

1845 5632 1863 5665 ι
1901 5612 2184 5668 sustinebit
2219 5612 2385 5668 eum?
2410 5609 2562 5666 Nunc
2600 5624 2730 5682 ergo
2756 5609 2888 5665 dicit
2929 5604 3229 5662 Dominus:
3261 5602 3406 5659 Cou-

1844 5727 1862 5760 t
1900 5706 2171 5762 vertimini
2200 5705 2266 5760 ad
2301 5718 2387 5761 me
2420 5704 2473 5760 in
2505 5711 2618 5759 toto
2646 5702 2807 5759 corde
2832 5708 3033 5764 vestro,
3057 5697 3110 5752 in
3130 5693 3336 5765 jejunio
3355 5701 3408 5750 et

1844 5817 1862 5850 ι
1902 5800 1954 5855 in
1983 5798 2106 5854 ﬂetu
2129 5808 2181 5854 et
2212 5798 2263 5853 in
2290 5796 2536 5869 planctu,
2573 5803 2627 5851 et
2676 5792 2905 5849 scindite
2944 5788 3105 5847 corda
3140 5795 3317 5843 vestra
3351 5792 3406 5842 et

113 5637 141 5671 σ
188 5615 367 5673 oculi
408 5615 619 5671 Domini
648 5630 812 5685 super
829 5615 1026 5686 justos,
1047 5623 1099 5671 et
1125 5630 1283 5670 aures
1312 5615 1429 5685 ejus
1455 5616 1507 5670 in
1538 5630 1732 5685 preces

112 5727 139 5759 ¢
193 5722 440 5763 eorum.
464 5705 655 5763 Vultus
677 5716 856 5763 autem
881 5706 1088 5762 Domini
1109 5721 1270 5776 super
1290 5705 1550 5761 facientes
1571 5706 1728 5772 mala,

110 5819 135 5853 ‹
192 5810 268 5855 ut
295 5801 499 5871 perdat
523 5798 591 5855 de
612 5806 754 5855 terra
776 5800 1087 5856 memoriam
1110 5814 1295 5854 eorum
1315 5795 1729 5872 (Psalmxxvm,
