3938 6334
509 351 648 409 1555
1145 347 1208 402 Β.
1249 346 1501 402 RABAN]
1540 344 1758 403 MAL‘BI
1796 342 2114 401 ARClllEP.
2152 341 2460 401 MOGUNT.
2501 343 2785 400 OPERUM
2823 344 3005 402 PARS
3040 346 3126 403 III.
3654 348 3779 406 ιεπ

514 489 532 522 ι
568 483 679 523 non
694 465 1015 522 vestimenta
1033 472 1239 529 vostra,
1255 461 1697 518 etconvertimini
1719 459 1785 515 ad
1802 459 2089 516 Dominum
2115 461 2165 520 Α
2197 476 2217 509 ι
2250 455 2499 514 Judicate
2512 456 2776 528 judicium
2788 474 2978 516 verum
2998 467 3055 515 et
3074 460 3535 525 misericordiam,
3552 470 3617 516 et
3639 462 3786 520 miss-

517 580 536 611 ι
572 560 742 615 Deum
768 564 1032 622 vestrum,
1067 554 1193 625 quia
1240 554 1509 625 benignus
1546 562 1604 608 et
1649 552 1961 608 misericors
1982 560 2091 617 est,
2199 568 2218 601 ‹
2254 548 2493 605 rationes
2521 548 2685 606 facite
2710 552 3084 622 unusquisque
3108 565 3230 607 cum
3258 552 3437 609 fratre
3464 568 3597 618 suo,
3624 564 3686 609 et
3718 558 3786 610 vi-

518 667 537 699 ι
573 648 786 718 patiens
809 655 864 703 et
888 645 1070 701 multa:
1094 645 1498 709 misericordize,
1518 651 1572 699 et
1590 643 1914 715 praistabilis
1933 658 2096 714 super
2200 659 2219 693 t
2255 641 2415 697 duam
2441 649 2498 696 et
2530 641 2815 713 pupillum,
2836 651 2893 699 et
2914 642 3177 698 advenam
3201 653 3258 699 et
3280 659 3591 716 pauperem
3636 645 3789 703 nolite

518 759 537 791 ε
575 737 780 793 malitia
806 755 819 791 :
849 735 973 806 quis
997 735 1099 790 scit
1130 736 1174 791 si
1198 743 1547 789 convertatur
1578 742 1634 789 et
1660 733 1903 806 ignoscat
1927 744 1983 789 ct
2006 750 2094 789 re-
2201 753 2221 786 ι
2258 733 2600 802 calumniari,
2623 744 2681 791 et
2700 737 2785 791 vir
2806 735 2960 792 fratri
2988 752 3087 793 suo
3128 753 3233 793 non
3258 739 3477 810 cogitet
3503 738 3717 794 malum
3740 741 3787 795 in

518 847 541 883 ι
575 829 786 899 linquat
820 835 945 898 post
967 842 1026 882 se
1052 824 1504 890 benedictionem,
1529 824 1855 879 sacrificium
1884 832 1940 879 et
1963 824 2099 879 liba-

522 943 542 976 σ
580 938 706 978 men
736 920 967 977 Domino
998 918 1109 974 Deo
1138 917 1363 973 nostro?
1400 937 1418 970 ι
1457 915 1616 989 (Joel.
1642 932 1706 981 ιι,
1732 915 1842 987 ll.)
1867 914 2006 970 Hinc
2041 921 2098 969 et

516 1029 618 1085 per
642 1012 810 1067 Amos
844 1010 1081 1067 dicitur:
1118 1028 1135 1059 ι
1166 1007 1403 1075 Quzcrite
1434 1007 1633 1062 bonum
1670 1015 1726 1061 et
1762 1022 1868 1062 non
1896 1005 2098 1060 malum

523 1124 542 1157 ι
577 1112 638 1160 ut
664 1103 876 1166 vivatis,
909 1112 965 1158 et
1012 1102 1118 1156 erit
1159 1100 1419 1155 Dominus
1463 1098 1604 1153 Deus
1645 1099 1982 1154 exercituum
2006 1113 2100 1153 vo-

524 1216 543 1247 ι
578 1196 790 1252 hiscum
827 1193 968 1249 sicut
991 1191 1223 1247 dixistis.
1257 1189 1415 1246 Odite
1436 1190 1659 1255 malum,
1687 1199 1744 1244 et
1765 1188 1969 1260 diligite
1999 1190 2098 1244 bo-

524 1303 544 1336 ι
582 1300 733 1349 num,
754 1290 808 1339 et
837 1281 1149 1338 constituite
1177 1281 1230 1335 in
1254 1288 1409 1350 porta
1431 1279 1717 1348 judicium,
1749 1278 1793 1334 si
1820 1279 1961 1334 forte
1998 1278 2101 1333 mi-

525 1396 543 1427 ι
581 1382 826 1433 sereatur
840 1374 1101 1430 Dominus
1120 1374 1264 1428 Deus
1284 1371 1620 1427 exercituum
1641 1370 1884 1440 reliquiis
1900 1368 2099 1441 Joseph

531 1491 550 1524 σ
589 1472 770 1540 (Amos
809 1475 905 1536 v,‘
936 1467 1002 1523 M
1029 1468 1184 1540 δαίμ).
1224 1488 1243 1521 ι
1297 1466 1389 1522 Sic
1431 1475 1486 1522 et
1526 1465 1727 1521 Abdias
1780 1466 2044 1536 propheta
2082 1482 2094 1518 :

528 1581 547 1613 ι
584 1560 747 1616 Juxta
771 1569 873 1624 est,
899 1560 1086 1631 inquit,
1110 1559 1224 1614 dies
1244 1558 1458 1613 Domini
1479 1573 1642 1628 super
1666 1570 1854 1612 omnes
1874 1562 2097 1626 gentes:

422 1698 433 1705 .
525 1670 545 1705 ι
580 1653 722 1710 sicut
742 1651 919 1707 fecisti
948 1651 1042 1705 ﬁat
1067 1650 1184 1715 tibi,
1208 1650 1620 1705 retributionem
1646 1657 1795 1702 tuam
1821 1652 2102 1702 convertet

525 1764 544 1795 ι
583 1744 637 1798 in
663 1751 826 1814 caput
851 1750 1001 1797 tuum
1030 1740 1187 1814 (Abd.
1212 1757 1255 1807 ι,
1280 1724 1392 1810 15).
1429 1758 1447 1792 ι
1488 1738 1655 1796 Jonas
1681 1753 1897 1809 quoque
1918 1737 1975 1792 in
2002 1735 2101 1791 Ni-

2204 842 2221 876 ι
2260 823 2423 880 corde
2460 839 2560 880 suo
2600 825 2788 897 (Zach.
2811 843 2914 894 vit,
2938 827 2969 880 ’ἶ
2998 827 3155 898 αφ).
3192 848 3210 881 ι
3244 828 3315 883 Et
3344 830 3485 884 item
3513 847 3529 883 :
3576 848 3599 880 α
3628 828 3789 886 Nolite

2203 933 2222 967 ι
2260 914 2470 970 timere.
2503 915 2631 971 [hec
2660 925 2788 972 sunt
2812 931 2944 989 ergo
2967 918 3133 973 verba
3174 933 3298 989 qua
3322 917 3571 973 facietis.
3604 918 3789 989 Loqui-

2202 1024 2221 1058 ‹
2262 1006 2393 1061 mini
2436 993 2723 1063 veritatem
2775 1008 3153 1080 unusquisque
3188 1024 3315 1065 cum
3362 1009 3633 1080 proximo
3681 1024 3785 1065 suo.

2204 1115 2223 1151 ι
2261 1098 2558 1154 Veritatem
2611 1108 2666 1153 et
2714 1097 2978 1167 judicium
3029 1100 3180 1172 pacis
3218 1099 3477 1170 jndicate
3522 1101 3583 1155 in
3632 1099 3790 1170 parti

2204 1210 2224 1244 σ
2258 1191 2456 1248 vestris
2479 1232 2495 1258 ,
2541 1201 2598 1247 et
2642 1193 3010 1263 unusquisque
3058 1192 3261 1248 malum
3310 1200 3511 1247 contra
3562 1194 3788 1247 anxie-

2205 1299 2224 1333 ι
2259 1296 2417 1336 suum
2446 1297 2517 1336 ne
2537 1282 2786 1353 cogitetis
2814 1282 2869 1339 in
2904 1282 3175 1338 cordibus
3188 1283 3417 1348 vestris,
3441 1291 3501 1337 et
3519 1281 3789 1351 ini-anea-

2205 1392 2225 1427 ε
2260 1383 2373 1430 tum
2416 1375 2653 1430 mendax
2686 1391 2755 1431 ne
2794 1375 3049 1447 diligatis.
3089 1375 3288 1432 Omnia
3337 1384 3476 1431 sunt
3505 1376 3657 1430 anim
3687 1377 3791 1432 hac

2206 1486 2226 1519 ι
2260 1482 2381 1537 qua:
2404 1468 2519 1534 odi,
2544 1466 2679 1523 dicit
2706 1467 2968 1524 Dominus
2997 1466 3186 1539 (Zach.
3208 1484 3334 1533 vm,
3358 1468 3435 1523 16
3454 1470 3620 1539 εει).
3654 1488 3675 1521 ο
3702 1468 3791 1525 Per

2201 1557 2523 1614 Malacbiam
2543 1573 2761 1629 quoque
2784 1557 2861 1613 ait
2893 1576 2907 1613 :
2945 1576 2963 1610 ι
2993 1558 3395 1614 Convertimini
3451 1567 3513 1613 et
3550 1559 3791 1614 videbitis

2205 1668 2225 1702 ‹
2260 1649 2389 1720 quid
2420 1649 2493 1705 sit
2518 1648 2663 1705 inter
2684 1650 2889 1721 justum
2918 1658 2974 1705 et
2998 1650 3248 1719 impium,
3272 1658 3335 1705 et
3379 1651 3537 1705 inter
3573 1652 3789 1705 servien-

2206 1760 2226 1794 ‹
2262 1750 2369 1797 tem
2405 1739 2517 1796 Deo
2541 1748 2597 1796 et
2619 1756 2728 1797 non
2756 1740 3077 1798 servientem
3106 1738 3375 1814 (Halaclt.
3406 1757 3503 1807 nl,
3534 1740 3645 1811 18).
3669 1741 3789 1797 ane

519 1837 644 1893 nive
677 1836 895 1892 civitate
939 1848 1136 1907 magna
1180 1831 1492 1904 przedicavit
1530 1830 1901 1901 paenitentiam
1937 1843 2101 1900 agen-
2126 1815 2173 1875 Β
2207 1851 2225 1885 ι
2260 1832 2378 1888 dies
2399 1833 2581 1888 veniet
2607 1848 2871 1890 succensa
2892 1834 3051 1905 quasi
3072 1834 3346 1900 caminus,
3360 1843 3423 1890 et
3441 1844 3789 1891 emotosnnes

518 1931 663 1996 dam,
693 1937 749 1985 et
774 1929 1208 1999 praedicaverunt
1242 1923 1494 1979 Ninivita:
1520 1920 1807 1991 jejunium,
1837 1930 1891 1976 et
1918 1920 2100 1976 vestiti

518 2030 647 2078 sunt
689 2020 865 2077 saccis
912 2036 943 2074 a
990 2016 1197 2086 majore
1235 2031 1405 2087 usque
1446 2015 1514 2070 ad
1559 2015 1848 2079 minorem,
1874 2021 1930 2068 et
1968 2012 2103 2068 vidit

517 2112 661 2168 Deus
686 2125 855 2182 opera
893 2125 1103 2175 eorum,
1137 2109 1265 2178 quia
1310 2106 1558 2163 conversi
1599 2113 1726 2161 sunt
1766 2105 1834 2160 de
1874 2105 1961 2159 via
2004 2118 2101 2158 sua

519 2205 683 2272 mala,
715 2214 772 2261 et
814 2204 1072 2260 misertus
1109 2213 1196 2258 est
1240 2202 1386 2258 Deus
1425 2217 1591 2271 super
1632 2200 1892 2257 malitiam
1938 2215 2103 2270 quam

522 2295 738 2351 loeutus
768 2293 946 2349 fuerat
973 2302 1034 2348 ut
1061 2292 1269 2349 faceret
1297 2294 1394 2358 eis,
1424 2301 1480 2347 et
1507 2308 1615 2348 non
1648 2290 1776 2347 fecit
1805 2291 1987 2362 (Joan.
2017 2307 2100 2356 Ill,

518 2385 696 2457 5-10).
728 2384 867 2441 Hinc
904 2393 961 2441 et
1002 2384 1255 2440 Micbzeas
1276 2385 1512 2454 loquitur
1538 2385 1761 2440 dicens:
1803 2402 1821 2435 ι
1850 2383 2103 2440 Indicabo

524 2497 544 2531 ι
581 2478 702 2543 tibi,
731 2477 915 2542 homo,
965 2476 1097 2546 quid
1139 2477 1210 2531 sit
1254 2477 1486 2542 bonum,
1531 2484 1626 2531 aut
1672 2476 1799 2547 quid
1844 2477 2104 2532 Dominus

525 2571 725 2626 «'Deus
754 2577 878 2624 tuus
906 2567 1149 2637 requirat
1176 2583 1206 2621 a
1237 2576 1289 2622 te
1316 2585 1329 2620 :
1352 2566 1540 2637 utique
1564 2564 1747 2621 facere
1764 2564 2029 2634 judicium
2049 2573 2105 2622 et

525 2681 544 2714 c
580 2660 806 2732 diligere
834 2658 1282 2722 misericordiam,
1300 2666 1357 2712 et
1375 2656 1664 2714 sollicitum
1688 2656 1966 2711 ambulare
1980 2671 2104 2712 cum

525 2773 544 2805 ι
579 2753 692 2808 Deo
730 2762 822 2807 tuo
848 2749 1036 2824 (Hiclt.
1066 2766 1142 2817 vi,
1166 2750 1244 2821 8).
1283 2770 1302 2803 ›
1341 2748 1582 2820 Denique
1609 2747 1818 2804 Nahum
1862 2748 1937 2802 ita
1972 2763 2106 2819 prat-

519 2843 665 2898 dicat
685 2842 899 2898 dicens:
931 2860 951 2892 ι
982 2841 1123 2897 Deus
1147 2840 1429 2896 aemulator
1453 2848 1510 2895 et
1538 2838 1803 2894 ulciscens
1820 2836 2100 2902 Dominus,

525 2952 543 2984 ι
580 2933 848 2988 ulciscens
862 2932 1143 2997 Dominus,
1158 2941 1214 2985 et
1234 2931 1439 2985 habens
1454 2928 1987 2993 furorem,ulciscens
1998 2925 2104 2983 Do-

529 3043 549 3075 ι
587 3025 766 3081 minus
788 3025 840 3080 iu
865 3025 1050 3080 hostes
1071 3040 1218 3089 suos,
1246 3032 1302 3079 et
1321 3024 1563 3079 irascens
1585 3023 1699 3093 ipse
1726 3021 1967 3076 inimicis
1993 3020 2106 3077 suis

529 3136 548 3166 ι
587 3114 827 3186 (Na/tum
851 3114 982 3187 1,2).
1006 3135 1025 3167 ι
1045 3114 1241 3185 Dequo
1264 3123 1319 3170 et
1340 3112 1595 3169 Habacuc
1615 3112 1692 3167 ait
1716 3129 1729 3165 :
1758 3130 1775 3161 ι
1797 3111 1936 3169 Ecce
1961 3110 2106 3182 quod

475 3276 481 3281 _
529 3226 549 3260 ι
586 3207 896 3264 incredulus
924 3217 1028 3273 est,
1054 3222 1161 3261 non
1188 3206 1293 3260 erit
1311 3214 1459 3260 recta
1485 3206 1665 3258 anima
1687 3201 1804 3273 ejus
1833 3204 1887 3258 in
1909 3213 2106 3260 semet-

525 3314 547 3351 ι
587 3297 723 3367 ipso.
740 3295 926 3351 Justus
948 3304 1125 3350 autem
1146 3295 1199 3349 in
1219 3293 1477 3348 ﬁdelitate
1504 3307 1601 3348 sua
1621 3292 1766 3346 vivet
1784 3290 2015 3363 (Habac.
2042 3308 2102 3357 tt,

526 3406 545 3439 ι
586 3387 662 3458 4).
685 3406 705 3438 ι
727 3387 795 3440 Et
817 3385 956 3440 idem
979 3402 993 3439 :
1018 3403 1035 3435 ι
1058 3382 1151 3439 Va:
1173 3383 1265 3452 qui
1285 3391 1576 3454 congregat
1597 3382 1881 3437 avaritiam
1903 3382 2104 3437 malam

526 3498 546 3531 σ
584 3479 769 3534 domui
793 3494 939 3533 suae:
964 3486 1023 3532 ut
1050 3478 1121 3532 sit
1149 3477 1203 3531 in
1229 3478 1445 3533 excelso
1475 3478 1632 3533 nidus
1652 3477 1859 3546 ejus,et
1884 3477 2104 3533 liberari

527 3589 547 3622 σ
588 3585 647 3625 se
676 3576 833 3641 putat
858 3567 925 3623 de
945 3584 1104 3623 manu
1131 3568 1258 3623 mali
1280 3566 1469 3639 (lbid.,
1489 3585 1620 3624 vers.
1653 3568 1729 3640 9).
1770 3589 1790 3622 ι
1823 3568 1889 3623 Et
1925 3568 2057 3623 item
2085 3587 2098 3623 :

526 3683 545 3713 ε
584 3661 674 3717 Va:
703 3662 795 3732 qui
817 3660 1050 3717 aediﬁcat
1079 3659 1354 3716 civitatem
1387 3661 1440 3715 in
1476 3661 1850 3732 sanguinibus,
1874 3669 1931 3716 et
1960 3676 2103 3731 pne-

525 3771 544 3803 ‹
584 3760 739 3822 parat
784 3752 971 3806 urbem
1026 3751 1082 3806 in
1133 3751 1437 3821 iniquitate.
1492 3750 1581 3805 Vae
1628 3751 1717 3822 qui
1774 3761 1959 3822 potum
2009 3752 2103 3807 dat

525 3862 544 3892 ι
581 3841 759 3896 amico
783 3856 904 3908 suo,
931 3841 1154 3898 mittens
1183 3840 1254 3896 fel
1281 3856 1459 3908 suum,
1486 3848 1544 3897 et
1572 3841 1851 3897 inebrians
1871 3849 1931 3896 ut
1952 3843 2100 3914 aspi-

526 3951 545 3983 ι
583 3931 693 3986 eiat
738 3932 1038 3988 nuditatem
1084 3931 1221 4001 ejus.
1252 3932 1510 4003 Repletus
1553 3941 1638 3989 est
1680 3934 1973 4005 ignominia
1998 3950 2101 4006 pro

526 4042 545 4075 ι
582 4022 772 4094 gloria.
812 4024 903 4080 Vae
928 4024 1021 4094 qui
1068 4023 1202 4079 dicit
1242 4025 1387 4096 ligno
1414 4043 1427 4080 :
1454 4024 1875 4098 Expergiscere;
1917 4042 2096 4098 surge,

526 4132 545 4164 ι
583 4113 746 4184 lapidi
780 4112 1006 4184 jacenti.
1030 4112 1281 4187 Nunquid
1311 4117 1425 4187 ipse
1471 4118 1665 4173 docere
1704 4119 1939 4188 poterit?
1960 4120 2099 4176 Ecce

526 4219 546 4253 ι
585 4201 700 4272 ipse
725 4213 1015 4273 coopertus
1045 4212 1131 4260 est
1151 4220 1286 4259 auro
1326 4215 1380 4262 et
1421 4216 1662 4278 argento,
1697 4217 1753 4263 et
1786 4209 1965 4265 omnis
1989 4210 2099 4280 spi-

524 4311 544 4343 I
580 4291 719 4347 ritus
743 4307 847 4347 non
873 4304 957 4349 est
981 4295 1036 4349 in
1058 4295 1360 4352 visceribus
1383 4295 1520 4366 ejus.
1545 4298 1807 4355 Dominus
1827 4311 2007 4357 autem
2041 4301 2095 4357 in

524 4401 545 4434 ι
589 4382 786 4453 templo
812 4391 997 4439 sancto
1021 4400 1139 4452 suo,
1167 4386 1325 4441 sileat
1353 4401 1383 4441 a
1410 4386 1551 4443 facio
1592 4387 1710 4457 ejus
1735 4391 1912 4448 omnis
1950 4400 2095 4449 terra

2209 1940 2228 1975 ι
2265 1924 2504 1994 superbi,
2532 1931 2589 1979 et
2638 1940 2828 1980 omnes
2876 1933 3164 1995 operantes
3197 1925 3589 1995 iniquitatem,
3614 1925 3787 1994 stipah

2207 2031 2228 2066 ‹
2263 2022 2319 2069 et
2368 2014 2729 2071 inﬂammabit
2770 2030 2867 2071 eos
2902 2016 3020 2071 dies
3073 2015 3303 2071 veniens
3354 2016 3505 2070 dicit
3552 2016 3785 2070 nam

2210 2125 2229 2158 ι
2264 2107 2638 2174 exercituum,
2690 2124 2813 2179 qua:
2858 2123 2964 2163 non
3006 2107 3282 2178 relinquet
3326 2108 3416 2164 eis
3472 2108 3707 2163 radicula
3740 2116 3789 2162 et

2209 2219 2227 2251 ι
2264 2214 2507 2270 germen.
2537 2200 2605 2255 Et
2643 2201 2851 2255 orietur
2876 2199 3032 2257 vobis
3086 2200 3422 2256 timentibus
3472 2216 3669 2257 nomen
3700 2201 3790 2256 ιι»-

2210 2308 2229 2342 ι
2268 2289 2402 2345 mini
2425 2289 2505 2346 sol
2516 2288 2765 2359 justitiae,
2794 2298 2849 2346 et
2869 2290 3074 2345 sanitas
3097 2291 3152 2345 in
3178 2290 3388 2362 pennis
3416 2290 3567 2360 ejus,
3593 2301 3790 2361 etqu-

2208 2401 2229 2436 ‹
2265 2382 2509 2448 diemini,
2538 2391 2595 2438 et
2614 2383 2818 2439 salictis
2849 2386 2990 2440 sicut
3015 2383 3167 2438 vituli
3201 2382 3272 2439 de
3302 2394 3594 2447 armento,
3630 2382 3791 2438 βιαι-

2209 2491 2229 2525 ς
2266 2472 2460 2528 cabitis
2489 2473 2682 2543 impios
2708 2488 2832 2529 cum
2854 2473 3057 2529 fuerint
3080 2473 3220 2529 cinis
3244 2474 3354 2529 sub
3389 2474 3587 2545 planta
3612 2475 3789 2544 pedm

2211 2580 2230 2614 ι
2263 2569 2574 2617 vestrorum
2598 2562 2652 2617 in
2679 2562 2768 2618 die
2792 2578 2897 2633 qua
2920 2578 3022 2635 ego
3045 2561 3207 2625 facio,
3223 2563 3365 2618 dicit
3384 2563 3793 2619 Dominust

2211 2674 2230 2707 ι
2263 2655 2625 2711 exercituum.
2683 2654 3009 2710 Mementote
3054 2655 3193 2726 legis
3246 2654 3431 2726 Moysi
3491 2656 3639 2712 servi
3682 2658 3791 2719 Ia',

2210 2764 2232 2800 ί
2266 2747 2359 2817 qui
2386 2746 2663 2801 mandavit
2682 2746 2763 2801 eis
2784 2746 2839 2800 in
2868 2745 3083 2801 Choreb
3112 2746 3181 2800 ad
3210 2760 3444 2801 omn
3474 2746 3645 2801 Israel
3676 2761 3795 2815 pr:-

2209 2857 2231 2891 ¢
2265 2846 2421 2910 cepta
2467 2846 2525 2894 et
2555 2837 2763 2907 judicia
2793 2837 3050 2909 (Malach.
3080 2853 3156 2903 tv,
3186 2840 3211 2893 Ι
3242 2838 3410 2909 και).
3453 2859 3473 2890 ι
3506 2838 3651 2894 Hinc
3678 2850 3729 2894 et
3748 2840 3791 2894 '-

2203 2930 2513 2987 Proverbiis
2543 2929 2819 3000 Sapientia
2846 2929 2922 2984 ita
2950 2930 3110 2986 docet
3139 2929 3339 2986 dicens
3366 2944 3384 2983 :
3426 2948 3449 2981 ι
3484 2929 3588 2984 Fili
3620 2930 3711 2995 mi,
3734 2944 3793 2983 ae

2212 3039 2232 3075 ι
2266 3021 2604 3078 obliviscaris
2626 3019 2761 3092 legis
2796 3035 2951 3087 meai,
2976 3029 3033 3075 et
3075 3029 3355 3092 praecepta
3384 3035 3521 3075 mea
3546 3019 3795 3075 custodiat

2214 3134 2233 3168 ι
2266 3129 2362 3172 cor
2404 3122 2573 3170 tuum.
2617 3113 3029 3187 Longitudinem
3072 3114 3219 3170 enim
3269 3115 3505 3171 dierum
3545 3124 3603 3171 et
3642 3130 3793 3170 annos

2212 3233 2233 3266 ι
2266 3212 2414 3279 vitaz,
2438 3220 2495 3268 et
2513 3228 2703 3284 pacem
2734 3222 3006 3284 apponent
3043 3214 3161 3269 tibi.
3192 3212 3589 3271 Misericordia
3624 3225 3680 3270 et
3718 3231 3793 3271 re

2210 3323 2231 3357 ι
2265 3303 2399 3359 ritas
2422 3318 2530 3359 non
2554 3310 2606 3360 te
2633 3305 2906 3369 deserant,
2936 3312 2992 3361 et
3014 3306 3291 3362 circumda
3325 3323 3427 3362 eas
3452 3309 3665 3379 gutturi
3696 3318 3791 3369 tuo.

2210 3411 2231 3446 ι
2267 3402 2323 3450 et
2358 3394 2608 3451 describe
2643 3396 2699 3450 in
2737 3394 2934 3452 tabulis
2978 3398 3159 3454 cordis
3183 3399 3281 3465 tui,
3314 3408 3377 3453 et
3398 3400 3656 3456 invenies
3692 3417 3793 3472 gn»

2209 3507 2227 3540 ι
2263 3486 2392 3541 tiam
2417 3494 2471 3541 et
2496 3486 2837 3557 disciplinam
2876 3488 3075 3544 bonam
3112 3505 3298 3545 coram
3338 3491 3465 3546 Deo
3490 3502 3551 3547 et
3580 3493 3791 3548 homini-

2208 3597 2228 3631 ι
2263 3578 2366 3634 bus
2412 3577 2593 3650 (Prov.
2633 3581 2774 3645 tn,'t
2813 3579 2966 3653 δρψ).
3004 3600 3024 3634 ι
3057 3579 3326 3637 Similiter
3351 3592 3411 3638 et
3448 3583 3789 3640 Ecdesiastcs

2201 3667 2363 3723 docet
2389 3667 2577 3725 dicens
2608 3686 2622 3723 :
2657 3689 2677 3721 ι
2719 3668 2945 3725 Lattare’
2971 3686 3103 3741 ergo
3141 3670 3364 3740 juvenis
3392 3673 3452 3727 in
3494 3674 3789 3730 adolesca-

2207 3774 2227 3809 ‹
2264 3757 2339 3812 tia
2363 3765 2475 3825 tua,
2500 3765 2558 3813 et
2594 3759 2647 3813 in
2677 3759 2821 3815 bono
2857 3760 2925 3816 sit
2958 3775 3053 3816 cor
3082 3769 3234 3816 tuum
3283 3763 3343 3817 in
3386 3764 3595 3819 diebus
3620 3764 3792 3833 juven-

2205 3868 2226 3904 ι
2264 3851 2392 3908 tutis
2418 3860 2542 3918 tum,
2573 3861 2631 3908 et
2658 3852 2874 3909 ambula
2916 3853 2970 3909 in
2999 3854 3102 3910 viis
3140 3854 3326 3911 cordis
3348 3857 3455 3919 tui,
3482 3867 3547 3914 et
3590 3860 3647 3914 in
3692 3861 3789 3913 vir-

2206 3962 2226 3996 ‹
2267 3952 2379 4001 tute
2406 3945 2687 4002 oculorum
2730 3955 2943 4002 tuorum
2966 3988 2982 4014 ,
3019 3955 3076 4002 et
3111 3947 3250 4003 scito
3295 3951 3451 4019 quod
3496 3967 3601 4022 pro
3634 3953 3791 4008 oui-

2207 4052 2225 4087 ι
2252 4037 2352 4092 bus
2392 4036 2477 4093 bis
2507 4037 2736 4093 adducet
2766 4046 2818 4093 te
2849 4039 2901 4092 in
2926 4037 3187 4109 judicium
3212 4039 3363 4095 Deus
3384 4038 3599 4112 (Bede.
3624 4060 3697 4107 xl,
3720 4044 3785 4111 9).

2205 4144 2225 4177 ‹
2254 4125 2423 4180 Aufer
2452 4126 2592 4191 iram
2622 4128 2818 4183 malam
2850 4129 2918 4185 de
2944 4130 3109 4186 corde
3146 4140 3270 4197 tuo,
3306 4142 3368 4187 et
3410 4149 3615 4191 amove
3652 4136 3787 4189 nati-

2203 4234 2224 4270 σ
2257 4216 2387 4272 tiam
2426 4233 2456 4272 a
2496 4233 2661 4274 carne
2690 4228 2779 4275 tua
2811 4233 2827 4273 :
2869 4220 3228 4277 adolescentia
3263 4225 3421 4279 enim
3456 4236 3519 4281 et
3558 4226 3787 4297 voluptas

2203 4327 2222 4361 ‹
2252 4323 2389 4364 vana
2418 4317 2565 4364 sunt.
2595 4308 2865 4367 Memento
2885 4310 3160 4368 Creatoris
3189 4314 3268 4367 tui
3301 4315 3360 4369 in
3388 4314 3594 4371 diebus
3614 4317 3786 4385 juven-

2205 4417 2224 4452 (
2260 4400 2392 4455 tutis
2422 4409 2558 4466 tute,
2588 4411 2879 4472 antequam
2909 4405 3091 4459 veniat
3115 4413 3334 4476 tempus
3364 4406 3715 4470 atllictionis,
3736 4414 3785 4462 et

525 4494 544 4524 ε
583 4472 769 4585 (ibid:
787 4491 917 4578 vers.
937 4475 1169 4585 12-22).;
1196 4477 1332 4534 Hinc
1351 4488 1405 4585 et
1432 4479 1731 4550 Soplionias
1759 4482 1836 4537 ait
1860 4501 1872 4537 :
1904 4502 1923 4533 ι
1947 4482 2095 4585 Quae:
2129 4526 2177 4585 D
2204 4511 2223 4544 ι
2256 4493 2689 4564 apprOpinquent
2725 4490 2852 4550 anni
2883 4495 3090 4551 dierum
3121 4498 3187 4552 de
3214 4472 3419 4567 quibus
3448 4500 3608 4556 dicas
3634 4521 3647 4553 ς
3680 4500 3781 4555 So-

525 4583 543 4615 ι
581 4565 682 4620 rite
725 4564 1013 4621 Dominum
1057 4567 1224 4637 Deum
1262 4578 1499 4625 vestrum
1526 4612 1542 4637 ,
1583 4588 1775 4630 omnes
1828 4577 2095 4631 mansueti

525 4680 543 4712 ‹
583 4669 757 4726 terra),
789 4661 881 4732 qui
916 4659 1179 4730 judicium
1225 4665 1344 4735 ejus
1388 4667 1519 4722 estis
1562 4669 1773 4739 Operati
1810 4689 1823 4724 :
1868 4674 2095 4742 quaerite

527 4770 545 4802 ι
576 4749 802 4819 justum,
831 4755 1056 4823 quaarite
1090 4764 1452 4822 mansuetum,
1479 4757 1525 4813 si
1561 4759 1777 4829 quando
1801 4760 2095 4817 absconda-

525 4862 545 4893 ι
586 4843 717 4898 mini
745 4845 800 4899 in
824 4845 911 4901 die
932 4844 1134 4902 furoris
1162 4847 1375 4903 Domini
1403 4848 1587 4921 (Soph.
1621 4866 1682 4916 ιι,
1708 4851 1783 4921 5).
1820 4872 1839 4904 ι
1871 4851 2006 4907 Nam
2038 4862 2095 4910 et

517 4935 745 5005 Aggaeus
790 4936 862 4992 ita
905 4937 1016 4993 ait:
1053 4957 1072 4990 ι
1108 4937 1235 4995 Haec
1264 4941 1393 4995 dicit
1419 4942 1680 4999 Dominus
1716 4943 1858 5000 Deus
1888 4946 2092 5001 exerci-

523 5048 541 5077 ι
580 5034 729 5081 tuum
762 5045 776 5082 :
827 5027 1014 5084 Ponite
1063 5031 1226 5086 corda
1275 5040 1456 5087 vestra
1500 5048 1664 5104 super
1697 5034 1814 5089 vias
1840 5043 2088 5091 vestras:

520 5134 539 5168 ‹
573 5116 848 5173 ascendite
882 5119 934 5173 in
981 5129 1241 5186 montem,
1262 5131 1472 5192 portate
1501 5123 1721 5196 lignum,
1748 5133 1804 5180 et
1828 5126 2093 5183 aedificato

519 5227 539 5258 ι
576 5206 815 5275 domum,
843 5217 901 5265 et
943 5213 1287 5283 acceptabilis
1327 5216 1459 5271 mihi
1498 5216 1622 5282 erit,
1648 5224 1702 5272 et
1726 5217 2086 5288 gloriﬁcabor,

519 5320 539 5353 ς
575 5302 705 5359 dicit
737 5304 1014 5360 Dominus.
1056 5306 1390 5377 Respexistis
1425 5310 1494 5364 ad
1545 5310 1810 5381 amplius,
1858 5320 1914 5367 et
1961 5328 2089 5369 ecce

519 5412 540 5445 ι
578 5392 781 5450 factum
811 5404 894 5450 est
928 5395 1124 5461 minus,
1149 5406 1203 5452 et
1234 5399 1490 5465 intulistis
1533 5400 1584 5454 in
1620 5401 1937 5469 domum,et
1973 5402 2086 5458 suf-

517 5502 541 5535 ‹
576 5481 700 5539 flavi
745 5485 801 5538 in
852 5484 1002 5540 illud.
1038 5483 1209 5552 Quam
1255 5489 1326 5544 ob
1376 5505 1600 5544 causam
1645 5490 1778 5547 dicit
1828 5491 2085 5548 Dominus

519 5592 540 5627 ε
578 5574 720 5631 Deus
738 5577 1116 5633 exercituum?
1140 5579 1274 5646 Quia
1296 5582 1488 5637 domus
1515 5597 1633 5637 mea
1660 5583 1869 5639 deserta
1895 5594 1999 5651 est,
2028 5594 2085 5641 et

519 5686 539 5718 σ
576 5665 876 5725 festinastis
896 5686 993 5726 vos
1020 5673 1387 5743 unusquisque
1423 5674 1478 5729 in
1511 5676 1726 5731 domum
1751 5692 1904 5732 suam
1927 5677 2076 5750 (Agg.

518 5774 537 5808 ι
574 5772 613 5824 ι,
636 5758 669 5812 ἴ
695 5760 848 5829 seq.).
887 5778 906 5814 ι
954 5760 1057 5817 Per
1092 5763 1409 5820 Zachariam
1436 5781 1650 5836 quoque
1688 5768 1944 5824 Dominus
1964 5770 2074 5824 ait:

2203 4602 2222 4635 ε
2255 4583 2388 4639 mihi
2427 4583 2647 4653 placent
2677 4603 2690 4639 :
2722 4593 3011 4656 antequam
3054 4589 3442 4645 tenebrescant
3472 4592 3563 4648 sol
3592 4604 3649 4647 et
3672 4592 3783 4646 Ima

2201 4692 2220 4725 ‹
2253 4681 2308 4728 et
2332 4672 2518 4738 stella,
2544 4682 2601 4729 et
2621 4684 2965 4731 revertantur
2983 4677 3153 4734 nubes
3172 4688 3295 4749 post
3316 4681 3569 4750 pluviam
3594 4683 3779 4753 (ει-εει.

2200 4781 2219 4815 ‹
2254 4778 2364 4828 ιιι,
2394 4770 2416 4818 t
2445 4781 2553 4835 seq.
2580 4765 2622 4836 ).
2653 4784 2673 4815 ι
2703 4765 2839 4822 Hinc
2866 4775 2924 4822 et
2949 4767 3088 4824 liber
3111 4771 3205 4840 qui
3237 4771 3445 4827 dicitur

2194 4854 2273 4910 sic
2299 4856 2520 4912 inchoat
2546 4875 2559 4912 :
2589 4878 2607 4910 ί
2636 4858 2850 4930 Diligite
2869 4859 3137 4928 justitiam
3158 4865 3251 4934 qui
3268 4864 3541 4933 iudicatis
3564 4878 3771 4925 terras.

2202 4962 2221 4995 ‹
2254 4943 2464 5001 Sentite
2492 4948 2559 5003 de
2590 4948 2817 5005 Domino
2846 4951 2900 5005 in
2926 4951 3200 5021 bonitate,
3244 4965 3301 5011 et
3334 4958 3393 5012 in
3436 4960 3777 5031 simplicitate

2199 5051 2220 5085 ι
2250 5035 2432 5090 cordis
2456 5039 2679 5106 quaerite
2703 5039 2851 5094 illum
2871 5081 2886 5106 ,
2907 5043 3163 5111 quoniam
3190 5044 3475 5102 invenitur
3500 5051 3577 5106 ab
3604 5052 3672 5106 iis
3692 5050 3775 5119 qi

2198 5144 2218 5177 ‹
2249 5140 2354 5181 non
2385 5135 2593 5183 tentant
2617 5129 2767 5185 illum
2786 5172 2803 5197 ,
2830 5141 3053 5203 apparet
3076 5145 3257 5191 autem
3277 5138 3361 5192 eis
3380 5140 3479 5209 qui
3506 5140 3671 5197 fidem
3688 5144 3769 5197 h-

2199 5236 2217 5269 c
2248 5216 2375 5274 bent
2400 5218 2454 5273 in
2483 5219 2649 5275 illum.
2677 5221 2952 5279 Perversaa
2977 5225 3119 5280 enim
3142 5229 3503 5300 cogitationes
3528 5244 3765 5303 separat

2197 5326 2216 5360 ι
2247 5324 2278 5363 a
2308 5310 2419 5365 Deo
2439 5351 2455 5377 ,
2486 5311 2710 5380 probata
2738 5324 2919 5369 autem
2950 5317 3124 5373 virtus
3151 5322 3378 5392 corripit

2197 5421 2216 5454 ι
2251 5403 2505 5472 quoniam
2548 5404 2604 5459 in
2643 5405 2960 5463 malevolam
2982 5409 3234 5464 animam
3264 5427 3373 5467 non
3407 5414 3661 5472 introibit
3686 5432 3767 5472 sa-

2197 5514 2216 5548 ‹
2246 5496 2468 5565 pientia,
2492 5512 2593 5552 nec
2611 5497 2936 5556 inhabitabit
2955 5501 3009 5557 in
3029 5518 3253 5573 corpore
3268 5505 3487 5563 subdito
3506 5514 3755 5579 peccatis.

2196 5606 2214 5637 σ
2248 5586 2479 5643 Sanctus
2506 5589 2649 5643 enim
2678 5592 2899 5660 spiritus
2937 5593 3233 5665 disciplinae
3272 5596 3499 5671 effugiet
3548 5602 3751 5665 ﬁctam.

2192 5697 2211 5730 ι
2245 5686 2301 5735 et
2329 5677 2508 5734 aufert
2531 5694 2590 5735 se
2614 5697 2644 5735 a
2670 5683 3083 5754 cogitationibus
3110 5704 3229 5759 qua:
3252 5700 3385 5745 sunt
3412 5692 3537 5748 sine
3562 5696 3753 5750 intole-

2191 5791 2208 5823 ι
2242 5777 2353 5838 ctu,
2382 5770 2781 5842 etcorripietur
2800 5777 3208 5845 supcrveniente
3230 5778 3521 5851 iniquitate
3548 5782 3693 5853 (8η.
3714 5800 3747 5847 ι,
