3938 6334
155 344 276 407 1337

1565 334 1944 392 ΕΡῘΞΤΟΙΑΕ.

3231 338 3366 395 1558

157 484 173 514 ο
206 464 338 531 lseq.
357 457 396 528 ).
427 476 445 510 ι
473 454 542 510 Εἰ
565 455 762 510 iterum
792 472 803 506 :
839 473 855 505 ι
884 452 1162 508 Custoditc
1198 463 1328 520 ergo
1354 463 1448 504 vos
1480 465 1510 503 a
1540 464 1692 503 mur-
1721 455 1771 513 Α
1803 469 1820 500 ι
1853 448 1979 518 quia
2008 446 2153 502 mitis
2179 461 2298 502 sum
2326 455 2380 501 et
2406 445 2625 503 humilis
2652 449 2850 514 corde;
2883 459 2935 503 ct
2962 449 3243 507 invenietis
3279 469 3368 508 rc-

155 574 171 603 ι
203 549 510 612 moratione,
561 557 681 617 qua:
723 545 860 600 nihil
903 543 1158 614 prodest,
1190 551 1245 595 et
1287 556 1317 594 a
1363 539 1698 594 detractione

153 665 169 694 ι
202 641 380 713 parcite
407 639 602 708 linguae
631 656 643 690 :
692 637 948 707 quoniam
975 648 1292 704 responsum
1319 633 1610 688 obscurum
1641 632 1697 684 in

153 754 168 784 ι
200 746 402 788 vacuum
432 744 537 783 non
569 728 702 793 ibit;
733 743 796 781 os
824 735 1005 780 autem
1033 723 1178 794 quod
1209 723 1468 777 mentitur
1497 721 1699 777 occidit

153 841 169 869 ι
205 822 435 876 animam.
466 817 642 872 Nolite
667 817 844 871 zelare
886 823 1112 870 mortem
1143 814 1198 869 in.
1241 828 1426 868 errore
1455 814 1578 866 vita:
1605 827 1696 866 ve-

151 935 167 965 ι
203 923 346 978 stne,
394 925 570 980 neque
615 909 908 979 acquiratis
957 907 1315 978 perditionem
1364 905 1416 958 in
1447 904 1700 973 operibus

149 1023 166 1053 ι
205 1017 434 1058 manuum
481 1009 818 1064 vestrarum,
851 998 1105 1068 quoniam
1151 997 1548 1062 Deus‘mortem
1592 1008 1699 1047 non

150 1111 166 1142 ι
203 1091 347 1157 fecit,
377 1105 476 1145 nec
505 1089 799 1144 delectatur
828 1089 880 1142 in
913 1088 1214 1158 perditione
1244 1086 1510 1139 vivorum.
1538 1085 1700 1138 Crea-

148 1203 166 1232 ‹
202 1183 270 1236 vit
291 1181 426 1236 enim
456 1188 515 1234 ut
541 1188 726 1234 essent
754 1178 931 1234 omnia
953 1218 966 1241 ,
997 1187 1053 1231 et
1079 1175 1348 1231 sanabiles
1375 1175 1502 1230 facit
1529 1175 1702 1228 natio-

148 1294 166 1323 ε
201 1289 288 1329 nes
320 1272 464 1328 orbis
508 1281 804 1335 terrarum,
848 1278 902 1325 et
940 1283 1046 1324 non
1084 1268 1261 1351 est‘in
1305 1267 1410 1321 illis
1439 1266 1701 1336 przedica-

150 1384 167 1414 ι
210 1371 434 1432 mentum
483 1362 828 1426 eaterminii,
883 1375 983 1415 nec
1027 1357 1322 1414 inferorum
1373 1372 1597 1428 regnum
1647 1356 1703 1410 in

146 1476 166 1507 σ
205 1464 333 1512 terra
383 1453 533 1528 (δαν.
592 1469 630 1519 ι,
667 1455 727 1508 11
785 1453 936 1522 seq.).
983 1473 1001 1504 ι
1040 1451 1304 1505 Similiter
1353 1461 1409 1505 et
1459 1451 1512 1504 in
1566 1449 1705 1504 libro

141 1549 268 1604 Jesu
306 1547 394 1602 ﬁlii
433 1547 649 1612 Sirach,
677 1546 952 1616 Sapientia
994 1546 1149 1600 docet
1189 1544 1314 1613 quid
1343 1543 1622 1598 vitandum
1652 1549 1708 1596 et

146 1640 268 1710 quid
295 1637 588 1693 faciendum
639 1638 748 1691 sit:
800 1656 817 1688 ι
865 1635 966 1702 Qui
1013 1635 1240 1698 timetis,
1281 1634 1489 1702 inquit,
1527 1633 1707 1686 Domi-

152 1753 170 1782 ι
205 1747 348 1797 num,
379 1731 581 1786 credite
620 1729 720 1793 illi,
748 1738 802 1783 et
846 1729 898 1782 in
940 1726 1298 1782 oblectatione
1337 1725 1520 1779 veniet
1555 1724 1707 1778 vobis

1805 557 1822 588 ι
1857 538 2034 606 quiem
2064 537 2344 591 animabus
2367 537 2582 592 vestris.
2611 535 2803 608 Jugum
2829 540 2974 592 enim
2999 556 3176 595 meum
3204 559 3371 599 suave

1804 653 1822 684 ‹
1855 641 1969 697 est,
1998 640 2052 686 et
2077 646 2215 686 onus
2257 645 2434 684 meum
2473 631 2588 684 leve
2619 639 2702 684 est
2736 630 2753 701 (
2779 631 2966 684 Matth.
2992 649 3078 697 χι,
3107 634 3176 689 28
3196 675 3210 698 ,
3239 635 3308 688 50
3330 635 3372 706 ).

1805 743 1821 774 ι
1856 723 2023 778 Filius
2044 723 2186 777 enim
2226 721 2462 777 hominis
2486 730 2746 776 venturus
2782 730 2863 776 est
2902 722 2953 775 in
2995 724 3161 792 gloria
3197 723 3378 780 Patris

1807 833 1824 865 ‹
1862 815 1946 869 sui
1972 829 2093 868 cum
2121 813 2330 883 angelis
2358 813 2471 867 suis
2491 853 2506 876 ,
2534 821 2588 866 et
2617 820 2742 865 tunc
2773 812 2958 865 reddet
2981 814 3270 882 unicuique
3295 829 3378 868 se-

1805 927 1822 958 ‹
1855 905 2088 960 cundum
2115 920 2276 974 opera
2306 902 2442 972 ejus.
2477 903 2551 956 De
2579 903 2664 956 die
2691 910 2868 956 autem
2899 901 2985 956 illa
3011 901 3092 956 vel
3119 902 3253 957 hora
3282 917 3376 958 ne-

1807 1017 1825 1049 σ
1861 1013 1947 1051 mo
1985 997 2086 1050 srit
2107 1037 2121 1061 ,
2161 1011 2335 1066 neque
2375 995 2549 1064 angeli
2577 995 2629 1048 in
2655 995 2790 1050 coelo
2809 1035 2822 1058 ,
2849 1010 3022 1064 neque
3047 994 3243 1060 Filius,
3274 996 3376 1050 nisi

1807 1110 1824 1141 ι
1857 1089 2038 1142 Pater.
2083 1087 2303 1152 Videte,
2352 1087 2603 1156 vigilate,
2649 1093 2704 1138 et
2748 1095 2916 1139 orate.
2963 1086 3193 1141 Nescitis
3234 1087 3379 1140 enim

1808 1206 1826 1237 ι
1861 1185 2077 1255 quando
2105 1193 2313 1252 tempus
2340 1183 2429 1236 sit.
2461 1180 2614 1234 Sicut
2641 1181 2804 1233 homo
2830 1180 2920 1249 qui
2949 1194 3171 1250 peregre
3193 1179 3380 1248 profe-

1809 1295 1826 1326 ‹
1864 1285 1983 1330 ctus
2022 1273 2238 1343 reliquit
2275 1272 2491 1326 domum
2538 1285 2690 1324 suam
2715 1312 2728 1335 ,
2771 1277 2822 1324 et
2867 1271 3011 1324 dedit
3053 1271 3222 1324 servis
3265 1272 3380 1324 suis

1811 1387 1829 1416 ι
1859 1374 2180 1437 potestatem
2227 1363 2482 1432 cujusque
2535 1363 2748 1433 operis,
2777 1370 2832 1416 et
2863 1362 3086 1431 jauilori
3125 1362 3383 1432 praecepit

1812 1481 1830 1513 ι
1862 1469 1923 1515 ut
1948 1459 2212 1530 vigilaret.
2245 1458 2474 1528 Vigilate
2513 1473 2678 1527 ergo:
2725 1457 2946 1510 nescitis
2973 1458 3187 1525 quando
3213 1457 3385 1511 domi-

1813 1570 1831 1604 σ
1864 1567 1966 1605 nus
1993 1551 2183 1605 domus
2209 1549 2424 1615 veniet,
2454 1564 2576 1603 sero
2605 1565 2671 1602 an
2713 1549 2888 1603 media
2925 1558 3114 1614 nocte,
3155 1565 3222 1603 an
3259 1547 3384 1620 galli

1813 1663 1832 1696 ι
1863 1654 2054 1707 cantu,
2085 1657 2151 1696 an
2183 1657 2368 1705 mane,
2401 1656 2465 1695 ne
2487 1656 2609 1694 cum
2633 1641 2843 1694 venerit
2883 1648 3105 1708 repente
3143 1639 3386 1694 inveniat

1815 1753 1833 1786 ‹
1865 1749 1963 1788 vos
1986 1733 2332 1787 dormientes.
2377 1730 2528 1797 Quod
2569 1738 2749 1784 autem
2783 1729 2933 1784 vobis
2961 1730 3111 1796 dico,
3140 1731 3388 1785 omnibus

152 1844 169 1873 ‹
201 1823 572 1878 misericordia.
602 1821 702 1888 Qui
735 1820 934 1874 timetis
961 1819 1268 1882 Dominum,
1294 1817 1500 1888 diligite
1525 1815 1698 1881 illum,

1825 1844 1828 1875 :
1866 1825 2004 1890 dico,
2029 1822 2242 1893 vigilate
2264 1821 2492 1894 (Matth.
2519 1821 2700 1891 xxrv).
2739 1841 2756 1873 ι
2807 1821 2943 1876 Hinc
2967 1831 3020 1877 et
3039 1821 3238 1877 Paulus
3259 1837 3386 1892 apo-

153 1933 172 1964 «
201 1924 251 1970 et
293 1914 734 1968 illuminabuntur
773 1912 938 1967 corda
975 1919 1174 1965 vestra.
1223 1909 1531 1978 Respicite,
1575 1908 1704 1972 filii,

153 2024 169 2055 ι
208 2004 437 2058 nationes
465 2003 740 2057 hominum
761 2042 775 2066 ,
803 2010 859 2055 et
887 2000 1078 2054 scitote
1107 2000 1229 2068 quia
1259 1998 1438 2053 nullus
1475 1997 1708 2066 speravit

151 2115 169 2146 ‹
199 2096 249 2150 in
277 2094 517 2159 Domino,
549 2102 603 2147 et
633 2092 891 2147 confusus
919 2100 1022 2146 est.
1065 2091 1198 2157 Quis
1227 2091 1370 2144 enim
1413 2089 1711 2158 permansit

150 2206 169 2237 ε
202 2187 250 2240 in
275 2185 533 2240 mandatis
549 2185 666 2254 ejus
689 2192 744 2238 et
769 2183 1058 2237 derelictus
1087 2189 1189 2246 est,
1224 2189 1315 2234 aut
1342 2181 1465 2250 quis
1496 2180 1711 2234 invoca~

151 2296 170 2326 ο
205 2277 278 2329 vit
316 2275 460 2328 illum
479 2315 494 2339 ,
524 2282 578 2327 et
619 2272 865 2342 despexit
893 2271 1059 2326 eum?
1087 2269 1352 2336 Quoniam
1381 2269 1504 2338 pius
1529 2276 1585 2322 et
1612 2266 1711 2320 mi-

149 2385 166 2416 ι
200 2365 418 2419 sericors
449 2373 532 2418 est
561 2363 730 2428 Deus,
763 2373 817 2417 et
847 2362 1089 2416 remittet
1115 2361 1167 2414 in
1203 2368 1442 2428 tempore
1487 2357 1712 2413 tribula-

149 2473 167 2505 ι
207 2455 356 2509 tionis
403 2462 619 2523 peccata
643 2493 657 2518 ,
703 2461 758 2506 et
799 2460 1075 2521 protector
1114 2459 1196 2504 est
1238 2449 1487 2504 omnibus
1527 2447 1714 2518 exqui-

149 2562 167 2594 ‹
200 2543 432 2597 rentibus
457 2559 516 2598 se
545 2543 600 2596 in
629 2541 879 2596 veritate.
913 2539 1005 2593 Va:
1035 2539 1233 2609 duplici
1265 2538 1426 2592 corde
1467 2545 1521 2591 et
1555 2536 1713 2592 labiis

149 2651 168 2682 ι
201 2632 499 2698 sceleratis,
530 2643 585 2688 et
611 2633 861 2688 manibus
889 2634 1028 2688 male
1057 2632 1378 2687 facientibus
1399 2672 1414 2697 ,
1446 2640 1500 2686 et
1524 2645 1714 2701 pecca-

149 2744 167 2776 c
205 2726 302 2780 tori
333 2735 529 2781 terram
559 2727 878 2795 ingredienti
913 2727 1118 2781 duabus
1161 2727 1283 2779 viis.
1319 2725 1410 2779 Vm
1439 2724 1717 2779 dissolutis

149 2835 167 2866 ι
202 2818 376 2880 corde,
411 2818 499 2886 qui
529 2834 633 2872 non
661 2819 888 2872 credunt
913 2821 1044 2881 Deo,
1074 2827 1128 2872 et
1151 2819 1271 2872 ideo
1297 2833 1400 2872 non
1427 2825 1717 2886 protegun-

151 2927 170 2958 α
203 2919 288 2964 tur
315 2910 381 2963 ab
408 2925 491 2964 eo.
528 2909 618 2963 Vae
650 2911 734 2964 his
775 2912 865 2979 qui
898 2909 1252 2981 perdiderunt
1303 2909 1678 2965 sustinentiam
1700 2947 1714 2974 ,

148 3019 167 3050 ι
205 3009 258 3054 et
296 3001 385 3070 qui
425 3001 830 3071 dereliquerunt
869 3001 983 3055 vias
1023 3008 1236 3064 rectas,
1287 3008 1342 3054 et
1385 2999 1719 3053 diverterunt

148 3109 166 3140 ι
203 3091 255 3144 in
285 3091 394 3144 vias
423 3106 646 3160 pravas,
677 3101 731 3147 et
761 3092 888 3162 quid
919 3091 1126 3146 facietis
1155 3107 1276 3146 cum
1308 3091 1575 3160 inspicere
1603 3102 1715 3142 οω-

1803 1915 1973 1970 stolus
1993 1915 2058 1969 ad
2080 1911 2352 1968 Romanos
2379 1913 2623 1967 scribens
2644 1913 2722 1966 ait
2743 1927 2757 1965 :
2778 1931 2796 1963 ‹
2821 1912 3107 1966 Revelatur
3133 1914 3276 1967 enim
3306 1913 3387 1966 ira

1812 2023 1830 2056 ‹
1865 2004 1960 2057 Dei
1976 2004 2040 2058 de
2057 2003 2945 2072 cmlosuperomnemimpietatem
2973 2011 3026 2058 et
3055 2002 3376 2071 injustitiam

1813 2114 1830 2147 ι
1866 2095 2406 2159 hominum‘eorum,
2431 2093 2522 2164 qui
2566 2093 2850 2148 veritatem
2891 2093 2983 2148 Dei
3032 2095 3084 2148 in
3126 2094 3388 2162 injustitia

1815 2203 1832 2235 ‹
1867 2185 2129 2240 detinent.
2157 2183 2253 2238 l-Iis
2275 2193 2453 2238 autem
2479 2184 2570 2253 qui
2599 2192 2724 2238 sunt
2747 2199 2814 2238 ex
2835 2185 3197 2243 contentione.
3217 2195 3272 2239 et
3295 2184 3388 2254 qui

1815 2295 1834 2327 ‹
1869 2292 1978 2330 non
2005 2276 2355 2344 acquiescant
2377 2275 2612 2340 veritati,
2639 2275 2858 2330 credunt
2885 2285 3065 2329 autem
3095 2275 3388 2345 iniquitati,

1816 2387 1833 2419 ι
1866 2368 1943 2422 ira
1971 2375 2026 2420 et
2053 2366 2380 2437 indignatio,
2410 2365 2688 2420 tribulatio
2723 2373 2778 2418 et
2812 2366 3057 2436 angustia
3091 2367 3142 2419 in
3170 2381 3389 2420 omnem

1816 2477 1832 2508 ι
1869 2457 2104 2510 animam
2131 2456 2366 2510 hominis
2393 2455 2670 2525 operantis
2695 2455 2895 2508 malum
2915 2496 2930 2520 ,
2959 2454 3128 2510 Judaei
3155 2456 3389 2525 primum

1817 2565 1834 2597 ι
1867 2553 1921 2600 et
1945 2544 2116 2600 (ἐπ’ωεί
2143 2563 2156 2599 :
2196 2545 2370 2616 gloria
2407 2555 2586 2599 autem
2623 2553 2677 2598 et
2710 2545 2882 2599 virtus
2905 2553 2960 2599 et
2994 2545 3185 2608 honor,
3209 2554 3264 2599 et
3288 2559 3392 2614 pax

1819 2654 1836 2684 ι
1870 2634 2014 2688 omni
2049 2634 2296 2702 operanti
2335 2634 2566 2698 bonum,
2605 2631 2790 2687 Judan
2834 2635 3064 2702 primum
3105 2642 3159 2687 et
3183 2632 3390 2687 Grieco.

1820 2743 1836 2775 ‹
1870 2723 1986 2778 Non
2031 2732 2114 2778 est
2154 2723 2297 2778 enim
2341 2738 2694 2792 personarum
2733 2723 2976 2792 acceptio
3017 2724 3156 2792 apud
3199 2724 3389 2780 Deum.

1822 2835 1840 2864 ι
1871 2815 2187 2885 Quicunque
2225 2815 2370 2870 enim
2403 2816 2518 2870 sine
2553 2816 2672 2884 lege
2709 2826 3100 2886 peccaverunt,
3130 2817 3247 2871 sine
3275 2817 3394 2886 lege

1823 2924 1840 2956 ι
1874 2905 2123 2975 peribunt
2151 2922 2165 2957 :
2207 2913 2261 2958 et
2293 2906 2601 2975 quicunque
2637 2907 2689 2960 in
2730 2907 2846 2978 lege
2872 2915 3266 2976 peccaverunt,
3299 2923 3398 2976 per

1825 3017 1842 3049 ‹
1875 2997 2044 3065 legem
2066 2996 2470 3066 judicabuntur.
2503 2997 2618 3052 Non
2646 3000 2787 3053 enim
2815 3000 3088 3054 auditores
3113 2999 3244 3070 legis
3263 2999 3395 3068 justi

1826 3107 1844 3138 ‹
1878 3100 2004 3142 sunt
2029 3087 2166 3156 apud
2192 3087 2358 3140 Deum
2377 3127 2390 3152 ,
2417 3087 2510 3141 sed
2537 3087 2771 3143 factores
2799 3089 2932 3159 legis
2953 3088 3398 3159 justiﬁcabuntur

147 3199 165 3230 ι
201 3181 337 3250 perit
377 3181 676 3236 Dominus?
705 3181 806 3248 Qui
842 3183 1030 3237 timent
1071 3183 1382 3245 Dominum,
1415 3195 1519 3235 non
1560 3185 1721 3233 erunt
1748 3164 1791 3225 C
1829 3198 1846 3230 ι
1881 3177 2079 3249 (Rom.
2109 3193 2158 3242 ι,
2188 3178 2253 3231 18
2277 3177 2442 3248 seq.).
2486 3176 2601 3232 Non
2629 3194 2758 3248 ergo
2803 3187 2990 3250 regnet
3031 3189 3308 3249 peccatum
3337 3180 3391 3233 in

146 3289 166 3321 ‹
204 3271 545 3327 incredibiles
587 3274 754 3327 verbo
799 3273 976 3337 illius,
1022 3283 1076 3327 et
1119 3272 1208 3341 qui
1257 3272 1486 3341 diligunt
1529 3268 1677 3323 illum
1703 3308 1718 3332 ,

143 3381 166 3414 ι
201 3363 602 3418 conservabunt
646 3365 787 3418 viam
837 3365 1001 3418 illius.
1052 3364 1153 3431 Qui
1199 3365 1390 3418 timent
1436 3361 1720 3415 Dominum

143 3473 164 3504 ‹
200 3454 476 3523 inquirent
505 3471 623 3522 quae
651 3455 983 3524 beneplacita
1010 3465 1135 3510 sunt
1161 3455 1268 3520 illi,
1301 3463 1352 3509 et
1378 3453 1468 3524 qui
1497 3452 1722 3522 diligunt

142 3563 161 3594 ι
201 3541 351 3596 illum
379 3544 726 3612 replebuntur
746 3545 860 3615 lege
883 3547 1068 3616 ipsius.
1097 3547 1198 3612 Qui
1221 3547 1412 3609 timent
1436 3545 1722 3599 hominum

139 3653 160 3683 ‹
197 3633 583 3702 praeparabunt
606 3635 772 3688 corda
800 3650 924 3698 sua,
955 3642 1011 3688 et
1040 3635 1094 3688 in
1123 3642 1410 3704 conspectu
1440 3634 1580 3687 illius
1606 3649 1724 3688 san-

140 3746 159 3776 ‹
200 3724 520 3780 ctiiicabunt
544 3725 754 3780 animas
789 3741 932 3780 suas.
963 3726 1063 3793 Qui
1091 3727 1282 3780 timent
1307 3725 1592 3778 Dominum
1629 3739 1725 3777 cu-

141 3835 162 3867 ι
201 3817 448 3870 stodiunt
472 3817 722 3872 mandata
741 3817 902 3883 illius,
926 3827 980 3871 et
1002 3817 1319 3886 patientiam
1341 3818 1539 3871 habent
1558 3829 1725 3883 usque

138 3930 159 3960 ι
195 3908 266 3962 ad
299 3910 690 3978 iuspectionem
722 3911 864 3963 illius
908 3909 1118 3981 (Eccli.
1161 3925 1233 3973 ll,
1262 3909 1295 3961 8
1322 3925 1427 3978 seq.
1456 3907 1497 3979 ).
1537 3927 1554 3958 ι
1600 3906 1726 3960 Haec

129 4018 274 4070 ergo
303 4005 486 4057 omnia
519 4003 755 4072 regulam
783 4019 926 4058 sana:
952 4002 1074 4057 ﬁdei
1102 4003 1324 4064 docent,
1355 4008 1448 4054 aut
1477 4006 1727 4068 peccato—

129 4091 297 4146 ribus
321 4107 421 4161 pro
442 4092 598 4146 malis
619 4095 872 4162 operibus
894 4107 1084 4162 pcenas
1103 4093 1401 4162 prtedicunt
1417 4132 1431 4156 ,
1455 4101 1549 4144 aut
1565 4087 1728 4156 justis

128 4196 242 4250 pro
295 4181 600 4236 benefactis
628 4183 847 4251 praemia
877 4185 1160 4251 spondent.
1189 4181 1255 4234 Et
1285 4181 1552 4250 quomodo
1577 4180 1727 4250 quis-

127 4287 249 4343 que
277 4275 561 4343 prmsumit
589 4275 798 4336 dicere,
830 4290 934 4327 non
969 4274 1146 4343 justos
1173 4273 1316 4327 bona
1353 4271 1546 4325 merita
1573 4271 1726 4341 adju-

123 4380 300 4429 vare,
326 4380 502 4434 neque
531 4367 743 4436 iniquos
768 4374 988 4434 peccata
1017 4366 1232 4429 ltedere,
1257 4366 1349 4420 sed
1376 4380 1730 4434 unumquem-

124 4467 249 4522 que
298 4453 790 4524 prtedestinatiouis
832 4457 1162 4511 necessitate
1209 4463 1303 4509 aut
1352 4456 1602 4510 coronari
1638 4462 1731 4509 aut

121 4546 374 4616 puniri?
402 4545 692 4603 Videamus
731 4564 858 4619 ergo
898 4549 1025 4618 quid
1065 4548 1130 4602 de
1173 4549 1275 4603 hoc
1304 4547 1508 4603 Novum
1538 4547 1728 4602 Testa-

121 4643 398 4689 mentum
441 4637 596 4692 nobis
637 4639 893 4694 insinuet.
940 4639 1080 4694 Dicit
1122 4640 1266 4694 enim
1293 4641 1410 4708 ipsa
1439 4639 1650 4694 Veritas
1677 4639 1732 4691 in

1827 3287 1844 3320 ι
1879 3277 2060 3322 vestro
2100 3267 2313 3322 mortali
2347 3282 2572 3336 corpore
2610 3269 2676 3322 ad
2713 3269 3071 3323 obediendum
3117 3268 3402 3323 desideriis

1827 3383 1846 3416 ‹
1880 3363 1994 3432 ejus
2039 3381 2050 3415 :
2083 3361 2176 3416 sed
2203 3375 2377 3429 neque
2406 3361 2708 3414 exhibeatis
2736 3361 2977 3414 membra
3023 3369 3200 3415 vestra
3247 3375 3400 3413 arma

1828 3473 1845 3503 (
1880 3452 2180 3520 iniquitatis
2214 3458 2456 3521 peccato,
2487 3450 2578 3504 sed
2603 3449 2852 3504 exhibete
2879 3465 2975 3504 vos
3001 3451 3111 3505 Deo
3141 3461 3397 3520 tanquam

1813 3562 1846 3594 ,ι
1880 3558 1948 3597 ex
1975 3541 2204 3595 mortuis
2227 3542 2490 3603 viventes,
2517 3549 2570 3594 et
2601 3541 2843 3594 membra
2867 3550 3044 3596 vestra
3071 3557 3222 3595 arma
3246 3541 3404 3612 justi-

1831 3653 1849 3686 ί
1885 3635 1970 3688 tiae
1995 3633 2125 3686 Deo.
2151 3632 2439 3686 Peccatum
2463 3632 2604 3686 enim
2631 3633 2682 3685 in
2709 3632 2861 3687 vobis
2885 3649 2989 3688 non
3013 3635 3399 3688 dominabitur.

1831 3745 1849 3776 ‹
1883 3724 1998 3778 Νοη
2026 3723 2168 3777 enim
2195 3723 2294 3776 sub
2323 3722 2440 3791 lege
2463 3722 2595 3775 estis
2613 3761 2627 3784 ,
2657 3722 2750 3776 sed
2777 3722 2877 3776 sub
2905 3724 3077 3793 gratia
3104 3723 3121 3794 (
3148 3723 3299 3777 Rom.
3326 3739 3404 3786 vi,

1833 3837 1850 3868 ι
1889 3817 1952 3870 la
1976 3833 2080 3886 seq.
2107 3818 2146 3885 ).
2180 3834 2198 3867 ι
2231 3815 2369 3869 Hinc
2410 3824 2464 3869 et
2497 3813 2730 3870 Jacobus
2766 3815 2879 3868 ait:
2913 3835 2931 3866 ι
2962 3817 3150 3870 Estote
3175 3815 3406 3870 factores

1834 3927 1852 3959 ‹
1890 3910 2038 3964 verbi
2069 3917 2122 3963 et
2147 3924 2250 3962 non
2291 3908 2562 3962 auditores
2587 3915 2811 3972 tantum,
2839 3907 3081 3964 fallentes
3103 3925 3199 3964 vos
3221 3910 3407 3979 metip-

1835 4016 1853 4048 ι
1888 4014 1976 4054 sas
2006 3999 2164 4066 (Jac.
2193 4014 2243 4062 ι,
2269 3997 2400 4067 9.2).
2434 4017 2452 4046 ι
2491 3997 2556 4051 Ει
2584 3998 2710 4052 item
2738 4015 2750 4050 :
2786 4018 2804 4048 ‹
2833 3999 2969 4064 Quid
3009 4002 3258 4070 prodest,
3306 4000 3412 4054 fra-

1836 4110 1852 4141 ι
1889 4100 1998 4146 tres
2025 4091 2157 4157 mei,
2185 4091 2228 4145 si
2259 4091 2418 4145 fidem
2447 4091 2569 4160 quis
2596 4091 2740 4146 dicat
2768 4106 2824 4145 se
2853 4091 3080 4157 habere,
3121 4109 3283 4164 opera
3319 4109 3411 4147 au-

1837 4203 1854 4234 ι
1890 4192 1998 4238 tem
2042 4198 2147 4236 non
2194 4181 2438 4236 habeat?
2477 4180 2732 4250 Nunquid
2779 4184 2976 4250 poterit
3021 4183 3153 4238 fides
3196 4184 3406 4239 salvare

1837 4295 1856 4328 ι
1887 4277 2057 4331 eum?
2089 4275 2251 4346 (Jac.
2280 4291 2351 4341 ιι,
2380 4274 2506 4343 14.)
2543 4295 2561 4327 ›
2592 4275 2658 4328 Ει
2685 4291 2874 4330 rursus
2902 4293 2915 4330 :
2951 4295 2969 4328 ι
3005 4276 3216 4332 Subditi
3247 4277 3413 4347 igitur

1839 4387 1858 4420 ‹
1889 4376 2062 4424 estote
2107 4368 2250 4433 Deo,
2303 4367 2540 4421 resistite
2585 4375 2766 4420 autem
2809 4367 3054 4431 diabolo,
3087 4377 3141 4422 et
3179 4366 3344 4439 fugiet
3381 4382 3412 4421 τι

1841 4479 1859 4512 ι
1893 4461 2065 4516 vobis.
2097 4461 2539 4530 Appropinquate
2572 4460 2828 4525 Domino,
2868 4469 2924 4514 et
2961 4462 3413 4532 appropinquabit

1839 4576 1857 4607 ‹
1889 4555 2061 4611 vobis.
2116 4555 2414 4609 Emundate
2464 4570 2692 4619 manus,
2728 4560 3079 4624 peccatores,
3123 4561 3179 4607 et
3222 4552 3412 4621 puriﬁ-

1841 4665 1857 4696 ι
1893 4655 2013 4698 cate
2039 4645 2237 4708 corda,
2277 4644 2514 4713 duplices
2550 4645 2750 4698 animo.
2791 4643 2969 4697 Miseri
3004 4649 3208 4705 estote,
3243 4651 3297 4695 et
3330 4641 3411 4694 lu-

115 4725 446 4796 Evangelio
470 4742 483 4780 :
513 4746 530 4777 ‹
559 4727 758 4782 Intrate
784 4744 878 4798 per
903 4739 1185 4800 angustam
1214 4739 1444 4798 portam,
1475 4729 1599 4798 quia
1627 4728 1732 4782 lata

123 4835 145 4866 ι
187 4827 366 4884 porta
392 4826 445 4872 et
470 4819 702 4888 spatiosa
729 4820 814 4874 via
837 4828 922 4876 est
945 4837 1064 4890 qua:
1089 4822 1237 4875 ducit
1263 4820 1328 4874 ad
1355 4821 1733 4890 perditionem,

122 4925 144 4956 α
188 4913 253 4959 et
284 4907 448 4961 multi
475 4917 601 4962 sunt
625 4910 718 4978 qui
761 4911 967 4964 intrant
992 4927 1088 4979 per
1113 4925 1233 4964 eam
1263 4929 1275 4964 :
1307 4926 1469 4980 quam
1510 4920 1736 4977 angusta

120 5011 144 5042 ι
188 5002 366 5060 porta
389 5034 403 5059 ,
444 5003 499 5050 et
535 5005 684 5050 arcta
724 4997 810 5050 via
851 5013 970 5066 qum
997 4999 1146 5052 ducit
1169 4999 1236 5052 ad
1263 5000 1462 5065 vitam,
1489 5008 1542 5054 et
1579 4999 1734 5069 pauci

121 5102 144 5133 ι
191 5083 501 5140 inveniunt
546 5101 663 5141 eam
711 5087 945 5158 (Matth.
976 5105 1089 5154 vn,
1123 5091 1371 5161 13,14).
1417 5091 1737 5147 Contendite

118 5193 144 5224 ‹
187 5187 307 5242 per
335 5184 620 5246 angustam
645 5187 854 5247 portam
898 5179 1102 5235 intrare
1127 5180 1292 5251 (Luc.
1317 5199 1412 5239 xm
1435 5224 1450 5248 ,
1470 5183 1592 5255 20).
1621 5183 1736 5240 Non

119 5287 144 5319 ε
187 5269 396 5324 omnis
422 5271 512 5341 qui
541 5272 670 5326 dicit
695 5274 857 5336 mihi,
888 5275 1132 5340 Domine,
1162 5275 1407 5343 Domine,
1435 5278 1658 5333 intrabit
1685 5280 1738 5333 in

115 5378 142 5410 ς
188 5373 446 5429 regnum
473 5361 734 5416 ccelorum
769 5383 781 5418 :
811 5365 905 5420 sed
929 5367 1020 5435 qui
1051 5367 1178 5421 facit
1204 5368 1534 5424 voluntatem
1561 5371 1738 5426 Patris

116 5467 144 5500 ε
195 5449 323 5503 mei
367 5451 539 5518 quiin
567 5453 720 5508 ctelis
743 5463 860 5520 est,
903 5456 1015 5524 ipse
1051 5457 1274 5512 intrabit
1300 5460 1352 5512 in
1380 5475 1604 5531 regnum
1632 5476 1740 5517 ete-

115 5556 140 5588 c
190 5535 397 5591 lorum
437 5538 454 5609 (
479 5539 669 5596 Matth.
699 5558 804 5608 vn,
829 5543 892 5598 ‘21
922 5545 962 5614 ).
993 5543 1182 5601 Venite
1211 5549 1276 5602 ad
1315 5564 1402 5603 me
1435 5565 1625 5606 omnes
1649 5552 1742 5620 qui

117 5645 146 5678 σ
193 5625 486 5684 laboratis
531 5641 586 5686 et
634 5635 841 5689 onerati
883 5637 1045 5702 estis,
1087 5647 1141 5692 et
1183 5654 1282 5710 ego
1345 5641 1581 5695 reﬁciam
1625 5657 1738 5696 vos.

117 5738 144 5770 ι
195 5716 423 5777 Tollite
457 5719 642 5794 jugum
684 5741 859 5782 meum
891 5743 1050 5799 super
1075 5744 1198 5795 vos,
1243 5738 1296 5784 et
1349 5731 1537 5786 discite
1579 5747 1609 5785 a
1659 5745 1744 5786 me

1842 4753 1860 4784 ‹
1895 4743 2047 4805 gete,
2076 4742 2132 4789 et
2161 4733 2406 4803 plorate;
2441 4735 2583 4790 risus
2611 4744 2792 4790 vester
2819 4735 2872 4788 in
2898 4735 3101 4788 luctum
3134 4742 3416 4788 converta-

1843 4845 1860 4876 ι
1900 4834 2008 4890 tur,
2037 4833 2090 4878 et
2119 4825 2374 4895 gaudium
2396 4826 2450 4880 in
2475 4841 2784 4880 maerorem.
2815 4825 3182 4881 Humiliamini
3205 4810 3265 4879 in.
3284 4842 3414 4881 con-

1845 4933 1863 4965 c
1895 4903 2081 4985 specta
2134 4915 2380 4980 Domini,
2419 4926 2476 4970 et
2528 4917 2789 4971 exaltabit
2825 4932 2922 4970 vos
2953 4917 3007 4970 in
3045 4927 3284 4986 tempore
3321 4917 3414 4970 tri-

1843 5025 1862 5058 ‹
1895 5007 2182 5063 bulationis
2213 5008 2374 5078 (Jac.
2410 5026 2482 5076 ιι,
2517 5011 2710 5084 7-10).
2745 5031 2764 5063 ›
2795 5012 3037 5078 Qualiter
3088 5019 3265 5064 autem
3305 5009 3415 5062 vir-

1839 5105 1926 5152 tus
1956 5097 2079 5152 fidei
2112 5099 2283 5153 salvet
2313 5101 2624 5167 hominem,
2656 5111 2711 5158 et
2739 5104 2880 5172 quod
2909 5104 3063 5157 ruina
3093 5110 3278 5157 nostra
3306 5115 3413 5153 non

1838 5191 1910 5245 sit
1944 5191 2054 5246 Deo
2086 5191 2392 5260 deputanda
2415 5233 2430 5258 ,
2462 5209 2492 5247 a
2522 5209 2630 5264 quo
2657 5204 2746 5249 est
2768 5211 2930 5250 omne
2958 5191 3156 5250 bonum
3176 5235 3190 5260 ,
3223 5190 3415 5261 praedi-

1839 5288 1959 5335 ctus
1997 5281 2274 5350 apostolus
2313 5281 2368 5336 in
2397 5284 2583 5338 eadem
2617 5285 2855 5356 Epistola
2889 5287 3149 5351 ostendit,
3178 5283 3364 5338 dicens
3396 5299 3410 5334 :

1846 5389 1864 5422 ι
1899 5371 1956 5425 Si
1987 5373 2109 5441 quis
2137 5380 2317 5427 autem
2348 5383 2586 5430 vestrum
2618 5376 2822 5448 indiget
2852 5376 3148 5447 sapientia,
3180 5371 3416 5442 postulet

1847 5481 1866 5513 ι
1899 5479 1929 5518 a
1958 5464 2100 5526 Deo,
2132 5464 2222 5532 qui
2254 5465 2346 5520 dat
2379 5468 2628 5522 omnibus
2659 5469 2956 5532 afﬂuenter,
2992 5475 3047 5522 et
3077 5481 3181 5520 non
3216 5465 3414 5532 impro-

1847 5574 1864 5606 ‹
1895 5563 2082 5624 perat,
2113 5565 2169 5610 et
2199 5556 2416 5612 dabitur
2443 5559 2514 5613 ei.
2552 5559 2793 5616 Postulet
2829 5568 3007 5614 autem
3045 5559 3097 5612 in
3137 5556 3239 5610 fide
3276 5555 3411 5608 nihil

1848 5663 1866 5694 ι
1900 5645 2176 5702 haesitans.
2211 5647 2311 5714 Qui
2364 5659 2544 5706 autem
2591 5653 2807 5707 haesitat
2861 5649 3050 5704 similis
3101 5657 3184 5701 est
3230 5645 3411 5700 ﬂuctui

1851 5754 1868 5785 ι
1906 5736 2072 5792 maris
2104 5736 2194 5806 qui
2233 5753 2262 5792 a
2299 5747 2459 5795 vento
2497 5752 2742 5798 movetur
2779 5749 2832 5795 ct
2867 5735 3260 5795 circumfertur.
3295 5734 3409 5791 Non
