3938 6334
635 334 771 391 1539
1255 323 1316 378 Β.
1355 321 1606 378 RABANI
1646 320 1864 377 MAURI
1900 318 2190 375 ARCHIEP

2133 318 2218 374 ει).
2260 317 2567 374 uocum.
2611 317 2896 375 OPERUM
2930 319 3102 378 mus
3133 321 3211 376 ιιι.
3611 338 3688 394 nn

639 469 657 500 ι
693 460 821 516 ergo
845 441 1074 499 aestimet
1100 439 1265 494 homo
1285 437 1374 492 ille
1397 436 1538 506 quod
1561 434 1789 504 accipiat
1812 432 2017 502 aliquid
2039 447 2067 484 a
2092 431 2202 485 Deo
2233 433 2281 492 Α
2307 428 2415 483 lum
2446 444 2552 483 non
2583 429 2962 494 confundetur,
2992 430 3129 484 sicut
3157 433 3258 500 ipse
3283 434 3380 488 ait:
3404 455 3419 487 ι
3443 437 3529 509 Ego
3547 456 3627 498 sum
3644 464 3692 502 re-

639 561 655 591 ι
692 538 832 610 (Jac.
857 554 896 602 ι,
921 536 970 599 5,
995 535 1149 606 6,’7).
1189 533 1354 587 Nemo
1375 547 1497 586 cum
1521 538 1761 585 tentatur
1783 529 1928 584 dicat
1948 525 2200 596 quoniam
2310 537 2326 568 ι
2361 519 2627 573 surrectio
2668 527 2722 573 et
2763 518 2874 572 vita
2903 533 2918 570 :
2947 520 3038 588 qui
3068 522 3228 574 credit
3253 522 3299 576 in
3322 538 3394 579 me
3417 542 3500 581 non
3529 534 3692 593 moria"
3779 521 3784 590 1

638 649 656 680 ι
691 607 720 683 a
743 628 853 682 Deo
875 633 1129 682 tentatur.
1155 624 1296 679 Deus
1319 623 1462 678 enim
1485 623 1776 676 intentator
1796 619 2060 673 malorum
2084 625 2161 672 est
2183 635 2193 670 :

2136 625 2197 670 ηε
2308 627 2325 658 ι
2359 608 2413 662 in
2443 617 2705 662 aeternum
2744 608 2943 679 (locu.
2973 625 3059 673 ιιι,
3080 607 3213 680 9-5),
3244 631 3260 662 ι
3289 616 3504 681 quomodo
3524 619 3586 673 isti
3604 628 3691 678 raui-

637 739 657 773 ι
689 721 803 791 ipse
859 726 1036 773 autem
1099 715 1366 771 neminem
1415 721 1603 767 tentat.
1657 711 2031 780 Unusquisque
2072 721 2201 762 vero
2300 702 2448 772 lociui
2477 703 2729 775 garriunt
2753 705 2899 774 quod
2921 703 3049 757 nihil
3073 704 3233 773 prosit
3251 705 3478 764 hominum
3499 701 3692 774 recta'ﬁdu

639 831 656 864 ι
681 819 964 865 tentatura
987 806 1421 877 concupiscentia
1443 822 1539 860 sua
1559 806 1862 859 abstractus
1881 811 1934 857 et
1954 801 2197 856 illectus:
2302 803 2357 848 et
2397 796 2539 850 bona
2566 796 2809 866 operatio
2827 837 2841 861 ,
2873 796 3126 866 quoniam
3155 798 3196 851 si
3221 814 3316 852 non
3339 800 3400 854 sit
3419 803 3692 871 predestinatus

641 920 658 951 ‹
696 900 889 956 deinde
916 897 1347 967 concupiscentia
1377 911 1499 950 cum
1529 893 1864 963 conceperit,
1897 891 2042 962 parit
2071 905 2199 960 pcc-
2301 889 2422 957 quis
2441 928 2456 952 ,
2487 904 2593 943 non
2626 889 2806 944 veniet
2834 889 2902 942 ad
2931 888 3091 941 vitam
3112 929 3126 954 ,
3154 905 3268 943 cum
3293 893 3599 958 prtedestinatio
3618 902 3691 955 niiii

639 1011 655 1043 ι
687 999 866 1045 catmn
893 1009 905 1044 :
936 996 1216 1058 peccatum
1247 1001 1375 1041 vero
1405 1000 1527 1040 cum
1567 993 2000 1040 consummatum
2040 981 2203 1034 fuerit
2301 977 2445 1032 aliud
2478 979 2549 1032 sit
2576 977 2678 1032 nisi
2709 979 2836 1032 vita:
2866 977 3110 1044 donatio,
3141 995 3238 1033 non
3275 981 3529 1049 perditionis
3557 987 3692 1043 damn:-

639 1100 657 1132 ι
691 1086 912 1151 generat
939 1088 1185 1132 mortem.
1218 1075 1391 1130 Nolite
1417 1076 1598 1143 itaque
1624 1088 1808 1128 errare
1825 1113 1840 1138 ,
1871 1072 2068 1126 fratres
2095 1069 2201 1124 mei
2304 1070 2378 1124 tio
2397 1072 2422 1123 ?
2448 1070 2598 1126 Unde
2625 1069 2910 1124 manifeste
2932 1071 3206 1140 Scriptura
3230 1072 3374 1127 dicit:
3397 1093 3412 1124 ι
3435 1073 3540 1130 Deus
3557 1091 3692 1134 mortem

639 1191 656 1222 ι
690 1169 1041 1225 dilectissimi.
1083 1166 1252 1223 Omne
1283 1167 1468 1220 datum
1500 1166 1759 1234 optimum
1781 1205 1795 1229 ,
1827 1171 1881 1217 et
1910 1177 2071 1216 omne
2104 1161 2201 1215 do-
2308 1181 2326 1213 ι
2356 1178 2461 1216 non
2489 1161 2643 1223 fecit,
2676 1177 2776 1216 nec
2800 1162 3012 1216 ltetatnr
3037 1162 3090 1215 in
3116 1161 3385 1232 perditione
3403 1165 3694 1223 morantia}
3790 1193 3791 1234 ι

639 1279 657 1309 ι
691 1275 819 1312 num
859 1257 1154 1327 perfectum
1193 1257 1476 1311 desursum
1507 1263 1590 1308 est
1620 1254 1953 1308 descendens
1982 1268 2013 1305 a
2044 1252 2204 1306 Patre
2311 1272 2329 1304 ε
2361 1254 2438 1306 vit
2466 1253 2606 1306 enim
2636 1262 2693 1306 ut
2719 1261 2902 1307 essent
2931 1253 3111 1306 omnia
3131 1293 3146 1317 ,
3176 1260 3227 1306 et
3256 1254 3480 1308 sanabiles
3497 1255 3693 1313 lecitnatie

639 1368 657 1401 ι
692 1349 952 1403 luminum
974 1389 988 1413 ,
1022 1348 1160 1418 apud
1193 1363 1351 1416 quem
1377 1362 1485 1400 non
1513 1355 1600 1401 est
1643 1345 2056 1408 transmutatio,
2106 1357 2207 1396 nec
2308 1361 2327 1394 ι
2361 1359 2457 1398 nes
2485 1345 2634 1398 orbis
2666 1351 2933 1398 terrarum
2964 1341 3126 1414 (Sap.
3153 1359 3200 1408 ι,
3229 1344 3344 1415 l3).
3372 1365 3386 1396 ι
3410 1346 3462 1399 Et
3477 1362 3545 1415 per
3562 1352 3694 1417 prophe-

640 1460 661 1492 ‹
696 1441 1077 1496 vicissitudinis
1106 1439 1444 1494 obumbratio
1473 1438 1670 1512 (Ibid.,
1693 1437 2059 1508 vers.15--l7).
2083 1456 2102 1489 ι
2130 1437 2206 1490 De
2305 1443 2416 1490 tam
2459 1437 2574 1505 ipse
2613 1435 2874 1490 Dominus
2912 1435 2988 1489 ait
3016 1453 3029 1488 :
3064 1454 3082 1486 ι
3116 1433 3242 1490 Nolo
3277 1447 3468 1490 mortem
3491 1442 3692 1504 peccatoris,

635 1531 737 1586 hoc
758 1541 812 1584 et
831 1530 1023 1585 Petrus
1043 1529 1463 1598 scripsitdicens
1490 1546 1504 1582 :
1536 1548 1552 1578 ι
1575 1528 1800 1598 Propter
1827 1526 1968 1598 quod
1997 1527 2204 1582 succin-
2311 1543 2330 1575 ε
2365 1525 2456 1580 sed
2485 1533 2544 1579 ut
2571 1533 2919 1578 convertatur
2945 1534 2998 1578 et
3024 1526 3164 1578 vivat
3195 1525 3402 1595 (Ezech.
3424 1529 3690 1594 unn,ll)..

641 1643 659 1673 ε
690 1623 760 1677 cti
779 1622 988 1676 lumbos
1004 1621 1200 1674 mentis
1222 1619 1612 1683 vestra:,sobrii
1636 1620 1890 1688 perfecte,
1915 1626 2128 1686 sperate
2151 1617 2204 1672 in
2307 1615 2364 1670 Si
2395 1624 2577 1670 autem
2607 1630 2715 1670 non
2745 1615 2861 1667 vult
2899 1615 3157 1670 Dominus
3195 1623 3399 1669 mortem
3429 1617 3540 1684 impii
3569 1627 3604 1670 et
3625 1633 3693 1686 pec-

641 1733 659 1764 ι
687 1727 806 1766 eam
832 1727 948 1780 qua:
969 1710 1192 1765 oti'crtur
1215 1711 1366 1766 vobis
1388 1711 1616 1780 gratiam
1643 1710 1696 1764 in
1724 1710 2048 1764 revelationc
2075 1708 2203 1763 .lesn
2309 1709 2509 1764 caloris
2530 1749 2545 1774 ,
2597 1708 2868 1778 quomodo
2917 1709 3261 1777 praedestinat
3309 1724 3414 1763 eum
3457 1709 3508 1762 ad
3542 1722 3692 1770 mone,
3790 1719 3791 1724 ‘

641 1822 658 1854 ι
689 1802 890 1858 Christi
911 1842 924 1865 ,
959 1802 1110 1870 quasi
1136 1801 1231 1854 lilii
1251 1801 1604 1865 obedientize,
1628 1817 1731 1855 non
1754 1801 2073 1870 configurati
2097 1817 2210 1855 mo—
2239 1784 2284 1842 Β
2310 1817 2432 1856 cum
2464 1801 2596 1856 nihil
2627 1802 2698 1856 sit
2737 1801 2880 1854 aliud
2918 1801 3038 1870 ejus
3075 1801 3210 1856 velle
3245 1817 3388 1870 quam
3420 1802 3694 1869 praedestinare?

640 1915 659 1948 ι
693 1895 842 1950 ribus
872 1894 1188 1964 ignorantiae
1218 1901 1411 1948 vestrae
1441 1893 1754 1958 desideriis,
1787 1893 1878 1947 sed
1919 1893 2210 1947 secundum
2311 1893 2486 1948 Causa
2509 1893 2652 1947 enim
2672 1892 2911 1946 omnium
2943 1907 3124 1946 rerum
3151 1892 3376 1946 voluntas
3398 1901 3467 1946 est
3486 1891 3550 1946 Dei
3570 1891 3693 1960 ejusque

641 2007 660 2039 ι
691 2002 815 2042 eum
845 1987 936 2056 qui
959 1986 1170 2040 vocavit
1189 2001 1286 2040 nos
1309 1995 1576 2051 sanctum,
1595 1995 1649 2041 et
1671 1986 1770 2056 ipsi
1793 1985 1965 2040 sancti
1989 1985 2039 2038 in
2065 1984 2210 2038 omni
2311 1983 2448 2037 velle
2469 1991 2572 2048 est,
2597 1998 2697 2038 nec
2715 1981 2940 2050 simplex
2963 1990 3158 2035 natura
3178 1982 3388 2050 aliquam
3405 1981 3690 2034 contrarietatem

640 2097 659 2128 ι
694 2076 1104 2131 conversatione
1128 2083 1322 2142 estote,
1352 2077 1607 2145 quoniam
1639 2078 1898 2146 scriptum
1923 2084 2003 2130 est
2032 2093 2045 2128 :
2075 2075 2211 2129 San-
2312 2075 2363 2128 in
2391 2090 2450 2129 se
2480 2074 2661 2129 habet.
2694 2073 2803 2128 Sed
2833 2073 2977 2127 idem
3009 2073 3263 2128 Dominus
3292 2072 3492 2127 omnium
3521 2083 3594 2131 est,
3617 2071 3693 2123 dites

640 2186 658 2218 ι
693 2167 764 2222 cti
809 2167 996 2232 eritis,
1034 2166 1290 2235 quoniam
1329 2181 1427 2236 ego
1461 2175 1682 2220 sanctus
1716 2181 1835 2220 sum
1876 2164 1894 2236 (
1924 2164 1954 2218 Ι
1983 2164 2125 2217 Petr.
2155 2178 2207 2228 ι,
2311 2168 2365 2220 in
2396 2166 2646 2220 omnibus
2673 2165 2764 2235 qui
2794 2165 3050 2220 invocant
3077 2165 3241 2219 illurn.
3271 2165 3430 2234 Itaque
3448 2163 3693 2232 pradestimln

643 2279 661 2311 ι
695 2261 950 2329 1546).»
985 2259 1052 2314 Et
1074 2260 1196 2314 item
1227 2277 1281 2313 ς(
1307 2258 1679 2313 Humiliamini
1703 2258 1864 2328 igitur
1887 2258 1982 2312 sub
2003 2256 2208 2325 potenti
2311 2261 2364 2314 in
2396 2261 2537 2314 bono
2563 2260 2783 2330 legitur,
2813 2273 2920 2314 non
2950 2259 3005 2312 in
3033 2257 3193 2311 malo.
3219 2255 3356 2312 Unde
3375 2257 3480 2311 dicit
3501 2254 3692 2324 Apostolus:

641 2371 660 2403 ‹
694 2368 853 2406 manu
891 2352 1021 2416 Dei,
1055 2358 1112 2405 ut
1141 2367 1238 2406 vos
1275 2352 1480 2412 exultet
1507 2352 1560 2405 in
1591 2361 1830 2420 tempore
1861 2349 2206 2404 visitationis.
2315 2371 2334 2403 ‹
2372 2352 2516 2420 Quos
2549 2349 2822 2421 prmscivit
2867 2359 2922 2404 et
2969 2349 3359 2420 praedestinavit
3391 2346 3611 2402 conformes
3636 2345 3693 2396 tat"

641 2460 659 2493 ι
690 2442 915 2497 Omnem
938 2440 1350 2495 sollicitudinem
1368 2449 1601 2494 vestram
1622 2438 1968 2508 projicientcs
1988 2438 2041 2491 in
2061 2453 2205 2502 eum,
2315 2463 2333 2496 ¢
2373 2443 2623 2513 imaginis
2644 2441 2766 2495 Filii
2789 2441 2892 2505 sui,
2913 2448 2972 2493 ut
2991 2440 3065 2494 sit
3083 2440 3196 2508 ipse
3214 2437 3536 2508 primogenitus
3550 2437 3585 2488 in
3599 2433 3695 2487 militis

643 2549 663 2582 ι
695 2531 952 2600 quoniam
992 2531 1091 2600 ipsi
1129 2544 1260 2584 cura
1290 2537 1374 2585 est
1411 2530 1477 2583 de
1511 2529 1687 2584 vobis.
1727 2527 1906 2584 Sobrii
1945 2535 2117 2583 estote
2156 2537 2210 2584 et
2315 2555 2332 2588 ς
2372 2535 2648 2590 fratribus.
2682 2534 2830 2601 Quos
2853 2544 3034 2588 autem
3069 2531 3454 2602 praedestinavit,
3479 2529 3694 2582 hosrttoca-

641 2638 660 2670 ι
691 2619 910 2690 vigilate
938 2659 952 2686 ,
991 2619 1114 2688 quia
1147 2619 1492 2673 adversarius
1525 2628 1706 2673 vester
1737 2617 1982 2672 diabolus
2017 2617 2212 2672 circuit
2317 2647 2335 2678 ι
2373 2630 2478 2695 vii;
2529 2636 2584 2684 ει
2633 2643 2768 2697 quos
2809 2625 3060 2691 vocavit,
3110 2625 3227 2680 illos
3267 2633 3317 2678 et
3344 2619 3599 2690 justiﬁcavit;
3626 2630 3695 2686 quas

641 2730 660 2763 ι
695 2726 941 2780 quaerens
963 2727 1126 2782 quem
1144 2710 1394 2766 devoret:
1427 2711 1510 2764 cui
1535 2711 1770 2765 resistite
1793 2709 1958 2764 fortes
1987 2709 2041 2764 in
2072 2708 2205 2774 ﬁde,
2315 2737 2336 2770 ι
2375 2728 2552 2773 autem
2581 2716 2897 2788 jusiificavit
2920 2757 2934 2781 ,
2967 2715 3090 2770 illos
3119 2723 3166 2769 et
3206 2710 3696 2785 gloriﬁcaviqilanrm.

641 2821 660 2854 ‹
695 2803 928 2858 scientes
959 2801 1203 2856 eamdem
1231 2802 1535 2871 passionem
1572 2801 1621 2856 ei
1660 2817 1778 2870 qua:
1809 2801 1862 2854 in
1898 2800 2100 2855 mundo
2127 2807 2210 2855 est
2315 2827 2334 2860 ι
2371 2808 2460 2873 29,
2497 2808 2609 2879 '50).
2666 2827 2683 2858 ι
2718 2806 2854 2861 Nota
2887 2807 3033 2876 quod
3065 2805 3218 2870 dicit,
3250 2823 3267 2856 ι
3305 2803 3430 2870 Quos
3449 2795 3698 2871 praestinarit

641 2912 660 2945 ‹
693 2902 885 2950 vestrm
915 2892 1244 2947 fraternitati
1293 2892 1408 2947 fieri
1449 2892 1520 2963 (1
1547 2892 1692 2948 Petr.
1723 2909 1777 2956 v,
1805 2893 1988 2964 6-9).
2025 2911 2042 2942 ι
2073 2891 2209 2948 Hinc
2308 2903 2410 2956 hos
2438 2911 2492 2956 et
2531 2900 2765 2964 vocavit,
2805 2917 2824 2950 ι
2875 2915 2981 2954 non
3005 2939 3020 2962 ,
3067 2913 3202 2967 quos
3239 2895 3564 2967 pmdestinavit
3590 2891 3698 2943 illoset

633 2996 850 3055 quoque
873 2983 1109 3039 Joannes
1137 2984 1213 3037 ait
1238 3001 1250 3036 :
1287 3002 1306 3033 ς
1340 2982 1655 3038 Charissimi
1676 3023 1690 3048 ,
1725 2982 1890 3036 nolite
1918 2982 2064 3036 omni
2095 2980 2188 3051 spi-

2140 2980 2206 3035 ὶί-
2309 2992 2602 3046 damnavit.
2629 2990 2790 3044 Amat
2812 2990 2956 3044 enim
2981 2989 3158 3043 bonus
3183 2987 3344 3041 factor
3365 2993 3587 3040 creaturam
3601 2991 3695 3036 sum,

640 3092 657 3124 ι
693 3073 820 3128 ritui
850 3072 1092 3138 credere,
1120 3073 1212 3128 sed
1243 3073 1467 3142 probate
1494 3071 1717 3142 spiritus
1743 3072 1790 3124 si
1818 3086 1881 3124 cx
1911 3071 2020 3125 Dco
2048 3078 2201 3124 sunt:
2238 3140 2274 3151 ﬂ
2308 3099 2410 3139 nec
2434 3085 2707 3138 immerito
2728 3083 2962 3151 aliquam
2986 3081 3229 3135 damnat,
3253 3082 3322 3135 De
3345 3076 3697 3148 quoaljbiscriptum

639 3187 658 3218 ι
691 3167 946 3236 quoniam
979 3166 1131 3220 multi
1166 3166 1646 3236 pseudopmphetar
1677 3164 1925 3218 exierunt
1955 3162 2008 3216 in
2044 3177 2194 3216 mun-

2141 3179 2200 3216 η·
2232 3140 2276 3202 C
2308 3182 2392 3228 est
2423 3188 2437 3227 :
2474 3193 2492 3225 ‹
2529 3173 2802 3230 Misereris
2845 3172 3122 3236 omnium,
3169 3171 3403 3234 Domine,
3438 3175 3479 3221 et
3501 3166 3590 3218 nihil
3614 3161 3696 3214 oiisu'

639 3277 656 3308 (
688 3258 834 3312 dum.
865 3257 924 3311 In
955 3258 1057 3312 hoc
1085 3257 1429 3328 cognoscitur
1458 3256 1680 3326 spiritus
1833 3271 1846 3306 ἶ
1880 3253 2060 3307 omnis
2100 3252 2205 3322 ερὶ-
2315 3283 2334 3316 ι
2371 3281 2556 3321 eor-un.
2598 3281 2718 3335 qua;
2746 3263 2942 3328 γεξείειίν
2982 3263 3321 3318 dissimulans
3351 3267 3523 3332 peccala
3541 3255 3698 3310 hominum
3790 3247 3791 3250 Ἴ

639 3368 657 3399 ‹
690 3351 826 3404 ritus
859 3350 950 3418 qui
981 3349 1269 3404 confitetur
1300 3348 1484 3404 Jesum
1523 3347 1794 3402 Christum
1833 3347 1888 3401 in
1920 3361 2082 3401 carne
2113 3361 2206 3401 ve-
2313 3379 2331 3410 ι
2369 3367 2590 3429 promer
2619 3357 3018 3427 pwniiemiam,
3065 3364 3120 3411 ει
3149 3371 3362 3426 parcens
3387 3353 3486 3414 illis,
3518 3348 3600 3418 quia
3626 3354 3698 3394 uiis

641 3459 658 3489 ι
694 3439 838 3493 nissc
859 3479 873 3503 ,
905 3453 969 3492 ex
996 3439 1107 3494 Deo
1127 3448 1248 3502 est;
1279 3447 1332 3492 et
1359 3437 1536 3491 omnis
1563 3436 1784 3505 spiritus
1815 3437 1906 3506 qui
1933 3435 2092 3490 solvit
2112 3434 2204 3490 Je-
2312 3469 2330 3500 ι
2368 3450 2509 3504 Deus
2542 3449 2919 3503 universorum
2949 3447 3106 3518 (sap,
3134 3464 3209 3511 χι.
3235 3445 3341 3518 εει)
3375 3466 3390 3498 )
3421 3436 3615 3509 Multiplici
3633 3447 3697 3500 ergo

642 3549 660 3581 ί
692 3545 809 3584 sum
830 3571 844 3596 ν
874 3546 940 3584 ex
973 3530 1082 3584 Deo
1114 3545 1219 3584 "0“
1251 3535 1333 3584 εει
1359 3545 1372 3594 ἓ
1409 3538 1460 3582 ει
1491 3529 1580 3584 hic
1609 3538 1688 3583 εει
1715 3528 2080 3583 Αηῑῖειὶνίεῑυε
2100 3569 2112 3592 ς
2139 3527 2206 3583 de
2307 3552 2462 3598 reatu
2488 3543 2588 3598 istc
2616 3542 3030 3613 constringitur,
3057 3543 3150 3613 qui
3173 3531 3696 3612 praedestinationisinnuu

640 3639 659 3673 ι
693 3637 800 3691 quo
823 3623 1048 3678 audistis
1071 3623 1325 3690 quoniam
1351 3622 1525 3686 venit,
1553 3631 1607 3678 et
1628 3637 1769 3676 nunc
1788 3620 1901 3690 jam
1931 3622 1982 3675 in
2009 3621 2206 3676 mundo
2308 3633 2363 3687 in
2409 3648 2636 3704 pravum
2691 3648 2908 3688 sensum
2959 3643 3210 3698 vel-iens,
3260 3629 3470 3686 nefandis
3500 3620 3699 3681 sermonibus

640 3731 658 3764 ι
693 3722 794 3768 est.
827 3715 928 3769 Vos
949 3729 1015 3768 ex
1041 3715 1148 3768 Deo
1168 3714 1332 3779 estis,
1357 3713 1503 3767 filioli
1523 3753 1538 3779 ,
1569 3722 1624 3767 et
1651 3713 1858 3768 vicistis
1886 3729 2008 3767 eum
2029 3753 2042 3778 ,
2077 3729 2206 3782 quo-
2308 3723 2682 3793 biaspiiemare
2732 3724 3030 3792 priesumii,
3084 3723 3263 3776 primo
3292 3762 3305 3785 ,
3359 3717 3476 3788 ψ]σά
3523 3719 3698 3768 creatorem

640 3823 658 3855 ι
691 3803 840 3858 niam
865 3805 1035 3874 major
1053 3812 1134 3858 est
1161 3803 1251 3873 qui
1277 3805 1330 3856 in
1354 3803 1504 3858 vobis
1527 3812 1608 3858 est
1627 3844 1641 3866 ,
1666 3819 1828 3872 quam
1851 3804 1943 3872 qui
1971 3804 2022 3856 in
2051 3819 2206 3857 mun-
2308 3827 2462 3866 suum
2486 3853 2499 3876 ,
2528 3813 2621 3881 qui
2648 3820 2731 3866 est
2772 3827 2982 3866 summe
3008 3812 3183 3866 bonus
3201 3852 3215 3876 ,
3257 3805 3522 3864 malevolum
3544 3803 3701 3854 ansusel

643 3913 660 3944 ε
694 3892 796 3947 do:
826 3893 926 3962 ipsi
951 3894 1002 3946 in
1030 3893 1232 3956 mundo
1258 3899 1414 3960 sunt,
1439 3894 1559 3948 ideo
1579 3894 1644 3948 de
1667 3893 1864 3947 mundo
1891 3893 2204 3962 loquuntur,
2309 3905 2488 3960 dicere
2513 3945 2527 3970 ,
2576 3914 2630 3960 et
2674 3904 2816 3974 quod
2858 3921 2994 3975 opus
3039 3921 3195 3960 suum
3240 3904 3419 3957 frustra
3441 3907 3482 3952 et
3514 3897 3593 3948 sine
3616 3900 3700 3941 cas:

640 4005 660 4038 ι
694 3997 748 4043 ει
773 3989 1000 4043 mundus
1024 4003 1116 4042 eos
1145 3987 1295 4042 audit
1321 4007 1333 4041 :
1362 4003 1461 4043 nos
1484 4005 1550 4043 ex
1574 3987 1681 4042 Deo
1705 4003 1908 4042 sumus.
1933 3986 2032 4054 Qui
2061 3989 2209 4042 novit
2309 3997 2564 4052 decernat
2613 3996 2856 4050 ῖηιοι-ίιιε,
2905 3995 3154 4050 secundo
3178 4037 3191 4061 ι
3216 3993 3347 4064 quod
3371 3993 3509 4060 ipsam
3526 3981 3697 4038 Veritaléﬂl

642 4098 660 4131 ι
697 4080 863 4135 Deum
883 4121 896 4142 ,
931 4080 1077 4134 audit
1109 4095 1246 4145 nos;
1281 4080 1370 4149 qui
1401 4095 1506 4134 non
1538 4087 1621 4134 est
1648 4095 1710 4134 ex
1744 4078 1886 4141 Deo,
1924 4095 2030 4134 non
2059 4079 2220 4133 audit”
2308 4069 2495 4139 fallere
2526 4085 2720 4138 nititur
2750 4099 3028 4150 asserere,
3058 4099 3178 4154 qua:
3205 4098 3298 4154 per
3323 4077 3700 4150 Scripturassancus

641 4191 660 4222 ς
692 4186 808 4226 nos.
835 4170 892 4224 In
919 4171 1020 4225 hoc
1043 4171 1418 4240 cognoscimus
1443 4170 1692 4240 Spiritum
1720 4169 1986 4235 veritatis,
2017 4177 2071 4223 et
2095 4169 2208 4239 spi-
2309 4186 2457 4232 recte
2485 4177 2827 4231 credentibus
2858 4184 2914 4230 ει
2956 4177 3095 4231 bene
3126 4172 3444 4246 operantibus
3476 4174 3620 4221 meum:
3639 4165 3700 4207 ut:

641 4280 658 4313 ι
691 4263 850 4317 ritum
875 4263 1079 4317 erroris
1119 4261 1185 4333 (Ι
1205 4261 1366 4314 Joan.
1392 4276 1463 4325 tv,
1489 4259 1655 4332 1-6).
1691 4280 1708 4312 ι
1754 4261 1820 4314 Et
1846 4261 2012 4314 item:
2042 4280 2059 4312 ι
2082 4259 2210 4316 Οιῐι-
2309 4270 2533 4338 spondet
2561 4269 2784 4338 prmmia
2806 4309 2820 4332 ,
2851 4277 2906 4322 οι
2957 4267 3324 4337 peccatoribus
3353 4272 3487 4330 atque
3519 4270 3590 4310 non
3608 4262 3701 4319 im"

641 4374 659 4405 ‹
696 4353 779 4408 nis
808 4353 898 4422 qui
928 4353 1100 4407 credit
1126 4353 1380 4422 quoniam
1410 4350 1565 4407 Jesus
1594 4361 1677 4407 est
1704 4352 1973 4419 Christus,
2003 4369 2070 4408 ex
2097 4353 2208 4409 Deo
2310 4359 2548 4414 tentibus
2570 4359 2762 4413 mortis
2786 4358 3029 4428 praedicit
3053 4372 3254 4426 pinnas.
3284 4353 3461 4413 Tertio,
3481 4341 3701 4416 qualitatum

639 4464 657 4496 ι
693 4455 850 4498 natus
885 4455 1007 4511 cst;
1048 4455 1104 4500 et
1141 4444 1316 4498 omnis
1346 4444 1438 4513 qui
1478 4445 1650 4514 diligit
1690 4461 1810 4500 eum
1852 4447 1942 4516 qui
1983 4447 2203 4516 genuit,
2232 4451 2544 4551 Djudicem
2568 4491 2583 4515 ,
2631 4450 2724 4520 qui
2761 4450 2812 4503 in
2863 4446 3448 4518 {equitatejudicaturus
3479 4445 3538 4493 est
3570 4431 3704 4551 vita:

639 4552 658 4585 ‹
695 4534 866 4604 diligit
897 4542 952 4589 et
978 4549 1102 4588 eum
1131 4534 1221 4603 qui
1251 4541 1409 4589 natus
1443 4542 1528 4590 est
1562 4551 1629 4589 ex
1665 4550 1750 4590 eo.
1785 4535 1840 4590 In
1877 4537 1976 4591 hoc
2012 4552 2209 4607 cogno-
2232 4517 2285 4551 u
2307 4517 2578 4607 nter-tuos,
2605 4517 3152 4611 prmdiwtinjtisttim,
3175 4537 3406 4608 quoniam
3420 4517 3704 4585 nominauit!!!t

645 4642 663 4674 ι
701 4625 900 4679 scimus
923 4625 1178 4695 quoniam
1201 4625 1472 4695 diligimus
1496 4635 1653 4681 natos
1669 4627 1763 4681 Dei
1791 4642 1910 4682 cum
1936 4627 2105 4682 Deum
2131 4627 2208 4683 di-
2313 4632 2595 4705 agentibus
2632 4631 2874 4701 praemia,
2905 4639 2960 4686 et
2985 4631 3122 4684 male
3146 4629 3411 4700 agentibus
3446 4623 3630 4676 tormeu

642 4733 660 4766 ι
690 4693 955 4785 ligamus,
981 4723 1037 4769 et
1062 4693 1322 4770 mandata
1342 4715 1458 4786 ejus
1488 4715 1769 4772 faciamus.
1795 4716 1922 4771 Haec
1949 4725 2033 4772 est
2061 4717 2206 4772 enim
2313 4693 2537 4778 rgddere
2565 4693 2816 4776 allirmat.
2851 4693 3074 4787 Quarto,
3103 4693 3243 4790 quod
3273 4693 3701 4782 redemptorem111WSi

644 4825 661 4857 ι
695 4807 932 4862 charitas
970 4806 1098 4873 Dei,
1144 4813 1205 4860 ut
1242 4807 1497 4861 mandata
1545 4807 1664 4876 ejus
1701 4809 2110 4872 custodiamus;
2152 4815 2209 4862 et
2313 4811 2514 4867 frustra
2568 4811 2885 4881 sanguinem
2949 4826 3102 4866 suum
3155 4810 3351 4864 fudisse
3396 4819 3480 4858 non
3534 4794 3704 4881 ιιωειμι

640 4915 659 4948 ι
695 4898 944 4952 mandata
997 4899 1115 4970 ejus
1157 4898 1344 4968 gravia
1391 4914 1499 4953 non
1546 4907 1691 4954 sunt.
1740 4900 2004 4966 Quoniam
2048 4916 2208 4956 omne
2312 4920 2553 4960 errorem
2600 4879 2758 4958 suum
2811 4903 3045 4974 fingere,
3095 4902 3187 4972 qui
3238 4901 3289 4954 in
3331 4913 3382 4952 se
3420 4879 3701 4978 medentibus“

640 5009 660 5041 ε
695 4992 838 5061 quod
877 5003 1063 5046 natum
1105 5001 1189 5048 est
1225 5007 1292 5047 ex
1336 4993 1445 5048 Deo
1483 4994 1650 5048 vincit
1681 4995 1976 5048 mundum:
2009 5003 2062 5049 et
2091 4994 2206 5048 haec
2308 4995 2653 5068 sperantibus
2695 4973 2918 5065 propter
2965 4986 3432 5064 prazdestinationis
3465 4973 3701 5068 nectis-“ff

640 5101 660 5136 σ
691 5091 777 5139 est
801 5084 1026 5140 victoria
1053 5101 1172 5154 quae
1203 5083 1368 5138 vincit
1392 5084 1649 5138 mundum
1677 5083 1809 5139 fides
1835 5092 2042 5138 nostra.
2073 5084 2206 5152 Quis
2307 5056 2414 5140 non
2458 5084 2631 5153 possit
2674 5056 2982 5138 subvenire:
3014 5082 3212 5148 Quinto
3235 5120 3249 5145 ,
3299 5075 3423 5147 quod
3453 5082 3527 5123 nec
3555 5061 3600 5114 de
3620 5056 3701 5106 W5

641 5197 660 5229 ι
689 5186 774 5232 est
807 5178 899 5247 qui
934 5178 1102 5232 vincit
1140 5178 1430 5241 mundum,
1472 5176 1576 5230 nisi
1619 5175 1712 5244 qui
1751 5175 1924 5231 credit
1951 5175 2206 5245 quoniam
2307 5177 2510 5248 angelis
2555 5192 2745 5232 eorum
2773 5191 3059 5230 numerum
3091 5187 3246 5244 quem
3277 5164 3483 5226 diabolus
3508 5169 3574 5248 Ρεξτ

640 5287 660 5320 ς
688 5240 846 5322 Iesus
891 5276 974 5323 est
997 5267 1166 5323 Filius
1194 5268 1332 5323 Dei?
1368 5287 1385 5318 ι
1415 5267 1432 5339 (
1457 5266 1485 5320 1
1510 5240 1671 5320 lanii.
1698 5282 1750 5329 v,
1781 5265 1940 5336 1-5).
1968 5240 2033 5319 Si
2061 5265 2206 5319 enim
2306 5240 2452 5322 biam
2478 5282 2744 5322 corruens
2765 5266 2979 5329 minuit,
3007 5240 3250 5319 Salvator
3275 5267 3435 5314 noster
3454 5240 3701 5339 per

636 5358 876 5411 charitas
915 5357 1011 5412 Dei
1050 5359 1318 5412 neminem
1352 5331 1542 5425 juvat,
1573 5373 1674 5412 nec
1701 5357 1794 5411 filii
1828 5331 1922 5410 Dei
1954 5356 2050 5410 lilii
2079 5363 2207 5410 sunt
2308 5360 2671 5415 conditionem
2696 5359 3005 5428 adimpleat.
3033 5357 3218 5420 Sexto,
3245 5350 3372 5423 quod
3395 5331 3702 5430 magisfn'ﬂf'i3

635 5445 793 5513 lucis,
813 5448 1082 5516 quomodo
1099 5448 1153 5501 id
1176 5446 1315 5516 quod
1336 5423 1521 5502 natum
1544 5457 1708 5503 estex
1731 5449 1840 5503 Deo
1862 5449 2032 5503 vincit
2053 5465 2210 5504 mun—
2309 5451 2559 5520 opinione
2589 5447 2804 5504 diabolo
2822 5423 2860 5514 ,-
2883 5448 3132 5518 quoniam
3164 5445 3226 5499 ad
3256 5443 3364 5513 ejus
3387 5423 3702 5520 perditioniSf;

635 5493 793 5513 _..-.-,
815 5493 1079 5516 ,μνηηηη
1102 5493 1153 5501 ,ν
1183 5493 1315 5516 Γ--
1337 5493 1521 5502 --_-_...
1546 5493 1708 5503 πη.-
1731 5493 1838 5503 ν-..
2310 5493 2340 5504 υ
2383 5493 2558 5504 ....-....
2591 5493 2837 5514 ...νυν-ν,
2924 5493 3132 5502 ..ν-η.--
3165 5493 3226 5499 --
3262 5493 3320 5513 -.κ
3347 5493 3357 5495 ~
3389 5493 3400 5506 .
3626 5505 3634 5515 ,

633 5536 808 5592 dum?
837 5548 892 5594 et
919 5538 1186 5612 quomodo
1217 5537 1446 5592 victoria
1477 5538 1663 5593 mundi
1689 5546 1772 5592 est
1802 5539 1935 5594 fides
1965 5539 2210 5594 Christi?
2310 5493 2418 5596 te’m
2470 5540 2694 5595 tradidit
2739 5555 2866 5605 eos,
2885 5493 3058 5608 “quos
3105 5535 3278 5592 divina
3326 5526 3469 5600 gratia
3492 5493 3702 5612 decrtilij

637 5628 698 5684 Si
729 5639 910 5685 autem
941 5611 1072 5686 fides
1101 5631 1333 5694 Christi,
1367 5646 1486 5699 qua:
1515 5647 1611 5700 per
1642 5631 1982 5688 dilectionem
2012 5648 2208 5703 opera-
2311 5634 2540 5689 salutem
2581 5603 3194 5702 aeternam-pertingere.
3241 5623 3476 5694 Septimo.

637 5725 748 5783 “"3
777 5734 902 5772 Vera
935 5721 1077 5774 ⁵³¹¹¹³
1105 5730 1190 5776 εει
1219 5722 1528 5785 ιιοπιίιιῑιηιν
1572 5722 1698 5789 (ιυὶει
1726 5723 1817 5790 qui
1849 5724 2019 5778 credit
2057 5723 2110 5777 in
2141 5723 2209 5777 ιι-
2313 5724 2534 5780 humani
2557 5725 2770 5794 generis
2797 5721 3282 5778 maximeinimicus
3303 5715 3380 5779 sit,
3399 5721 3496 5765 cum
3513 5693 3601 5756 illud
3615 5689 3702 5744 aut,
