3938 6334
108 373 115 377 ·
176 354 295 414 1541

1594 344 1974 405 EPISTOL/E.

2078 249 2107 274 ἢ

3256 354 3396 412 1542

170 487 264 543 per
284 467 488 526 Christi
526 464 685 525 fidem
712 473 769 523 et
792 465 1047 539 baptismi
1076 471 1474 522 sacramentum
1502 476 1534 518 a
1560 460 1723 536 primi
1748 461 1803 521 Α
1827 459 2025 516 salvari
2049 459 2234 529 velint,
2261 461 2365 518 nisi
2401 461 2593 533 aliquae
2617 477 2794 520 causae
2816 462 3053 521 existant
3072 465 3140 521 de
3164 466 3392 536 quibus,

171 560 400 634 parentis
424 559 597 629 lapsu,
628 557 1081 630 propriorumque
1118 556 1380 613 scelerum
1407 562 1590 621 reatu,
1626 569 1729 611 nec
1828 552 2077 623 quamvis
2095 552 2205 609 sint
2230 554 2387 609 nobis
2411 554 2876 627 incognoscibiles,
2904 555 3018 627 ipse
3044 566 3221 613 tamen
3246 557 3393 629 judi-

168 669 271 711 nou
313 660 370 710 et
410 652 480 707 ab
511 650 748 706 hostium
790 658 1061 722 potestate
1106 664 1214 704 non
1258 663 1418 720 posse
1439 648 1580 714 erui,
1629 648 1726 704 sed

167 743 455 815 obligatum
497 741 657 797 noxia
680 739 889 811 Opificis
916 740 999 797 sui
1025 740 1496 811 praedestinatione
1529 740 1582 794 in
1610 747 1724 795 tar—

168 844 337 891 tarum
380 832 641 904 demergi.
672 830 876 901 Hisque
915 831 1166 887 omnibus
1192 830 1266 885 ita
1293 831 1549 897 ostensis,
1596 845 1727 886 suus

163 926 409 997 proprius
445 924 681 979 maxime
723 923 978 979 inimicus
1025 938 1146 978 esse
1192 924 1555 990 convincitur,
1602 939 1725 979 cum

163 1032 266 1072 non
291 1015 462 1071 solum
493 1013 595 1070 sibi
620 1014 673 1068 in
695 1014 799 1069 hoc
826 1014 1085 1084 gebenme
1111 1016 1287 1085 ignem
1315 1024 1601 1086 praeparat,
1632 1016 1725 1071 sed

163 1107 319 1162 etiam
346 1106 399 1160 in
430 1120 518 1171 eo,
546 1104 689 1174 quod
719 1104 857 1160 alios
884 1120 984 1176 per
1011 1107 1216 1162 erroris
1238 1107 1321 1163 sui
1346 1107 1649 1163 doctrinam
1693 1123 1724 1162 a

160 1197 249 1252 via
274 1196 516 1252 veritatis
560 1195 865 1252 seducendo
907 1211 1019 1252 sua:
1044 1196 1405 1254 damnationis
1450 1197 1580 1254 facit
1605 1214 1726 1254 esse

160 1296 437 1344 consortes
461 1302 476 1342 :
502 1302 601 1358 pro
622 1288 819 1358 quibus
840 1288 955 1359 ipse
976 1290 1095 1346 sine
1118 1290 1282 1346 dubio
1301 1291 1352 1345 in
1375 1291 1498 1362 igne
1522 1300 1725 1347 aeterno

158 1392 344 1448 poenas
389 1377 682 1447 condignas
730 1376 921 1433 solvet.
968 1378 1124 1436 Unde
1163 1387 1217 1434 et
1255 1389 1444 1451 pastor
1467 1380 1725 1438 Ecclesiae

159 1469 237 1525 ait
265 1487 278 1524 :
333 1488 352 1521 ι
385 1468 627 1525 Fuerunt
652 1484 783 1524 vero
813 1477 868 1525 et
896 1471 1374 1543 pseudoprophetae
1408 1474 1462 1528 in
1492 1475 1722 1545 populo,

163 1578 185 1612 ι
221 1563 354 1617 sicut
393 1570 449 1617 et
488 1563 543 1617 in
581 1562 733 1617 vobis
763 1572 924 1618 erunt
972 1565 1221 1636 magistri
1267 1567 1586 1635 mendaces,
1631 1568 1723 1639 qui

48 1718 69 1735 ι
162 1669 183 1702 ε
220 1651 465 1705 inducent
508 1659 687 1707 sectas
708 1653 1044 1721 perditionis,
1080 1662 1135 1709 et
1160 1670 1283 1711 eum
1329 1657 1420 1727 qui
1458 1658 1603 1713 eruit
1631 1674 1725 1714 eos

160 1759 182 1793 ι
220 1741 496 1797 Dominum
544 1751 835 1812 negantes,
885 1743 1307 1813 superducentes
1341 1746 1444 1802 sibi
1490 1746 1720 1803 celerem

1826 656 1935 713 cat,
1981 647 2047 703 de
2072 662 2178 717 quo
2222 647 2328 704 dici
2366 663 2473 704 non
2502 654 2717 718 potest,
2763 647 2922 703 aliter
2950 664 3073 704 eum
3100 649 3393 719 quidquam

1826 739 2008 794 facere
2051 737 2303 794 debuisse
2342 755 2503 809 quam
2547 738 2773 795 fecerit?
2821 739 3046 793 Remota
3091 739 3256 811 igitur
3290 740 3396 797 hac

1826 832 2182 897 discretione,
2220 846 2380 901 quam
2429 831 2607 888 divina
2659 831 2882 887 scientia
2930 831 3072 886 intra
3122 841 3394 888 secretum

1818 921 2045 993 justitias
2077 936 2188 976 suae
2209 921 2465 986 continet,
2493 921 2854 977 sincerissime
2874 921 3200 977 credendum
3230 931 3395 993 atque

1822 1011 2184 1084 profitendum
2208 1021 2292 1067 est
2314 1012 2483 1066 Deum
2507 1011 2644 1066 velle
2678 1020 2738 1066 ut
2766 1027 2953 1068 omnes
2980 1013 3229 1068 homines
3259 1014 3393 1069 salvi

1826 1104 1978 1159 ﬁant.
2010 1103 2286 1174 Siquidem
2310 1100 2620 1171 Apostolus,
2671 1101 2826 1170 cujus
2853 1103 2952 1157 ista
2980 1103 3248 1158 sententia
3274 1111 3394 1169 est,

1825 1193 2208 1249 sollicitissime
2255 1191 2524 1263 praecipit,
2553 1192 2697 1261 quod
2738 1191 2794 1247 in
2845 1192 3096 1248 omnibus
3137 1192 3399 1250 Ecclesiis

1825 1283 2065 1355 piissime
2094 1283 2429 1349 custoditur,
2456 1293 2518 1337 ut
2545 1282 2657 1338 Deo
2690 1297 2789 1353 pro
2812 1283 3063 1338 omnibus
3087 1284 3397 1340 hominibus

1824 1374 2158 1446 supplicetur
2191 1393 2204 1428 :
2232 1390 2297 1429 ex
2325 1374 2520 1444 quibus
2548 1373 2689 1443 quod
2713 1373 2866 1428 multi
2880 1382 3138 1444 pereunt,
3167 1390 3399 1445 pereun-

1824 1466 1959 1519 tium
2007 1473 2090 1520 est
2113 1464 2396 1532 meritum;
2443 1466 2586 1535 quod
2632 1464 2784 1519 multi
2810 1465 3109 1531 salvantur,
3143 1466 3401 1523 salvantis

1824 1560 1910 1609 est
1933 1555 2155 1608 donum.
2183 1551 2259 1609 Ut
2282 1554 2427 1609 enim
2458 1568 2582 1610 reus
2613 1555 2920 1620 damnetur,
2952 1555 3291 1626 inculpabilis
3317 1567 3401 1612 est

1827 1644 1918 1700 Dei
1958 1643 2169 1713 iustitia
2201 1660 2217 1698 :
2255 1653 2314 1700 ut
2357 1656 2537 1701 autem
2571 1662 2696 1701 reus
2717 1646 3064 1717 justificetur,
3114 1648 3403 1705 ineffabilis

1825 1736 1921 1792 Dei
1971 1736 2146 1807 gratia
2190 1731 2305 1791 est.
2341 1734 2443 1802 Qui
2486 1745 2666 1792 autem
2718 1737 2906 1793 dicunt
2949 1738 3095 1807 quod
3138 1737 3399 1808 majorem

161 1849 182 1882 ι
214 1830 585 1901 perditionem.
624 1832 693 1886 Et
720 1832 871 1887 multi
903 1843 1200 1903 sequentur
1225 1850 1411 1891 eorum
1455 1837 1716 1908 luxurias,

1822 1836 2031 1899 partem
2062 1826 2204 1883 Deus
2232 1828 2452 1883 humani
2481 1830 2697 1900 generis
2720 1830 2786 1883 ad
2818 1830 2923 1886 hoc
2950 1839 3133 1896 creet,
3166 1838 3225 1887 ut
3250 1830 3398 1886 illam

160 1939 181 1972 ι
216 1936 309 1993 per
333 1937 468 1993 quos
487 1923 573 1977 via
597 1924 844 1980 veritatis
869 1923 1362 1996 blaspliemahitur;
1398 1936 1452 1984 et
1493 1929 1547 1984 in
1587 1946 1717 1986 ava-

160 2030 180 2064 ι
220 2012 335 2068 ritia
366 2011 506 2069 fictis
532 2014 715 2070 verbis
741 2013 809 2069 de
834 2015 986 2071 vobis
1024 2017 1444 2087 negotiabuntur
1473 2038 1486 2073 :
1523 2022 1721 2091 quibus

160 2123 179 2155 ι
209 2103 464 2175 judicium
500 2103 611 2174 jam
653 2104 781 2159 olim
812 2120 917 2161 non
949 2114 1158 2173 cessat,
1203 2119 1259 2163 et
1279 2109 1512 2179 perditio
1534 2124 1719 2167 eorum

158 2211 178 2243 ί
212 2207 312 2247 non
345 2191 599 2247 dormitat
624 2192 675 2266 (1
684 2193 708 2248 ι
736 2191 881 2249 Petr.
908 2210 975 2260 ιι,
1001 2196 1144 2268 1-3).
1182 2216 1201 2248 ι
1242 2198 1316 2252 De
1341 2215 1450 2270 quo
1473 2209 1530 2256 et
1553 2200 1721 2260 Judas

152 2281 209 2336 in
236 2281 472 2352 Epistola
498 2298 592 2338 sua
621 2285 865 2339 scribens
893 2285 971 2340 ait
1001 2302 1015 2340 :
1057 2304 1077 2338 ι
1111 2285 1553 2347 Subintroierunt
1573 2294 1720 2349 enim

157 2392 176 2425 ι
213 2372 425 2444 quidam
454 2375 723 2441 homines,
756 2377 848 2447 qui
890 2378 1020 2433 olim
1042 2382 1343 2452 pmscripti
1371 2392 1497 2438 sunt
1539 2385 1593 2440 in
1617 2387 1721 2443 hoc

157 2482 176 2514 ι
204 2463 463 2535 judicium
479 2464 649 2534 impii,
669 2464 881 2520 Domini
904 2468 1074 2524 nostri
1089 2470 1318 2540 gratiam
1332 2472 1722 2531 transferentes

154 2571 175 2606 ς
215 2553 264 2608 in
300 2553 601 2621 luxuriam,
646 2565 702 2611 et
726 2556 899 2612 solum
932 2559 1325 2618 dominatorem
1359 2570 1413 2619 et
1436 2564 1719 2622 Dominum

151 2661 173 2695 ‹
209 2651 449 2698 nostrum
472 2643 654 2700 Jesum
681 2645 955 2702 Christum
984 2662 1243 2721 negantes
1267 2651 1467 2725 (Judte,
1493 2655 1572 2727 ὁ).
1611 2676 1628 2709 ι
1653 2657 1721 2712 Ει

145 2735 340 2792 iterum
366 2755 380 2791 :
419 2756 438 2788 ‹
469 2735 731 2794 Similiter
757 2746 812 2794 et
833 2755 1051 2798 carnem
1072 2743 1288 2814 quidem
1311 2747 1605 2815 maculant,
1625 2751 1720 2806 do-

148 2845 174 2882 c
208 2830 556 2886 minationem
600 2840 779 2888 autem
824 2845 1103 2905 spernunt,
1152 2838 1489 2909 majestatem
1537 2849 1718 2898 autem

148 2938 173 2971 ‹
207 2920 598 2991 blasphemant.
628 2923 764 2979 Cum
794 2923 1023 2979 Michael
1051 2927 1407 2998 archangelus
1435 2945 1558 2985 cum
1599 2931 1717 2986 dia-

146 3033 167 3067 σ
208 3012 331 3070 bolo
353 3015 633 3086 disputans
663 3017 1019 3075 altercaretur
1039 3020 1109 3074 de
1134 3019 1301 3093 Moysi
1325 3037 1551 3093 corpore
1567 3064 1583 3090 ,
1610 3040 1716 3096 non

146 3126 167 3159 ι
206 3115 286 3163 est
312 3122 474 3164 ausus
493 3109 755 3180 judicium
781 3110 980 3167 inferre
1002 3111 1350 3182 blasphemia:
1368 3154 1383 3180 ,
1412 3115 1508 3171 sed
1532 3116 1668 3171 dixit
1698 3132 1713 3172 :

142 3219 163 3251 ι
202 3199 434 3270 Imperet
473 3202 571 3257 tibi
612 3201 772 3258 Deus.
801 3202 868 3259 Hi
903 3212 1085 3259 autem
1121 3222 1457 3279 qurecunque
1497 3210 1716 3280 quidem

141 3291 458 3360 «ignorant
508 3292 928 3362 blasphemant,
982 3310 1103 3366 quae
1155 3304 1338 3352 autem
1395 3298 1719 3356 naturaliter

136 3398 159 3433 ι
202 3387 457 3451 tanquam
509 3384 765 3440 animalia
797 3394 1032 3453 norunt,
1083 3386 1137 3442 in
1176 3387 1262 3442 his
1298 3398 1718 3460 corrumpuntur

135 3492 159 3526 α
201 3469 393 3546 (Ibid.,
415 3473 590 3545 8-10).
623 3494 642 3527 ι
668 3476 735 3530 Ει
760 3477 921 3547 paulo
947 3485 1107 3546 post:
1141 3495 1161 3528 ι
1197 3477 1337 3545 Ecce
1358 3479 1509 3534 venit
1539 3481 1717 3537 Domi-

132 3583 155 3616 ι
194 3578 301 3618 nus
324 3564 380 3617 in
407 3564 609 3619 sanctis
624 3565 863 3622 millibus
882 3567 997 3622 suis
1024 3566 1202 3623 facere
1233 3568 1499 3638 judicium
1523 3582 1716 3629 contra

128 3672 153 3706 ι
197 3667 414 3718 omnes,
438 3661 494 3707 et
523 3668 748 3724 arguere
781 3669 971 3711 omnes
993 3656 1187 3726 impios
1210 3660 1276 3713 de
1303 3660 1556 3716 omnibus
1582 3678 1716 3734 ope-

125 3765 150 3799 e
195 3745 354 3801 ribus
379 3744 674 3815 impietatis
704 3761 913 3813 eorum,
949 3747 1147 3816 quibus
1178 3748 1343 3819 impie
1376 3760 1633 3820 egerunt,
1662 3760 1719 3807 et

126 3853 151 3888 α
200 3834 270 3890 de
314 3834 569 3891 omnibus
616 3836 766 3891 duris
809 3850 932 3906 quae
973 3836 1140 3891 locuti
1178 3848 1303 3893 sunt
1349 3848 1539 3895 contra
1592 3857 1716 3897 eum

125 3946 149 3980 ι
196 3936 514 3997 peccatores
537 3928 710 3996 impii.
739 3927 805 3983 Hi
842 3936 971 3984 sunt
1011 3940 1474 3999 murmuratores,
1512 3948 1716 4004 queru-

123 4039 147 4072 ι
190 4016 330 4084 losi,
376 4018 672 4075 secundum
716 4019 985 4077 desideria
1031 4036 1125 4077 sua
1157 4023 1523 4092 ambulantes,
1574 4034 1627 4080 et
1655 4040 1719 4081 os

123 4130 147 4165 ς
194 4110 415 4166 illorum
466 4111 704 4183 loquitur
730 4114 1039 4185 superbiam
1064 4155 1079 4181 ,
1127 4115 1391 4172 mirantes
1427 4132 1717 4188 personam

121 4224 146 4257 ι
190 4210 436 4275 quazstus
467 4219 631 4260 causa
655 4205 843 4278 (Ibid.,
862 4206 1071 4280 14-16).
1109 4229 1128 4261 ι
1161 4209 1287 4265 Ητεο
1304 4220 1483 4266 autem
1506 4227 1625 4283 quae
1651 4213 1719 4268 de

113 4294 336 4351 divinis
361 4295 658 4367 Scripturis
688 4299 993 4355 testimonia
1020 4301 1364 4371 protulimus,
1392 4304 1459 4358 ad
1483 4304 1714 4360 confun-

111 4388 372 4444 dendum
399 4403 641 4444 errorem
684 4389 900 4445 illorum
932 4391 1023 4460 qui
1052 4392 1587 4462 prtedestinationem
1616 4395 1715 4450 Dei

110 4492 363 4534 causam
398 4479 585 4535 dicunt
626 4495 747 4536 esse
792 4481 1115 4552 perditionis
1148 4484 1479 4559 perditorum
1500 4526 1515 4552 ,
1545 4494 1601 4541 et
1644 4488 1711 4543 ad
1738 4508 1793 4571 Β

108 4568 529 4626 ostendendum
541 4571 685 4642 quod
699 4571 843 4627 Deus
856 4572 985 4628 velit
1002 4588 1100 4643 per
1113 4574 1272 4630 fidem
1287 4583 1490 4631 rectam
1505 4585 1561 4633 ct
1574 4576 1715 4634 bona

108 4676 304 4732 opera
326 4663 548 4731 praemia
575 4665 781 4735 acquiri
806 4665 959 4737 regni
978 4665 1234 4731 ccelestis,
1259 4682 1431 4738 pauca
1454 4669 1521 4724 de
1541 4669 1714 4739 pluri—

106 4750 234 4808 mis
253 4760 482 4823 excepta
506 4754 758 4825 prudenti
781 4755 970 4811 lectori
992 4756 1282 4812 suﬂiciant.
1308 4758 1513 4814 Dehinc
1533 4768 1716 4816 autem

103 4844 263 4915 quid
288 4844 344 4899 in
359 4853 669 4902 sanctorum
685 4846 967 4904 doctorum
990 4864 1056 4905 ac
1080 4850 1470 4906 catholicorum
1490 4850 1716 4907 Palmm

101 4936 420 4992 sententiis
450 4940 755 5010 expositum
792 4941 859 4996 de
901 4940 1378 5011 praedestinatione
1408 4943 1506 4999 Dei
1559 4936 1713 5000 inv'e-

101 5024 378 5081 norimus
420 5026 707 5083 edicimus.
743 5027 997 5100 (Prosper
1032 5030 1321 5101 objectione
1361 5030 1596 5088 Vincent.
1627 5034 1715 5105 tt.)

110 5134 137 5169 ι
166 5114 321 5171 Nam
347 5116 425 5171 illi
446 5119 540 5188 qui
571 5119 756 5175 dicunt
782 5121 925 5191 quod
948 5121 1090 5177 Deus
1113 5123 1452 5178 nolitomnes
1481 5125 1712 5191 salvare,

103 5210 352 5266 etiamsi
394 5226 585 5267 omnes
610 5213 805 5269 salvari
830 5215 1015 5281 velint,
1044 5226 1306 5287 quantum
1342 5227 1546 5285 errent,
1593 5234 1713 5274 om-

99 5301 296 5359 nibus
321 5310 503 5373 patet,
534 5320 660 5359 cum
693 5305 907 5361 Veritas
923 5307 1068 5362 dicat
1098 5322 1112 5361 :
1151 5327 1169 5359 ι
1208 5306 1268 5363 Si
1308 5323 1419 5373 vos,
1446 5324 1571 5364 cum
1598 5310 1719 5367 sitis

103 5412 135 5448 ε
175 5394 341 5459 mali,
390 5396 566 5452 nostis
596 5395 747 5452 bona
776 5396 903 5452 data
945 5398 1077 5453 dare
1106 5397 1230 5454 filiis
1256 5401 1480 5466 vestris,
1506 5408 1714 5472 quanto

102 5502 133 5539 ‹
176 5487 369 5556 magis
395 5485 558 5542 Pater
582 5496 763 5544 vester
788 5488 1027 5543 caelestis
1050 5489 1201 5544 dabit
1226 5491 1367 5545 bona
1403 5492 1714 5562 petentibus

101 5592 131 5629 ι
177 5575 295 5631 se?
343 5596 363 5629 ι
398 5577 640 5650 (Μαιυιη
669 5595 768 5646 vn,
800 5578 913 5651 Η.)
941 5579 1222 5647 Quomodo
1270 5582 1389 5637 fieri
1432 5590 1608 5652 potest
1652 5591 1714 5638 ut

94 5667 276 5725 Deus
301 5669 397 5739 qui
422 5671 586 5727 etiam
609 5671 728 5728 illos
755 5672 928 5728 salvat
957 5672 1024 5727 de
1046 5673 1244 5742 quibus
1269 5672 1375 5728 dici
1403 5688 1510 5728 non
1537 5682 1716 5744 potest

94 5759 277 5830 quod
330 5760 528 5817 salvari
578 5762 785 5832 velint,
827 5762 962 5819 nolit
1005 5763 1215 5833 aliquos
1245 5762 1461 5834 salvari,
1496 5766 1711 5823 etiamsi

1743 3156 1788 3220 C

1819 1921 2011 1990 perdat
2030 1920 2087 1975 in
2106 1928 2392 1986 aeternum,
2412 1935 2476 1975 eo
2496 1922 2640 1990 quod
2662 1920 2813 1975 multi
2837 1921 3001 1977 latam
3016 1931 3072 1978 et
3093 1922 3391 1993 spatiosam

1819 2013 1962 2068 viam
1998 2013 2199 2066 vadunt
2239 2027 2360 2083 quae
2387 2013 2534 2068 ducit
2577 2013 2647 2068 ad
2684 2020 2949 2079 mortem,
2996 2022 3051 2070 et
3090 2015 3251 2086 pauci
3299 2028 3401 2084 per

1822 2109 2106 2173 angustam
2135 2117 2255 2172 qua:
2284 2102 2454 2157 tendit
2476 2103 2545 2157 ad
2573 2102 2739 2157 vitam
2773 2113 3032 2160 aeternam
3064 2120 3079 2159 :
3111 2105 3404 2175 plurimus-

1818 2205 1926 2262 que
1952 2201 2038 2248 est
2066 2205 2324 2246 numerus
2348 2190 2643 2247 inﬁdelium
2665 2234 2679 2259 ,
2707 2201 2762 2247 et
2796 2193 2886 2264 qui
2915 2193 3031 2250 sine
3062 2194 3404 2265 baptismatis

1820 2283 2061 2339 remedio
2089 2290 2371 2338 transeunt
2400 2283 2467 2339 de
2498 2287 2601 2338 hoc
2637 2284 2862 2350 mundo,
2904 2294 2961 2339 et
2986 2284 3107 2341 ideo
3135 2299 3242 2340 non
3270 2300 3401 2356 pos-

1819 2383 1948 2430 sunt
1979 2373 2183 2429 absolvi
2208 2377 2275 2430 de
2301 2374 2580 2445 originalis
2607 2377 2817 2446 peccati
2840 2377 3075 2443 vinculo,
3106 2379 3260 2447 quasi
3288 2379 3405 2435 haec

1819 2465 2000 2521 omnia
2049 2464 2117 2520 ad
2171 2466 2511 2522 conditorem
2545 2467 2767 2522 humani
2799 2470 3015 2540 generis
3060 2471 3402 2540 pertineant,

1819 2556 1972 2628 quasi
2015 2556 2131 2627 ipse
2159 2570 2254 2611 eos
2284 2557 2378 2626 qui
2415 2556 2693 2613 intereunt
2734 2560 2811 2615 ita
2841 2558 2973 2615 velit
3000 2559 3258 2625 interire,
3290 2575 3402 2616 non

1819 2653 1967 2702 recte
2020 2645 2277 2701 sentiunt.
2330 2666 2350 2699 ι
2410 2646 2666 2719 (Objectio
2722 2647 2871 2704 Vina.
2918 2649 3019 2723 tv.)
3068 2672 3087 2704 ι
3144 2652 3402 2708 Omnium

1820 2740 2037 2811 quidem
2075 2740 2356 2795 hominum
2402 2739 2545 2796 Deus
2581 2752 2798 2799 creator
2823 2750 2907 2798 est
2952 2758 2967 2798 :
2999 2744 3096 2799 sed
3126 2759 3286 2800 nemo
3333 2746 3403 2801 ab

1819 2846 1885 2887 eo
1912 2831 2034 2887 ideo
2053 2840 2267 2888 creatus
2292 2840 2378 2889 est
2403 2875 2418 2899 ,
2458 2843 2519 2889 ut
2545 2835 2776 2905 periret,
2809 2836 2935 2906 quia
2975 2835 3077 2890 alia
3108 2845 3194 2891 est
3240 2851 3404 2893 causa

1818 2926 2108 2993 nascendi,
2141 2933 2196 2980 et
2238 2927 2344 2981 alia
2382 2935 2466 2983 est
2492 2928 2776 2998 pereundi.
2827 2927 2897 2983 Ut
2921 2928 3068 2984 enim
3106 2938 3405 2985 nascantur

1818 3017 2085 3083 homines,
2109 3017 2408 3076 conditoris
2432 3027 2518 3076 est
2546 3006 2870 3075 beneﬁcium
2916 3037 2930 3073 :
2977 3027 3037 3075 ut
3066 3028 3249 3076 autem
3274 3036 3402 3093 per-

1821 3110 1972 3176 eant,
2001 3111 2436 3180 praevaricatoris
2463 3120 2548 3169 est
2575 3113 2850 3167 meritum.
2881 3111 2939 3167 In
2963 3111 3136 3169 Adam
3183 3114 3400 3186 quippe,

1818 3203 1874 3255 in
1920 3216 2030 3272 quo
2053 3202 2296 3257 omnium
2343 3203 2625 3257 hominum
2670 3201 3017 3273 praeformata
3049 3212 3243 3259 natura
3288 3215 3404 3272 est,

1816 3309 2006 3351 omnes
2037 3301 2395 3365 peccaverunt
2423 3336 2437 3360 ,
2477 3295 2778 3364 eademque
2811 3297 3091 3351 sententia
3109 3312 3272 3367 quam
3308 3298 3403 3354 ille

1818 3386 2030 3459 accepit
2050 3386 2298 3441 obstricti
2314 3392 2442 3442 sunt
2468 3403 2481 3439 :
2507 3401 2683 3457 neque
2705 3387 2773 3442 ab
2790 3388 2896 3443 hoc
2920 3388 3157 3455 vinculo,
3183 3390 3401 3446 etiamsi

1816 3479 2051 3550 propriis
2070 3479 2313 3551 peccatis
2340 3489 2584 3546 careant,
2612 3480 2980 3547 resolvuntur,
3010 3482 3197 3538 nisiin
3222 3498 3407 3538 saera—

1817 3579 2002 3625 mento
2049 3571 2242 3627 mortis
2286 3579 2343 3627 et
2392 3573 2807 3627 resurrectionis
2854 3572 3058 3629 Christi
3087 3574 3143 3629 in
3192 3573 3399 3645 Spiritu

1819 3670 2008 3715 sancto
2034 3669 2407 3716 renascantur.
2452 3661 2625 3717 Nimis
2653 3677 2783 3732 ergo
2824 3664 3026 3733 impius
3052 3672 3109 3719 et
3152 3664 3406 3722 indoctus

1818 3759 1940 3815 est,
1986 3750 2078 3819 qui
2121 3750 2314 3804 vitium
2356 3759 2564 3806 natura:
2613 3766 2721 3806 non
2768 3753 3033 3808 discernit
3061 3752 3130 3808 ab
3175 3763 3402 3810 auctore

1819 3846 2047 3904 naturae,
2071 3854 2102 3893 a
2129 3854 2236 3909 quo
2260 3855 2485 3909 prorsus
2510 3841 2745 3896 alienum
2771 3849 2856 3896 est
2880 3841 3143 3911 quidquid
3182 3841 3238 3896 in
3267 3858 3405 3900 uno-

1818 3945 2033 4001 quoque
2058 3931 2423 3986 damnandum
2451 3940 2553 3987 est.
2584 3932 2746 3987 Great
2770 3932 2918 3987 enim
2958 3933 3207 3989 homines
3233 3973 3247 3999 ,
3297 3949 3400 3991 nec

1818 4020 2239 4092 multiplicandis
2252 4023 2661 4094 generationum
2678 4024 3111 4080 successiouibus
3130 4024 3405 4094 Opiﬁcium

1819 4128 1976 4168 suum
2015 4113 2315 4178 subtrahit,
2362 4115 2658 4170 secundum
2708 4114 2996 4170 consilium
3026 4114 3181 4171 bona:
3207 4117 3401 4170 volun-

1819 4204 1948 4261 tatis
2003 4220 2114 4261 suae
2143 4246 2159 4270 ,
2206 4214 2560 4275 reparaturus
2615 4207 2670 4261 in
2718 4206 2905 4261 multis
2948 4206 3094 4277 quod
3140 4208 3254 4278 ipse
3296 4223 3404 4263 non

1818 4298 1971 4354 fecit.
2032 4318 2053 4351 ι
2108 4296 2372 4370 (Objectio
2426 4295 2678 4364 Vincam,
2713 4297 2792 4371 v.)
2833 4316 2853 4349 ι
2888 4298 3041 4365 Quod
3103 4307 3282 4354 autem
3323 4299 3404 4355 di—

1818 4398 1988 4458 cunt,
2060 4398 2406 4461 peccatorum
2450 4399 2760 4447 nostrorum
2826 4391 2948 4447 ideo
3000 4391 3167 4446 Deum
3213 4399 3404 4446 aucto-

1820 4497 1935 4539 rem
1997 4497 2122 4538 esse
2166 4482 2309 4553 quod
2371 4482 2573 4538 malam
2640 4482 2776 4538 facit
2826 4482 3160 4538 voluntatem
3226 4483 3404 4541 homi-

1820 4590 1973 4641 num,
2002 4576 2107 4631 hoc
2134 4583 2220 4631 est
2245 4575 2625 4646 blasphemare
2652 4576 3010 4632 substantiam
3027 4617 3044 4643 ,
3070 4577 3225 4647 quasi
3246 4584 3405 4633 tiatu-

1821 4667 1918 4723 rali
1942 4675 2092 4723 motu
2118 4683 2225 4723 non
2256 4667 2427 4738 possit
2454 4667 2556 4723 nisi
2581 4682 2826 4737 peccare.
2858 4668 3004 4724 Istud
3049 4683 3149 4724 nos
3177 4683 3210 4723 a
3238 4683 3401 4725 sensu

1819 4768 2009 4815 nostro
2033 4760 2250 4829 penitus
2273 4760 2610 4824 abdicamus,
2643 4759 2737 4829 qui
2762 4759 2927 4815 Deum
2946 4760 3155 4831 justum
3178 4760 3400 4827 bonum,

1819 4853 1899 4908 sic
1914 4852 2166 4908 humanae
2187 4852 2522 4917 substantiae,
2540 4860 2596 4906 et
2618 4853 2941 4908 interion
2963 4854 3403 4925 exteriorumque

1818 4960 2080 5000 sensuum
2110 4946 2361 5000 novimus
2383 4954 2714 5011 creatorem,
2735 4955 2797 5000 ut
2819 4944 3054 5001 alienum
3081 4960 3307 5017 prorsus
3328 4946 3401 5003 ab

1818 5038 1911 5093 illo
1935 5039 2010 5093 sit
2032 5038 2293 5109 quidquid
2323 5047 2511 5094 contra
2540 5047 2788 5093 naturam
2835 5046 2937 5094 est.
2972 5037 3257 5094 Peccatum
3296 5054 3399 5094 au-

1818 5137 1928 5184 tem
1958 5136 2143 5185 contra
2170 5137 2423 5183 naturam
2451 5138 2556 5195 est,
2585 5129 2651 5185 de
2672 5144 2781 5199 quo
2806 5144 2954 5184 mors
2974 5137 3030 5183 et
3057 5130 3239 5184 omnia
3279 5144 3401 5200 qua:

1820 5228 1948 5275 sunt
1969 5220 2161 5275 mortis
2185 5219 2456 5275 oriuntur.
2484 5218 2691 5286 Quibus
2720 5219 2875 5275 malis
2898 5229 3026 5276 tunc
3050 5235 3107 5275 se
3133 5220 3294 5275 homo
3317 5220 3402 5275 in-

1821 5310 1970 5376 duit,
2022 5310 2240 5380 quando
2280 5309 2429 5364 illum
2477 5309 2582 5365 fide
2603 5309 3016 5380 obedientiaque
3046 5310 3318 5380 privatum
3343 5309 3400 5364 in

1823 5414 1953 5456 suas
1974 5400 2369 5471 promissiones
2400 5399 2646 5455 diabolus
2667 5415 2698 5455 a
2728 5400 2823 5455 Dei
2852 5400 2966 5471 lege
2989 5398 3258 5463 traduxit,
3283 5411 3400 5452 om-

1818 5492 2019 5562 niaquc
2066 5491 2167 5546 sibi
2225 5490 2559 5559 posteritatis
2602 5490 2846 5560 germina
2896 5505 2993 5560 per
3040 5487 3397 5558 perditionem

1819 5585 2127 5652 depravatae
2153 5581 2338 5651 stirpis
2379 5580 2690 5635 obstrinxit.
2721 5579 2839 5634 Non
2891 5579 3053 5648 igitur
3078 5577 3397 5647 cujusquam

1819 5673 2027 5745 peccati
2058 5678 2252 5729 auctor
2275 5679 2360 5726 est
2396 5672 2538 5726 Deus
2562 5711 2577 5735 ,
2626 5670 2720 5727 sed
2749 5677 2958 5723 natura:
2991 5676 3229 5733 creator,
3277 5680 3399 5736 qua:

1819 5778 1943 5822 cum
1989 5768 2309 5833 potestatem
2352 5759 2600 5817 habuerit
2628 5774 2737 5814 non
2785 5755 3167 5826 delinquendi,
3208 5765 3401 5828 sponte
