3938 6334
610 341 632 393 l
647 339 747 394 fixi?)

1223 335 1282 389 B.
1325 335 1575 390 RABANI
1615 336 1832 392 MAURI
1868 333 2190 389 ARCIIIEP.
2230 333 2539 389 MOGUNT.
2583 329 2866 388 OPERUM
2900 333 3077 390 PARS
3115 334 3200 390 ΙΙΙ.

3641 348 3727 405 l5“

609 451 852 521 deliquit,
882 459 938 505 et
961 449 1232 520 deceptori
1261 467 1357 504 suo
1385 452 1603 520 propria
1641 451 1913 505 voluntate
1950 464 2007 504 se
2051 449 2177 504 sub-
2204 448 2250 508 Λ
2279 448 2612 518 signaculum
2633 448 2735 503 hoc
2767 467 2778 503 :
2808 469 2825 500 ι
2853 451 3102 520 cognovit
3126 449 3372 506 Dominus
3387 453 3466 522 qui
3495 465 3593 510 sunt
3607 459 3725 525 ejus.

609 543 785 596 didit:
817 557 918 596 nec
962 541 1226 606 naturali,
1259 543 1352 596 sed
1400 543 1611 611 captivo
1648 549 1794 595 motu
1836 549 2083 595 versatur
2125 541 2178 594 in

609 635 764 697 vitio,
813 634 984 687 donec
1014 634 1277 687 moriatur
1297 640 1542 701 peccato,
1590 641 1644 686 et
1680 633 1826 685 vivat
1865 632 2007 696 Deo,
2037 632 2180 700 quod

609 725 726 778 sine
769 724 938 793 gratia
967 723 1064 777 Dei
1111 723 1290 778 facere
1318 739 1422 776 non
1456 731 1670 792 potest,
1717 723 1839 790 quia
1874 723 2179 776 libertatem

608 829 772 884 quam
804 814 1071 884 perdidit,
1117 815 1220 869 nisi
1263 814 1481 868 Christo
1512 813 1774 866 liherautc
1819 829 1923 866 nou
1964 813 2176 881 recipit.

609 906 725 961 Non
753 915 834 960 cst
862 907 1006 960 enim
1033 906 1174 959 aliud
1219 921 1410 959 nomen
1438 905 1536 959 sub
1571 905 1708 959 cmlo
1736 905 1919 959 datum
1951 905 2180 958 homini-

607 997 732 1060 bus,
782 997 832 1050 in
863 1012 968 1065 quo
990 1005 1238 1065 oporteat
1283 995 1461 1050 salvos
1503 995 1640 1048 fieri.
1679 1014 1696 1046 ι
1753 992 2009 1062 (Objectio
2054 992 2177 1046 Vin-

609 1095 743 1139 cent.
771 1085 846 1154 κ.)
881 1105 898 1135 ι
925 1085 1077 1151 Quod
1099 1093 1275 1140 autem
1303 1084 1522 1153 quidam
1545 1083 1729 1137 dicunt
1754 1083 1895 1150 quod
1921 1083 2180 1136 adulteria

609 1185 663 1228 et
687 1177 1023 1244 corruptelas
1047 1176 1315 1244 virginum
1349 1189 1648 1237 sacrarum,
1684 1173 1971 1227 homicidia
2019 1180 2179 1242 atque

608 1276 804 1321 caatera
826 1266 1028 1338 ﬂagitia
1058 1269 1179 1322 ideo
1203 1269 1366 1322 homo
1391 1264 1726 1322 commiserit
1767 1265 1892 1333 quia
1917 1280 2020 1317 non
2049 1279 2177 1333 pos—
2213 1315 2216 1318 .

609 1361 681 1415 sit
710 1361 800 1415 illa
831 1362 1025 1427 vitare,
1053 1362 1207 1431 quasi
1235 1361 1354 1415 illas
1381 1361 1520 1415 Deus
1545 1375 1803 1431 personas
1831 1359 1898 1414 ad
1922 1359 2021 1412 hoc
2043 1373 2182 1426 prac-

609 1450 960 1505 destiuaverit
985 1460 1042 1505 ut
1071 1460 1222 1506 certo
1251 1460 1496 1521 tempore
1522 1453 1573 1506 in
1611 1451 1837 1506 diversis
1861 1450 2005 1504 vitiis
2026 1449 2182 1502 cade-

610 1551 734 1597 rent
752 1583 766 1608 ,
801 1543 1115 1597 detestanda
1147 1543 1365 1612 quidem
1391 1552 1445 1598 et
1467 1541 1826 1597 abominanda
1853 1540 1998 1595 oumi
2026 1538 2182 1593 Chri-

609 1637 782 1692 stiano
805 1637 919 1690 hzec
949 1636 1130 1706 opinio
1158 1645 1240 1690 est
1260 1677 1275 1702 ,
1321 1653 1426 1706 qua
1473 1637 1639 1690 Deum
1665 1634 1982 1704 cujusquam
2029 1632 2181 1686 mala:

607 1727 904 1781 voluntatis
939 1736 1031 1780 aut
1053 1727 1208 1781 malae
1237 1729 1461 1782 actionis
1487 1726 1660 1782 credit
1683 1735 1959 1780 auctorem
1990 1741 2001 1777 :
2029 1722 2181 1792 cujus

2284 540 2366 609 (II
2415 539 2547 591 Tim.
2589 555 2649 600 rt,
2687 539 2797 606 i9.)
2856 539 3008 594 Nullo
3049 541 3212 610 igitur
3252 541 3396 596 modo
3435 545 3728 611 praedestinatiu

2283 629 2375 684 Dei
2405 630 2566 694 facit,
2607 638 2668 683 ut
2702 629 2866 699 aliqui
2922 645 2988 684 ex
3037 630 3160 684 filiis
3208 630 3297 686 Det
3330 632 3416 686 lilii
3449 635 3538 688 sint
3575 638 3728 703 diaboli,

2281 730 2375 776 aut
2416 738 2482 777 ex
2515 722 2713 791 templo
2763 721 2935 776 sancti
2989 720 3221 791 Spiritus
3271 723 3447 792 templa
3487 725 3572 778 sint
3605 729 3728 783 dum

2281 831 2438 879 num,
2481 822 2574 868 aut
2618 829 2687 867 ex
2728 813 2989 866 membris
3023 811 3224 866 Christi
3255 811 3376 865 ﬁant
3402 816 3600 867 membra
3621 833 3729 871 mere-

2281 904 2468 968 tricis;
2529 902 2622 957 sed
2669 901 2848 970 potius
2903 901 3300 969 prmdestinatio
3341 900 3454 953 facit
3487 913 3535 955 ut
3573 919 3622 956 ex
3656 906 3728 959 ﬁliis

2281 992 2474 1048 diaboli
2509 991 2639 1044 fiant
2683 989 2774 1044 filii
2801 990 2925 1053 Dei,
2960 997 3014 1042 et
3041 1005 3104 1043 ex
3140 988 3347 1057 templis
3377 989 3618 1046 daemonum
3646 1004 3727 1047 tem-

2279 1082 2425 1152 plum
2468 1081 2538 1135 sit
2569 1079 2800 1148 Spiritus
2829 1086 3000 1133 sanctt
3021 1119 3035 1142 ,
3065 1086 3122 1132 et
3152 1094 3219 1132 ex
3243 1080 3476 1133 membris
3504 1085 3726 1148 meretricis,

2282 1173 2522 1228 membra
2559 1173 2667 1227 sint
2715 1171 2918 1226 Christi
2963 1190 2974 1224 :
3017 1172 3144 1240 quia
3181 1171 3294 1241 ipse
3327 1171 3487 1242 alligat
3517 1173 3728 1240 fortem,u

2279 1277 2408 1315 vasa
2439 1261 2554 1330 ejus
2585 1261 2752 1330 rapit,
2785 1275 2985 1314 eruens
3007 1275 3070 1314 ea
3100 1260 3166 1314 de
3195 1270 3447 1329 potestate
3475 1264 3728 1330 tenebrarum,

2281 1363 2332 1407 et
2373 1351 2704 1405 transferens
2735 1351 2799 1406 de
2837 1350 3166 1405 contumelia
3206 1351 3260 1404 iu
3295 1351 3508 1421 gloriam.
3541 1352 3588 1408 lli
3616 1367 3726 1411 autem

2282 1443 2346 1497 de
2383 1439 2578 1510 quibus
2606 1440 2804 1495 dicitur
2835 1459 2847 1494 :
2883 1459 2901 1491 ι
2942 1440 3020 1494 Ex
3048 1441 3208 1494 nobis
3239 1443 3556 1504 transierunt,
3585 1446 3647 1498 sed
3666 1462 3728 1499 nua

2286 1552 2305 1585 ι
2340 1533 2559 1588 fuerunt
2601 1548 2665 1587 ex
2707 1533 2890 1598 nobis,
2929 1533 2974 1586 si
3003 1534 3150 1588 enim
3180 1531 3398 1588 fuissent
3427 1548 3482 1588 ex
3508 1535 3620 1590 nobis
3634 1553 3727 1590 mau-

2288 1645 2308 1678 ε
2342 1627 2543 1680 sissent
2570 1627 2756 1695 utique
2787 1626 3093 1692 nobiscum,
3129 1646 3148 1677 ι
3204 1627 3254 1697 (1
3291 1626 3438 1680 Joau.
3467 1643 3515 1691 ιι,
3552 1629 3614 1698 l9)
3644 1645 3729 1682 «πμ

2282 1714 2486 1770 luntate
2545 1715 2819 1780 exierunt,
2885 1717 3164 1771 voluntate
3235 1718 3537 1784 ceciderunt;
3579 1728 3617 1773 et
3655 1723 3726 1789 quia

608 1817 1008 1886 przedestinatio
1053 1833 1329 1887 nunquam
1362 1827 1514 1872 extra
1539 1817 1854 1880 bonitatem,
1905 1829 2176 1883 nunquam
2208 1802 2253 1861 B
2282 1807 2513 1876 praescili
2555 1814 2681 1860 sunt
2718 1806 2925 1870 casuri.
2959 1822 3066 1861 non
3096 1815 3226 1861 sunt
3253 1807 3596 1876 pmdestinali.
3616 1819 3724 1861 essent

607 1919 761 1965 extra
781 1909 1049 1978 justitiam
1078 1918 1182 1963 est.
1224 1908 1500 1964 Universm
1533 1911 1676 1963 enim
1706 1909 1806 1962 via:
1837 1907 2046 1961 Domini
2083 1907 2184 1960 mi-

610 1999 909 2054 sericordia
934 2007 990 2052 et
1021 1999 1240 2052 veritas.
1286 1998 1560 2052 Adulteria
1592 1998 1736 2052 enim
1771 1996 2084 2050 maritarum
2128 2003 2183 2049 et

607 2091 942 2162 corruptelas
997 2091 1264 2162 virginum
1311 2106 1417 2145 non
1474 2091 1755 2144 instituere
1794 2087 1944 2142 novit
1995 2093 2184 2141 sancta

612 2185 898 2247 divinitas,
947 2183 1040 2237 sed
1065 2182 1357 2245 damnare;
1386 2195 1486 2236 nec
1512 2181 1818 2249 disponere,
1849 2178 1943 2231 sed
1970 2175 2180 2245 punire.

611 2276 742 2343 Quae
767 2275 902 2328 mala
926 2274 1169 2328 homines
1197 2289 1319 2328 cum
1340 2273 1649 2334 admittunt,
1671 2269 1783 2323 suis
1799 2266 2186 2334 concupiscen-

607 2369 698 2421 tiis
722 2377 776 2420 et
804 2365 1187 2435 cupiditatibus
1215 2365 1478 2429 serviunt,
1519 2377 1653 2432 quas
1677 2362 1743 2415 ab
1774 2359 1862 2414 illa
1888 2358 2062 2428 prima
2091 2371 2186 2410 vo-

611 2456 860 2510 luntariae
887 2454 1346 2524 praevaricationis
1372 2453 1492 2507 labe
1519 2457 1818 2505 traxerunt.
1845 2446 1978 2502 Cutn
2002 2452 2186 2500 autem

607 2544 879 2597 declinant
909 2559 938 2596 a
969 2542 1109 2595 malo
1130 2550 1186 2594 et
1213 2541 1418 2595 faciunt
1445 2541 1642 2594 bonum
1663 2579 1677 2602 ,
1722 2553 1754 2591 a
1790 2537 2016 2591 Domino
2039 2549 2186 2605 gres-

606 2649 698 2688 sus
726 2634 999 2688 hominum
1032 2633 1369 2704 diriguntur,
1400 2642 1454 2688 et
1477 2633 1620 2687 viam
1651 2630 1767 2700 ejus
1789 2630 1991 2685 volunt.
2017 2628 2186 2698 Prdp—

606 2737 690 2784 ter
742 2727 884 2798 quod
940 2727 1070 2782 dicit
1127 2727 1416 2798 Apostolus
1460 2745 1472 2780 :
1523 2745 1541 2777 ι
1599 2725 1829 2781 Oramus
1875 2731 2057 2778 autem
2117 2722 2185 2777 ad

610 2840 628 2870 ‹
668 2821 986 2883 Dominum,
1038 2827 1095 2872 ut
1149 2818 1283 2872 nihil
1340 2819 1464 2872 mali
1521 2816 1762 2880 faciatis,
1816 2831 1923 2869 non
1981 2822 2039 2868 ut
2087 2829 2186 2868 uos

611 2929 630 2959 α
669 2911 874 2980 probati
905 2925 1291 2979 appareamus,
1332 2910 1425 2964 sed
1462 2916 1521 2962 ut
1557 2923 1653 2963 vos
1687 2907 1828 2977 quod
1866 2907 2067 2960 bonum
2104 2912 2188 2959 est

609 3022 628 3054 ι
669 3002 881 3058 faciatis
926 3001 1008 3073 (ΙΙ
1041 3001 1163 3056 Cor.
1187 3019 1316 3067 mi,
1345 3003 1421 3071 7).
1456 3022 1474 3054 ι
1537 3001 1654 3055 Νοη
1687 3013 1816 3070 ergo
1836 3013 1994 3054 casus
2028 3012 2187 3051 ruen-

606 3094 876 3160 tium,nec
901 3093 1289 3163 malignitatem
1311 3094 1638 3162 iniquorum,
1664 3107 1838 3162 neque
1866 3091 2188 3160 cupiditates

2284 1906 2466 1952 autem
2509 1897 2873 1967 praidestinati
2895 1939 2908 1964 ,
2933 1899 2979 1952 si
3003 1908 3189 1953 essent
3221 1901 3503 1965 reversuri,
3525 1911 3566 1954 et
3584 1901 3620 1953 in
3640 1915 3726 1953 sant-

2283 1991 2440 2043 titate
2472 2003 2536 2042 ac
2575 1991 2803 2043 veritate
2838 1990 3078 2044 mansuri
3107 2008 3118 2042 :
3150 2005 3214 2043 ac
3240 2005 3334 2060 per
3348 1991 3440 2045 hoc
3457 1991 3725 2060 prredestinatio

2284 2080 2378 2135 Dei
2431 2079 2615 2134 multis
2649 2087 2732 2134 est
2766 2095 2928 2134 causa
2969 2080 3184 2142 standi,
3233 2080 3422 2134 nemini
3455 2087 3524 2134 est
3559 2095 3663 2134 causa
3681 2078 3724 2129 Ia-

2283 2172 2466 2227 bendi.
2522 2191 2542 2223 ι
2593 2170 2776 2242 (Vina.
2830 2171 2972 2242 xm.)
3026 2190 3044 2223 ι
3101 2172 3364 2228 Omnibus
3409 2174 3583 2242 quidem
3615 2188 3635 2223 ι
3666 2171 3721 2222 tida

2285 2266 2352 2320 ad
2384 2264 2774 2329 infidelitatem,
2804 2279 2834 2318 a
2869 2266 3160 2320 sanctitate
3175 2265 3242 2318 ad
3269 2264 3557 2333 impietatem
3576 2261 3722 2330 relapsa.

2285 2367 2342 2414 et
2367 2367 2490 2413 ante
2519 2358 2680 2412 finem
2707 2359 2831 2412 vita:
2863 2357 3004 2411 nulla
3037 2357 3410 2412 emendatione
3435 2356 3633 2425 purgatis,
3655 2353 3726 2405 nihil

2286 2448 2430 2502 aliud
2477 2464 2639 2518 quam
2694 2464 2842 2504 mors
2884 2457 3086 2504 aeterna
3138 2448 3380 2502 debetur.
3436 2446 3525 2500 Sed
3567 2443 3727 2497 nefaset

2289 2541 2400 2595 Deo
2431 2540 2710 2594 ascribere
2729 2555 2948 2594 causam
2978 2539 3170 2593 talium
3195 2539 3455 2593 ruinarum
3473 2579 3485 2601 ,
3512 2536 3580 2606 qui
3612 2535 3726 2587 cuia

2288 2641 2489 2687 :eterna
2518 2631 2746 2685 scientia
2781 2631 3173 2702 prtecognitum
3201 2631 3362 2685 habet
3388 2630 3496 2699 quid
3515 2623 3728 2688 uniuscujus

2288 2740 2394 2794 que
2422 2725 2629 2778 meritis
2669 2725 3032 2778 retributurus
3068 2724 3173 2788 sit,
3199 2723 3412 2786 nemini
3439 2730 3576 2774 tamen
3600 2716 3727 2785 perhn:

2289 2817 2433 2887 quod
2471 2817 2579 2870 falli
2621 2832 2726 2870 non
2766 2825 2976 2886 potest,
3003 2825 3098 2869 aut
3123 2817 3506 2874 necessitatem,
3531 2820 3598 2863 aut
3617 2808 3727 2859 volun-

2291 2919 2454 2965 tatem
2485 2909 2664 2963 intulit
2695 2908 3057 2978 delinquendi.
3085 2909 3292 2978 Siergo
3317 2923 3345 2960 a
3363 2905 3536 2974 justitia
3559 2911 3596 2954 et
3615 2901 3730 2970 pietate

2291 3004 2413 3072 quis
2461 3003 2668 3068 deﬁcit,
2724 3017 2822 3056 suo
2869 3003 2922 3055 in
2971 3016 3220 3072 praeceps
3268 3001 3426 3055 fertur
3466 2996 3650 3055 arbitrio,
3673 3005 3728 3042 sua

2294 3095 2728 3164 concupiscentia
2769 3093 3022 3157 trahitur,
3067 3109 3168 3148 sua
3203 3091 3522 3162 persuasione
3553 3085 3729 3152 dtupilﬂr-

604 3154 976 3253 peccantium,
1026 3154 1429 3254 praedestinatio
1481 3185 1574 3238 Dei
1622 3154 1713 3237 aut
1750 3154 2049 3244 excitavit,
2094 3154 2260 3236 ειυιο
2295 3186 2439 3240 Nihil
2468 3154 2570 3240 .ibi
2631 3184 2822 3248 Pater,
2876 3154 3018 3237 nihil.
3069 3154 3274 3245 Filius,
3319 3180 3442 3234 nihil
3479 3177 3566 3246 agit
3592 3173 3730 3240 Spiritus

606 3277 812 3339 suasit,
854 3285 946 3329 aut
982 3275 1225 3345 impulit;
1273 3275 1367 3330 sed
1408 3275 1565 3342 plane
1609 3275 2016 3344 pranlestinavit
2047 3271 2192 3340 judi—

604 3364 744 3417 cium
762 3380 939 3427 suum,
962 3379 1068 3433 quo
1085 3364 1371 3433 unicuique
1400 3364 1762 3418 retributurus
1783 3373 1866 3418 est
1894 3373 2052 3432 prout
2073 3380 2193 3434 ges-

605 3454 696 3517 sit,
721 3455 834 3508 sive
861 3454 1079 3515 bonum,
1112 3453 1225 3506 sive
1253 3451 1472 3505 malum.
1501 3450 1654 3517 Quod
1673 3452 1934 3520 judicium
1951 3452 2191 3505 futurum

607 3545 828 3598 omnino
865 3560 970 3599 non
1007 3553 1184 3609 esset,
1215 3545 1260 3598 si
1290 3544 1535 3599 homines
1561 3545 1655 3599 Dei
1687 3545 1959 3599 voluntate
1996 3561 2190 3614 pecca-

605 3642 744 3690 rent.
793 3635 909 3690 Erit
959 3645 1137 3689 autem
1187 3625 1657 3702 manifestissime,
1707 3647 1763 3692 et
1809 3638 1986 3692 omnis
2033 3639 2192 3693 liomo

603 3739 764 3794 quem
796 3725 1050 3780 discretio
1090 3725 1282 3780 divina:
1321 3727 1562 3782 scientiae
1591 3727 1809 3782 sinistra
1850 3729 2192 3784 constituerit

603 3825 787 3885 parte,
820 3817 1191 3882 damnabitur,
1224 3819 1349 3887 quia
1375 3834 1479 3873 non
1503 3819 1598 3874 Dei
1619 3861 1635 3880 ,
1665 3820 1760 3874 sed
1781 3836 1936 3874 suam
1967 3837 2190 3876 exsecu-

604 3919 690 3965 tus
714 3918 796 3964 est
816 3911 1168 3966 voluntatem.
1209 3931 1226 3962 ι
1266 3911 1445 3984 (Viue.
1476 3912 1576 3982 xu.)
1625 3932 1643 3964 ‹
1683 3912 1826 3967 Nihil
1857 3929 1987 3984 ergo
2019 3914 2188 3968 malo-

604 4019 720 4057 rum
762 4005 1098 4074 negotiorum
1153 4005 1294 4060 Deus
1335 4005 1741 4075 prazdestinavit
1781 4014 1838 4060 ut
1868 4005 2054 4070 ﬁeret,
2091 4021 2191 4060 nec

604 4096 768 4150 ullam
804 4097 1039 4151 animam
1069 4099 1314 4168 nequiter
1345 4099 1680 4168 turpiterque
1701 4099 1968 4153 victuram
1994 4101 2061 4154 ad
2087 4100 2191 4155 hoc

604 4196 664 4241 ut
689 4188 865 4242 taliter
890 4189 1097 4244 viveret
1131 4191 1484 4260 praeparavit,
1514 4190 1608 4245 sed
1639 4190 1798 4246 talem
1827 4191 2059 4245 futuram
2084 4207 2190 4246 non

607 4279 904 4347 ignoravit,
941 4288 997 4334 et
1024 4279 1091 4334 de
1114 4281 1205 4333 tali
1227 4279 1372 4348 juste
1397 4297 1455 4334 se
1481 4279 1848 4349 judicaturum
1896 4296 2014 4335 esse
2051 4297 2190 4350 pra:-

607 4368 763 4422 scivit
803 4387 816 4421 :
853 4377 1015 4438 atque
1065 4369 1139 4422 ita
1183 4370 1251 4423 ad
1304 4371 1827 4438 praedestinationem
1883 4369 2000 4437 ejus
2057 4370 2190 4423 nihil

607 4457 748 4512 aliud
780 4457 970 4512 referri
998 4467 1206 4528 potest,
1235 4459 1338 4512 nisi
1365 4459 1506 4529 quod
1534 4468 1627 4512 aut
1652 4459 1721 4513 ad
1760 4460 1994 4514 debitam
2022 4460 2188 4530 justi-

607 4549 696 4603 tiie
728 4525 1174 4615 retributionem,
1219 4559 1311 4604 aut
1350 4525 1416 4604 ad
1460 4551 1695 4606 debitam
1733 4552 1970 4620 pertinet
2007 4525 2190 4620 gloria:
2219 4525 2268 4584 D

606 4638 931 4710 largitatem.
978 4662 998 4693 ι
1039 4641 1298 4712 (Objectio
1339 4640 1488 4695 Vinc.
1523 4641 1645 4711 xu.)
1684 4660 1702 4691 ‹
1739 4641 2074 4710 Quapropter
2099 4643 2191 4710 qui

609 4731 794 4786 dicunt
821 4735 966 4803 quod
999 4735 1092 4791 Dei
1119 4735 1593 4805 pnedestinatione
1630 4733 1929 4788 efﬁciantur
1967 4735 2032 4788 de
2070 4735 2194 4790 ﬁliis

609 4822 704 4877 Dei
737 4824 830 4879 ﬁlii
859 4825 1090 4892 diaboli,
1126 4827 1268 4882 etde
1307 4827 1521 4897 templis
1545 4827 1747 4882 sanctis
1770 4827 1963 4896 templa
1994 4827 2194 4882 dtemo~

611 4936 738 4974 num
757 4960 774 4985 ,
801 4931 855 4974 et
881 4921 950 4976 de
977 4923 1234 4977 membris
1255 4922 1457 4978 Christi
1483 4926 1725 4978 membra
1751 4924 2053 4978 meretricis
2078 4939 2197 4993 per-

612 5009 968 5064 niciosissime
1005 5009 1196 5065 fallunt
1240 5019 1398 5082 atque
1446 5014 1704 5068 falluntur
1751 5021 1996 5069 errantes
2035 5023 2092 5067 et
2137 5014 2191 5067 in

612 5116 852 5158 errorem
884 5101 1178 5158 mittentes.
1225 5123 1243 5155 ι
1289 5103 1468 5174 (Vino.
1509 5105 1627 5175 xu.)
1659 5124 1675 5155 ι
1713 5105 1879 5174 Igitur
1918 5106 2194 5173 priedesti-

613 5190 763 5244 natio
786 5189 913 5256 Dei,
945 5192 1044 5245 etsi
1071 5193 1208 5260 apud
1233 5209 1330 5248 nos
1354 5195 1479 5248 dum
1515 5194 1568 5248 iu
1592 5194 1872 5262 praesentis
1899 5195 2022 5249 vita:
2049 5196 2193 5264 peri-

615 5280 753 5336 culis
787 5296 1067 5336 versamur
1116 5283 1315 5338 iucerta
1358 5294 1472 5349 est,
1516 5284 1658 5353 apud
1698 5284 1846 5338 illum
1888 5293 2066 5339 tamen
2098 5287 2190 5356 qui

613 5372 744 5429 fecit
785 5390 906 5445 quae
951 5374 1132 5429 futura
1175 5385 1333 5442 sunt,
1378 5377 1834 5432 incommutabilis
1868 5388 2188 5446 permanet:

612 5479 790 5535 neque
819 5484 980 5538 quem
1009 5468 1330 5524 illuminavit
1363 5471 1628 5535 obcaecat,
1661 5487 1833 5542 neque
1862 5474 2006 5541 quod
2033 5473 2196 5527 aedili-

613 5558 758 5612 cavit
798 5561 1058 5623 destruit,
1087 5575 1260 5627 neque
1289 5561 1430 5628 quod
1459 5561 1721 5628 plantavit
1765 5563 1966 5617 evellit.
2006 5580 2024 5612 ι
2065 5561 2193 5616 Sine

625 5664 644 5698 ι
676 5649 988 5716 preuitentia
1023 5651 1164 5704 enim
1194 5658 1317 5704 sunt
1347 5651 1483 5703 dona
1523 5662 1579 5706 et
1620 5654 1832 5708 vocatio
1879 5654 1971 5708 Dei
2019 5652 2189 5724 (Rom.

625 5755 644 5788 ι
668 5754 742 5802 ιι,
765 5739 875 5806 29),
918 5759 933 5788 ι
970 5750 1024 5793 et
1055 5741 1267 5793 firmum
1297 5740 1699 5795 funhunentum
1725 5743 1815 5796 Dei
1840 5751 1967 5807 stat,
1989 5744 2194 5798 habens

2294 3287 2544 3342 sanctus;
2572 3292 2670 3332 nec
2692 3275 2782 3330 tali
2809 3276 3026 3346 negotio
3051 3275 3348 3344 quidquam
3372 3270 3536 3324 divina:
3552 3259 3729 3319 volunlJI'L‘

2290 3368 2615 3444 intervenit,
2641 3366 2796 3436 cujus
2819 3382 2981 3437 opere
3008 3366 3213 3421 multos
3265 3365 3448 3419 scimus
3466 3376 3519 3414 ne
3537 3359 3729 3410 labereatlr

2293 3470 2558 3522 retentos,
2618 3460 2793 3514 nullos
2844 3470 3020 3514 autem
3077 3470 3139 3513 ut
3191 3458 3477 3511 laberentur
3522 3447 3726 3517 impubes:

2295 3549 2475 3621 (Vina.
2505 3550 2642 3620 xw.)
2673 3569 2690 3601 ι
2727 3551 2965 3620 Denique
2991 3551 3057 3604 ad
3085 3547 3549 3620 prmvaricationem
3573 3531 3730 3606 legimd

2292 3642 2596 3712 neglectum
2637 3643 2939 3713 religionis,
2972 3644 3037 3696 ad
3077 3641 3434 3711 corruptelam
3459 3623 3729 3702 disciplinIJJ

2294 3734 2651 3788 desertionem
2698 3734 2840 3798 fidei,
2890 3733 2956 3786 ad
3007 3733 3451 3802 perpetrationem
3477 3725 3729 3794 qualiswn'i'e

2293 3827 2534 3898 peccati,
2586 3826 2730 3880 nulla
2769 3825 2989 3880 omnino
3026 3833 3112 3879 est
3149 3820 3524 3894 prmdcstinatio
3559 3813 3624 3867 Dei
3647 3817 3728 3861 :11“!

2294 3922 2411 3976 ﬁeri
2463 3928 2638 3990 potest
2673 3927 2733 3973 ut
2771 3934 2868 3988 per
2908 3934 3070 3987 quem
3115 3933 3146 3970 a
3194 3918 3388 3970 talibus
3422 3911 3550 3967 malis
3571 3905 3728 3996 sui-sitat.

2292 4029 2388 4084 per
2407 4028 2530 4066 eum
2556 4012 2608 4065 in
2637 4011 2763 4064 talia
2796 4011 3090 4064 decidatur.
3124 4009 3181 4064 Si
3211 4023 3339 4078 ergo
3359 4007 3410 4060 iu
3436 3994 3730 4058 sanctitatcviﬁ-

2295 4116 2414 4169 tur,
2451 4104 2495 4158 si
2521 4104 2573 4158 iu
2603 4104 2799 4157 virtute
2827 4101 3104 4172 proficitur
3126 4142 3141 4164 ,
3173 4102 3218 4154 si
3254 4101 3306 4154 in
3339 4097 3479 4152 bonis
3506 4091 3642 4147 studiis
3661 4098 3727 4152 per-

2293 4205 2564 4260 manetur,
2594 4193 2939 4248 manifestum
2967 4208 3166 4246 munus
3191 4201 3274 4247 est
3296 4190 3404 4250 Dei,
3431 4188 3525 4241 sine
3543 4195 3618 4249 quo
3631 4173 3728 4266 nullus

2292 4287 2420 4340 boni
2465 4285 2644 4354 operis
2689 4282 2897 4336 fructus
2952 4281 3270 4350 acquiritur.
3331 4278 3384 4330 Si
3431 4283 3576 4326 autem

2293 4346 2598 4440 receditur,
2628 4383 2684 4429 et
2713 4375 2779 4427 ad
2800 4373 2928 4426 vitia
2965 4381 3130 4441 atque
3165 4378 3380 4440 peccata
3414 4363 3635 4420 transitur,
3658 4346 3727 4403 nihil

2295 4468 2366 4522 ibi
2401 4468 2540 4522 Deus
2575 4466 2730 4520 mala:
2773 4464 3085 4520 teutatiouis
3120 4461 3392 4518 immittit.
3432 4467 3480 4511 et
3507 4453 3726 4507 remme

2294 4573 2402 4612 non
2425 4543 2623 4613 deserit
2645 4565 2930 4624 antequam
2960 4554 3205 4617 deserat,
3232 4560 3286 4607 et
3305 4551 3428 4604 facit
3453 4543 3726 4614 plemnt‘t‘R-nl

2295 4651 2508 4706 deserat
2527 4690 2542 4712 ,
2573 4656 2666 4702 aut
2701 4646 2915 4701 etiamsi
2943 4646 3190 4699 discessit
3230 4653 3288 4697 ut
3317 4643 3498 4696 redeat.
3528 4634 3606 4687 Cur
3623 4635 3726 4680 auita

2296 4744 2440 4798 hunc
2469 4743 2734 4805 retineat,
2762 4740 2912 4794 illum
2942 4755 3048 4794 non
3075 4739 3336 4796 retineat.
3375 4749 3462 4789 nec
3488 4721 3726 4816 possililre‘t

2296 4830 2780 4902 comprehendere,
2821 4846 2922 4885 nec
2953 4829 3158 4884 licitum
3200 4827 3524 4896 investigare,
3548 4830 3634 4872 cum
3651 4819 3725 4862 εαιτ

2297 4926 2524 4982 suﬂiciat
2543 4933 2598 4979 et
2625 4925 2804 4980 abillo
2827 4940 2948 4979 esse
2969 4923 3109 4992 quod
3137 4929 3330 4984 statur,
3351 4929 3400 4973 et
3421 4931 3508 4970 non
3523 4913 3574 4964 ab
3589 4907 3650 4960 illo

2295 5016 2438 5084 quod
2461 5016 2656 5069 ruitur.
2703 5034 2720 5064 ι
2767 4991 3025 5082 (Objectio
3068 5012 3212 5066 l’inc.
3257 5009 3364 5078 xv.)
3397 5028 3414 5059 ‹
3445 5005 3526 5072 Qui
3545 4991 3724 5080 animi?

2294 5112 2423 5159 cunt
2466 5105 2608 5172 quod
2643 5119 2830 5158 omnes
2869 5103 2943 5156 illi
2989 5103 3199 5167 fideles,
3227 5109 3283 5156 et
3306 5099 3495 5169 quidem
3523 5085 3655 5145 sancti.
3673 5090 3721 5144 i"

2292 5212 2390 5268 Per
2423 5206 2702 5268 peccatum
2756 5197 2823 5251 ad
2863 5205 3121 5251 mternam
3171 5203 3390 5248 mortem
3430 5178 3607 5258 prolapsi
3638 5175 3718 5226 5‘3"

2294 5291 2375 5346 sic
2403 5288 2767 5361 pra'destinati
2797 5297 2953 5350 sunt,
2986 5288 3166 5356 sicque
3185 5303 3214 5339 a
3243 5285 3348 5338 Deo
3380 5272 3569 5336 ordinati

2295 5356 2457 5448 quain
2514 5379 2859 5442 ceciderunt,
2915 5385 2974 5430 ut
3013 5391 3113 5430 nec
3155 5375 3387 5444 possint,
3427 5381 3510 5421 nec
3539 5356 3720 5452 velli"

2296 5445 2671 5539 paenitentiam
2720 5467 2969 5530 liberari,
3011 5481 3115 5520 non
3164 5463 3416 5518 veraciter
3450 5469 3528 5508 nec

2298 5531 2399 5613 hoc
2429 5559 2642 5613 dicitur.
2675 5557 2775 5623 Qui
2797 5558 2941 5612 enim
2971 5573 3000 5610 a
3037 5557 3138 5610 fide
3165 5563 3215 5608 et
3241 5549 3498 5607 sanctitate
3519 5531 3720 5604 excidaml

2297 5651 2437 5707 sicut
2466 5650 2740 5705 voluntate
2768 5649 2996 5718 prolapsi
3019 5656 3171 5711 sunt,
3203 5646 3270 5698 ita
3300 5641 3532 5693 voluntate
3552 5640 3626 5682 non
3649 5630 3717 5672 Ψ

2299 5752 2428 5813 gunt
2451 5784 2463 5806 ,
2504 5753 2554 5796 et
2584 5741 2914 5795 dominatum
2947 5733 3472 5806 concupiscentianun
3493 5718 3700 5792 quibus“
