3938 6334
578 340 717 402 154⁵1

1212 338 1274 400 Β.
1314 345 1571 404 uanam
1609 346 1829 404 mum
1865 344 2183 402 answer.
2225 310 2534 402 uocum.
2572 340 2857 399 eranum
2896 336 3073 397 rans
3110 336 3197 398 ιιι.

3617 352 3711 416 ιω

576 459 864 516 occasione
901 459 1033 530 agit,
1065 458 1161 514 Dei
1192 474 1314 517 esse
1350 461 1521 519 libere
1561 462 1902 520 conﬁtemur.
1943 462 2160 517 lnitium
2187 466 2238 529 Α
2263 459 2448 523 minis,
2472 458 2526 513 ni
2550 457 2772 528 spiritus
2795 456 3025 512 hominis
3054 455 3147 525 qui
3176 458 3327 510 estin
3351 460 3550 527 ipso.ua
3574 474 3714 536 siqu

577 562 711 623 ergo
737 550 926 606 salutis
955 560 1157 606 nostrae
1179 550 1291 608 Deo
1331 554 1628 612 miserante
1654 556 1936 621 habemus,
1978 563 2038 609 ut
2071 569 2161 609 ac-

578 639 921 710 quiescamus
948 638 1239 697 salutiferae
1271 641 1632 713 inspirationi,
1660 653 1857 700 nostrae
1881 643 2164 715 potestatis

577 734 689 796 est;
719 738 781 787 ut
803 730 1167 802 adipiscamur
1205 734 1348 804 quod
1387 735 1778 805 acquiescendo
1810 734 2165 791 admonitioni

510 854 529 862 -
577 820 877 892 coepimus,
915 820 1081 876 divini
1135 829 1221 878 est
1254 825 1495 880 muneris
1527 842 1543 893 ;
1584 834 1646 881 ut
1674 841 1782 881 non
1820 826 2067 882 labamur
2110 826 2166 881 in

464 976 467 987 ι
578 913 773 984 adepto
806 926 1037 970 munere
1084 914 1272 972 salutis
1292 957 1307 983 ,
1349 917 1726 976 sollicitudinis
1762 927 1960 975 nostrae
1988 928 2074 975 est
2112 927 2170 974 et

577 1008 815 1065 culestis
866 1009 1073 1079 pariter
1126 1008 1416 1080 adjutorii;
1468 1023 1529 1068 ut
1573 1012 1839 1080 labamur,
1886 1013 2168 1086 potestatis

576 1110 780 1156 nostra:
803 1106 887 1156 est
908 1108 965 1158 et
987 1101 1233 1173 ignaviae.
1271 1120 1292 1156 ι
1321 1101 1395 1176 (11
1401 1114 1689 1174 ypomnest.
1727 1120 1801 1169 vr,
1824 1102 2074 1176 usquead
2099 1104 2166 1174 ﬁ-

576 1188 741 1263 nem.)
777 1208 798 1244 r
833 1188 1036 1247 Contra
1076 1192 1497 1263 reprehensores
1546 1194 2039 1266 praedestinationis
2072 1195 2169 1251 Dei

576 1281 634 1336 in
660 1281 911 1351 plurimis
935 1282 1069 1339 locis
1091 1280 1376 1341 manifeste
1400 1294 1664 1357 repugnat
1688 1284 1971 1357 Scriptura
1992 1302 2165 1343 sacra.

578 1370 686 1429 Sed
714 1373 872 1430 velim
894 1372 964 1431 ab
989 1372 1071 1430 eis
1095 1390 1339 1445 quaerere
1356 1417 1370 1441 ,
1396 1376 1528 1431 mihi
1566 1368 1804 1448 pandant
1836 1393 1944 1450 quo
1965 1377 2172 1450 judicio

578 1464 784 1523 dictum
804 1472 891 1521 est
920 1480 951 1521 a
968 1464 1138 1521 Paulo
1158 1474 1213 1521 et
1234 1466 1479 1522 Barnaba
1502 1466 1919 1537 praedicantibus
1942 1470 2172 1523 verbum

460 1632 467 1638 δ
576 1556 673 1613 Dei
698 1557 754 1612 in
774 1555 1017 1629 Lystris,
1050 1574 1070 1609 ι
1102 1556 1159 1612 1η
1189 1559 1477 1628 praeteritis
1501 1560 1942 1630 generationibus
1969 1558 2173 1615 dimisit

583 1662 603 1701 ι
637 1662 829 1705 omnes
859 1655 1051 1720 gentes
1074 1648 1280 1720 ingredi
1328 1650 1445 1704 vias
1475 1664 1601 1706 suas
1645 1650 1782 1721 (Act.
1816 1666 1943 1718 XIV,
1987 1650 2109 1723 l5),
2146 1669 2166 1704 ι

578 1748 640 1795 ut
675 1738 730 1793 in
756 1737 1061 1796 idololatria
1082 1739 1494 1796 simulacrorum
1510 1743 1768 1812 perirent,
1792 1752 1847 1797 et
1862 1758 2024 1798 unam
2054 1750 2174 1798 tan-

2264 550 2359 608 Dei
2384 558 2511 608 sunt
2534 566 2693 607 nemo
2713 551 2837 616 scit,
2854 550 2957 605 nisi
2979 549 3217 621 Spiritus
3232 551 3319 605 Dei
3339 550 3492 623 (Rem.
3508 571 3571 621 ιι,
3585 558 3713 629 33)τεὶ

2263 658 2370 714 qua
2397 657 2526 714 ergo
2556 642 2823 713 attingere
2849 639 3206 707 valuerimus,
3233 656 3334 695 non
3360 654 3517 698 nz-ttra
3549 647 3713 717 solertia,

2266 734 2361 790 sed
2418 732 2559 789 dono
2616 730 2855 804 Spiritus
2904 732 3077 788 sancti
3128 730 3356 787 revelata
3403 748 3502 791 esse
3541 738 3715 800 dabam

2266 840 2561 898 agnoscere
2586 842 2601 880 :
2628 825 2674 880 si
2705 831 2884 879 autem
2912 824 3053 880 scire
3067 840 3176 879 non
3208 825 3356 880 datur
3381 828 3503 896 quod
3517 844 3715 900 supnoos

2267 924 2371 984 est,
2422 932 2524 973 nec
2555 931 2584 970 a
2614 924 2799 971 nostra
2848 910 3125 986 parvitate
3176 931 3447 987 quaeratur.
3488 914 3713 981 Prsdicun

2267 1016 2350 1065 est
2379 1008 2525 1065 enim
2555 1024 2587 1063 a
2618 1006 2898 1079 Scriptura
2941 1017 3132 1064 sancta
3164 1028 3178 1064 :
3222 1028 3241 1062 ι
3268 1008 3454 1066 Altiora
3491 1023 3531 1069 te
3556 1031 3715 1087 nequ-

2274 1117 2293 1153 c
2323 1098 2505 1167 sieris,
2552 1106 2607 1154 et
2635 1097 2865 1154 fortiora
2892 1107 2946 1154 te
2971 1114 3040 1155 ne
3095 1108 3364 1157 scrutatus
3393 1101 3533 1159 lueris
3561 1105 3715 1165 inmi-

2275 1206 2296 1240 ‹
2332 1196 2439 1244 tate
2486 1186 2680 1262 (Eccli.
2712 1205 2795 1256 ιιι,
2827 1188 2940 1261 52).
2975 1208 2995 1242 ι
3033 1188 3103 1246 Et
3134 1208 3150 1245 :
3187 1208 3206 1241 ι
3242 1190 3413 1246 Altum
3456 1209 3603 1265 sapere
3633 1200 3714 1265 noli,

2276 1300 2295 1334 ι
2328 1282 2425 1338 sed
2466 1281 2598 1338 time
2649 1280 2828 1355 (Rom.
2859 1298 2940 1349 ιι,
2980 1282 3095 1354 20).
3132 1302 3155 1337 υ
3206 1280 3437 1340 Diximus
3472 1301 3642 1359 namque
3678 1292 3717 1346 de

2271 1372 2563 1430 damnabili
2598 1373 2821 1429 humani
2859 1374 3078 1447 generis
3110 1386 3287 1431 massa
3324 1376 3473 1431 Deum
3497 1382 3713 1449 prasciissc,

2271 1463 2643 1520 misericordia
2666 1479 2771 1519 non
2799 1463 3028 1532 meritis,
3060 1480 3205 1536 quos
3228 1464 3470 1523 electione
3480 1472 3618 1540 gratia
3631 1488 3715 1542 ιη.

2272 1554 2566 1611 destinavit
2606 1555 2675 1611 ad
2720 1554 2890 1611 vitam
2925 1573 2938 1609 :
2978 1564 3231 1621 caeteros,
3267 1557 3355 1627 qui
3392 1557 3557 1628 judicio
3576 1558 3715 1630 justiti:

2272 1645 2390 1718 ejus
2419 1648 2487 1703 ab
2509 1646 2614 1703 hac
2647 1648 2821 1718 gratia
2855 1646 3166 1705 eiiiciuntur
3205 1660 3459 1721 expertes,
3490 1655 3713 1721 perstitisse

2273 1745 2483 1793 tantum
2511 1738 2732 1809 proprio
2754 1740 2886 1795 vitio
2909 1740 3208 1810 perituros,
3236 1756 3340 1796 non
3368 1750 3421 1795 ut
3439 1742 3712 1812 perirth

578 1840 694 1888 tum
719 1840 935 1906 gentem
957 1872 973 1900 ,
1003 1832 1057 1889 id
1084 1840 1166 1888 est
1190 1830 1392 1901 Jacob,
1434 1835 1596 1906 elegit
1639 1836 1740 1895 sibi
1786 1836 2078 1904 Dominus,
2114 1845 2171 1893 et
2196 1825 2249 1897 Β
2272 1829 2591 1886 ἀεδῐῖηθδδε-
2618 1830 2745 1899 Sed.
2788 1841 2845 1887 υι
2872 1831 3007 1899 dixi.
3033 1849 3177 1905 quos
3205 1834 3261 1891 in
3294 1849 3442 1905 Opera
3469 1836 3713 1906 impiehtisd

500 1944 507 1951 κ
576 1921 744 1979 lsrael
769 1923 823 1978 in
846 1922 1246 1994 possessionem
1283 1924 1385 1980 sibi
1415 1920 1588 1998 (Psal.
1619 1942 1811 1992 xxnv,
1834 1926 1922 2001 i);
1959 1928 2045 1982 cui
2072 1928 2171 1984 soli

576 2016 769 2087 utique
800 2014 973 2090 legem
1018 2016 1088 2073 ad
1130 2017 1566 2088 cognoscendum
1605 2033 1697 2087 se,
1734 2019 2082 2090 postpositis,
2112 2029 2172 2075 ut

578 2105 727 2174 dixi,
756 2107 967 2163 “niteris
999 2106 1473 2180 generationibus,
1517 2108 1684 2165 dedit.
1726 2108 1824 2164 Vel
1851 2126 1950 2166 cur
1975 2112 2171 2167 iterum

578 2197 803 2254 amissio
827 2197 972 2256 facta
1011 2210 1095 2255 est
1117 2197 1456 2266 Iuda-orum,
1486 2208 1546 2256 ut
1585 2200 1769 2257 mundi
1799 2201 1952 2257 iieret
1984 2216 2173 2259 recon-

578 2290 786 2347 ciliatio
807 2330 824 2359 ,
854 2290 910 2347 id
937 2301 1023 2348 est
1044 2292 1283 2347 omnium
1325 2292 1589 2363 gentium,
1617 2292 1758 2349 sicut
1785 2292 1919 2349 dicit
1941 2293 2171 2366 Aposto-

580 2381 665 2438 lus
713 2400 727 2436 :
779 2400 801 2435 α
852 2380 911 2438 Si
963 2383 1108 2438 enim
1163 2382 1385 2440 amissio
1425 2398 1614 2441 eorum
1670 2385 2041 2442 reconciliatio
2088 2396 2173 2444 est

585 2491 606 2525 ς
634 2472 864 2537 mundi,
911 2486 1031 2543 quae
1076 2474 1374 2543 assumptio
1416 2473 1519 2529 nisi
1559 2474 1671 2530 vita
1718 2491 1785 2531 ex
1848 2477 2167 2534 mortuis?)

580 2559 763 2635 (Rom.
815 2576 906 2629 ιι,
946 2560 1057 2635 15.)
1100 2562 1266 2631 Quasi
1316 2564 1649 2633 impOSSibile
1692 2576 1840 2622 esset
1888 2567 2000 2624 Deo
2051 2584 2170 2625 om-

579 2653 844 2725 nipotenti
881 2653 1134 2710 universo
1155 2654 1356 2711 mundo
1377 2652 1548 2725 legem
1574 2655 1723 2722 dare,
1745 2656 1970 2713 salutem
1986 2660 2174 2729 gratiae

581 2744 787 2804 Christi
832 2745 1105 2815 conferre,
1136 2747 1242 2815 vel,
1275 2756 1336 2803 ut
1360 2748 1436 2804 ita
1468 2748 1668 2817 dicam,
1697 2749 1766 2805 ab
1806 2749 1962 2806 initio
1990 2748 2173 2821 lapsus

578 2840 709 2895 Adae
735 2840 792 2897 id
817 2855 999 2914 agere,
1049 2841 1197 2912 quod
1227 2836 1546 2898 diversitate
1578 2849 1879 2912 temporum
1911 2840 2027 2897 ﬁeri
2056 2840 2173 2911 ejus

578 2933 806 2990 arbitrio
831 2933 992 2990 sedit.
1023 2932 1262 2989 Doceant
1289 2933 1453 2989 etiam
1496 2948 1666 3004 quare
1694 2934 1876 2989 missis
1905 2949 1935 2987 a
1966 2932 2171 3003 Spiritu

580 3039 770 3088 sancto
825 3028 995 3086 Paulo
1045 3038 1102 3085 et
1150 3026 1400 3085 Barnaba
1450 3038 1672 3102 portare
1716 3045 1913 3086 nomen
1955 3028 2171 3085 Domini

581 3119 773 3176 salutis
795 3133 960 3177 causa
986 3120 1044 3176 in
1078 3119 1349 3193 gentibus,
1383 3134 1507 3175 cum
1536 3121 1837 3177 transirent
1866 3120 2166 3192 praedican-

2272 1922 2464 1977 mortis
2490 1921 2749 1978 ‘ruituros
2797 1924 3092 1995 praescivit,
3151 1940 3259 1980 non
3303 1926 3625 1997 praeordinavit,
3655 1942 3709 1983 nec

2272 2010 2508 2083 impulit,
2534 2010 2801 2083 inquibus
2824 2014 2991 2068 Deum
3024 2013 3095 2070 ad
3130 2014 3449 2071 iracundiam
3463 2028 3710 2088 provocato,

2272 2107 2434 2164 ﬁdem
2478 2106 2698 2163 allatam
2725 2125 2789 2165 ac
2817 2108 3173 2182 praedicatam
3212 2112 3315 2166 sibi
3344 2112 3551 2183 accipere
3588 2112 3710 2175 nollet,

2275 2208 2368 2256 aut
2395 2200 2508 2257 Deo
2532 2200 2715 2271 judice
2752 2217 2856 2257 non
2880 2212 3133 2274 possunt,
3171 2201 3258 2258 vel
3278 2213 3477 2274 accepta
3504 2202 3604 2257 male
3621 2214 3709 2255 uui-

2273 2299 2380 2360 tur,
2419 2301 2475 2347 et
2512 2292 2583 2349 ob
2626 2292 2729 2347 hoc
2769 2290 3056 2348 traduntur
3116 2292 3172 2348 in
3202 2294 3468 2365 reprobum
3506 2302 3713 2355 sensum,n

2273 2382 2475 2440 faciant
2517 2400 2582 2440 ea
2611 2400 2732 2455 quae
2762 2400 2869 2439 non
2911 2384 3270 2452 conveniunt,
3312 2384 3392 2440 his
3415 2384 3712 2456 pmdestimua

2273 2496 2394 2537 esse
2420 2495 2636 2554 poenam
2676 2481 2779 2537 rite
2808 2480 3063 2538 fatemur.
3104 2482 3261 2553 Quod
3297 2492 3353 2541 ut
3392 2481 3567 2553 probari
3598 2479 3711 2539 valui.

2274 2574 2448 2631 solum
2498 2590 2621 2630 reor
2672 2574 2729 2630 in
2786 2575 3099 2648 exemplum
3152 2576 3389 2634 suilicere
3429 2573 3592 2631 ludam.
3626 2572 3714 2627 lianc

2273 2667 2420 2723 enim
2448 2666 2593 2723 Deus
2615 2682 2736 2723 cum
2764 2660 3115 2739 praesciis~et‘
3136 2669 3194 2724 in
3222 2668 3365 2725 vitiis
3399 2666 3581 2739 propriae
3600 2664 3714 2719 volvo-

2273 2759 2404 2815 tatis
2455 2756 2752 2829 pessimum
2783 2758 2924 2826 fore,
2976 2756 3032 2814 id
3061 2768 3153 2815 est
3197 2758 3449 2815 electione
3489 2754 3714 2824 discipulam

2273 2850 2357 2907 sui
2388 2850 2527 2906 bene
2551 2865 2584 2905 a
2604 2846 2823 2906 Christo
2849 2850 3044 2906 collata
3096 2846 3241 2906 male
3266 2864 3487 2914 usurum,
3509 2857 3549 2903 et
3574 2844 3712 2900 avaritia

2274 2944 2551 3001 ardentem
2567 2940 2956 3017 pretioludaeis
2975 2945 3271 3001 Dominum
3290 2944 3714 3011 traditum,me

2272 3037 2322 3093 ei
2348 3036 2751 3108 praedestinavit
2792 3052 2859 3093 ex
2889 3037 3116 3104 merito,
3143 3036 3353 3093 dicente
3390 3050 3473 3107 per
3500 3029 3621 3087 David
3646 3026 3715 3097 Spi-

2274 3129 2382 3185 ritu
2404 3139 2595 3185 sancto
2622 3146 2634 3182 :
2668 3146 2684 3178 α
2720 3129 2887 3195 Deus,
2919 3128 3141 3185 laudem
3156 3143 3335 3186 meam
3358 3142 3419 3183 ne
3439 3124 3626 3185 tacuerit.
3643 3119 3713 3188 ςιιίι

582 3208 973 3283 tesPhrygiam
993 3218 1049 3266 et
1068 3185 1293 3266 Dalatiae
1324 3185 1625 3282 regionem,
1656 3211 1810 3267 vetiti
1839 3185 1968 3266 sunt
1988 3227 2020 3266 a
2045 3210 2169 3283 Spi-
2196 3185 2243 3251 c
2283 3241 2301 3275 ι
2330 3238 2392 3277 os
2409 3224 2713 3293 peccatoris
2736 3231 2792 3279 et
2805 3185 2975 3279 dolosi
2998 3239 3173 3295 super
3194 3185 3281 3279 me
3298 3231 3514 3293 apertum
3531 3226 3593 3273 est
3610 3185 3711 3286 (ρὶιι

583 3298 693 3355 ritu
720 3309 910 3357 sancto
930 3300 1079 3372 loqui
1119 3302 1345 3357 verbum
1374 3301 1431 3355 in
1473 3300 1634 3367 Asia;
1667 3311 1866 3359 etcum
1896 3304 2174 3359 venissent

582 3388 640 3445 in
668 3389 896 3463 Mysiam
935 3389 1180 3446 volentes
1209 3391 1291 3446 ire
1327 3390 1381 3444 in
1417 3389 1744 3462 Bithyniam,
1789 3408 1902 3461 non
1924 3392 2174 3463 permisit

585 3494 699 3544 eos,
741 3480 936 3550 inquit,
964 3479 1202 3550 Spiritus
1233 3478 1359 3535 Jesu
1384 3478 1521 3550 (Act.
1556 3494 1669 3546 xvr,
1703 3480 1777 3552 7).
1821 3479 2061 3549 Sciebat,
2091 3480 2174 3536 in-

583 3567 798 3638 quiens,
822 3566 981 3633 Deus,
1007 3568 1151 3639 quod
1171 3566 1430 3625 credituri
1453 3582 1561 3624 non
1585 3577 1769 3624 essent
1794 3580 1812 3624 :
1836 3578 1891 3624 et
1913 3570 2033 3625 ideo
2064 3585 2172 3627 non

584 3675 680 3718 eos
712 3661 792 3718 ire
816 3661 1066 3732 permisit
1088 3660 1155 3717 ad
1182 3660 1508 3730 loquendum
1538 3661 1785 3716 verbum.
1820 3654 2013 3717 Nonne
2045 3678 2172 3732 pro-

583 3752 779 3810 hibitio
804 3752 910 3810 ista
938 3753 1113 3809 sancti
1144 3751 1383 3823 Spiritus
1411 3752 1557 3807 aliud
1592 3750 1830 3807 ostendit
1858 3766 2021 3823 quam
2053 3768 2174 3808 ver-

586 3840 715 3899 bum
757 3843 970 3899 Domini
1008 3841 1134 3900 Jesu
1158 3844 1390 3900 dicentis
1420 3843 1474 3899 in
1500 3841 1795 3914 Evangelia
1825 3858 1839 3898 :
1878 3860 1899 3896 ι
1936 3842 2173 3916 Spiritus

590 3957 612 3993 ι
628 3937 723 3996 ubi
754 3937 872 3996 vult
889 3939 1107 4012 spirat?
1129 3958 1150 3994 ι
1178 3939 1361 4013 (Joan.
1388 3957 1473 4007 ιιι,
1504 3940 1585 4013 8.)
1606 3940 1744 3996 Hinc
1764 3940 2022 4013 cogitent,
2047 3940 2174 3997 hinc

588 4033 833 4107 pandant
855 4032 1074 4105 aliquid,
1108 4048 1276 4104 quare
1321 4035 1489 4105 spirat
1532 4035 1625 4091 ubi
1653 4035 1787 4101 vult,
1834 4043 1888 4092 et
1917 4050 2025 4091 non
2052 4036 2173 4091 ubi-

587 4143 712 4201 que.
759 4126 955 4184 Dicant
1003 4128 1167 4184 etiam
1215 4140 1384 4200 quare
1430 4129 1853 4201 praedicantibus
1900 4128 2174 4201 pmdictis

585 4216 754 4275 Paulo
774 4227 829 4275 et
859 4216 1102 4274 Barnaba
1139 4219 1439 4276 Antiochiae
1469 4216 1687 4277 Pisidiae
1715 4217 1918 4277 Iudaeis
1957 4229 2013 4276 et
2040 4238 2172 4293 gen-

590 4310 733 4367 tibus
761 4310 1011 4379 salutem,
1044 4310 1225 4369 nullus
1248 4312 1500 4380 credidit,
1530 4312 1633 4368 nisi
1663 4328 1800 4384 quos
1832 4314 2028 4369 exinde
2069 4315 2175 4370 Do-

588 4403 766 4457 minus
790 4401 1174 4472 pmordinavit
1228 4410 1290 4458 ut
1339 4404 1645 4460 crederent.
1697 4403 1979 4477 Siquidem
2028 4406 2174 4462 etde

589 4493 722 4563 ipsis
776 4493 971 4565 pagina
1022 4500 1206 4549 sancta
1256 4501 1542 4551 testatur:
1601 4514 1621 4549 ι
1662 4495 1730 4551 Et
1779 4496 2170 4564 crediderunt,

598 4604 617 4637 ί
651 4585 846 4656 inquit,
875 4594 1143 4657 quotquot
1164 4596 1323 4643 erant
1346 4587 1694 4659 praeordinati
1718 4589 1786 4645 ad
1815 4591 1979 4646 vitam
2017 4598 2174 4648 aeter-

608 4696 623 4724 ι
663 4690 785 4730 nam
810 4676 950 4748 (Act.
972 4691 1095 4743 xm,
1122 4676 1235 4748 48),
1275 4698 1295 4733 ι
1330 4678 1432 4737 hoc
1454 4688 1538 4737 est
1567 4680 1957 4751 praadestinati.

666 4786 810 4845 Ecce
829 4790 883 4845 in
913 4790 1167 4847 omnibus
1186 4806 1307 4861 qua
1332 4808 1400 4849 ex
1429 4795 1756 4851 auctoritate
1776 4794 1955 4851 divina
1979 4804 2168 4867 protu-

592 4874 775 4941 limus,
804 4874 972 4932 habes
1010 4877 1442 4935 misericordiam
1475 4888 1532 4935 et
1561 4879 1846 4951 judicium,
1884 4890 1940 4936 et
1961 4890 2172 4937 certum

592 4973 676 5022 est
696 4964 822 5035 quia
856 4962 1209 5037 personarum
1243 4984 1349 5025 non
1377 4978 1462 5026 est
1482 4978 1736 5041 acceptor
1757 4969 1919 5037 Deus,
1950 4985 2050 5026 nec
2076 4986 2171 5027 cu-

589 5057 843 5131 jusquam
865 5075 1149 5130 personam
1164 5071 1463 5118 reveretur.
1481 5060 1758 5118 Descende
1770 5078 1921 5134 ergo,
1935 5063 1982 5117 si
2005 5061 2172 5132 vales,

593 5152 646 5207 iu
670 5151 995 5222 profundum
1012 5153 1398 5211 misericordia:
1422 5152 1518 5210 Dei
1547 5170 1560 5208 :
1591 5154 1844 5218 ascende,
1875 5153 1919 5206 si
1949 5150 2173 5221 suliicis,

594 5245 647 5299 in
661 5244 999 5300 altitudinem
1018 5243 1206 5314 judicii
1222 5248 1359 5320 ejus,
1375 5246 1683 5302 distendere
1704 5244 1759 5299 in
1784 5234 2175 5317 longitudinem

595 5343 651 5390 et
703 5334 1039 5392 latitudinem
1097 5338 1306 5393 viarum
1352 5335 1471 5405 ejus
1521 5334 2002 5409 investigabilium,
2047 5343 2104 5390 et
2128 5334 2176 5391 si

593 5423 799 5496 liquido
837 5428 1232 5498 penetraveris,
1260 5427 1379 5482 haec
1422 5424 1580 5483 nobis
1628 5435 1738 5480 tam
1791 5424 2081 5480 metuenda
2118 5432 2174 5480 et

595 5514 1162 5588 incomprehensibilia
1190 5523 1423 5582 secreta,
1445 5515 1511 5570 de
1532 5514 1731 5585 quibus
1758 5513 1960 5571 Paulus
2000 5528 2170 5585 expa-

596 5604 693 5673 vit,
722 5605 836 5678 ipee
865 5607 1169 5679 intrepidus
1196 5606 1392 5677 pande.
1420 5605 1825 5673 Quantumlihet
1868 5604 2013 5661 enim
2036 5606 2176 5662 scire

597 5696 900 5759 conaberis,
918 5694 1119 5767 judicia
1140 5695 1233 5749 Dei
1261 5694 1720 5762 comprehendere
1750 5710 1855 5750 non
1880 5693 2052 5761 vales,
2076 5708 2175 5749 nec

2196 4547 2252 4609 D

2282 3330 2301 3365 ‹
2333 3328 2483 3381 cvm,
2514 3313 2592 3386 2).
2633 3333 2653 3367 ι
2691 3314 2751 3371 id
2798 3324 2885 3371 est
2922 3311 3091 3379 Judaa,
3145 3314 3233 3370 vel
3271 3309 3597 3369 Judzcorumin
3625 3304 3714 3360 Chrr

2276 3416 2441 3461 stum.
2479 3404 2650 3472 Judae,
2679 3422 2806 3462 cum
2840 3405 3008 3463 dicit:
3041 3425 3059 3457 ‹
3099 3404 3245 3474 Quid
3271 3400 3421 3461 vultis
3450 3399 3714 3457 rnillitlarml
3810 3428 3811 3443 ς

2282 3513 2301 3547 ι
2335 3512 2434 3568 ego
2457 3510 2581 3551 eum
2602 3496 2759 3553 vobis
2786 3490 3248 3567 tradam‘(.llauh.
3272 3512 3411 3561 nvi,
3436 3492 3568 3563 i5)?»
3588 3489 3631 3544 Et
3646 3494 3714 3555 pall

2274 3588 2518 3659 pecuniae
2579 3588 2924 3659 sponsionem
2952 3625 2971 3654 ,
3018 3586 3161 3643 dans
3228 3588 3427 3658 signum
3483 3578 3709 3639 mdium;

2282 3696 2302 3729 ι
2326 3677 2714 3752 Quemcunque
2727 3677 3000 3735 osculatus
3014 3674 3200 3745 fuero,
3218 3678 3330 3750 ipse
3354 3686 3445 3741 est,
3462 3684 3709 3731 teneamur

2275 3766 2399 3823 Ideo
2434 3784 2598 3839 super
2650 3783 2755 3835 me,
2800 3768 2897 3835 ait,
2949 3777 3206 3840 apertum
3260 3776 3343 3826 est
3384 3782 3441 3823 os
3480 3762 3607 3819 lude
3638 3760 3711 3813 CII

2275 3859 2423 3916 enim
2444 3858 2688 3915 osculum
2719 3860 2886 3927 dedit,
2921 3874 3017 3916 ore
3043 3858 3238 3916 doloso
3273 3857 3467 3932 aperuit
3499 3860 3712 3925 queritur

2277 3961 2418 4010 rent.
2473 3948 2785 4010 Judacorum
2818 3967 3055 4024 quoque,
3114 3968 3241 4009 cum
3292 3966 3406 4008 eum
3446 3934 3712 4003 volentesdtllo

2274 4050 2525 4121 perdere,
2575 4058 2635 4106 ut
2682 4046 3036 4123 Evangelium
3083 4048 3308 4118 pandit,
3355 4044 3641 4103 clamavenni
3664 4028 3709 4083 ἀί·
3806 4028 3807 4055 ¹

2277 4151 2501 4198 centes:
2551 4162 2568 4194 ι
2603 4138 2894 4212 Crucilige,
2941 4136 3205 4212 cruciﬁge
3246 4138 3419 4211 (Joan.
3448 4127 3623 4197 ιιι,6);
3650 4126 3711 4173 ³⁸

2276 4239 2401 4302 post
2420 4230 2674 4302 pusillum
2703 4231 2949 4302 sequitur
2970 4247 3013 4283 ει
3042 4228 3323 4285 Constitue
3346 4239 3487 4295 super
3502 4221 3710 4285 :2an

2283 4341 2302 4375 ‹
2336 4334 2528 4388 torem,
2569 4342 2587 4374 ι
2626 4320 2681 4377 id
2716 4330 2800 4376 est
2835 4335 2998 4393 super
3034 4318 3254 4385 ludam,
3288 4336 3307 4369 ι
3342 4325 3395 4372 et
3418 4306 3711 4369 diabolusstda
3804 4340 3805 4345 η

2283 4433 2301 4465 ι
2340 4412 2549 4471 dextris
2577 4413 2713 4485 ejus.
2754 4410 2891 4469 Cum
2933 4406 3233 4482 iudicatur,
3262 4400 3708 4489 exeatcondmmif‘v

2283 4527 2302 4562 ι
2334 4518 2390 4563 et
2413 4506 2588 4562 oratio
2629 4506 2746 4577 ejus
2785 4504 2880 4559 ﬁat
2925 4504 2978 4559 in
3032 4511 3339 4573 peccatum.
3386 4496 3517 4552 Fiant
3550 4490 3709 4577 δίωξις

2286 4618 2305 4651 ι
2343 4597 2519 4670 pauci,
2572 4606 2628 4651 et
2654 4567 3051 4668 vepiscopatum'
3083 4592 3204 4663 ejus
3257 4590 3467 4662 accipiat
3492 4586 3640 4639 alter”

2279 4660 2401 4761 post
2438 4660 2631 4744 caetera
2676 4660 2795 4758 quae
2830 4660 2896 4742 de
2943 4700 3010 4741 eo
3043 4660 3339 4755 sequuntur
3354 4660 3416 4735 ί(
3442 4677 3526 4733 Pro
3554 4660 3706 4761 ωειωά

2286 4756 2306 4835 i
2344 4782 2538 4852 inquit,
2572 4796 2676 4836 non
2696 4756 2816 4834 fiuit
2838 4776 3153 4833 recordatus
3192 4776 3369 4829 facere
3396 4756 3707 4852 misericordi?

2285 4894 2305 4929 ι
2341 4881 2394 4931 et
2417 4849 2739 4946 persecutus
2767 4878 2850 4927 est
2877 4870 3152 4925 hominem
3184 4869 3389 4939 inopem
3423 4870 3469 4916 et
3491 4849 3707 4946 οςεηυιιοξ

2287 4984 2307 5018 ι
2338 4942 2719 5036 compunctum
2759 4962 2920 5017 corde
2948 4959 3105 5016 morti
3144 4956 3375 5013 tradere.
3409 4971 3425 5003 ι
3451 4948 3505 5004 Et
3533 4942 3705 5036 seqqu

2281 5023 2485 5126 reliqua
2515 5070 2636 5126 quae
2678 5054 2732 5109 in
2776 5051 2894 5124 ejus
2945 5048 3202 5122 praedicta
3250 5054 3367 5103 sunt
3408 5048 3599 5113 persona.

2280 5122 2422 5201 sicut
2446 5122 2635 5200 narrat
2663 5122 3064 5199 liber'Actnum
3100 5136 3463 5211 apostolorum,
3500 5126 3549 5181 dc
3567 5134 3612 5174 e0
3628 5122 3704 5185 ια’

2279 5236 2445 5304 dicta,
2472 5236 2603 5292 etin
2643 5252 2707 5290 eo
2742 5233 2959 5305 impleta
3000 5247 3119 5290 esse
3160 5238 3372 5286 sanctus
3406 5214 3702 5305 Pmmlaw

2279 5325 2363 5382 lus
2381 5325 2597 5393 Petrus,
2630 5340 2753 5381 cum
2779 5324 2898 5379 loco
2925 5323 3040 5394 ejus
3060 5337 3224 5377 unum
3247 5334 3311 5373 ex
3337 5316 3397 5369 iis
3422 5310 3496 5381 qui
3520 5316 3606 5406 cum
3633 5302 3703 5406 ³νῖ

2280 5418 2435 5475 stolis
2490 5418 2803 5490 congregati
2858 5415 3072 5471 fuerant
3114 5422 3326 5483 propter
3352 5398 3632 5461 testimonium
3656 5398 3702 5490 fit

2278 5473 2633 5565 surrectionis
2670 5473 2799 5564 Jcsu
2839 5504 3075 5573 Christi.
3128 5497 3398 5573 ειιιποὸπί

2280 5602 2512 5668 nuntiat,
2545 5600 2731 5657 dicens
2766 5619 2821 5656 ξ(
2847 5599 2962 5657 Viri
2986 5570 3200 5663 fratres.
3236 5570 3698 5674 Opillia

2287 5712 2305 5744 ι
2347 5666 2561 5764 pturam
2595 5734 2609 5759 ,
2663 5707 2825 5763 quam
2878 5706 2976 5762 per
3011 5706 3073 5745 os
3122 5686 3285 5742 David
3315 5677 3526 5753 Pmdi‘“

600 5784 827 5855 valebis,
849 5762 973 5856 quia
1004 5787 1146 5842 sicut
1167 5800 1323 5841 nemo
1350 5785 1455 5841 scit
1476 5786 1754 5842 hominum
1777 5800 1898 5859 qua:
1928 5795 2058 5843 sunt
2080 5787 2179 5841 ho—
2273 5804 2307 5867 *ι
2347 5762 2563 5841 sanctus
2597 5786 2661 5840 de
2684 5762 2839 5851 ltitia,
2883 5782 2972 5854 qui
3014 5782 3119 5838 fuit
3143 5780 3245 5839 dux
3269 5788 3437 5833 eorum
3462 5762 3694 5839 ιΙυίωΨ
