3938 6334
314 378 438 443 ιειο

1740 366 2114 429 εΡιετω.

3398 366 3537 428 1550

319 515 332 547 ι
362 490 663 549 henderunt
683 487 1008 563 Iesumqui
1029 497 1452 549 eonnumeratus
1478 496 1598 565 erat
1617 489 1868 553 innubis,
1894 490 1950 551 Α
1974 484 2080 541 ﬁde
2122 483 2296 541 credit
2336 483 2549 543 dicente
2587 482 2848 542 Domino:
2883 503 2903 537 ι
2965 486 3069 555 Qui
3094 504 3205 549 non
3251 492 3542 549 manduca;

318 604 332 637 (
362 594 417 640 et
441 583 667 643 sortitus
695 593 781 639 est
805 592 1007 640 sortem
1035 584 1321 641 ministerii
1346 582 1524 652 hujus,
1548 589 1604 637 et
1628 582 1714 637 hic
1743 581 1865 651 qui-

318 695 331 733 t
370 677 490 733 dem
538 677 777 746 possedit
826 691 1019 749 agrum
1048 676 1113 733 de
1161 675 1412 731 mercede
1462 672 1787 743 iniquitatis,
1814 678 1870 727 et

318 789 331 823 ι
364 783 657 839 suspensus
686 768 896 838 crepuit
932 768 1162 834 medius,
1193 775 1249 821 et
1278 766 1471 822 diffusa
1499 774 1625 821 sunt
1656 765 1870 819 viscera

316 881 330 917 ι
360 860 491 931 ejus.
520 859 714 916 Notum
744 860 945 917 factum
971 870 1057 916 est
1080 869 1261 916 autem
1291 860 1540 917 omnibus
1574 856 1870 915 habitanti-

315 956 457 1011 cbus
502 954 561 1010 in
602 952 919 1021 Ierusalem,
959 954 1035 1011 ita
1080 960 1135 1009 ut
1175 952 1535 1023 appellaretur
1581 966 1712 1023 ager
1779 940 1889 1004 ille'

314 1046 740 1115 «Acbeldemah,
783 1047 888 1102 hoc
937 1054 1021 1103 est
1066 1061 1194 1117 ager
1243 1044 1540 1117 sanguinis.
1593 1042 1864 1113 Scriptum

314 1157 329 1190 ο
359 1147 442 1195 est
469 1139 611 1195 enim
642 1138 696 1194 in
725 1138 864 1195 libro
908 1138 1287 1197 Psalmorum:
1339 1137 1463 1195 Fiat
1510 1135 1869 1193 commoratio

313 1232 470 1303 «ejus
514 1232 749 1299 deserta,
803 1239 993 1289 etnon
1043 1233 1115 1288 sit
1141 1231 1233 1305 qui
1276 1232 1543 1288 inhabitet
1584 1231 1639 1287 in
1688 1246 1779 1297 ea,
1815 1238 1871 1287 et

312 1332 716 1395 «eptscopatum
757 1339 875 1393 ejus
923 1323 1154 1396 accipiat
1181 1323 1319 1379 alter
1339 1322 1479 1397 (Act.
1496 1338 1537 1389 ι,
1562 1321 1630 1378 16
1652 1320 1808 1395 αφ).
1844 1341 1864 1374 ι

309 1414 398 1471 Ubi
449 1430 577 1487 ergo
628 1415 1070 1472 commemoratio
1118 1430 1343 1486 operum
1386 1413 1507 1487 ejus
1543 1412 1808 1471 malorum
1836 1427 1868 1468 a

306 1515 483 1561 sancto
511 1506 572 1562 iit
600 1506 805 1578 Spiritu
838 1508 893 1564 in
935 1506 1185 1571 Psalmis,
1210 1506 1529 1578 priusquam
1557 1515 1702 1564 esset
1724 1521 1866 1576 prat-

305 1594 463 1652 scitus
490 1603 593 1658 est.
639 1612 748 1655 non
776 1597 975 1665 factus,
1022 1597 1167 1671 quod
1212 1596 1335 1651 talis
1369 1595 1626 1653 adversus
1673 1596 1868 1653 Filium

304 1684 390 1742 Dei
434 1685 645 1743 futurus
674 1698 839 1745 esset.
876 1686 936 1746 Si
963 1688 1111 1744 enim
1157 1685 1334 1744 factus
1374 1695 1537 1753 esset,
1571 1686 1870 1759 inculpabi-

304 1776 363 1833 lis
391 1787 557 1847 esset,
608 1786 663 1834 et
708 1779 807 1839 Dei
852 1780 1068 1851 opiﬁcio
1119 1788 1484 1850 reputaretur,
1536 1795 1645 1835 non
1691 1777 1863 1834 Judae.

1977 595 1997 628 ‹
2035 593 2255 632 carnem
2303 591 2505 643 meam,
2536 586 2591 633 et
2641 576 2776 634 bibit
2825 580 3137 650 sanguinem
3177 598 3378 651 meum,
3431 601 3539 641 non

1976 687 1995 719 ι
2036 667 2253 723 ltabebit
2282 667 2337 723 in
2366 683 2429 723 se
2467 668 2633 723 vitam
2663 666 2844 741 (Joan.
2868 685 2942 732 v1,
2971 669 3085 742 54),
3123 690 3147 724 ι
3181 672 3448 744 intelligit,
3485 685 3543 732 et

1970 777 2002 815 a
2031 762 2376 817 contentione
2404 762 2625 817 recedit.
2658 760 2762 831 Qui
2800 777 2929 819 vero
2972 766 3265 821 secundum
3298 768 3542 839 proposi-

1970 859 2083 907 tum
2134 852 2232 909 Dei
2286 853 2492 921 vivunt,
2542 853 2822 925 praescitos
2868 869 2989 910 esse
3028 863 3085 911 et
3130 857 3540 926 prtedestinatos

1969 940 2235 1023 electione
2279 944 2526 1015 gratuitae
2560 942 2751 1015 gratia:
2790 942 2925 1015 ejus,
2959 953 3013 1000 et
3058 960 3285 1017 regnum
3313 948 3395 1005 eis
3422 963 3537 1005 ca:-

1970 1031 2143 1090 lorum
2184 1050 2305 1092 esse
2340 1036 2781 1106 praedestinatum
2820 1038 2936 1093 sine
2973 1037 3305 1095 dubitatione
3353 1040 3535 1097 dicen-

1971 1122 2095 1179 dum
2122 1131 2224 1181 est.
2259 1123 2372 1180 Hoc
2398 1126 2541 1181 enim
2567 1125 2855 1196 Apostolus
2881 1125 3091 1198 probat,
3121 1143 3241 1182 cum
3266 1143 3361 1185 eos
3399 1145 3539 1200 pra:-

1970 1215 2269 1274 destinatos
2294 1226 2351 1273 et
2378 1219 2580 1275 electos
2598 1236 2719 1277 esse
2741 1229 2967 1276 testatur
2989 1230 3277 1291 antequam
3307 1222 3540 1278 mundus

1970 1312 2408 1369 constitueretur.
2440 1313 2694 1371 Scriberis
2708 1313 2851 1369 enim
2877 1313 3123 1385 Ephesiis
3140 1315 3305 1370 dicit:
3337 1335 3355 1368 ι
3389 1312 3540 1370 Sicut

1975 1422 1993 1456 ι
2030 1403 2191 1476 elegit
2217 1421 2314 1461 nos
2333 1404 2390 1461 in
2411 1405 2528 1477 ipso
2552 1446 2565 1471 ,
2590 1426 2609 1458 ι
2629 1402 2679 1461 id
2694 1416 2777 1461 est
2798 1405 2853 1459 in
2884 1403 3114 1469 Christo,
3151 1425 3169 1458 ε
3200 1414 3326 1461 ante
3350 1406 3541 1461 mundi

1976 1513 1994 1546 ι
2026 1497 2483 1564 constitutionem,
2528 1506 2585 1553 ut
2614 1514 2854 1555 essemus
2893 1500 3063 1554 sancti
3113 1507 3166 1554 et
3207 1498 3538 1555 iuunaculati

1974 1604 1993 1637 ι
2025 1586 2081 1642 in
2115 1598 2404 1659 conspectu
2434 1589 2570 1661 ejus,
2612 1590 2701 1659 qui
2744 1588 3146 1661 praedestinavit
3194 1604 3292 1646 nos
3336 1590 3390 1645 in
3438 1591 3535 1645 ad-

1973 1696 1992 1728 ι
2024 1676 2294 1747 optionem
2337 1678 2571 1735 ﬁliorum
2612 1694 2709 1749 per
2739 1676 2922 1735 Jcsum
2963 1676 3235 1735 Christum
3276 1680 3330 1735 in
3365 1681 3541 1752 ipsum

1976 1789 1995 1824 ‹
2034 1769 2247 1844 (Ephes.
2272 1789 2309 1839 I,
2333 1771 2411 1846 4).
2452 1793 2470 1826 ι
2511 1773 2712 1828 Taceat
2754 1774 2985 1828 humana
3022 1772 3220 1844 lingua,
3257 1787 3356 1828 nec
3386 1788 3541 1843 pror-

300 1867 491 1939 Iniuste
535 1871 701 1929 equm
750 1871 807 1929 in
842 1887 907 1928 ρο
955 1872 1167 1944 μυθίδια
1217 1872 1494 1927 damnatio
1536 1878 1700 1926 esset,
1751 1864 1859 1925 sed
1890 1865 1939 1930 Β
1964 1876 2057 1918 sus
2085 1860 2138 1915 in
2167 1862 2640 1939 przedestiuatione
2675 1864 2743 1919 de
2768 1863 2975 1919 meritis
3013 1862 3320 1929 extollatur,
3367 1870 3542 1918 atten-

300 1958 434 2017 absit
468 1961 570 2017 hoc
611 1978 644 2018 a
682 1978 891 2021 summe
934 1964 1078 2020 bono
1113 1963 1315 2031 judice,
1354 1972 1577 2021 auctore
1623 1963 1865 2018 omnium

297 2053 554 2109 bonorum
580 2055 708 2121 Deo,
732 2056 1051 2119 damnatore
1075 2070 1206 2112 vero
1227 2065 1546 2111 cunctorum
1570 2052 1863 2109 malorum:

296 2144 417 2214 quia
448 2144 587 2199 mala
627 2143 798 2214 ludat,
827 2156 887 2202 ut
920 2147 1166 2221 praedixi,
1216 2145 1511 2218 prmscivit,
1557 2162 1665 2201 non
1716 2144 1864 2210 fecit,

296 2243 346 2291 et
376 2242 556 2293 tamen
586 2239 642 2297 in
669 2240 865 2310 quibus
891 2241 1181 2313 praescivit,
1219 2241 1423 2310 judicio
1466 2237 1613 2308 justo
1651 2238 1868 2294 tradens

294 2341 414 2383 eum
445 2329 499 2384 in
527 2331 814 2401 reprobum
861 2348 1081 2389 sensum
1108 2341 1167 2391 ut
1202 2332 1451 2403 impleret
1492 2332 1776 2402 permisit:
1811 2335 1868 2384 et

292 2414 412 2472 ideo
444 2420 708 2489 permisit,
739 2422 864 2492 quia
894 2438 992 2494 per
1019 2422 1282 2496 Spiritum
1314 2433 1562 2478 sanctum
1590 2437 1711 2478 eum
1740 2435 1867 2491 per-

291 2507 489 2562 iturum
521 2520 646 2565 ante
672 2512 939 2583 pia-dixit.
971 2512 1109 2582 Quia
1139 2514 1281 2570 sicut
1325 2512 1601 2570 Christum
1654 2518 1869 2583 oporte-

290 2597 386 2657 bat
447 2601 558 2670 pati
607 2617 704 2675 per
757 2602 969 2670 ludam,
1018 2607 1348 2675 praecinente
1416 2621 1517 2677 per
1573 2605 1867 2676 prophetas

288 2701 479 2750 sancto
526 2694 749 2765 Spiritu,
780 2698 854 2757 ita
883 2701 1164 2769 opértebat
1206 2697 1401 2757 Iudam
1439 2700 1639 2770 perire,
1673 2697 1865 2754 eodem

287 2794 478 2839 sancto
524 2782 729 2855 Spiritu
785 2790 1132 2859 praedicente.
1183 2789 1259 2846 De
1304 2807 1369 2847 eo
1414 2790 1613 2863 quippe
1660 2791 1866 2846 dictum

283 2882 400 2930 est:
438 2895 457 2928 ι
491 2874 658 2933 Nemo
687 2880 848 2948 periit
873 2880 976 2936 nisi
1009 2880 1150 2937 filius
1179 2881 1497 2952 perditionis
1521 2878 1700 2955 (Joan.
1729 2897 1862 2949 xm,

286 2968 400 3043 12).
428 2992 445 3023 ι
477 2968 610 3027 Nam
641 2988 801 3044 pmna
828 2974 904 3031 illi
932 2976 1309 3046 praedestinata
1336 2991 1436 3048 pro
1464 2975 1623 3031 malis
1645 2974 1778 3041 suis,
1807 2975 1863 3030 in

283 3062 503 3132 quibus,
557 3072 782 3137 utsaepe
830 3064 967 3132 dixi,
1017 3066 1302 3139 praescitus
1343 3075 1426 3122 est
1476 3073 1706 3131 tantum,
1754 3079 1864 3121 non

280 3156 723 3226 prcedestinatus.
763 3156 964 3215 Verum
1015 3168 1195 3215 autem
1247 3174 1370 3216 esse
1421 3160 1565 3233 quod
1603 3159 1860 3225 diximus,

1969 1954 2061 2010 dat
2099 1957 2321 2024 dictum,
2357 1976 2376 2009 ί
2409 1968 2533 2015 ante
2563 1956 3008 2013 constitutionem
3042 1954 3243 2012 mundi.
3280 1975 3299 2008 ι
3336 1954 3540 2009 Divinae

1968 2048 2263 2105 voluntatis
2292 2059 2375 2105 est
2405 2050 2507 2106 hoc
2544 2051 2763 2117 donum,
2802 2066 2909 2106 non
2941 2051 3189 2105 humanae
3233 2047 3542 2121 fragilitatis

1970 2141 2242 2199 meritum.
2284 2138 2525 2213 Denique
2565 2143 2782 2199 attende
2809 2143 2951 2213 quod
2980 2142 3260 2211 sequitur:
3295 2160 3310 2193 ι
3338 2140 3397 2195 ln
3433 2154 3542 2210 quo

1975 2253 1993 2287 ι
2040 2234 2300 2291 habemus
2330 2234 2772 2306 redemptionem,
2799 2236 2893 2300 ait,
2916 2248 3014 2307 per
3043 2233 3356 2305 sanguinem
3401 2230 3538 2303 ejus,

1976 2345 1993 2377 ι
2031 2324 2400 2381 remissionem
2436 2333 2796 2396 peccatorum,
2841 2324 3134 2380 secundum
3174 2322 3389 2379 divitias
3417 2335 3541 2394 gra-

1973 2434 1992 2468 ‹
2027 2416 2114 2471 tite
2158 2415 2295 2487 ejus,
2336 2432 2457 2486 quae
2505 2416 2963 2486 superabundavit
3005 2415 3057 2470 in
3095 2414 3250 2470 nobis
3285 2414 3339 2469 in
3391 2412 3539 2469 omni

1973 2528 1991 2561 ι
2034 2507 2297 2579 sapientia
2338 2515 2394 2563 et
2432 2508 2735 2580 prudentia,
2794 2516 2856 2565 ut
2892 2516 3078 2564 notum
3133 2505 3291 2564 nobis
3340 2504 3543 2563 faceret

1973 2617 1992 2651 ι
2038 2607 2439 2655 sacramentum
2492 2599 2788 2658 voluntatis
2843 2615 2974 2668 sum,
3027 2603 3319 2658 secundum
3374 2600 3538 2657 bene-

1973 2711 1992 2744 ε
2024 2691 2285 2762 placitum
2311 2690 2447 2761 ejus,
2470 2693 2613 2763 quod
2661 2693 2940 2767 proposuit
2968 2694 3023 2749 in
3048 2708 3135 2760 eo,
3161 2694 3216 2748 in
3264 2688 3543 2765 dispensa-

1973 2802 1992 2834 ι
2030 2783 2176 2839 tione
2207 2782 2556 2853 plenitudinis
2588 2793 2911 2857 temporum,
2939 2785 3246 2841 instaurare
3281 2785 3463 2840 omnia
3488 2783 3544 2840 in

1971 2893 1992 2927 ι
2024 2872 2256 2940 Christo,
2311 2891 2432 2947 qua:
2470 2876 2523 2931 in
2574 2877 2726 2934 cmlis
2763 2888 2819 2936 et
2852 2893 2971 2950 qua:
3000 2879 3055 2934 in
3095 2887 3238 2934 terra
3293 2887 3437 2944 sunt,
3486 2877 3542 2933 in

1972 2985 1992 3019 ‹
2029 2967 2164 3037 ipso.
2210 2967 2269 3023 ln
2296 2985 2403 3040 quo
2469 2970 2633 3027 etiam
2669 2980 2724 3026 et
2778 2986 2879 3027 nos
2926 2980 3072 3028 sorte
3119 2969 3293 3027 vocati
3334 2985 3543 3040 sumus,

1972 3077 1991 3110 ι
2026 3060 2397 3131 praedestinati
2429 3063 2723 3121 secundum
2749 3063 3080 3136 propositum
3121 3061 3259 3136 ejus,
3290 3062 3384 3133 qui
3417 3079 3546 3134 ope-

1974 3169 1993 3203 ‹
2027 3161 2182 3209 ratur
2233 3156 2413 3211 omnia
2459 3158 2754 3225 secundum
2792 3157 3122 3214 voluntatem
3154 3173 3330 3225 suam,
3376 3169 3435 3213 ut
3472 3159 3545 3213 si-

277 3245 413 3302 licet
436 3247 591 3318 plene
617 3249 690 3304 sit
724 3249 1072 3321 disputatum,
1100 3250 1154 3307 id
1185 3257 1291 3317 est,
1337 3250 1595 3321 perituris
1643 3266 1862 3322 poenam
1894 3236 1942 3301 C
1976 3265 1997 3298 ο
2035 3263 2156 3304 mus
2180 3249 2236 3304 in
2265 3249 2478 3305 laudem
2506 3251 2691 3324 gloria;
2718 3250 2837 3322 ejus
2876 3267 2995 3317 nos,
3022 3253 3117 3324 qui
3144 3261 3271 3308 ante
3303 3252 3541 3323 speravi-

276 3353 407 3393 esse
435 3340 890 3411 praedestinatam,
931 3344 1058 3401 audi
1095 3343 1317 3401 Petrum
1365 3344 1692 3417 apostolum,
1733 3360 1860 3401 cum

162 3484 171 3493 ,
275 3426 497 3487 futuros
517 3447 640 3489 esse
663 3436 1178 3508 pseudoprophetas,
1207 3444 1264 3492 et
1299 3438 1591 3507 magistros
1639 3436 1861 3492 menda-

275 3536 400 3585 ces,
436 3531 491 3577 et
512 3534 785 3595 apostatas
822 3527 879 3583 in
920 3527 1159 3584 Ecclesia
1189 3528 1339 3595 dicit,
1370 3529 1509 3585 sicut
1554 3526 1777 3585 fuerunt
1806 3527 1862 3583 in

273 3611 482 3681 populo
510 3615 715 3669 veteri:
753 3635 772 3669 ι
806 3615 1012 3684 Quibus
1047 3617 1333 3689 judicium,
1363 3618 1563 3689 inquit,
1592 3618 1705 3689 jam
1732 3608 1861 3672 olim

282 3721 303 3753 ι
346 3719 452 3758 ηοη
483 3714 685 3771 cessat,
734 3715 790 3763 et
823 3709 1053 3778 perditio
1100 3724 1288 3766 eorum
1333 3724 1442 3765 non
1490 3708 1750 3764 dormitat
1775 3706 1863 3781 (ΙΙ

283 3813 305 3845 ι
361 3791 504 3850 Pelr.
530 3811 593 3862 ll,
614 3796 692 3870 ὅ).
722 3817 741 3850 ι
786 3797 917 3857 Item
946 3798 1113 3856 Iudas
1142 3799 1437 3871 apostolus.
1472 3820 1491 3851 ι
1523 3798 1862 3856 Subintroie-

283 3903 304 3937 ι
350 3895 498 3951 runt,
545 3889 643 3955 ait,
673 3890 891 3961 quidam
929 3891 1199 3960 homines,
1241 3892 1333 3964 qui
1384 3893 1515 3949 olim
1560 3892 1864 3965 praescripti

282 3994 303 4026 ι
346 3988 474 4033 sunt
504 3978 556 4033 in
587 3979 689 4036 hoc
718 3981 923 4054 judicio
957 3982 1130 4055 impii,
1170 3984 1400 4057 gratiam
1445 3983 1660 4039 Domini
1693 3984 1865 4039 nostri

282 4087 305 4121 ι
352 4069 738 4128 transferentes
769 4073 824 4129 in
856 4072 1149 4141 luxuriam,
1180 4082 1234 4130 et
1262 4074 1435 4131 solum
1474 4076 1865 4131 dominatorem

280 4180 304 4214 ς
360 4171 414 4218 et
463 4163 743 4221 Dominum
781 4175 1025 4224 nostrum
1062 4164 1244 4224 Jesum
1295 4176 1549 4241 negantes
1590 4167 1866 4224 Christum

281 4273 305 4305 ‹
354 4252 524 4317 (Judze
554 4255 629 4327 4).
662 4277 680 4310 ι
726 4257 790 4312 Et
838 4257 1096 4314 Dominus
1124 4259 1177 4315 in
1229 4259 1521 4331 Evangelio
1561 4259 1865 4330 peccatori-

274 4344 426 4400 bus:
462 4364 482 4397 ι
534 4344 801 4403 Discedite
845 4348 903 4403 in
947 4349 1125 4421 ignem
1166 4358 1455 4416 aeternum,
1501 4350 1592 4421 qui
1644 4359 1866 4423 paratus

282 4453 305 4486 ε
352 4446 436 4490 est
487 4436 700 4493 diabolo
751 4448 805 4495 et
855 4440 1063 4513 angelis
1103 4440 1221 4513 ejus
1270 4440 1501 4513 (Matth.
1540 4440 1804 4512 xxv,5«i).
1840 4463 1860 4497 ι

272 4524 688 4587 Ριιωάθεῑίιιειίς
707 4540 886 4587 autem
912 4550 925 4586 :
959 4552 978 4585 ι
1014 4528 1222 4601 Venite,
1245 4534 1510 4591 benedicti
1539 4535 1714 4593 Patris
1736 4536 1862 4603 mei,

1974 3357 1994 3390 ι
2035 3354 2155 3396 mus
2181 3340 2237 3396 in
2279 3341 2498 3399 Christo
2546 3342 2708 3416 (Ibid.
2758 3361 2889 3402 vera.
2920 3345 3090 3418 7-12).
3119 3364 3140 3397 ι
3173 3343 3314 3400 Audi
3354 3358 3545 3399 secun-

1969 3433 2098 3489 dum
2142 3434 2357 3492 divitias
2393 3436 2579 3509 gratia:
2620 3436 2758 3506 ejus,
2802 3452 2924 3510 qua;
2981 3434 3437 3506 superabundavit
3487 3434 3541 3490 in

1968 3526 2145 3593 nobis,
2182 3527 2237 3583 id
2270 3537 2353 3583 est
2383 3545 2505 3599 qua:
2526 3528 2788 3599 praevenit
2817 3543 2937 3595 nos,
2973 3527 3041 3582 ad
3068 3526 3242 3597 quid?
3266 3535 3325 3581 ut
3354 3533 3540 3582 notum

1971 3617 2179 3674 scilicet
2205 3619 2359 3674 nobis
2394 3617 2598 3675 faceret
2647 3626 3049 3675 sacramentum
3079 3617 3370 3674 voluntatis
3408 3632 3538 3672 suae.

1970 3708 2223 3779 Nunquid
2265 3718 2527 3775 meae,aut
2551 3719 2677 3775 tuae,
2700 3719 2793 3766 aut
2811 3709 3057 3775 alterius,
3078 3718 3138 3763 ut
3171 3709 3380 3764 meritis
3415 3724 3544 3764 con-

1970 3802 2108 3857 stet?
2130 3801 2299 3861 Absit.
2321 3802 2413 3858 sed
2427 3818 2561 3867 suae,
2579 3818 2701 3873 qua:
2719 3802 2881 3857 etiam
2896 3802 2949 3856 in
2963 3801 3030 3857 iis
3042 3817 3179 3873 quos
3198 3801 3542 3873 praedestinag

1970 3894 2046 3948 vit
2079 3908 2243 3964 opera
2278 3896 2432 3951 bona:
2464 3902 2733 3965 przeparet
2762 3893 3075 3959 voluntatis,
3095 3900 3156 3949 ut
3181 3893 3235 3948 in
3272 3893 3338 3947 iis
3356 3891 3545 3948 ambu-

1970 3986 2101 4041 lent.
2132 3984 2437 4042 Secundum
2466 3986 2609 4057 quod
2637 3986 2776 4040 idem
2813 3985 2867 4039 in
2892 3985 3079 4040 eadem
3104 3984 3339 4057 Epistula
3366 3985 3497 4039 dicit
3527 4004 3540 4039 :

1976 4097 1995 4131 ς
2032 4077 2223 4135 Gratia
2246 4078 2396 4133 enim
2421 4078 2553 4134 estis
2578 4077 2766 4133 salvati
2793 4092 2890 4148 per
2919 4076 3100 4143 (idem,
3130 4087 3187 4133 et
3216 4080 3315 4135 hoc
3344 4093 3448 4133 non
3478 4094 3542 4132 ex

1977 4190 1995 4224 ι
2034 4170 2205 4225 vobis.
2238 4168 2330 4225 Dei
2357 4170 2503 4225 enim
2535 4170 2733 4227 donum
2785 4178 2891 4239 est,
2920 4186 3028 4227 non
3072 4187 3139 4227 ex
3175 4171 3451 4244 operibus,
3486 4180 3544 4227 ut

1978 4281 1995 4313 ι
2038 4275 2107 4319 ne
2159 4260 2283 4332 quis
2323 4260 2603 4332 glorietur.
2649 4260 2825 4332 Ipsius
2880 4262 3024 4319 enim
3075 4278 3263 4319 sumus
3312 4261 3541 4328 factura,

1978 4370 1995 4404 ι
2033 4352 2202 4408 creati
2229 4353 2282 4409 in
2310 4350 2526 4409 Christo
2570 4346 2624 4409 in
2671 4354 2923 4426 operibus
2960 4355 3135 4420 bonis,
3164 4368 3284 4426 quae
3332 4368 3541 4425 praepa-

1978 4462 1994 4494 ι
2034 4443 2173 4498 ravit
2195 4443 2353 4508 Dens,
2376 4453 2436 4499 ut
2460 4446 2514 4500 in
2544 4444 2650 4501 illis
2670 4444 3007 4500 ambulemus
3034 4444 3246 4517 (Ephes.
3266 4461 3305 4511 ι,
3321 4443 3486 4514 8-10).
3515 4463 3534 4497 ι

1970 4535 2130 4603 Audi,
2161 4558 2177 4587 ι
2213 4537 2266 4592 in
2307 4537 2560 4609 operibus
2603 4537 2761 4593 bonis
2795 4552 2916 4609 quae
2958 4537 3282 4609 praeparavit
3314 4534 3473 4603 Deus,
3517 4557 3535 4590 ι

282 4635 305 4668 ε
360 4619 617 4689 percipite
648 4638 869 4693 regnum
899 4623 1052 4680 vobis
1078 4598 1331 4697 para—tum
1358 4627 1427 4682 ab
1448 4627 1654 4699 origine
1676 4598 1864 4685 mundi
1892 4598 1944 4661 Ῑ)
1970 4639 2025 4686 et
2055 4630 2099 4684 si
2118 4598 2257 4700 quid
2288 4598 2361 4684 te.
2388 4629 2513 4684 boni
2560 4645 2720 4700 posse
2758 4598 2930 4698 vides,
2955 4598 3052 4702 age
3071 4598 3289 4702 gratias
3336 4598 3542 4702 prmpa-

279 4728 302 4762 ι
349 4708 536 4778 (Ibid,
566 4729 696 4768 vers.
717 4711 835 4783 41),
862 4735 882 4769 ι
928 4716 981 4771 id
1002 4725 1085 4771 est
1109 4717 1572 4788 praedestinatum.
1612 4717 1863 4776 Tenenda

272 4809 372 4856 est
416 4800 579 4873 igitur
632 4802 954 4862 inconcusse
1003 4807 1164 4878 hujus
1219 4809 1598 4880 disputationis
1652 4809 1856 4882 regula,

270 4906 408 4961 qtue
434 4893 753 4950 tes'imoniis
791 4895 960 4952 claret
1002 4894 1426 4969 Scripturarum,
1463 4911 1776 4971 peccatores
1807 4904 1864 4959 in

272 4981 448 5038 malis
470 4984 720 5055 propriis,
766 4996 1055 5059 antequam
1099 4999 1281 5047 essent
1309 4991 1362 5047 in
1400 4994 1629 5059 mundo,
1647 4995 1869 5065 prmsci-

275 5080 376 5128 tos
423 5088 542 5131 esse
571 5084 798 5143 tantum,
829 5094 935 5137 non
981 5080 1419 5155 prtedestinatos:
1442 5098 1657 5157 poenam
1684 5096 1867 5143 autem

1973 4721 2114 4777 ranti
2152 4719 2294 4791 quod
2338 4730 2511 4791 potes,
2545 4736 2650 4777 non
2690 4723 2924 4793 propriae
2956 4720 3239 4785 voluntati,
3274 4738 3393 4795 quae
3423 4738 3541 4777 om-

1973 4812 2101 4867 nino
2126 4811 2242 4865 sine
2274 4810 2363 4867 illo
2392 4811 2523 4867 nihil
2551 4819 2732 4883 potest
2757 4812 2851 4884 qui
2876 4812 3007 4868 dicit
3035 4831 3050 4868 :
3083 4832 3102 4865 ι
3139 4811 3266 4870 Sine
3297 4830 3383 4870 me
3406 4813 3542 4870 nihil

1977 4925 1995 4961 ι
2029 4906 2254 4978 potestis
2283 4905 2461 4963 facere
2483 4905 2675 4979 (Joan.
2706 4922 2825 4973 xu,
2855 4904 2965 4981 5).»
2991 4904 3107 4963 Noli
3141 4908 3317 4980 itaque
3344 4918 3536 4979 putare

1968 4999 2112 5068 quod
2145 4999 2259 5055 haec
2282 5008 2338 5055 et
2375 4999 2684 5070 hujusmodi
2724 5000 2968 5056 dicentes
2993 5000 3221 5058 liberum
3242 5003 3537 5060 voluntatis

1972 5097 2315 5159 amputemus
2353 5089 2661 5156 arbitrium,
2685 5105 2813 5146 cum
2850 5099 3027 5145 tamen
3065 5100 3277 5147 constet
3314 5107 3378 5147 ea
3416 5107 3538 5163 quae

3538 3862 3570 3881 ο

270 5164 372 5220 eis
429 5181 547 5223 esse
600 5170 1037 5239 praedestinatam
1085 5174 1378 5232 secundum
1434 5178 1575 5249 quod
1633 5179 1871 5252 prmsciti

275 5266 438 5313 sunt.
470 5257 731 5317 Parvulos
749 5279 965 5335 quoque
986 5281 1091 5321 non
1115 5276 1330 5322 renatos
1351 5283 1416 5323 ex
1438 5284 1576 5340 aqua
1592 5281 1645 5326 et
1664 5270 1870 5342 Spiritu

273 5356 500 5415 sancto,
534 5353 930 5421 praedestinatm
955 5370 1130 5426 poena:
1155 5373 1274 5413 esse
1296 5359 1577 5417 obnoxios.
1609 5361 1709 5431 Qui
1734 5380 1873 5434 pra:-

270 5440 412 5495 sciti
440 5451 580 5505 sunt,
609 5459 715 5499 non
755 5447 987 5517 propriis
1024 5448 1405 5517 voluntatibus,
1436 5468 1662 5523 quorum
1706 5454 1865 5512 nullae

270 5533 375 5589 vel
394 5535 549 5591 bonae
575 5536 657 5593 vel
692 5539 845 5595 malze
869 5550 1013 5608 sunt,
1037 5542 1137 5597 nisi
1162 5550 1367 5601 tantum
1397 5544 1448 5599 in
1469 5545 1599 5601 Adze
1620 5556 1864 5617 peccato,

265 5625 435 5695 quod
470 5635 682 5683 traxere
728 5638 1038 5697 nascentes,
1066 5641 1121 5686 et
1148 5632 1200 5687 in
1242 5634 1345 5689 hoc
1377 5645 1655 5691 manentes
1692 5638 1866 5693 solve-

268 5724 417 5771 runt
435 5724 642 5788 tempus
669 5720 791 5775 vitae
814 5722 1114 5793 prmsentis.
1154 5724 1290 5790 Quid
1319 5727 1459 5780 enim
1477 5726 1683 5797 justitia
1712 5728 1777 5783 de
1800 5729 1869 5785 iis

260 5809 472 5869 faciat.
514 5810 707 5872 quibus
747 5812 1113 5869 misericordia
1150 5832 1256 5871 non
1296 5818 1559 5884 subvenit,
1591 5820 1679 5890 qui
1728 5836 1865 5891 pura

1970 5178 2241 5255 loquimur
2269 5199 2333 5240 ex
2361 5186 2680 5240 auctoritate
2700 5185 2881 5240 divina
2909 5187 3159 5255 pendere,
3177 5186 3356 5253 vel,ut
3384 5184 3541 5241 nobis

1973 5270 2302 5327 calumniam
2347 5272 2601 5343 objicitis,
2633 5276 2779 5345 quod
2806 5277 3079 5345 operando
3100 5277 3235 5331 bene
3279 5276 3535 5342 intentos,

1974 5369 2029 5416 et
2055 5360 2107 5416 in
2138 5361 2233 5417 Dei
2266 5365 2543 5434 proposito
2572 5364 2836 5422 sollicitos
2862 5367 3263 5437 prohibeamus.
3286 5366 3425 5434 Quin
3452 5382 3543 5439 po-

1970 5452 2099 5519 tius,
2135 5454 2224 5523 qui
2254 5471 2311 5510 se
2357 5458 2495 5510 dono
2524 5457 2714 5526 gratia:
2739 5459 2806 5525 ad
2834 5457 2928 5514 Dci
2956 5459 3383 5516 misericordiam
3417 5474 3541 5517 sen-

1968 5544 2109 5599 tiunt
2144 5545 2437 5615 pertinere,
2464 5546 2747 5604 hortamur
2769 5560 3021 5621 oportere
3064 5550 3376 5607 incumbere
3414 5566 3538 5607 ora-

1968 5637 2221 5705 tionibus,
2257 5637 2502 5708 jejuniis,
2532 5641 2748 5713 vigiliis,
2775 5645 3032 5715 omnique
3065 5644 3213 5715 operi
3242 5646 3537 5702 voluntatis

1968 5729 2180 5784 divinae.
2210 5726 2612 5790 Praedestinatis
2636 5737 2782 5791 enim
2809 5735 2937 5791 dicit
2960 5732 3266 5805 Apostolus,
3294 5754 3418 5793 cum
3446 5747 3532 5793 ta-

1969 5838 2089 5877 men
2117 5824 2363 5894 generale
2404 5825 2643 5896 sitquod
2674 5826 2745 5881 illi
2782 5828 2978 5882 dicitur
3012 5845 3040 5883 a
3070 5826 3283 5884 Christo
3326 5832 3533 5900 praede-
