3938 6334
585 364 721 424 1551
1222 360 1287 416 Β.
1325 356 1581 418 MBAN!
1615 355 1836 417 ΜΔῸΜ
1869 354 2140 415 ARCHIE]

2121 354 2192 413 ι).
2229 352 2540 414 uocum.
2572 352 2858 415 OPERUM
2892 353 3069 416 rans
3102 356 3180 415 ιιι.
3590 372 3676 432 ιω

585 472 789 532 atinato
830 471 1129 528 secundum
1155 483 1378 528 carnem
1398 486 1467 528 ex
1493 471 1700 529 semine
1726 469 1917 537 David,
1948 469 2158 541 praede—
2186 473 2238 534 Α
2263 470 2439 542 gratia
2462 468 2783 526 Salvatoris.
2813 468 2947 538 Quis
2971 472 3183 543 sapiens
3206 479 3256 528 et
3275 473 3494 551 intelligat
3515 481 3678 551 Imm

586 563 835 620 stinante‘
852 569 1032 619 autem
1052 561 1170 633 ipso
1194 561 1494 617 secundum
1522 562 1818 633 potentiam
1840 559 1936 617 Dei
1958 559 2159 628 Patris,
2266 561 2391 631 quis
2412 561 2637 617 idoneus
2660 561 2769 616 erit
2791 575 2980 617 eorum
3002 563 3217 619 reddere
3243 565 3492 624 rationem?
3511 571 3676 635 υἱαιιις

586 669 712 711 cum
740 653 899 710 Patre
921 663 979 710 et
1003 651 1207 725 Spiritu
1236 662 1445 710 sancto.
1498 672 1519 706 ι
1554 653 1783 726 Vigilate
1805 662 1861 709 et
1888 662 2063 717 orate,
2094 667 2164 708 ne
2266 667 2391 709 cum
2404 652 2573 709 David
2594 670 2607 707 :
2630 671 2650 705 ι
2669 651 2858 709 Justus
2871 653 3126 711 Dominus
3144 654 3199 710 in
3216 658 3429 715 omnibus
3444 660 3677 731 viissuis,et

590 762 612 797 ί
648 744 863 802 intretis
912 744 967 801 in
1003 745 1354 802 tentationem
1382 743 1597 818 (Matth.
1623 760 1772 813 xxvi,
1798 744 1947 817 41).»
1979 744 2113 800 Item
2144 761 2157 798 :
2272 762 2292 797 ι
2322 754 2542 802 sanctus
2564 746 2621 800 in
2641 746 2896 802 omnibus
2914 746 3166 817 operibus
3185 746 3673 831 suis(Ptal.cmv,l7);t

590 856 614 894 ι
648 839 879 913 Vigilate
903 841 960 897 in
983 840 1132 897 omni
1156 849 1423 911 iempore,
1456 846 1679 895 orantes
1705 845 1767 895 ut
1788 839 1936 911 digni
1966 839 2162 894 habea-
2221 891 2232 903 ,
2265 844 2359 893 et:
2397 856 2417 890 ι
2450 839 2622 908 Quam
2662 837 3005 911 magniﬁcata
3049 849 3173 897 sunt
3209 857 3358 913 opera
3384 852 3474 911 tua,
3500 847 3674 907 00min;

592 955 609 989 ι
646 934 780 991 mini
806 934 993 1005 fugere
1018 935 1122 990 ista
1162 933 1345 990 omnia
1374 948 1494 1005 quae
1534 932 1715 989 futura
1755 940 1904 998 sunt,
1937 940 1990 988 et
2018 941 2165 987 stare
2273 947 2293 980 ι
2334 930 2498 986 nimis
2522 929 2806 1002 profundat
2826 930 2986 989 factm
3010 942 3137 990 sunt
3155 935 3464 1005 cogitationes
3481 938 3675 1011 ωερε

590 1046 611 1080 ι
648 1038 774 1084 ante
798 1026 967 1082 ﬁlium
1008 1024 1413 1093 bominis(Luc.
1443 1040 1562 1092 ιιιι,
1586 1025 1734 1099 56).»
1765 1025 1938 1081 Item:
1975 1043 1995 1076 ‹
2027 1023 2166 1080 Con-
2272 1039 2293 1075 ι
2323 1039 2434 1090 xcr,
2484 1022 2561 1096 6).
2593 1043 2614 1079 ι
2663 1023 2922 1081 Dicamus
2970 1025 3136 1081 etiam
3186 1042 3299 1082 cum
3335 1029 3526 1098 apostolo
3544 1030 3675 1088 Paulo:

586 1138 611 1173 ί
648 1119 848 1176 tendite
898 1118 1105 1175 intrare
1145 1133 1242 1190 per
1289 1126 1573 1188 angustam
1622 1124 1833 1189 portam
1867 1114 2019 1188 (Luc.
2041 1131 2160 1182 nn,
2273 1135 2293 1169 ι
2327 1114 2373 1172 0
2414 1115 2644 1174 altitudo
2688 1117 3005 1174 divitiarum
3034 1117 3301 1188 sapientiae
3331 1128 3379 1175 et
3402 1120 3675 1180 scientiallei!

588 1230 608 1266 ι
639 1210 756 1285 24).
791 1231 812 1266 ι
842 1210 1013 1267 Item:
1055 1229 1074 1263 ‹
1101 1210 1212 1267 Vos
1236 1210 1397 1267 amici
1425 1209 1533 1266 mei
1559 1209 1691 1265 estis
1717 1210 1764 1264 si
1791 1208 2028 1264 feceritis
2044 1222 2165 1278 quae
2271 1224 2291 1259 ι
2326 1222 2490 1278 quam
2516 1208 3087 1282 incomprehensibilia
3111 1219 3233 1265 sunt
3248 1208 3424 1279 iudicia
3453 1211 3553 1281 eius,
3576 1216 3677 1270 ctia-

587 1326 607 1360 ι
643 1306 897 1379 praecipio
925 1306 1078 1363 vobis
1097 1303 1280 1378 (Joan.
1305 1321 1397 1373 xv,
1422 1304 1564 1379 11).»
1591 1305 1661 1361 Et
1684 1306 1853 1360 multa
1884 1304 2011 1370 alia,
2043 1317 2164 1375 qua:
2272 1317 2292 1353 ι
2327 1300 2669 1374 vestigabiles
2697 1302 2799 1358 vim
2822 1302 2941 1373 eius
2968 1300 3147 1375 (Rom.
3174 1317 3252 1367 ιι,
3273 1300 3399 1374 51).›
3424 1302 3506 1359 Sed
3524 1303 3678 1363 sitdlnc

581 1398 799 1470 longum
821 1406 905 1454 est
930 1413 1209 1455 enarrare.
1227 1398 1357 1466 Sed,
1372 1408 1431 1455 ut
1455 1399 1703 1471 superius
1719 1397 2160 1464 commemoravi,
2266 1393 2477 1453 reddita
2506 1396 2720 1454 ratione
2765 1396 2933 1453 vultis
2955 1412 3077 1453 esse
3099 1397 3414 1463 mntentiosi,
3434 1413 3511 1453 nec
3529 1401 3678 1468 acquies-

579 1490 672 1560 qui
697 1490 777 1545 eis
803 1490 988 1546 dixitzc
1010 1489 1140 1546 Sine
1162 1506 1248 1546 me
1274 1490 1408 1546 nihil
1432 1490 1659 1560 potestis
1682 1487 1863 1545 facere
1887 1487 2051 1559 (Ibid.
2068 1502 2163 1554 xv,
2265 1500 2394 1545 cere
2420 1487 2661 1555 veritati,
2700 1489 2858 1546 nobis
2888 1497 3068 1544 tamen
3092 1489 3242 1560 quasi
3269 1489 3393 1545 male
3415 1490 3469 1545 de
3497 1490 3573 1546 Deo
3592 1490 3678 1560 justo

580 1581 657 1652 5),
688 1601 706 1634 ι
731 1597 829 1653 per
859 1583 1033 1653 ipsum
1060 1597 1180 1653 quae
1201 1580 1460 1652 iubentur
1485 1581 1664 1639 facere
1690 1590 1938 1653 possunt.
1969 1580 2166 1650 ﬂuius-
2266 1588 2325 1637 et
2351 1581 2858 1638 misericordissimo
2896 1582 3215 1650 sentiamus,
3234 1581 3499 1638 calumniari
3526 1584 3676 1645 desinite.

580 1674 721 1731 modi
748 1674 804 1728 in
835 1674 1052 1729 Christo
1081 1689 1203 1731 esse
1236 1675 1437 1732 electos
1459 1675 1557 1732 Dei
1579 1675 1657 1730 ait
1684 1674 1972 1747 Apostolus
2003 1692 2018 1731 :
2053 1692 2071 1725 ‹
2103 1673 2164 1731 In
2268 1676 2364 1732 sed
2378 1676 2555 1747 ipsum
2578 1676 2763 1747 potius
2786 1675 3075 1734 Dominum
3101 1676 3379 1745 Christum,
3400 1674 3516 1747 cuius
3534 1677 3678 1750 Evange-

583 1783 601 1814 σ
636 1779 744 1835 quo
771 1771 826 1820 et
843 1763 1209 1835 praedestinati
1232 1763 1671 1821 suntsecundum
1689 1765 2025 1836 propositum
2051 1764 2165 1835 ejus
2270 1769 2405 1826 lium
2452 1771 2753 1841 sequimur,
2797 1770 2843 1824 si
2884 1770 3117 1837 audetis,
3157 1771 3352 1842 arguite
3377 1788 3389 1824 :
3415 1784 3509 1825 cum
3534 1769 3678 1838 illaia-

583 1875 601 1908 r
639 1856 733 1927 qui
772 1856 955 1913 omnia
994 1865 1250 1928 operatur
1270 1856 1486 1930 (Ephes.
1524 1874 1562 1925 ι,
1598 1857 1742 1932 11).»
1795 1857 2042 1932 ltttellige
2081 1860 2161 1915 di-
2191 1843 2239 1905 Β
2266 1864 2414 1935 gium
2444 1864 2643 1920 sumite
2670 1862 2939 1936 litigandi,
2965 1863 3045 1918 illi
3079 1863 3221 1934 quod
3248 1863 3374 1919 absit
3405 1861 3515 1919 male
3539 1864 3675 1917 salsis:

577 1956 744 2014 ctum,
771 1947 864 2019 qui
908 1949 1092 2003 omnia
1133 1957 1414 2020 operatur,
1439 1958 1494 2006 et
1541 1951 1707 2006 crede
1749 1966 1888 2023 opus
1913 1966 2034 2009 esse
2064 1952 2161 2007 Dei
2265 1954 2333 2012 de
2370 1954 2480 2011 Deo
2513 1954 2677 2010 Patre
2711 1968 2811 2010 suo
2850 1953 3275 2019 calumniamini,
3311 1953 3392 2023 qui
3429 1953 3521 2007 ait:
3547 1971 3560 2002 ι
3591 1950 3673 2004 Ιιιιεί

574 2056 739 2111 opera
768 2055 958 2096 eorum
1001 2041 1093 2112 qui
1129 2041 1408 2097 ambulant
1448 2043 1746 2098 secundum
1796 2044 2157 2115 propositum.
2269 2064 2288 2098 ‹
2320 2045 2541 2117 quidem
2563 2044 2763 2111 vocati,
2784 2045 2944 2116 pauci
2969 2059 3103 2100 vero
3128 2042 3283 2100 electi
3305 2042 3565 2115 (Nattam,
3585 2041 3671 2109 l5);a

576 2132 679 2200 Qui
707 2134 837 2204 ergo
865 2133 1071 2204 absque
1098 2133 1592 2204 praedestinationis
1620 2133 1797 2209 gratia
1822 2143 1970 2201 sunt,
1996 2136 2051 2190 id
2078 2142 2163 2190 est
2263 2146 2321 2193 et
2352 2153 2396 2191 τι
2424 2135 2596 2192 Nemo
2620 2144 2803 2208 potest
2822 2137 3012 2195 venire
3037 2138 3107 2193 ad
3134 2132 3349 2205 mc,nisi
3372 2134 3518 2191 datum
3538 2133 3677 2189 citauit

578 2224 738 2279 alieni
759 2239 788 2278 a
810 2223 1290 2295 propositoDei,et
1309 2226 1609 2295 perdurant
1628 2227 1682 2282 in
1700 2226 1960 2297 operibus
1982 2224 2158 2291 malis,
2270 2245 2290 2279 ι
2317 2242 2348 2282 a
2376 2227 2537 2283 Patre
2563 2242 2685 2283 meo
2712 2226 2898 2301 (Joan.
2923 2243 3000 2296 VI,
3033 2227 3182 2302 66),:
3218 2236 3305 2283 et:
3333 2244 3351 2279 ι
3382 2226 3476 2282 Non
3495 2238 3677 2281 mese

576 2318 621 2373 si
644 2318 808 2373 etiam
833 2333 900 2373 ex
932 2319 1038 2373 hac
1062 2318 1175 2373 vita
1207 2319 1603 2392 migraverunt,
1634 2334 1744 2375 non
1768 2333 1865 2375 eos
1905 2318 2158 2384 dicimus,
2268 2337 2286 2371 ι
2322 2319 2480 2390 piunt
2504 2319 2756 2389 verbum,
2785 2319 2893 2375 nisi
2920 2319 3123 2392 quibus
3148 2319 3324 2375 datum
3344 2328 3418 2375 est
3441 2318 3594 2390 (lani.
3613 2333 3674 2375 In.

575 2417 634 2463 ut
659 2422 755 2465 vos
780 2409 1003 2480 putatis,
1027 2410 1103 2464 ita
1141 2424 1175 2465 a
1210 2410 1323 2466 Deo
1364 2410 1611 2466 omnium
1640 2409 1835 2481 opiﬁce
1878 2407 2159 2464 ordinatos
2267 2429 2287 2464 ι
2323 2412 2434 2485 11).
2475 2433 2493 2466 ι
2534 2411 2742 2469 Οιειετιι
2785 2420 2967 2470 autem
3013 2429 3181 2485 quam
3220 2410 3678 2486 plurima.me

572 2509 634 2555 ut
676 2501 941 2571 perirent,
966 2510 1225 2574 tanquam
1270 2502 1385 2572 ipse
1434 2501 1541 2557 illis
1594 2515 1778 2557 mores
1833 2499 1987 2555 mala:
2035 2500 2160 2555 vita:
2260 2504 2413 2573 ergo,
2436 2502 2668 2573 inquies,
2694 2503 2842 2575 quod
2871 2503 2950 2559 ait
2972 2504 3347 2575 Apostolusu
3372 2501 3681 2572 Quivultonte

576 2592 863 2661 creaverit,
891 2595 1005 2666 ipse
1035 2594 1103 2650 ad
1141 2609 1304 2650 omne
1332 2609 1470 2665 opus
1509 2593 1702 2649 mortis
1729 2594 1934 2649 invitos
1962 2592 2157 2663 pratci-
2265 2610 2286 2645 ι
2324 2593 2574 2650 homines
2613 2595 2793 2652 salvos
2835 2596 2977 2664 ﬁeri,
3019 2605 3078 2653 et
3119 2597 3187 2653 ad
3224 2597 3504 2668 agnitionem
3538 2594 3681 2648 veritatis

542 724 569 763 Ι

574 2687 851 2758 pitaverit.
874 2685 1033 2763 Absit
1077 2686 1181 2742 hoc
1221 2702 1254 2742 a
1292 2686 1477 2763 divino
1515 2684 1814 2757 proposito.
1847 2683 1965 2739 Non
2011 2683 2157 2739 enim
2264 2702 2284 2738 ι
2318 2700 2431 2741 suae
2473 2686 2661 2743 venire
2689 2684 2743 2758 (Ι
2776 2684 2909 2742 Tim.
2962 2704 3025 2754 ιι,
3062 2688 3147 2755 4).
3177 2707 3197 2742 ι
3230 2684 3681 2744 Omninonouesthl-

572 2779 760 2835 volens
786 2778 1131 2852 iniquitatem
1162 2788 1247 2836 est
1274 2781 1438 2844 Deus,
1464 2792 1566 2834 nec
1596 2778 1872 2834 mandavit
1902 2778 2155 2848 cuiquam
2258 2794 2404 2847 sum,
2432 2779 2559 2851 quia
2590 2795 2751 2837 omne
2790 2782 2937 2854 quod
2974 2780 3094 2837 vult
3125 2782 3266 2837 Deus
3299 2780 3455 2837 facere
3479 2786 3682 2850 potam

573 2871 737 2943 impie
756 2885 935 2941 agere,
965 2887 1066 2928 nec
1087 2870 1251 2927 alicui
1292 2870 1442 2926 dedit
1466 2869 1837 2926 laxamentum
1869 2867 2151 2940 peccandi.
2252 2886 2480 2943 prorsus
2525 2873 2764 2930 humana
2812 2873 3092 2929 voluntate
3136 2876 3277 2946 quod
3321 2873 3422 2930 vult
3456 2870 3679 2944 prapexﬁwt.

568 2962 726 3019 Fecit
763 2963 909 3018 enim
955 2973 1017 3019 ut
1047 2972 1231 3020 essent
1262 2962 1468 3028 omnia,
1495 2971 1551 3018 et
1592 2961 1866 3019 sanabiles
1906 2962 2156 3018 nationes
2256 2960 2368 3018 Sed
2395 2978 2578 3034 quaero
2606 2979 2639 3019 a
2670 2964 2825 3021 vobis
2852 2966 2927 3019 ‘ut
2963 2964 3166 3020 dicatis
3187 2979 3345 3036 quare
3378 2963 3509 3027 Deus,
3533 2959 3593 3028 qui
3622 2956 3683 3009 vult

571 3053 722 3110 orbis
749 3063 1059 3111 terrarum:
1112 3054 1315 3111 invidia
1356 3063 1539 3109 autem
1567 3052 1768 3109 diaboli
1808 3068 1957 3108 mors
1988 3052 2157 3109 intro-
2256 3070 2449 3112 omnes
2485 3056 2737 3113 homines
2777 3055 2956 3113 salvos
2995 3056 3141 3123 ﬁeri,
3182 3054 3515 3128 quorumdam,
3548 3060 3588 3107 ut
3614 3048 3684 3103 dcit

573 3145 673 3201 ivit
701 3146 756 3201 in
787 3147 973 3202 orbem
1019 3156 1307 3201 terrarum.
1336 3144 1627 3200 Imitantur
1655 3153 1837 3200 autem
1878 3144 2027 3199 illum
2060 3143 2154 3215 qui
2203 3218 2229 3222 Α
2260 3146 2431 3204 Isaias
2451 3149 2714 3220 propheta
2740 3147 2876 3222 (Isa.
2910 3164 2986 3215 vt,
3020 3148 3140 3221 10),
3171 3155 3392 3205 excaecat
3418 3139 3682 3203 oculosneti-

575 3246 703 3292 sunt
736 3253 804 3293 ex
844 3248 1001 3308 parte
1037 3237 1203 3293 illius.
1250 3234 1363 3292 Nec
1400 3235 1635 3291 dicimus
1659 3275 1676 3302 ,
1704 3244 1765 3290 ut
1802 3234 2026 3307 ﬁngitis,
2056 3234 2160 3290 etsi
2185 3218 2232 3284 (ἶ
2263 3218 2713 3318 (Imb—Obiit"?!
2741 3218 2905 3297 corda
2950 3256 3020 3297 ne
3058 3218 3374 3314 intelligant,
3396 3253 3452 3295 ne
3484 3242 3686 3294 mntem-

574 3327 800 3383 credere
828 3328 1022 3394 velint,
1049 3326 1137 3383 vel
1156 3327 1316 3383 bonis
1344 3326 1600 3396 operibus
1619 3324 1715 3380 Dei
1749 3340 1961 3391 vacare,
1989 3325 2160 3381 Deum
2262 3341 2355 3389 tur
2381 3340 2438 3389 et
2463 3341 2744 3389 sanentur.
2772 3331 2928 3400 Quod
2953 3346 3151 3389 verum
3174 3348 3291 3390 esse
3316 3329 3574 3401 evangelista
3590 3325 3686 3380 ion-
3782 3324 3783 3355 l

575 3419 693 3474 haec
710 3418 819 3473 illis
838 3418 982 3474 nolle
1010 3427 1292 3489 praestare,
1322 3433 1448 3473 cum
1474 3415 1784 3485 huiusmodi
1814 3417 1951 3473 velle
1965 3417 2060 3473 Dei
2092 3418 2163 3473 sit
2262 3440 2361 3483 nes
2401 3426 2689 3483 conﬁrmat
2733 3427 2920 3483 dicens
2961 3426 3029 3483 de
3060 3416 3305 3483 Iudaeis:
3338 3443 3357 3478 (
3387 3423 3602 3495 Propterea
3626 3433 3685 3473 tm

574 3508 797 3562 donum.
815 3506 873 3563 Si
896 3522 1026 3580 ergo
1045 3507 1238 3563 exDeo
1258 3515 1342 3564 est
1362 3508 1507 3577 quod
1522 3506 1740 3590 volunt,
1754 3506 1869 3562 vult
1892 3506 2162 3579 Deusper-
2269 3537 2289 3571 ι
2323 3526 2578 3589 poterant
2617 3517 2860 3585 credere,
2910 3517 3038 3590 quia
3090 3519 3233 3575 dixit
3277 3518 3426 3574 Isaias
3464 3508 3686 3569 :Ercw'it

573 3598 776 3656 fectum
798 3597 917 3654 ﬁeri
938 3599 1081 3669 quod
1113 3599 1350 3655 donavit.
1379 3597 1440 3655 Si
1462 3607 1645 3655 autem
1671 3586 1741 3654 ei
1779 3598 1891 3655 Deo
1921 3614 2030 3655 non
2055 3606 2159 3665 est,
2269 3626 2288 3660 ‹
2323 3586 2513 3664 oculos
2536 3621 2747 3675 eorum,
2779 3616 2836 3663 et
2855 3586 3151 3665 obduravit
3175 3624 3269 3665 σοι·
3292 3621 3475 3673 eorum,
3497 3611 3541 3659 ut
3561 3596 3686 3657 nouil-

574 3695 671 3754 sed
705 3704 791 3751 εει
823 3695 890 3751 de
908 3693 1170 3766 iactantia
1201 3693 1436 3765 propriae
1484 3692 1802 3759 voluntatis,
1832 3693 1926 3762 qui
1953 3708 2014 3748 se
2049 3707 2162 3748 me-
2268 3721 2287 3753 ι
2316 3700 2480 3757 deant
2517 3701 2713 3767 oculis,
2764 3709 2823 3757 et
2860 3717 2968 3759 non
2990 3700 3535 3774 intelligantcorde,et
3556 3704 3687 3749 eoum.

572 3787 696 3843 ritis
739 3785 911 3843 Deum
960 3785 1231 3841 aestimant
1277 3785 1623 3856 promereri,
1676 3781 1963 3840 manifeste
2016 3783 2162 3854 quod
2268 3811 2288 3844 ι
2321 3801 2505 3849 tamm-
2542 3802 2597 3850 ει
2651 3808 2837 3851 sanam
2892 3793 3212 3867 εοεμοαη,
3238 3810 3334 3863 ιιι,
3374 3791 3472 3864 ιο),
3498 3808 3513 3842 ι
3543 3786 3630 3843 lien
3657 3780 3685 3834 il

563 3882 761 3937 wolunt
801 3893 996 3953 capere
1023 3893 1131 3935 non
1158 3886 1425 3950 possunt,
1466 3879 1593 3950 quia
1623 3896 1643 3931 ι
1675 3893 1782 3935 non
1827 3876 2058 3934 volentis
2082 3917 2098 3942 ,
2135 3895 2154 3929 ι
2260 3882 2555 3957 Evangelia
2575 3886 2872 3942 secundum
2894 3884 3160 3950 Marcum,
3192 3902 3310 3943 cum
3331 3884 3485 3941 Iesum
3504 3881 3687 3941 intermp-
3782 3876 3783 3957 ξ

574 3975 754 4047 inquit
800 3973 1113 4046 Apostolus,
1146 3990 1165 4025 ‹
1191 3988 1368 4044 neque
1392 3972 1683 4039 currentis,
1714 3972 1810 4029 sed
1851 3969 2160 4027 miserentis
2261 3984 2386 4034 rent
2409 3976 2657 4048 discipuli
2687 3978 2771 4033 sui
2817 3978 2883 4033 de
2909 3978 3174 4048 parabola
3198 3976 3441 4033 seminis:
3469 3990 3486 4024 ι
3508 3967 3620 4025 Vobis
3634 3963 3686 4015 ἀε-

580 4089 600 4122 ι
636 4078 721 4127 est
748 4070 843 4126 Dei
861 4068 1037 4142 (Rom.
1058 4069 1231 4141 ιιι,1);
1258 4088 1279 4122 ι
1307 4068 1501 4139 etquia
1522 4082 1630 4124 non
1654 4073 1833 4137 potest
1850 4065 2015 4121 homo
2043 4080 2075 4119 a
2102 4080 2162 4122 se
2265 4087 2285 4123 ι
2318 4076 2432 4124 tum
2472 4075 2578 4135 est,
2610 4068 2807 4139 inquit,
2820 4083 2989 4145 nosse
3027 4069 3342 4140 mysterium
3377 4064 3502 4144 regni
3534 4052 3687 4119 Deiﬂllis

577 4164 759 4219 facere
791 4162 1109 4234 quidquam,
1136 4161 1244 4217 nisi
1268 4161 1453 4218 datum
1476 4161 1553 4216 illi
1577 4160 1742 4216 fuerit
1765 4162 2016 4232 desuper.
2041 4157 2159 4216 Non
2266 4179 2286 4212 ι
2321 4168 2503 4217 autem
2539 4161 2631 4232 qui
2658 4158 2797 4217 foris
2834 4169 2961 4217 sunt
2995 4161 3051 4216 in
3083 4159 3351 4232 parabolis
3373 4154 3523 4212 omnia
3542 4147 3687 4207 ﬁunt,“

508 4242 551 4293 ⁸
572 4257 679 4312 hoc
699 4255 812 4327 agit
838 4253 981 4309 Deus
1002 4268 1212 4309 summe
1238 4253 1415 4308 bonus
1435 4252 1664 4319 malitia,
1688 4251 1782 4308 sed
1797 4252 2032 4323 iustitia,
2056 4267 2159 4307 nec
2264 4269 2284 4303 ι
2318 4250 2563 4309 videntes
2592 4265 2699 4307 non
2725 4252 2963 4318 videant,
2990 4260 3047 4309 et
3074 4252 3351 4309 audientes
3370 4264 3461 4305 non
3483 4240 3687 4308 ίιιιάιέεπίν
3782 4240 3783 4261 ¹

572 4362 929 4420 personarum
976 4344 1311 4415 acceptione,
1349 4344 1445 4400 sed
1485 4359 1773 4400 causarum
1822 4351 2158 4401 secretarum
2264 4360 2284 4394 ι
2317 4356 2387 4398 ne
2432 4343 2650 4414 quando
2688 4352 3080 4401 convertantur
3110 4353 3166 4402 et
3212 4342 3517 4401 dimittantur
3542 4334 3596 4389 eis

575 4440 924 4498 discretione.
950 4437 1212 4496 Novimus
1230 4452 1618 4508 nonnunquam
1639 4437 1901 4509 quosdam
1913 4436 2127 4493 volente

2132 4451 2158 4491 s
2263 4454 2283 4488 ι
2318 4444 2439 4491 cata
2466 4434 2661 4509 (Marc.
2693 4452 2769 4503 tv,
2795 4436 2905 4510 11).
2934 4456 2955 4491 ι
2988 4436 3163 4494 Dicite
3184 4437 3342 4509 igitur

575 4524 795 4588 aeternae
820 4529 946 4584 vitae
986 4528 1147 4585 ﬁdem
1180 4527 1447 4599 accipere,
1477 4507 1536 4583 et
1558 4507 1682 4583 eam
1710 4527 1962 4598 adipisci,
1991 4540 2154 4599 quos-
2182 4579 2232 4600 ﬁ
2259 4507 2613 4598 personarum
2658 4507 2914 4600 acceptor
2948 4543 3055 4584 non
3102 4507 3229 4593 est,—
3253 4534 3307 4582 et
3338 4523 3441 4580 vult
3473 4527 3609 4574 omnes
3636 4507 3689 4561 Μ·

577 4579 794 4588 ηπηη
833 4579 942 4584 ---π
986 4579 1147 4585 --η-
1487 4579 1534 4583 η
1565 4579 1682 4583 -----
1715 4579 1962 4598 -ὴ-τ-ηη
1997 4579 2122 4599 γρ
2259 4579 2613 4598 ,μη-ψη--
2660 4579 2903 4600 -η-τν--
3108 4579 3207 4593 η-.
3260 4579 3301 4582 ρ

573 4623 699 4679 dam
746 4630 927 4679 autem
967 4637 1074 4679 non
1100 4639 1114 4676 :
1144 4621 1351 4693 aliquos
1388 4622 1553 4678 etiam
1589 4620 1834 4677 nolentes
1876 4621 2152 4690 consequi,
2179 4579 2234 4640 Β
2260 4620 2437 4676 mines
2465 4619 2645 4677 salvos
2668 4616 2809 4687 ﬁeri,
2842 4620 3072 4676 aliorum
3096 4616 3260 4677 corda
3284 4601 3689 4693 reserath

573 4732 697 4774 cum
724 4716 778 4772 in
803 4716 884 4773 eis
908 4714 1088 4771 divina
1111 4691 1287 4786 gratia
1313 4723 1373 4769 ut
1395 4713 1565 4770 velint
1585 4713 1883 4768 mutaverit
1905 4712 2154 4768 volunta-
2262 4713 2413 4777 dum,
2436 4712 2623 4768 oculos
2647 4712 2915 4767 illuminat
2956 4712 3025 4767 ad
3044 4710 3347 4775 videndum,
3374 4715 3423 4762 et
3441 4702 3495 4759 ad
3516 4691 3688 4755 scitum

576 4817 705 4865 tem.
753 4806 1013 4864 Novimus
1058 4806 1269 4878 aliquos
1316 4808 1482 4864 etiam
1530 4805 1804 4878 perfectos
1850 4820 1919 4862 ex
1968 4805 2154 4861 labore
2260 4806 2580 4877 mysterium
2595 4806 2747 4878 regni
2770 4803 3175 4877 calorum,quo
3194 4789 3690 4861 scilicetsalviﬁel'il'ﬁ'

574 4898 865 4957 multorum
907 4913 1194 4965 annorum,
1229 4898 1512 4970 prolapsos
1550 4898 1607 4952 in
1649 4897 1841 4953 ultimo
1873 4898 2000 4953 vitae
2043 4913 2154 4953 suae
2259 4900 2388 4966 sint;
2409 4899 2639 4956 aliorum
2661 4914 2811 4966 vero,
2833 4910 2893 4955 ut
2915 4898 3163 4956 lectionis
3184 4879 3688 4970 textusdixitJnvoltﬂ'

571 4993 803 5067 periisse
826 5005 841 5046 :
870 4990 1082 5062 aliquos
1101 4968 1324 5046 vero—ab
1366 4968 1588 5044 ineunte
1618 4997 1779 5045 aetate
1804 5004 1900 5045 sua
1929 4989 1982 5044 in
2004 4988 2152 5044 omni
2260 4993 2314 5048 in
2336 4990 2606 5063 parabolis
2626 4991 2935 5057 veritatem,
2959 4991 3210 5047 obtundit
3229 5004 3339 5055 cor,
3362 4968 3687 5042 ειεεαιοωιίε·

575 5087 780 5147 scelere
809 5097 867 5144 et
902 5085 1315 5144 damnabilitate
1339 5098 1513 5155 usque
1549 5083 1618 5138 ad
1649 5084 1985 5154 decrepitam
2025 5091 2155 5141 ωιλ-
2258 5082 2459 5139 claudit
2488 5098 2672 5152 aures,
2705 5098 2775 5139 ne
2806 5082 3152 5156 Evangelium
3186 5080 3367 5139 salutis
3398 5070 3687 5149 Wv"

570 5186 681 5237 tem
703 5179 1046 5249 perdurasse,
1071 5184 1128 5232 et
1166 5185 1390 5248 repente
1417 5175 1633 5231 cmlitus
1677 5175 1939 5247 inspirata
1981 5174 2155 5231 salute
2258 5176 2633 5233 remissionem
2682 5177 2950 5250 accipiant
2991 5173 3353 5250 peccatorum?
3372 5168 3530 5231 Dicite.

572 5244 760 5344 raptos
801 5285 923 5327 esse
968 5268 1037 5325 ad
1083 5244 1330 5340 requiem
1378 5267 1529 5339 regni
1579 5244 1860 5324 caelorum.
1894 5264 2154 5322 Novimus
2257 5268 2490 5339 qualiter
2509 5269 2626 5325 haec
2652 5268 2768 5327 loca
2793 5244 3686 5351 Evangeliiaccipitis,docelctilli‘l‘h}c

574 5363 743 5419 etiam
782 5360 1057 5434 parvulos,
1084 5359 1284 5429 quibus
1308 5374 1440 5414 usus
1476 5358 1632 5414 liberi
1662 5357 1875 5415 arbitrii
1905 5371 2014 5413 non
2049 5363 2152 5423 est,
2257 5363 2324 5417 de
2346 5362 2474 5428 Deo,
2493 5362 2585 5433 qui
2607 5363 2719 5419 vult
2733 5378 2923 5419 omnes
2936 5364 3181 5419 homines
3200 5361 3371 5417 salvos
3391 5346 3686 5434 ﬁerinam

576 5463 639 5510 ut
669 5456 736 5511 de
768 5430 925 5511 bonis
948 5461 1042 5507 aut
1066 5450 1227 5507 malis
1251 5466 1442 5507 eorum
1471 5448 2024 5520 meritisiudicemus,
2050 5464 2148 5522 pa-
2256 5453 2397 5510 Ecce
2420 5430 2536 5524 iam
2558 5454 2887 5525 generaliter
2905 5454 3038 5512 salvi
3066 5471 3169 5511 non
3197 5462 3337 5517 sunt,
3361 5461 3466 5506 cum
3492 5438 3581 5496 aliis
3594 5430 3688 5486 ὡωτ

578 5552 793 5601 rentum
831 5543 1078 5599 manibus
1113 5542 1183 5598 ad
1227 5543 1457 5614 gratiam
1488 5541 1632 5598 sacri
1677 5541 2024 5613 baptismatis
2062 5542 2154 5597 de-
2256 5564 2419 5606 nosse
2448 5549 2592 5605 viam
2613 5548 2824 5613 saluus,
2853 5547 2975 5605 aliis
3002 5563 3110 5605 ηοιι
3135 5548 3306 5604 datur.
3332 5540 3443 5597 Hac
3471 5526 3687 5619 itaque?

578 5644 842 5707 portatos,
871 5645 1069 5690 etcum
1092 5634 1147 5689 in
1173 5650 1283 5690 uno
1314 5648 1503 5690 eorum
1518 5650 1618 5706 per
1638 5649 1833 5692 manus
1852 5634 2152 5691 sacerdotis
2255 5640 2387 5697 facit
2408 5641 2568 5709 Deus,
2590 5658 2698 5699 non
2722 5655 3077 5712 personarum
3109 5636 3401 5709 acceptione
3418 5621 3687 5715 {adsimilit

582 5697 899 5796 mysterium
924 5725 1051 5781 ﬁdei
1074 5725 1481 5795 adimpleretur,
1516 5697 1802 5795 aliquoties
1826 5728 2057 5782 alterum
2092 5726 2146 5781 in
2249 5734 2484 5807 justitia,
2635 5697 2847 5806 iusiitia
2883 5697 3250 5795 inenarrabili:
3270 5697 3686 5807 miseﬁcorJiIni'd‘:
3782 5796 3783 5801 η

582 5825 865 5886 parentum
922 5808 1165 5873 manibus
1209 5816 1411 5873 factum
1474 5820 1779 5874 exanimem
1836 5819 2145 5876 fraudatum
2249 5796 2390 5883 bita.
2415 5796 2679 5893 Quoniam
2704 5840 2830 5881 vero
2854 5825 2981 5882 hinc
3008 5822 3207 5895 liquido
3236 5796 3683 5886 ntraqurpﬂim"
