3938 6334
239 431 362 488 155⁸5

1644 429 2000 490 EPISTOLA‘Z
2015 470 2031 488 .

3345 433 3482 504 ηδε

241 545 1145 611 nihilvalemus,credamustantutn
1162 562 1311 601 reum
1325 548 1516 603 mortis
1531 547 1800 616 exjudicis
1827 550 1879 609 Α
1907 547 1958 600 in
1981 547 2160 600 futura
2193 547 2302 600 vita
2334 547 2610 618 percipere
2638 548 2973 602 mereamini.
3006 549 3070 602 Et
3094 550 3218 619 quia
3245 553 3483 620 praedicti

241 641 494 692 voluntate
508 637 758 707 pendere.
785 635 859 692 Ne
873 639 1156 709 quisquam
1175 648 1352 694 autem
1377 648 1503 710 puta
1513 649 1592 694 ret
1617 639 1800 694 divino

234 729 422 801 judicio
451 727 565 783 ﬂeri
591 744 699 785 non
725 744 912 785 omnes
934 731 1184 786 homines
1216 731 1414 786 salvari
1439 773 1454 796 ,
1484 731 1621 788 dixit
1657 735 1798 804 Apo-

238 821 393 877 stolus
424 838 436 874 :
469 841 488 873 ‹
513 820 617 890 Qui
645 823 759 876 vult
785 839 974 879 omnes
1004 824 1181 880 salvos
1211 825 1327 879 ﬁeri
1362 825 1412 897 (1
1432 825 1566 881 Tim.
1595 843 1654 891 ιι,
1684 827 1794 900 4).»

238 912 559 984 Quapropter
600 929 788 969 omnes
819 916 1066 970 homines
1103 916 1194 985 qui
1232 917 1531 983 salvantur,
1556 919 1668 973 Deo
1707 934 1803 973 vo.

237 1003 367 1058 lente
401 1004 695 1059 salvantur.
726 1006 866 1060 Deus
903 1007 1046 1060 enim
1092 1015 1277 1061 noster
1313 1007 1456 1062 Deus
1495 1009 1673 1063 salvos
1716 1008 1800 1064 fa-

237 1097 418 1161 ciendi,
447 1107 501 1153 et
523 1097 730 1152 Domini
758 1097 934 1151 exitus
958 1098 1164 1152 mortis.
1191 1097 1255 1152 Et
1275 1099 1400 1167 quia
1428 1099 1506 1152 ira
1533 1099 1586 1153 in
1619 1099 1798 1154 furore

235 1188 358 1258 ejus,
383 1198 438 1244 et
478 1190 587 1244 vita
630 1189 683 1243 in
713 1188 994 1244 voluntate
1029 1189 1170 1258 ejus,
1200 1190 1480 1260 intelligite
1521 1191 1707 1260 utique
1747 1191 1798 1245 in

235 1285 406 1343 furore
444 1286 728 1357 justitiam,
776 1285 830 1339 in
863 1285 1138 1340 voluntate
1173 1285 1629 1340 misericordiam.
1664 1284 1805 1338 Prm-

235 1377 632 1435 destinationem
661 1377 824 1445 igitur
851 1391 1044 1446 negare
1063 1418 1077 1440 ,
1103 1391 1263 1445 quam
1299 1376 1438 1446 apud
1465 1377 1632 1430 Deum
1681 1391 1801 1432 esse

234 1470 568 1542 probavimus
592 1509 606 1532 ,
632 1467 865 1522 immane
901 1467 1294 1537 blasphcmium
1337 1476 1420 1521 est
1452 1485 1463 1519 :
1491 1483 1654 1536 quam
1696 1484 1801 1523 non

235 1571 454 1625 tantum,
498 1561 637 1616 sicut
683 1559 864 1615 soletis
907 1561 1106 1626 dicere,
1137 1562 1190 1614 in
1242 1561 1502 1632 apostolis
1546 1563 1805 1618 debemus

232 1655 488 1724 accipere,
517 1653 609 1707 sed
635 1661 687 1706 et
715 1652 766 1705 in
791 1653 1136 1722 patriarchis,
1166 1661 1220 1705 et
1250 1653 1552 1724 prophetis,
1578 1661 1631 1707 et
1661 1669 1805 1706 mar-

233 1747 452 1818 tyribus,
487 1753 540 1800 et
577 1744 998 1806 confessoribus,
1028 1744 1078 1797 in
1116 1744 1369 1798 omnibus
1400 1744 1608 1799 sanctis
1639 1752 1694 1797 et
1725 1745 1802 1797 di-

230 1853 326 1908 gne
366 1837 726 1891 servientibus
771 1836 896 1889 Deo.
943 1835 1078 1889 lliuc
1121 1850 1278 1889 nemo
1330 1837 1606 1906 glorietur,
1641 1852 1802 1891 nemo

1903 636 2098 690 fratres
2124 637 2292 690 nostri
2327 637 2479 692 nobis
2509 639 2808 693 retulerunt
2837 654 2933 694 vos
2966 651 3217 711 expetere
3247 659 3480 713 opuscu-

1904 726 2011 780 lum
2046 735 2289 781 nostrum
2319 727 2372 781 in
2397 727 2606 783 laudem
2643 731 2822 785 crucis
2849 730 3048 786 Christi
3072 733 3272 788 dudum
3297 735 3485 791 confc-

1903 826 2069 880 ctum,
2087 834 2153 872 ex
2169 829 2349 872 vestro
2363 820 2528 874 verbo
2549 830 2802 890 rogantes
2814 830 2872 876 ut
2891 821 3021 878 illud
3041 824 3195 879 vobis
3217 827 3490 881 transmit-

1905 914 2096 971 terem,
2135 908 2435 964 voluntarie
2475 909 2574 964 feci
2619 912 2762 980 quod
2807 913 3091 982 rogabant,
3113 924 3168 992 et
3215 917 3489 985 praeterito

1903 1014 2046 1053 anno
2070 1015 2167 1069 per
2190 1001 2436 1055 nuntium
2463 1001 2872 1073 Gagauzardum
2901 1006 2968 1059 ad
3009 1022 3108 1061 nos
3151 1009 3488 1076 venientem,

1904 1100 1955 1144 et
1972 1091 2024 1144 id
2065 1090 2238 1160 ipsum
2259 1101 2624 1161 expetentem,
2651 1096 2969 1164 opusculum
3003 1099 3158 1152 vobis
3185 1101 3486 1165 transmisi,

1905 1182 2203 1251 deprecans
2238 1193 2296 1237 ut
2343 1185 2588 1240 habeatis
2625 1186 2852 1251 illud,et
2886 1203 3070 1244 coram
3111 1191 3265 1245 vobis
3310 1201 3490 1260 legere

1906 1273 2146 1339 faciatis,
2171 1283 2225 1330 et
2248 1277 2293 1330 si
2331 1277 2459 1346 quid
2489 1279 2540 1331 iu
2561 1293 2626 1331 eo
2647 1279 2867 1348 dignum
2895 1285 3056 1349 atque
3096 1291 3310 1350 gratum
3340 1282 3494 1336 vobis

1905 1365 2211 1434 reperiatis,
2243 1365 2439 1420 divina:
2465 1367 2650 1436 gratia:
2677 1368 2779 1422 hoc
2801 1369 3088 1438 deputctis,
3111 1385 3215 1424 non
3243 1386 3493 1426 humana:

1906 1455 2176 1511 solertiae:
2209 1457 2291 1512 sin
2321 1467 2502 1512 autem
2547 1458 2706 1513 aliter
2743 1461 2874 1530 quid
2904 1460 2960 1515 in
3010 1461 3126 1530 ipso
3180 1463 3490 1530 inveniatis,

1905 1562 2040 1602 meae
2072 1548 2373 1618 imperitia,
2403 1559 2458 1604 et
2494 1550 2775 1621 fragilitati
2825 1552 3071 1606 humana:
3110 1555 3282 1623 magis
3317 1556 3494 1624 impu-

1906 1635 2034 1696 tetis
2086 1659 2247 1712 quam
2291 1644 2544 1697 malitize:
2576 1645 2698 1714 qui,
2743 1653 3005 1714 quantum
3050 1647 3144 1700 Det
3173 1647 3316 1701 dono
3344 1647 3495 1716 sapio

1907 1742 1962 1787 et
1989 1733 2162 1796 valeo,
2202 1733 2408 1789 Christi
2429 1735 2645 1788 famulis
2671 1745 2726 1789 et
2752 1735 3042 1789 Dominum
3073 1735 3388 1790 timentibus
3416 1745 3496 1790 at-

1908 1840 2013 1894 que
2056 1825 2366 1879 amantibus
2406 1835 2615 1895 gratum
2671 1827 2951 1880 servitium
3001 1826 3312 1895 impendere
3359 1827 3500 1880 desi-

231 1930 488 1998 desperet.
519 1926 677 1982 Solus
700 1927 840 1981 enim
879 1926 1136 1981 Dominus
1173 1926 1275 1982 s’cit
1301 1927 1390 1996 qui
1421 1935 1546 1981 sunt
1575 1926 1711 1996 ejus.
1745 1928 1803 1983 in
1833 1909 1882 1970 Β
1913 1917 2062 1983 dem:
2089 1926 2148 1970 ιιι
2178 1917 2276 1986 ίΡδί
2299 1932 2397 1986 Pro
2433 1932 2518 1971 me
2539 1918 2726 1980 οῖ’θῑίδν
2758 1927 3026 1986 quatenus
3066 1918 3278 1971 "emam
3311 1933 3501 1986 PeCCJ"

229 2032 482 2094 quantum
527 2029 704 2075 autem
753 2036 1058 2090 possumus,
1087 2035 1276 2075 omnes
1314 2021 1562 2075 homines
1608 2023 1676 2075 ad
1708 2023 1802 2076 ho-

228 2131 350 2168 num
377 2130 510 2184 opus
532 2115 903 2177 exhortemur,
936 2113 1067 2167 nulli
1109 2114 1543 2184 desperationem
1589 2115 1803 2180 demus,

226 2219 322 2274 pro
360 2204 589 2258 invicem
630 2219 868 2269 oremus,
918 2205 970 2258 in
1017 2214 1308 2273 conspectu
1361 2205 1453 2260 Dei
1505 2221 1603 2260 nos
1634 2206 1808 2260 humi-

227 2293 416 2349 liemus
445 2293 685 2349 dicentes
712 2308 726 2346 :
761 2314 778 2345 ‹
811 2294 933 2348 Fiat
953 2294 1201 2349 voluntas
1222 2304 1364 2349 tua.»
1391 2295 1564 2368 Ipsius
1584 2296 1687 2351 erit
1713 2312 1809 2367 po-

227 2385 436 2441 testatis
447 2384 708 2453 judicium
736 2387 788 2441 in
819 2387 976 2441 nobis
999 2386 1240 2441 debitum
1268 2397 1479 2444 mutare
1509 2389 1810 2444 damnatio-

222 2479 329 2541 nis,
353 2481 581 2550 gratiam
613 2481 1100 2550 preedestinationis
1140 2484 1435 2540 indebitam
1474 2499 1804 2559 praerogare.

295 2571 431 2624 Ecce
452 2572 637 2636 habes,
659 2573 1011 2630 dilectissime
1042 2574 1231 2641 frater,
1263 2579 1407 2648 quod
1436 2579 1641 2648 petisti.
1672 2579 1810 2634 Sen-

229 2677 340 2714 :nm
377 2661 797 2718 orthodoxorum
827 2674 988 2735 atque
1018 2667 1413 2724 catholicorum
1435 2669 1660 2725 Patrum
1685 2671 1811 2726 bre-

225 2753 364 2806 viter
401 2752 453 2806 in
495 2745 604 2809 uno
638 2754 817 2810 libello
840 2767 1238 2824 constructum,
1267 2759 1335 2814 de
1379 2761 1721 2830 prtescientia
1752 2770 1808 2817 et

220 2841 722 2913 przedestinatione,
761 2847 826 2902 de
861 2850 1036 2919 gratia
1059 2859 1113 2905 et
1134 2851 1306 2906 libero
1336 2852 1603 2908 arbitrio:
1637 2861 1810 2909 restat

220 2947 282 2988 ut
311 2937 502 2991 credas
553 2954 617 2993 ac
668 2939 1017 3008 confitearis,
1049 2943 1158 2997 imo
1208 2943 1362 3000 ﬁrma
1416 2945 1520 3000 file
1570 2955 1626 3000 et
1675 2961 1808 3000 sana

221 3025 467 3081 doctrina
494 3028 614 3084 aliis
642 3031 902 3100 pmdices
942 3034 1086 3104 quod
1124 3034 1354 3090 credant
1397 3043 1450 3090 et
1479 3035 1807 3108 intelligant,

220 3117 392 3172 Deum
416 3121 698 3202 praescisse
723 3122 894 3179 bonos
923 3133 977 3179 et
1007 3122 1178 3180 malos
1225 3124 1438 3180 futuros
1471 3143 1482 3179 :
1511 3127 1690 3182 bonos
1714 3143 1794 3181 au-

221 3217 334 3263 tem
362 3219 568 3265 tantum
609 3221 667 3266 ut
700 3214 867 3268 vitam
914 3225 1170 3271 aeternam
1217 3218 1487 3287 accipiant
1526 3219 1808 3288 praedesti-

222 3317 403 3367 nasse,
459 3304 634 3361 malos
679 3322 808 3360 vero
850 3307 904 3362 in
954 3318 1216 3364 :etcrnum
1266 3311 1541 3378 perituros
1593 3320 1805 3366 tantum
1835 3285 1882 3349 C

219 3394 529 3464 praescisse,
586 3413 693 3454 non
750 3399 1184 3469 praedestinasse.
1245 3399 1431 3456 Gratia
1476 3409 1656 3456 autem
1709 3401 1804 3458 Dei

219 3495 490 3558 quotquot
511 3490 644 3546 salvi
669 3491 861 3547 fierent
882 3493 1111 3548 salutem
1137 3494 1382 3563 adipisci.
1404 3493 1603 3549 Libero
1626 3503 1806 3551 autem

221 3580 473 3644 arbitrio,
500 3583 644 3650 quod
689 3600 787 3654 per
836 3585 996 3655 primi
1052 3587 1286 3641 hominis
1352 3587 1558 3656 lapsum
1616 3603 1806 3643 corru-

220 3678 379 3740 ptum
430 3669 628 3738 fuerat,
668 3689 791 3729 cum
845 3675 1024 3729 divina
1075 3677 1290 3730 bonitas
1347 3675 1476 3731 illud
1512 3679 1809 3735 secundum

220 3777 386 3817 suum
412 3761 670 3832 placitum
693 3780 880 3836 regere
905 3765 1152 3830 voluerit,
1181 3767 1484 3822 mercedem
1507 3769 1809 3838 promereri

219 3869 386 3925 posse
413 3865 748 3926 perpetuam.
769 3857 902 3912 Cum
931 3869 1110 3914 autem
1133 3861 1294 3914 homo
1319 3860 1411 3915 illo
1433 3862 1674 3916 abutitur
1700 3878 1800 3932 per

221 3946 557 4015 superbiam,
583 3962 688 4004 non
732 3949 899 4021 gloria
941 3951 1077 4022 ejus,
1103 3953 1197 4008 sed
1231 3969 1390 4024 paena
1437 3955 1652 4026 dignum
1691 3971 1810 4011 esse

219 4049 504 4109 perpetua.
528 4039 750 4121 Occulta
779 4053 957 4100 autem
986 4055 1147 4115 atque
1169 4057 1378 4103 secreta
1401 4048 1495 4103 Dei
1518 4090 1530 4113 ,
1555 4065 1676 4119 quae
1705 4050 1806 4106 soli

221 4141 416 4200 patent
445 4136 736 4206 cognitioni
780 4138 993 4203 divinae,
1022 4141 1289 4197 neminem
1320 4145 1552 4199 scrutari
1590 4144 1809 4212 debere,

222 4239 295 4278 ne
337 4225 454 4294 plus
504 4229 687 4285 volens
739 4246 929 4300 sapere
979 4249 1141 4303 quam
1196 4243 1408 4306 Oportet
1456 4253 1678 4308 sapere,
1712 4254 1810 4308 pro

221 4317 457 4373 veritate
483 4318 770 4378 falsitatem
795 4332 844 4377 et
869 4339 967 4392 pro
992 4333 1137 4380 recta
1185 4325 1289 4381 fide
1319 4327 1615 4383 maximum
1663 4345 1812 4384 erro-

223 4426 342 4464 rem
381 4413 674 4482 sequendo,
699 4414 750 4468 in
789 4415 1063 4471 interitum
1103 4417 1355 4474 decidant
1395 4421 1806 4491 sempiternum.

767 4534 1104 4591 EPISTOLA
1157 4536 1244 4591 Vl.

617 4662 686 4701 AD
734 4663 1089 4704 HEBERABDUI
1133 4666 1397 4710 COII'I'BI.

797 4766 887 4828 [Ex
913 4769 1211 4833 Sirmondo.]

312 4867 781 4926 Reverendissimo
824 4879 985 4942 atque
1038 4873 1420 4944 probatissimo
1465 4877 1586 4933 viro
1639 4879 1810 4936 Βεθε-

225 4977 408 5018 uano
431 4963 614 5017 comiti
644 4962 892 5018 Haemus
917 4964 1209 5022 vilissimus
1236 4983 1513 5023 servorum
1566 4971 1618 5024 in
1647 4969 1809 5026 Chri-

228 5066 317 5112 sto
339 5054 586 5110 salutem.

302 5145 681 5201 Referentibus
710 5147 866 5204 nohis
921 5147 1181 5205 fratribus
1225 5151 1448 5218 nostris,
1493 5154 1582 5223 qui
1615 5164 1809 5225 priete-

229 5241 342 5296 rito
367 5249 608 5309 tempore
632 5237 858 5296 Romam
880 5252 1259 5314 perrexerunt,
1288 5244 1519 5301 Ascribo
1560 5249 1810 5305 videlicet

226 5340 287 5387 et
321 5329 594 5400 Hudperto
632 5323 983 5402 presbyteris,
1025 5335 1091 5389 de
1119 5334 1376 5404 sospitate
1405 5346 1585 5393 vestra
1631 5347 1687 5394 et
1716 5341 1811 5396 be-

229 5423 516 5493 nignitate,
569 5437 729 5490 quam
780 5439 886 5477 non
913 5423 1087 5479 solum
1151 5441 1277 5498 erga
1330 5441 1443 5494 eos,
1501 5430 1595 5484 sed
1645 5431 1809 5488 etiam

227 5529 360 5586 erga
390 5513 586 5568 multos
610 5513 868 5570 exhibere
891 5515 1032 5570 soliti
1063 5517 1218 5582 estis,
1253 5518 1430 5583 valde,
1482 5518 1676 5589 fateor,
1715 5539 1807 5594 ga-

227 5604 382 5659 visus
411 5620 549 5670 sum,
573 5615 628 5660 et
651 5605 762 5660 Deo
806 5606 1161 5678 omnipotenti
1223 5608 1346 5663 inde
1381 5611 1586 5680 gratias
1643 5629 1809 5684 agens

230 5697 566 5768 deprecabar
592 5707 652 5752 ut
697 5699 812 5770 ipse
845 5701 936 5770 qui
965 5701 1129 5771 C(Bpil
1162 5702 1215 5755 in
1252 5702 1406 5758 vobis
1429 5718 1564 5774 opus
1605 5704 1808 5762 bonum

229 5790 479 5863 perficiat
499 5807 669 5861 usque
695 5792 751 5848 in
773 5793 914 5847 diem
929 5791 1054 5847 Jesu
1068 5791 1288 5859 Christi,
1307 5804 1572 5865 quatenus
1593 5797 1808 5870 plenam

232 5886 543 5938 mercedem
569 5883 634 5938 de
655 5884 812 5940 bonis
833 5885 1087 5954 operibus
1109 5887 1304 5943 vestris
1330 5903 1428 5945 uer
1451 5888 1544 5944 Dei
1577 5891 1808 5953 gratiam

1635 6065 1660 6076 .-

1910 2018 2090 2063 torum
2135 2025 2382 2064 meorum
2414 2009 2874 2064 clementissimus
2905 2010 3146 2067 omnium
3179 2009 3497 2065 szeculorum

1905 2100 2067 2172 judex
2120 2101 2250 2154 mihi
2278 2101 2482 2155 tribuat
2505 2109 2560 2155 et
2585 2101 2753 2154 vitam
2797 2101 3042 2156 conferat
3090 2105 3497 2173 sempiternam.

1911 2194 1987 2248 De
2011 2202 2207 2250 caetero
2235 2210 2470 2265 quoque,
2501 2195 2626 2265 quia
2651 2183 3006 2266 divulgatum
3031 2195 3084 2250 in
3115 2197 3234 2250 istis
3257 2196 3501 2264 partibus

1911 2297 2124 2344 constat
2169 2289 2458 2357 quemdam
2515 2289 2762 2354 sciolutn,
2813 2291 3032 2344 nomine
3100 2290 3497 2357 Gotescalcum,

1910 2382 2050 2452 apud
2079 2397 2174 2436 vos
2201 2397 2444 2446 manere,
2475 2382 2565 2451 qui
2601 2383 2932 2452 dogmatizat
2965 2384 3107 2452 quod
3151 2385 3500 2453 praedestina-

1911 2476 1986 2530 tio
2009 2473 2101 2529 Dei
2123 2490 2340 2530 omnem
2381 2476 2651 2529 hominem
2675 2477 2747 2530 ita
2778 2475 3137 2546 constringat,
3171 2485 3229 2530 ut
3282 2478 3497 2533 etiamsi

1909 2567 2030 2636 quis
2059 2566 2186 2620 velit
2236 2566 2415 2621 salvus
2466 2565 2606 2633 fieri,
2651 2577 2705 2621 et
2751 2584 2848 2638 pro
2881 2567 2985 2624 hoc
3009 2569 3114 2624 fide
3147 2579 3297 2625 recta
3330 2581 3494 2641 atque

1909 2657 2066 2712 bonis
2096 2657 2352 2726 operibus
2413 2667 2610 2723 certet,
2667 2667 2723 2713 ut
2765 2661 2830 2713 ad
2875 2661 3042 2714 vitam
3089 2671 3348 2717 aeternam
3404 2678 3504 2734 per

1910 2746 2004 2802 Dei
2035 2749 2263 2818 gratiam
2290 2750 2490 2814 veniat,
2533 2750 2736 2804 frustra
2769 2761 2822 2805 et
2869 2752 3142 2807 incassum
3182 2754 3410 2820 laboret,
3456 2757 3502 2810 si

1911 2854 2018 2894 non
2047 2849 2131 2893 est
2167 2840 2583 2909 przedestinatus
2617 2840 2682 2894 ad
2713 2842 2896 2904 vitam,
2946 2845 3101 2914 quasi
3127 2845 3270 2901 Deus
3293 2847 3504 2917 praede-

1911 2932 2205 2986 stinatione
2240 2947 2336 2986 sua
2367 2941 2527 3004 cogat
2567 2934 2841 2989 hominem
2872 2935 3114 3002 interire,
3172 2938 3264 3007 qui
3308 2947 3506 2994 auctor

1910 3032 1995 3077 est
2021 3024 2214 3078 salutis
2239 3033 2459 3089 nostrae,
2489 3041 2594 3080 non
2623 3027 2961 3096 perditionis.
2994 3027 3063 3081 Et
3081 3028 3196 3098 jam
3224 3029 3500 3084 hincmul-

1914 3124 1996 3172 tos
2018 3117 2072 3172 in
2100 3117 2533 3187 desperationem
2564 3121 2764 3175 suimet
2791 3121 2906 3176 haec
2949 3131 3096 3178 secta
3124 3124 3397 3193 perduxit,
3426 3125 3500 3180 ita

1914 3217 1975 3262 ut
1999 3209 2179 3264 dicant
2219 3228 2232 3262 :
2276 3209 2413 3277 Quid
2443 3211 2575 3265 mihi
2625 3226 2850 3267 necesse
2885 3222 2971 3268 est
3011 3228 3111 3284 pro
3147 3215 3324 3269 salute
3385 3230 3502 3269 mea

1911 3312 1966 3358 et
2010 3304 2120 3358 vita
2145 3314 2344 3359 (eterna
2374 3306 2655 3360 laborare?
2695 3308 2820 3378 quia
2867 3309 2911 3362 si
2967 3311 3164 3364 bonum
3203 3309 3404 3376 fecero,
3449 3320 3506 3366 et

1911 3396 2326 3467 praadestinatus
2355 3398 2421 3451 ad
2451 3399 2618 3451 vitam
2641 3415 2748 3453 non
2773 3414 2914 3465 sum,
2944 3400 3079 3454 nihil
3102 3401 3230 3454 mihi
3249 3401 3501 3470 prodest;

1911 3488 1957 3542 si
1985 3496 2164 3542 autem
2192 3488 2389 3542 malum
2419 3504 2604 3561 egero,
2633 3489 2766 3544 nihil
2795 3491 2928 3544 mihi
2971 3493 3146 3555 obest,
3176 3492 3304 3561 quia
3351 3508 3492 3562 pra:-

1912 3581 2202 3638 destinatio
2254 3583 2348 3636 Dei
2387 3597 2474 3637 me
2525 3583 2659 3638 facit
2709 3584 2775 3638 ad
2825 3583 2992 3637 vitam
3019 3593 3502 3655 :eternamperve-

1911 3672 2049 3727 nire.
2077 3672 2203 3727 Haec
2230 3673 2450 3727 traditio
2474 3675 2657 3729 multis
2685 3674 2739 3728 in
2767 3674 2886 3729 istis
2909 3676 3155 3743 partibus
3185 3677 3499 3732 scandalum

1914 3773 2017 3828 est,
2049 3773 2105 3818 et
2129 3767 2576 3834 praedicatoribus
2603 3767 2879 3838 Evangelii
2908 3769 3156 3823 homines
3193 3770 3504 3826 inobcdien-

1915 3861 1996 3907 tes
2021 3851 2166 3916 facit,
2197 3854 2321 3922 quia
2343 3853 2454 3921 jam
2479 3856 2832 3925 desperantes
2859 3859 2922 3911 de
2946 3861 3250 3929 semetipsis
3269 3877 3363 3916 eos
3388 3864 3505 3917 red-

1915 3943 2067 3999 didit.
2095 3945 2300 4000 Dicitur
2331 3946 2474 4001 enim
2506 3948 2618 4017 ipse
2647 3949 2837 4003 doctdr
2858 3958 3038 4004 vester
3065 3952 3230 4006 multa
3261 3954 3504 4009 testimo-

1914 4037 2005 4090 nia
2027 4038 2364 4105 excerpsisse
2387 4038 2451 4092 de
2476 4040 2749 4108 opusculis
2794 4041 3094 4097 beatissimi
3123 4052 3177 4098 et
3205 4045 3501 4101 doctissimi

1914 4124 2093 4181 Patris
2115 4125 2420 4198 Augustini,
2446 4129 2642 4199 quibus
2665 4132 2855 4186 nititur
2880 4148 3032 4189 suam
3057 4138 3382 4192 sententiam
3424 4138 3512 4193 af-.

1914 4218 2152 4285 firmare,
2192 4236 2314 4275 cum
2367 4231 2700 4278 memoratus
2747 4225 2909 4280 Pater
2956 4235 3011 4280 et
3062 4228 3250 4282 doctor
3278 4229 3504 4283 ca‘tholi-

1915 4326 2032 4375 cus,
2068 4321 2258 4367 contra
2288 4312 2606 4384 Pelagianos
2629 4315 2894 4383 scribens,
2924 4318 3016 4387 qui
3039 4321 3228 4389 gratim
3255 4319 3346 4374 Dei
3377 4336 3506 4376 con-

1917 4402 2067 4456 trarii
2131 4402 2514 4474 przedicatores
2549 4404 2784 4472 fuerunt,
2833 4409 3087 4464 defensor
3113 4411 3354 4480 ejusdem
3385 4428 3504 4484 gra-

1915 4492 2025 4558 tiae,
2073 4508 2179 4548 non
2217 4495 2527 4550 destructor
2553 4505 2714 4552 rectm
2739 4498 2860 4554 fidei
2889 4501 3071 4556 fuerit.
3107 4503 3241 4558 Nam
3266 4505 3333 4558 ad
3369 4503 3499 4558 Pro-

1917 4598 2134 4652 sperum
2159 4595 2214 4641 et
2241 4585 2504 4642 Hilarium
2531 4590 2794 4655 scribens,
2837 4593 3016 4649 taliter
3043 4595 3110 4649 de
3148 4597 3500 4664 prtedestiua-

1831 4657 1887 4718 Ῑ)
1914 4675 2057 4730 tione
2077 4685 2133 4730 et
2152 4677 2491 4746 przescientia
2517 4679 2806 4746 disserens,
2825 4681 2900 4736 ait
2914 4683 3013 4754 (De
3028 4657 3285 4740 Prw-dest.
3305 4697 3472 4742 sanet.
3486 4729 3500 4752 ,

1914 4787 1961 4824 c.
2010 4771 2140 4842 10):
2181 4792 2200 4824 ‹
2228 4771 2641 4830 Praedestinatio
2674 4785 2795 4842 est,
2842 4793 2963 4847 qua:
3001 4779 3115 4834 sine
3162 4780 3500 4849 praescicutia

1913 4877 2022 4917 non
2046 4871 2222 4933 potest
2256 4880 2376 4920 esse
2401 4884 2413 4919 :
2443 4876 2618 4936 potest
2649 4879 2828 4924 autem
2868 4885 2989 4925 esse
3020 4870 3136 4926 sine
3152 4871 3501 4940 przedestina-

1917 4953 2061 5009 tione
2087 4958 2450 5025 praescieutia.
2496 4959 2974 5017 Pmdestinatione
3011 4963 3212 5033 quippe
3247 4963 3387 5018 Deus
3436 4980 3498 5018 ea

1915 5049 2184 5118 praescivit
2224 5067 2344 5120 quze
2390 5052 2569 5108 fuerat
2622 5054 2736 5123 ipse
2782 5054 3056 5120 facturus;
3100 5054 3245 5110 unde
3269 5056 3496 5110 dicitur:

1920 5158 1936 5188 ι
1971 5139 2121 5194 Fecit
2159 5156 2280 5210 quae
2321 5142 2503 5198 futura
2530 5154 2687 5210 sunt;
2752 5165 2770 5198 ι
2815 5147 3070 5216 prtescire
3115 5157 3293 5203 autem
3321 5157 3502 5219 potest

1912 5230 2076 5285 etiam
2123 5247 2243 5300 qua:
2277 5234 2391 5303 ipse
2441 5250 2544 5290 non
2594 5235 2743 5303 facit,
2772 5239 2914 5294 sicut
2937 5254 3162 5310 quaeque
3212 5250 3432 5310 peccata
3479 5258 3493 5296 :

1914 5321 2040 5391 quia
2068 5324 2170 5378 etsi
2193 5333 2319 5378 sunt
2343 5327 2587 5394 quaedam
2609 5344 2724 5398 qua:
2746 5331 2820 5385 ita
2837 5341 3057 5401 peccata
3084 5339 3210 5386 sunt
3239 5341 3297 5386 ut
3322 5347 3497 5402 pmnae

1915 5412 2026 5467 sint
2042 5415 2206 5468 etiam
2226 5426 2280 5469 et
2303 5426 2683 5486 peccatorum;
2715 5423 2856 5478 unde
2885 5425 3087 5479 dictum
3113 5433 3197 5479 est
3229 5442 3244 5481 :
3301 5442 3318 5474 ι
3368 5426 3498 5480 'I'ra-

1922 5524 1941 5556 ‹
1972 5505 2111 5560 didit
2151 5506 2271 5562 illos
2298 5509 2439 5564 Deus
2467 5511 2520 5588 in
2549 5514 2834 5582 reprobam
2883 5523 3138 5580 mentem,
3193 5523 3251 5569 ut
3295 5515 3498 5571 faciant

1923 5616 1941 5648 α
1963 5612 2026 5652 ea
2054 5613 2172 5668 quae
2188 5615 2292 5654 non
2309 5604 2817 5676 conveniunt(Rom.
2841 5622 2880 5670 ι,
2907 5605 3050 5676 28),›
3073 5622 3177 5661 non
3204 5607 3276 5661 ibi
3304 5623 3495 5678 pecca-

1918 5696 2030 5741 tum
2074 5688 2168 5742 Dei
2208 5698 2312 5753 est,
2341 5691 2433 5746 sed
2447 5691 2732 5761 judicium.
2780 5695 3046 5761 Quocirca
3088 5697 3491 5766 przedestinatio

1916 5777 2032 5844 Dei,
2062 5794 2181 5848 qua:
2210 5781 2264 5836 in
2301 5782 2443 5838 bono
2468 5794 2570 5850 est,
2606 5785 2793 5856 gratia:
2818 5795 2903 5840 est
2927 5796 3271 5858 praeparatio.
3303 5788 3490 5844 Gratia

1916 5885 2044 5926 vero
2085 5881 2167 5928 est
2196 5874 2362 5943 ipsius
2396 5877 2879 5946 praadestinationis
2917 5877 3137 5935 effectus
3175 5901 3191 5933 i
3220 5880 3316 5936 (Ini
3348 5879 3494 5936 Patri
