3938 6334
540 452 678 511 1555

1173 454 1234 509 ιι.
1277 453 1525 509 RABANI
1568 451 1784 509 MAURI
1820 422 2137 509 suculae.
2180 451 2485 512 uocum.
2527 452 2728 509 OPERI

2102 452 2137 509 ι.
2180 451 2485 512 MOGUNT.
2527 452 2811 509 OPERL‘M
2851 453 3023 509 rans
3060 453 3146 508 ιιι.
3567 468 3657 527 ,εκ

540 570 767 629 assentit
797 580 1015 631 sanctus
1039 572 1421 648 Hieronymus,
1458 574 1517 630 in
1541 573 1843 631 Ezechielis
1878 579 2117 629 tractatu
2143 570 2196 632 Α
2221 570 2289 627 ad
2315 571 2415 627 hoc
2455 579 2670 627 creetur
2696 588 2727 627 a
2750 570 2885 637 Deo,
2910 581 2970 627 ut
2993 585 3099 627 non
3131 571 3244 639 Dei,
3274 574 3357 629 sed
3374 576 3531 635 diaboli
3550 582 3660 643 iaciat

542 666 686 727 illam
710 668 1038 725 sententiam
1060 682 1352 740 exponens,
1382 683 1489 738 qua
1516 666 1777 724 Dominus
1796 666 1862 721 ad
1880 667 2115 737 prophe-

540 759 793 817 tamait:
833 757 1129 829 «Loquere
1166 759 1423 817 etdicad
1460 755 2115 815 eoszﬂzecdicitDomL

545 871 567 909 ι
597 867 700 907 nus
725 852 888 919 Deus,
910 853 958 907 si
991 852 1128 908 forte
1150 851 1232 909 vel
1254 852 1358 923 ipsi
1385 851 1629 919 a‘udiant,
1654 860 1714 907 et
1732 852 1780 907 si
1802 851 1943 907 forte
1967 851 2114 921 quiep

545 959 566 993 ο
594 948 770 1005 scunt,
799 941 1054 1011 quoniam
1083 941 1273 997 domus
1294 956 1626 1013 exasperans
1664 950 1768 996 est.
1796 960 1820 995 ›
1852 939 2116 1011 Loquitur

540 1042 719 1089 autem
747 1033 861 1088 haec
884 1034 1026 1089 Deus
1046 1034 1367 1105 ambigentis
1391 1032 1607 1097 all'ectu,
1661 1040 1721 1089 ut
1743 1032 1970 1087 liberum
2014 1033 2115 1087 ho-

539 1124 702 1179 minis
729 1131 992 1178 monstret
1016 1124 1326 1189 arbitrium,
1357 1140 1423 1179 ne
1445 1124 1781 1194 prazscieutia
1805 1121 2115 1179 futurorum

540 1212 666 1267 mali
692 1212 776 1266 vel
823 1213 947 1267 boni
994 1212 1329 1267 iunnutahile
1382 1212 1547 1268 faciat
1582 1213 1727 1283 quod
1770 1212 1915 1269 Deus
1966 1212 2115 1267 futu—

540 1316 660 1357 rum
682 1300 911 1357 noverit.
938 1299 1052 1359 Non
1078 1302 1223 1357 enim
1265 1301 1389 1372 quia
1414 1302 1503 1359 illa
1552 1313 1782 1358 ventura
1811 1303 2111 1371 cognoscit.

542 1405 760 1445 necesse
781 1398 863 1445 est
892 1406 990 1447 nos
1014 1390 1195 1447 facere
1215 1393 1357 1461 quod
1393 1392 1477 1449 ille
1519 1393 1810 1463 praescivit,
1842 1395 1936 1450 sed
1970 1395 2116 1464 quod

542 1493 640 1532 nos
665 1480 878 1549 pmpria
926 1476 1201 1535 voluntate
1241 1495 1427 1535 sumus
1478 1480 1691 1545 facturi,
1724 1483 1836 1553 ipse
1856 1485 2005 1538 nevit
2030 1482 2116 1539 fw—

540 1578 719 1624 turum
743 1586 895 1641 quasi
927 1571 1085 1627 Deus.
1128 1570 1358 1642 Scripsit
1407 1588 1619 1643 quoque
1640 1575 1927 1644 praedictus
1955 1574 2116 1631 Pater
2140 1562 2151 1571 ’

516 1661 864 1733 οΑυειιειίιιιιε
891 1663 1059 1719 libros
1095 1664 1227 1721 duos
1270 1666 1338 1721 de
1378 1665 1856 1723 Praedestinatione
1894 1678 2113 1723 sancto-

539 1768 681 1818 rum,
728 1752 780 1807 in
824 1755 1020 1823 quibus
1068 1765 1235 1811 totum
1261 1758 1403 1827 quod
1452 1757 1729 1815 confertur
1769 1760 1971 1815 homini
2019 1760 2114 1817 bo-

538 1858 690 1908 num,
733 1859 799 1899 ex
838 1846 1009 1917 gratia
1036 1847 1127 1902 Dei
1185 1846 1325 1914 ﬁeri,
1378 1864 1483 1905 non
1537 1864 1603 1906 ex
1652 1850 1886 1907 hominis
1942 1852 2112 1910 libero

2214 650 2564 721 voluntatem.
2596 664 2846 723 Insanum
2898 663 3137 729 omnino,
3184 672 3237 721 et
3266 674 3429 723 contra
3472 672 3659 735 ηιίωω

2216 763 2318 819 est,
2354 753 2535 809 dicere
2590 752 2925 811 voluntatem
2974 753 3065 808 Dei
3113 769 3180 809 ex
3219 753 3308 811 Dei
3339 755 3559 815 voluntate
3589 780 3658 822 ιω

2218 844 2353 909 ﬁeri,
2399 853 2453 899 et
2474 845 2663 909 Deum,
2694 843 3062 899 damnatorem
3095 844 3286 900 diaboli
3330 845 3512 917 ejusque
3540 850 3657 908 fans-

2216 933 2411 997 lorum,
2436 933 2573 988 velle
2603 943 2663 989 ut
2702 933 2920 989 diabolo
2960 935 3241 991 serviatur.
3284 934 3383 993 Sed
3428 939 3507 997 hoc
3533 945 3659 1001 catin-

2216 1025 2331 1099 licis
2358 1024 2626 1093 Pelagiani
2658 1036 3054 1096 consequenter
3082 1042 3141 1082 se
3171 1027 3388 1097 objicere
3421 1031 3658 1099 existimant,

2216 1096 2306 1191 qui
2330 1118 2456 1173 Ade:
2496 1126 2777 1189 peccatum
2806 1118 3088 1175 transiisse
3130 1119 3183 1174 in
3220 1096 3390 1177 omnes
3411 1096 3659 1180 dillitcnturi

2215 1209 2470 1277 quoniam
2494 1208 2535 1263 si
2564 1209 2795 1281 primam
2822 1209 3159 1267 nativitatem
3183 1209 3436 1281 originalis
3454 1214 3569 1284 culpa
3595 1232 3661 1269 non

2215 1296 2430 1371 obliget,
2485 1313 2591 1355 non
2620 1299 2728 1353 sint
2791 1298 3010 1355 obnoxii
3041 1297 3255 1355 diabolo
3275 1300 3473 1369 parvuli,
3518 1306 3660 1358 necin-

2216 1388 2431 1460 digeant
2455 1388 2571 1444 erui
2601 1390 2666 1445 de
2694 1398 2959 1459 potestate
2987 1391 3347 1457 tenebrarum,
3381 1393 3459 1461 qui
3476 1410 3657 1463 nunquam

2217 1495 2246 1534 a
2267 1496 2365 1535 suo
2387 1488 2603 1535 auctore
2629 1480 2997 1536 discesserint.
3026 1480 3139 1537 Nos
3161 1489 3351 1547 autem,
3372 1482 3448 1553 qui
3472 1499 3605 1537 omnes
3626 1486 3659 1540 in

2214 1568 2383 1625 Adam
2428 1570 2651 1645 periisse
2694 1572 3011 1645 proﬁtemur
3058 1572 3228 1643 (venit
3252 1572 3384 1627 enim
3420 1572 3663 1644 Fﬂinsquz-

2216 1675 2336 1715 rere
2361 1668 2415 1715 et
2466 1659 2684 1717 salvare
2737 1663 2878 1734 quod
2924 1662 3211 1734 perierat),
3257 1678 3352 1719 nec
3379 1664 3559 1720 dicimus
3590 1667 3663 1721 ideo

2215 1753 2391 1807 creari
2425 1768 2751 1823 quemquam
2783 1755 3056 1810 hominem
3086 1764 3148 1809 ut
3188 1754 3371 1809 diaboli
3402 1754 3529 1809 faciat
3547 1756 3663 1810 volsa-

2217 1849 2402 1907 tatem,
2431 1851 2485 1898 et
2513 1844 2858 1919 agnoscimus
2883 1860 3101 1900 omnem
3143 1844 3401 1901 hominem
3428 1862 3512 1902 non
3534 1848 3664 1901 mltu-

538 1934 783 2001 arbitrio,
819 1951 884 1991 ex
916 1938 1198 1995 sententiis
1226 1947 1535 1997 sanctarum
1583 1941 1983 2013 Scripturarum
2020 1958 2106 1998 sa-
2134 1924 2183 1988 3
2210 1938 2359 2001 Ρῑυηι
2386 1931 2602 1988 άίίώοίο
2639 1948 2760 1991 esse
2785 1934 3082 2004 (δίψιίνυωο
3110 1932 3463 1989 Ρηὲνθτῖοίιίίο
3489 1937 3590 1989 alii“
3610 1938 3661 1990 δι)

536 2026 870 2099 pientissime
905 2030 1155 2089 ostendit.
1186 2029 1293 2088 Sed
1320 2031 1535 2089 fuerunt
1557 2033 1721 2107 aliqui
1750 2035 1843 2104 qui
1883 2042 1977 2089 aut
2006 2050 2115 2091 non

538 2120 903 2195 intelligendo,
928 2132 1022 2181 aut
1048 2125 1270 2197 intelligi
1322 2141 1387 2183 ea
1428 2126 1660 2185 nolendo
1682 2143 1802 2199 qua:
1842 2127 1915 2185 ibi
1968 2137 2114 2185 recte

537 2210 737 2282 scripta
770 2222 914 2285 sunt,
969 2215 1021 2269 in
1052 2230 1276 2287 pravum
1306 2232 1521 2273 sensum
1547 2219 1815 2277 abducere
1843 2219 2114 2276 conaban-

546 2310 650 2357 tur.
674 2303 877 2361 Contra
912 2321 1047 2377 quos
1074 2290 1263 2365 bizatus
1291 2309 1543 2381 Prosper,
1567 2311 1657 2381 qui
1685 2311 1801 2383 ejus
1851 2312 2112 2369 doctrinae

539 2391 712 2449 ﬁdelis
737 2406 1024 2451 exsecutor
1049 2396 1170 2466 fuit,
1208 2401 1558 2457 rescribendo
1612 2399 1908 2459 fortissime
1952 2402 2111 2458 resti-

538 2484 622 2547 tit,
678 2495 839 2557 atque
891 2489 1123 2543 convicit
1168 2491 1234 2545 de
1290 2491 1547 2561 praedicto
1605 2495 1865 2565 magistro
1909 2503 2113 2553 sanctae

539 2572 795 2629 Ecclesiae
821 2592 926 2631 non
977 2589 1125 2636 recte
1159 2596 1255 2639 eos
1276 2583 1525 2640 sensisse.
1564 2583 1792 2658 Scripsit
1824 2587 1967 2643 enim
1999 2603 2111 2645 me-

537 2674 775 2722 moratus
802 2668 907 2735 vir,
938 2671 1130 2727 beatus
1154 2674 1360 2731 scilicet
1387 2675 1641 2747 PrOSper,
1672 2677 1741 2735 ad
1768 2677 2020 2735 Rufinum
2046 2681 2113 2739 de

536 2757 710 2826 gratia
732 2768 786 2813 et
816 2758 986 2816 libero
1015 2764 1241 2821 arbitrio
1274 2783 1286 2821 :
1312 2766 1529 2839 scripsit
1550 2778 1736 2827 contra
1766 2770 2000 2841 capitula
2024 2786 2111 2827 ca-

533 2846 915 2906 lumniatorum
943 2851 1218 2911 Gallorum
1273 2858 1337 2914 de
1376 2859 1877 2931 praedestinatione;
1924 2861 2114 2921 simili-

535 2951 619 2999 ter
660 2950 715 2998 et
758 2955 943 3000 contra
1002 2948 1239 3017 capitula
1288 2949 1648 3020 objectionum
1726 2953 2110 3011 Vincentiana-

534 3049 653 3089 rum
703 3034 768 3090 de
816 3036 1000 3092 eadem
1044 3040 1535 3109 praedestinatione,
1585 3058 1795 3100 necnon
1824 3045 1891 3101 ad
1920 3061 2108 3102 excer-

532 3135 623 3199 pta
644 3142 765 3198 qua:
792 3143 857 3185 ex
887 3127 1155 3186 Genuensi
1186 3133 1403 3189 civitate
1433 3135 1483 3190 ei
1523 3144 1648 3191 sunt
1673 3136 1837 3191 missa
1867 3136 1934 3195 de
1968 3153 2109 3213 prte-

532 3218 891 3276 destinatione
940 3225 1422 3295 congruentissime
1464 3228 1758 3299 respondit.
1804 3229 1861 3285 ln
1910 3231 2108 3300 quibus

2216 2023 2376 2077 minis
2413 2023 2683 2094 dispositre
2716 2040 2746 2078 a
2789 2022 3000 2079 saeculis
3033 2024 3324 2079 creationis
3364 2026 3560 2078 ordinem
3597 2036 3664 2077 tur-

2214 2115 2343 2169 bare
2369 2129 2473 2169 non
2504 2115 2677 2184 potuit
2705 2135 2717 2169 :
2747 2116 3006 2170 etmerito
3048 2123 3302 2171 creatura
3346 2118 3568 2187 peccatrix
3596 2134 3665 2187 pe.

2216 2204 2388 2259 nalem
2420 2205 2838 2262 dominationem
2860 2206 3004 2262 illius
3036 2208 3266 2279 patitur,
3315 2207 3393 2262 cui
3426 2208 3569 2262 relicto
3588 2223 3664 2261 tm

2217 2296 2443 2353 Domino
2482 2310 2675 2370 sponte
2700 2316 2760 2356 se
2790 2301 3050 2357 vendidit.
3098 2321 3117 2353 ι
3166 2297 3383 2373 (Object.
3410 2300 3456 2367 7,
3478 2300 3519 2362 8,
3541 2301 3580 2363 9,
3598 2301 3664 2361 to.)

2219 2409 2238 2441 ι
2272 2389 2397 2445 Haec
2427 2391 2620 2462 quippe
2643 2393 2875 2448 servitus
2904 2408 3009 2448 non
3038 2392 3310 2448 institutio
3334 2401 3409 2447 est
3430 2392 3521 2455 Dei,
3539 2391 3671 2459 selin-

2214 2484 2432 2539 dicium.
2476 2485 2579 2553 Qui
2622 2494 2805 2541 autem
2864 2482 3050 2541 dicunt
3083 2486 3231 2557 quod
3269 2486 3377 2542 haec
3410 2485 3467 2540 sit
3506 2484 3666 2539 voluntas

2215 2576 2306 2630 Dei
2340 2585 2395 2630 ut
2424 2591 2613 2646 magna
2637 2592 2764 2649 pars
2789 2576 3229 2634 Christianorum
3255 2577 3391 2633 salva
3414 2593 3512 2633 esse
3539 2592 3669 2629 umr

2214 2663 2293 2729 lit,
2334 2680 2434 2720 nec
2460 2666 2651 2737 possit,
2679 2676 2772 2721 aut
2793 2665 2979 2723 dicunt
3005 2668 3152 2738 quod
3194 2668 3334 2723 Deus
3351 2667 3463 2725 uolut
3488 2676 3534 2721 ut
3551 2681 3670 2721 omns

2213 2758 2462 2813 catholici
2498 2760 2551 2814 in
2584 2760 2687 2814 ﬁde
2715 2760 2981 2817 catholica
3020 2770 3383 2832 perseverent,
3409 2762 3484 2816 sed
3523 2760 3610 2811 telit
3636 2768 3669 2809 ενι

2213 2864 2406 2921 magna
2436 2851 2633 2908 exinde
2677 2868 2804 2923 pars
2842 2862 3136 2924 apostatet,
3166 2864 3259 2911 aut
3286 2870 3313 2909 a
3338 2853 3670 2923 sanctitatispre-

2210 2943 2387 3011 posito
2412 2950 2536 2996 ruat
2562 2984 2577 3008 ,
2611 2951 2706 2997 aut
2740 2944 2883 3015 quod
2907 2929 3178 3000 adulteria
3218 2952 3274 3001 et
3311 2942 3571 3013 corruptela:
3604 2942 3670 2991 tir-

2212 3030 2399 3101 gluum
2423 3047 2707 3087 sacrarum
2732 3034 2852 3090 ideo
2880 3037 3217 3107 contingant,
3247 3037 3366 3108 quia
3393 3034 3492 3090 illas
3514 3032 3611 3087 Deus
3634 3027 3671 3083 .tl

2211 3122 2314 3177 hoc
2357 3124 2759 3194 prredestinavit
2834 3134 2893 3181 ut
2960 3128 3245 3195 caderent,
3316 3128 3457 3183 nimis
3502 3136 3674 3199 perte"?

2214 3215 2469 3279 sentiunt,
2507 3224 2561 3271 et
2592 3218 2841 3289 nequiter
2864 3218 2970 3274 hoc
3018 3218 3230 3275 dicunt.
3287 3218 3413 3287 Quia
3458 3214 3674 3273 detestan‘t

529 3310 782 3367 omnibus
820 3312 988 3368 lector
1028 3314 1199 3371 ﬁdelis
1225 3325 1401 3387 potest
1428 3319 1660 3390 probare
1702 3336 1829 3375 eum
1870 3322 2084 3378 sensiss

2135 3300 2182 3367 C
2211 3314 2265 3361 et
2307 3306 2667 3363 abominanda
2708 3310 2891 3381 opinio
2938 3319 3041 3376 est,
3084 3327 3212 3383 qua:
3258 3313 3413 3368 Deum
3454 3310 3674 3381 cujusquam

533 3402 600 3457 de
633 3403 1103 3472 prmdestinatione
1128 3406 1246 3472 Dei,
1299 3409 1369 3462 ad
1407 3409 1635 3467 salutem
1677 3412 1894 3469 humani
1938 3430 2107 3486 gene-

536 3491 632 3555 ris,
658 3507 766 3546 non
799 3495 864 3548 ad
894 3495 1292 3553 damnationem
1316 3497 1452 3554 ﬁeri.
1490 3500 1643 3559 Unde
1669 3521 1809 3560 nunc
1850 3520 1920 3562 ex
1950 3507 2109 3567 dictis

536 3583 823 3638 memorati
851 3584 951 3638 viri
980 3585 1156 3659 aliqua
1182 3601 1469 3661 excerpere
1496 3593 1651 3650 nobis
1678 3593 1899 3666 placuit,
1950 3606 2015 3671 et,
2052 3598 2106 3657 in

534 3672 675 3727 hanc
700 3674 983 3743 epistolam
1009 3692 1225 3749 ponere,
1274 3681 1469 3749 quibus
1521 3682 1916 3753 objectionibus
1975 3686 2107 3742 Vin-

531 3764 797 3819 centianis
816 3766 889 3820 ita
915 3768 1187 3838 respondit
1203 3770 1758 3843 dicens(Vincentian.
1778 3776 1961 3847 object.
1982 3779 2103 3851 ll):

537 3870 556 3903 ε
614 3852 892 3921 Quomodo
936 3874 1118 3913 verum
1162 3862 1433 3917 constabit
1460 3865 1601 3935 quod
1634 3866 1775 3923 Deus
1818 3868 1954 3925 nolit
1990 3885 2109 3941 qm-

530 3967 625 4009 nes
653 3954 880 4018 salvare,
913 3957 1010 4011 etsi
1040 3950 1230 4013 omnes
1258 3958 1452 4015 salvari
1498 3959 1687 4026 velint,
1718 3976 1843 4018 cum
1891 3961 2107 4023 Veritas

530 4041 678 4101 dicat
711 4062 723 4098 :
756 4063 773 4096 ι
812 4044 867 4099 Si
901 4062 1018 4109 vos,
1049 4062 1172 4103 cum
1213 4050 1332 4104 sitis
1379 4050 1524 4117 mali,
1584 4052 1755 4109 nostis
1794 4054 1931 4109 bona
1976 4055 2105 4113 data

535 4148 562 4203 r
592 4132 720 4214 dare
755 4134 877 4191 ﬁliis
906 4139 1122 4203 vestris,
1175 4151 1377 4209 quanto
1402 4141 1572 4214 magis
1600 4139 1761 4199 Pater
1788 4156 1969 4201 vester
1995 4162 2105 4205 cte-

534 4240 554 4274 «
583 4208 729 4278 lestis
750 4225 897 4280 dabit
918 4227 1055 4281 bona
1088 4208 1392 4299 petentibus
1420 4208 1517 4286 sei;
1548 4253 1567 4285 ›
1599 4232 1840 4300 Qualiter
1864 4234 1982 4293 ﬁeri
2006 4253 2101 4308 po-

532 4324 635 4370 test
660 4323 719 4370 ut
748 4317 911 4381 Deus,
933 4318 1022 4387 qui
1052 4321 1215 4375 etiam
1255 4319 1375 4376 illos
1417 4322 1587 4378 salvat
1640 4324 1706 4380 de
1748 4326 1945 4397 quibus
1993 4326 2101 4383 dici

528 4422 632 4459 non
660 4414 833 4474 potest
861 4409 1003 4477 quod
1029 4408 1222 4465 salvari
1248 4412 1434 4479 velint,
1468 4413 1602 4469 nolit
1625 4413 1834 4486 aliquos
1863 4417 2094 4483 salvare,

528 4495 736 4549 etiamsi
780 4497 974 4552 salvari
1005 4500 1189 4563 velint,
1234 4502 1335 4557 nisi
1380 4503 1574 4574 aliqua:
1629 4521 1807 4563 causa:
1866 4509 2101 4565 existant

529 4584 593 4637 de
629 4584 843 4654 quibus,
875 4590 1122 4658 quamvis
1148 4590 1255 4646 sint
1284 4592 1438 4649 nobis
1476 4594 1952 4667 incognoscibiles,
1986 4601 2104 4673 ipse

2211 3396 2366 3454 mala:
2402 3398 2692 3456 voluntatis
2742 3411 2838 3457 aut
2908 3402 3060 3458 mala:
3109 3404 3337 3460 actionis
3375 3401 3520 3456 credit
3555 3404 3676 3451 auclo-

2211 3504 2345 3556 rem,
2378 3490 2532 3561 cujus
2567 3493 2968 3562 praedestinatio
2992 3511 3271 3567 nunquam
3303 3491 3677 3551 extrabonitatrm,

2209 3596 2483 3653 nunquam
2542 3594 2697 3640 extra
2740 3585 3008 3657 justitiam
3051 3596 3157 3644 est.
3218 3587 3471 3645 Universae
3491 3581 3675 3639 enimtis

2210 3672 2419 3731 Domini
2452 3677 2822 3735 misericordia
2865 3689 2920 3735 et
2949 3681 3168 3736 veritas.
3200 3681 3458 3737 Adulteria
3478 3679 3587 3734 enim
3608 3692 3679 3728 ms-

2209 3767 2437 3823 ritarum
2462 3780 2515 3824 et
2543 3771 2876 3842 corruptelas
2900 3774 3175 3845 virginum
3198 3791 3303 3831 non
3328 3774 3567 3830 instituere
3584 3768 3677 3822 ιωιὶί

2207 3877 2269 3917 ea
2330 3863 2616 3932 Divinitas,
2666 3866 2763 3921 sed
2815 3867 3093 3934 damnare,
3146 3886 3249 3925 nec
3313 3870 3570 3938 disponere,
3620 3862 3677 3915 sol

2207 3954 2419 4021 punire.
2476 3954 2606 4024 Quae
2647 3957 2789 4013 mala
2840 3959 3086 4016 homines
3152 3977 3276 4016 cum
3315 3959 3577 4019 admittunt,
3610 3954 3677 4005 suis

2208 4044 2661 4114 concupiscentiis
2723 4057 2780 4104 et
2824 4051 3213 4121 cupiditatibus
3243 4054 3486 4117 serviunt,
3521 4046 3677 4121 quasi!)

2207 4135 2295 4189 illa
2308 4136 2479 4206 prima
2498 4136 2815 4195 voluntaria!
2831 4126 3291 4212 pnevaricationis
3306 4144 3416 4198 labe
3430 4146 3674 4199 traxerunt»

2208 4227 2312 4282 Μὰ
2348 4230 2496 4286 nullo
2522 4232 2681 4288 modo
2709 4234 3037 4290 credendum
3072 4245 3158 4291 est
3194 4235 3481 4307 hujnsmodi
3514 4232 3677 4289 homines

2206 4321 2259 4374 in
2304 4321 2443 4378 hanc
2475 4324 2913 4394 desperationem
2951 4341 3019 4381 ex
3063 4327 3158 4382 Dei
3198 4328 3459 4383 voluntate
3478 4324 3675 4381 cecidisse.

2205 4428 2327 4468 cum
2353 4416 2533 4485 potius
2555 4416 2749 4471 allevet
2780 4417 3041 4474 Dominus
3062 4434 3253 4476 omnes
3292 4420 3380 4492 qui
3404 4428 3621 4477 corruunt.
3646 4422 3679 4467 ει

2204 4509 2380 4579 erigat
2407 4524 2596 4566 omnes
2625 4512 2805 4567 elisos.
2831 4511 3002 4568 Nemo
3020 4513 3163 4569 enim
3185 4514 3289 4570 nisi
3313 4514 3445 4569 illius
3458 4512 3592 4585 gratia
3606 4518 3675 4561 sta-

2203 4601 2410 4656 bilitnr.
2444 4602 2537 4656 Dei
2572 4616 2701 4674 erp
2732 4603 2977 4662 voluntas
3009 4615 3095 4661 est
3124 4616 3185 4663 ut
3224 4607 3281 4663 in
3315 4606 3445 4665 bona
3484 4605 3675 4659 voluntate

528 4682 709 4729 “me”
745 4675 954 4744 iudicat
1000 4679 1154 4746 bene,
1209 4682 1274 4736 de
1318 4699 1425 4753 quo
1457 4685 1562 4742 dici
1590 4704 1696 4744 non
1724 4699 1902 4763 potest
1939 4692 2098 4749 aliter
2132 4687 2178 4747 D
2202 4702 2479 4757 maneant,
2503 4702 2555 4747 et
2582 4694 2896 4765 priusquam
2931 4696 3213 4753 deseratur
3243 4700 3493 4755 neminem
3529 4694 3675 4749 deurit.

528 4782 649 4822 cum
673 4768 964 4840 quidquam
995 4770 1172 4828 facere
1203 4774 1453 4831 debuisse
1492 4793 1653 4848 quam
1708 4780 1935 4839 fecerit?
1988 4783 2097 4841 Be—

532 4868 673 4913 mota
718 4877 845 4931 ergo
877 4863 978 4918 hac
1002 4864 1324 4921 discretione
1355 4882 1517 4939 quam
1546 4870 1724 4926 divina
1758 4874 1985 4930 scientia
2018 4876 2098 4931 in-

527 4959 614 5005 tra
642 4962 906 5007 secretum
949 4954 1172 5021 justitiac
1216 4972 1328 5014 suae
1394 4962 1654 5027 continet,
1699 4964 2097 5026 .sincerissime

528 5042 851 5097 credendum
879 5054 1040 5115 atque
1064 5047 1421 5117 proﬁtendum
1450 5060 1533 5106 est
1557 5052 1723 5109 Deum
1750 5057 1956 5113 vellent
1982 5075 2099 5115 om-

528 5148 626 5189 nes
648 5134 892 5191 homines
920 5136 1054 5191 salvi
1098 5139 1245 5194 ﬁant.
1281 5142 1338 5196 Si
1369 5143 1587 5212 quidem
1634 5145 1948 5218 Apostolus,
1997 5168 2095 5208 cu-

520 5220 609 5290 jus
640 5224 737 5279 ista
766 5227 1032 5281 sententia
1079 5237 1184 5294 est,
1224 5231 1601 5290 sollicitissime
1648 5238 1911 5310 pnecipit,
1948 5244 2095 5312 quod

528 5313 580 5366 in
606 5314 855 5370 omnibus
897 5314 1154 5373 Ecclesiis
1187 5321 1428 5391 piissime
1455 5333 1509 5379 et
1540 5329 1867 5394 custoditur,
1903 5340 1958 5386 ut
1984 5333 2094 5391 Deo

526 5417 631 5495 pro,
642 5404 890 5460 omnibus
916 5407 1224 5465 hominibus
1245 5412 1577 5481 supplicetur
1607 5433 1620 5468 :
1647 5432 1713 5472 ex
1735 5420 1930 5491 quibus
1950 5427 2093 5495 quod

526 5494 677 5549 multi
738 5506 984 5567 pereunt,
1060 5503 1399 5573 pereuntium
1456 5515 1537 5559 est
1604 5509 1888 5578 meritum;
1955 5494 2099 5583 quod

530 5584 682 5639 multi
711 5587 1005 5653 salvantur,
1040 5592 1298 5647 salvantis
1333 5604 1413 5649 est
1443 5595 1662 5651 donum.
1693 5598 1763 5654 Ut
1787 5603 1931 5659 enim
1975 5623 2100 5663 reus

527 5676 832 5745 damnetur,
878 5683 1216 5752 incnlpabilis
1269 5696 1354 5741 est
1400 5686 1492 5741 Dei
1538 5686 1872 5755 justitiazut
1916 5706 2096 5755 autem

530 5782 653 5823 reus
673 5768 1022 5840 iustiﬁcetur,
1045 5776 1330 5833 ineﬂ'abilis
1353 5779 1445 5833 Dei
1472 5782 1642 5851 gratia
1666 5793 1769 5838 cst.
1809 5806 1827 5839 ›
1870 5789 2091 5861 (Object.

530 5859 605 5922 4.)
653 5878 673 5910 α
708 5862 838 5916 Item
864 5866 1051 5920 dicunt
1087 5870 1229 5935 quod
1255 5871 1428 5941 major
1474 5887 1601 5941 pars
1629 5879 1843 5944 generis
1871 5859 2088 5940 humani

2202 4781 2261 4838 In
2295 4783 2472 4838 libello
2500 4784 2663 4853 igitur
2692 4802 2851 4856 quem
2896 4802 3055 4857 supra
3103 4798 3427 4847 memoratus
3452 4789 3520 4843 vir
3551 4794 3675 4841 cu'tl't

2205 4875 2433 4946 capitula
2494 4876 2947 4945 calumniatorum
3006 4878 3283 4935 Gallorum
3338 4880 3538 4951 scripsit,
3572 4876 3673 4946 juw

2204 4965 2363 5019 finem
2395 4966 2634 5038 ejusdem
2669 4966 2789 5023 libri
2814 4969 2888 5023 ita
2928 4969 3215 5026 subnexuit
3252 4972 3425 5027 dicens
3469 4966 3673 5041 (Sentll:

2212 5076 2228 5107 ι
2255 5056 2508 5128 Quisquis
2536 5058 2699 5130 igitur
2720 5075 2786 5114 ex
2811 5061 3281 5130 przedestinatione
3310 5064 3418 5128 Dei,
3447 5061 3561 5115 velut
3576 5054 3674 5110 {itali

2203 5148 2543 5214 necessitate,
2576 5150 2821 5206 homines
2850 5150 2902 5205 in
2924 5166 3141 5222 peccata
3161 5156 3451 5229 compulsos
3478 5152 3568 5223 coci
3590 5150 3674 5202 del

2204 5240 2256 5293 in
2292 5248 2554 5306 mortem,
2586 5256 2690 5296 non
2721 5250 2804 5297 est
2844 5244 3161 5300 catholicus.
3214 5244 3364 5301 Nullo
3406 5247 3527 5301 enim
3569 5238 3671 5293 nteit)

2202 5335 2598 5405 praedestinatio
2624 5336 2716 5391 Dei
2744 5338 2993 5393 homines
3025 5340 3233 5409 iniquos
3272 5342 3412 5407 facit,
3444 5354 3584 5408 neque
3610 5348 3671 5385 Ctt-

2197 5428 2446 5499 jusquam
2496 5430 2716 5486 omnino
2758 5439 2839 5487 est
2870 5449 3032 5489 causa
3074 5438 3299 5511 peccati.
3348 5457 3366 5489 ι
3406 5434 3518 5491 Item
3552 5431 3657 5501 (Sili

2203 5521 2257 5592 2)
2286 5539 2299 5575 :
2337 5540 2355 5572 ι
2390 5521 2489 5590 Qui
2539 5523 2670 5577 dicit
2698 5526 2839 5597 quod
2865 5522 2933 5580 ab
2960 5527 3027 5583 iis
3063 5546 3151 5601 qui
3182 5546 3285 5584 non
3326 5538 3443 5587 sunt
3470 5519 3672 5599 pta'desli-

2202 5616 2312 5671 nati
2346 5620 2411 5671 ad
2448 5625 2630 5681 Vitam,
2658 5634 2763 5673 non
2801 5620 3013 5676 auferat
3036 5633 3282 5695 percepta
3314 5620 3533 5695 baptismi
3550 5614 3671 5687 εηιὶα

2199 5709 2457 5779 originale
2498 5718 2809 5779 peccatum,
2841 5728 2946 5769 non
2981 5724 3061 5768 est
3098 5714 3398 5769 catholicus.
3433 5710 3669 5766 Sacramen-

2204 5806 2312 5850 tum
2362 5798 2504 5851 enim
2548 5797 2899 5867 baptismatis,
2942 5818 3047 5875 quo
3073 5806 3242 5860 omnia
3286 5818 3488 5877 prorsus
3506 5804 3667 5871 preti“

2200 5888 2465 5959 delentur,
2496 5887 2657 5943 etiam
2687 5890 2740 5943 in
2763 5890 2841 5946 eis
2862 5907 3047 5949 verum
3083 5904 3161 5951 est
3189 5897 3276 5967 qui
3298 5913 3400 5953 non
3425 5889 3589 5949 suntin
3608 5898 3667 5937 πθ
