3938 6334
249 476 357 535 1557

1624 473 2001 536 ΕΡιετοιιΕ.

3313 485 3447 549 1558

244 598 376 653 ritate
403 598 667 666 mansuri,
694 609 750 657 et
780 600 851 661 ob
880 600 986 665 hoc
1014 600 1079 661 ad
1102 586 1287 665 venit:
1323 598 1493 655 vitam
1514 612 1623 655 non
1651 602 1779 653 sunt
1803 590 1853 656 Α
1878 599 2127 663 paratum
2153 599 2236 649 est
2268 591 2321 651 in
2350 591 2565 653 Christo
2606 608 2828 665 regnum
2860 604 3117 657 mternum
3161 608 3285 659 ante
3322 618 3450 661 con-

237 688 600 760 praedeetinati.
652 711 673 745 ι
702 690 838 749 item
859 690 1027 763 (Sent.
1052 692 1108 767 ὅθ
1138 712 1149 725 ο
1181 712 1199 747 ι
1229 691 1329 763 Qui
1354 691 1650 762 dicitun
1667 677 1779 747 non

238 781 579 853 prmdestinati
610 783 683 840 ad
729 784 916 855 vitam,
966 786 1181 847 etiamsi
1210 784 1413 845 [uelint
1448 784 1507 841 in
1559 783 1781 843 Christo

236 885 317 943 per
348 871 675 943 baptismum
714 874 1023 945 regenerati
1052 917 1067 942 ,
1109 884 1167 932 et
1207 876 1299 951 pie
1344 883 1400 931 et
1426 874 1577 947 iuste
1628 874 1780 929 vixe-

236 962 354 1028 rint,
380 963 513 1021 nihil
555 964 634 1025 eis
662 966 852 1036 prosit,
880 967 974 1023 sed
1020 966 1205 1045 tandiu
1232 976 1582 1027 reserventur
1605 964 1779 1023 donec

234 1064 393 1123 ruant,
424 1072 528 1112 nec
552 1066 674 1113 ante
701 1072 794 1115 eos
825 1073 892 1114 ex
920 1060 1024 1117 hac
1044 1059 1157 1119 vita
1194 1074 1357 1129 quam
1382 1059 1486 1115 hoc
1523 1058 1601 1113 eis
1644 1072 1776 1113 con-

235 1146 410 1217 tingat,
435 1146 665 1215 auferri,
700 1156 953 1223 tanquam
993 1150 1061 1206 ad
1106 1150 1549 1209 constitutionem
1578 1147 1674 1211 Dei
1702 1156 1777 1205 ta.

230 1235 345 1295 lium
372 1237 646 1299 hominum
692 1240 845 1299 ruina
872 1240 1153 1297 referenda
1178 1242 1268 1307 sit,
1298 1256 1411 1297 non
1440 1247 1525 1295 est
1546 1236 1778 1297 catholi-

229 1342 314 1383 cus
342 1343 356 1381 :
388 1330 514 1401 quia
560 1345 667 1393 non
703 1330 827 1389 ideo
882 1331 1024 1389 Deus
1064 1340 1274 1407 tempus
1305 1334 1480 1389 aetatis
1522 1332 1775 1403 cuiquam

224 1421 544 1491 prorogavit,
582 1429 640 1477 ut
667 1421 757 1479 diu
792 1423 1016 1479 vivendo
1043 1431 1343 1490 corrueret,
1370 1432 1425 1479 et
1449 1440 1479 1478 a
1500 1422 1604 1480 ﬁde
1629 1431 1778 1480 recta

223 1511 270 1565 in
299 1526 389 1565 sua
420 1511 754 1583 longaevitate
780 1514 1056 1581 deﬁceret,
1081 1530 1203 1573 cum
1234 1515 1376 1579 inter
1396 1514 1653 1572 beneﬁcia
1681 1514 1777 1571 Dei

219 1604 541 1658 numeranda
585 1603 657 1658 sit
700 1605 815 1675 ipsa
858 1605 1191 1678 longaevitas,
1230 1622 1338 1676 qua
1386 1607 1550 1665 homo
1588 1606 1778 1662 melior

217 1691 391 1748 debuit
429 1710 546 1749 esse
575 1711 680 1751 non
706 1696 876 1773 pejor.
924 1716 945 1749 ι
994 1697 1127 1755 Item
1148 1696 1318 1771 (Sent.
1347 1696 1438 1770 4):
1467 1718 1487 1753 ι
1516 1698 1619 1767 Qui
1649 1699 1779 1757 dicit

215 1786 349 1856 quod
372 1801 479 1843 non
506 1804 695 1845 omnes
721 1797 980 1851 vocentur
1019 1791 1087 1849 ad
1114 1792 1369 1863 gratiam,
1396 1793 1442 1851 si
1472 1793 1542 1847 de
1583 1792 1651 1848 iis
1695 1791 1776 1849 lo-

212 1880 391 1950 quitur
409 1880 604 1951 quibus
634 1881 884 1941 Christus
912 1885 1265 1943 annuntiatus
1298 1900 1405 1943 non
1446 1892 1554 1950 est,
1587 1899 1773 1955 repre-

210 1947 365 2027 hendi
416 1947 521 2031 non
561 1974 730 2033 debet
768 1992 781 2030 :
827 1976 955 2046 quia
1005 1977 1208 2035 scimus
1237 1977 1455 2047 quidem
1498 1947 1552 2033 in
1588 1947 1776 2035 omnes
1802 1947 1850 2008 Β

209 2060 343 2118 ﬁnes
376 2071 533 2121 terrae
572 2064 921 2139 Evangelium
971 2067 1316 2132 destinatum,
1356 2069 1448 2131 sed
1488 2083 1595 2125 non
1622 2076 1777 2140 puta-

207 2170 325 2211 mus
346 2157 459 2227 jam
491 2156 545 2210 in
565 2157 816 2215 omnibus
850 2167 1007 2219 terrae
1037 2158 1238 2219 ﬁnibus
1260 2158 1645 2230 medicatum;
1679 2174 1779 2219 nec

202 2262 489 2321 possumus
540 2248 754 2319 dicere,
778 2251 923 2323 quod
950 2252 1021 2307 ibi
1056 2252 1126 2309 sit
1162 2253 1352 2327 gratiae
1386 2253 1598 2311 vocalia
1620 2294 1636 2319 ,
1682 2253 1776 2311 ubi

204 2340 396 2396 matris
425 2340 683 2399 Ecclesiaa
705 2344 883 2401 adhuc
903 2343 1048 2399 nulla
1075 2353 1160 2403 est
1193 2346 1552 2418 regeneratio.
1590 2366 1611 2401 ι
1641 2345 1777 2403 item

203 2431 372 2505 (Sent.
416 2434 509 2507 5):
544 2455 563 2491 ς
600 2436 703 2509 Qui
737 2437 871 2495 dicit
912 2439 1056 2509 quod
1103 2438 1196 2513 qui
1243 2440 1420 2503 vocati
1468 2447 1627 2507 sunt,
1667 2454 1775 2499 non

200 2526 480 2597 aequaliter
500 2528 675 2589 vocati
701 2528 848 2595 sint,
891 2531 985 2586 sed
1017 2531 1110 2587 alii
1152 2539 1212 2589 ut
1252 2530 1557 2596 crederent,
1597 2529 1688 2587 alii
1717 2540 1779 2586 ut

201 2632 311 2672 non
339 2619 647 2686 crederent,
672 2620 828 2691 quasi
862 2621 1114 2694 cuiquam
1154 2623 1369 2683 vocatio
1410 2637 1573 2683 causa
1615 2621 1777 2679 fuerit

198 2723 310 2763 non
341 2711 614 2778 credendi,
660 2727 765 2777 non
812 2721 961 2770 recte
991 2713 1141 2773 dicit.
1166 2713 1427 2785 Quamvis
1465 2714 1609 2769 enim
1642 2714 1775 2771 ﬁdes

198 2815 309 2857 non
335 2801 407 2857 sit
427 2803 530 2859 nisi
555 2818 622 2867 ex
666 2804 761 2871 Dei
784 2806 930 2869 dono
975 2816 1031 2863 et
1062 2807 1301 2869 hominis
1328 2808 1623 2874 voluntate,
1647 2806 1773 2865 inﬁ-

199 2893 395 2950 delitas
421 2903 597 2957 tamen
630 2912 741 2961 non
775 2909 859 2963 est
906 2900 1009 2957 nisi
1052 2916 1121 2961 ex
1148 2901 1260 2959 sola
1310 2902 1545 2961 hominis
1585 2901 1772 2959 volun-

198 2994 335 3041 tate.
391 3006 411 3040 ι
443 2986 576 3043 Item
621 2988 804 3062 (Sent.
842 2990 897 3065 6)
942 3008 956 3046 :
999 3008 1019 3043 α
1058 2992 1161 3061 Qui
1189 2992 1321 3049 dicit
1362 2994 1505 3067 quod
1544 2991 1775 3049 liberum

198 3076 484 3134 arbitrium
531 3079 585 3139 in
616 3079 835 3139 homine
878 3081 1013 3143 nihil
1042 3083 1133 3150 sit,
1176 3083 1272 3139 sed
1317 3082 1429 3141 sive
1458 3083 1523 3141 ad
1574 3083 1777 3139 bonum

196 3168 314 3225 sive
340 3169 409 3224 ad
447 3171 645 3227 malum
674 3174 1080 3247 praedestinatio
1106 3175 1199 3231 Dei
1226 3174 1279 3233 in
1306 3173 1612 3235 hominibus
1649 3187 1777 3246 ope-

196 3270 370 3328 retur,
404 3279 510 3321 non
553 3274 637 3321 est
664 3266 979 3322 catholicus.
1017 3267 1318 3325 Arbitrium
1350 3267 1495 3327 enim
1540 3266 1774 3327 hominis

191 3354 371 3427 gratia
428 3354 526 3411 Dei
563 3373 670 3417 non
699 3357 899 3425 abolet,
944 3359 1042 3414 sed
1076 3359 1282 3426 adolet,
1312 3367 1368 3416 et
1395 3358 1465 3415 ab
1490 3373 1678 3417 errore
1712 3359 1770 3419 in

188 3447 344 3501 viam
377 3462 598 3517 revocat
619 3466 683 3507 ac
710 3452 938 3521 reducit,
976 3461 1037 3513 ut
1062 3454 1206 3525 quod
1232 3468 1333 3513 sua
1372 3453 1627 3511 libertate
1656 3458 1777 3509 erat

184 3552 445 3611 pravum,
480 3538 686 3610 Spiritu
716 3540 813 3601 Dei
860 3552 1058 3614 agente
1097 3546 1169 3603 sit
1211 3554 1441 3607 rectum.
1481 3544 1774 3601 Praedesti-

184 3630 349 3684 natio
387 3643 600 3703 quoque
644 3631 739 3691 Dei
786 3648 1002 3709 semper
1040 3634 1096 3693 in
1134 3636 1279 3695 bono
1318 3642 1433 3703 est,
1486 3648 1606 3705 quae
1652 3648 1777 3705 pec-

185 3726 416 3785 catum,
464 3720 577 3776 sola
628 3721 862 3778 hominis
920 3723 1195 3783 voluntate
1252 3724 1636 3790 commissum,
1680 3732 1776 3785 aut

182 3811 584 3875 remittendum
636 3813 784 3869 novit
831 3827 954 3877 cum
1003 3812 1162 3875 laude
1208 3813 1597 3875 misericordiae
1623 3854 1638 3879 ,
1684 3820 1778 3873 aut

181 3902 540 3976 plet-tendum
580 3919 706 3963 cum
735 3903 892 3963 laude
922 3905 1166 3983 iustitiae.
1202 3924 1222 3957 ι
1252 3905 1384 3965 Item
1424 3904 1614 3977 (Sent.
1654 3904 1729 3979 7)
1759 3924 1772 3960 :

188 4015 212 4047 ε
248 3994 360 4063 Qui
401 3995 533 4057 dicit
559 3995 702 4069 quod
749 3996 893 4057 Deus
941 3998 1257 4073 quibusdam
1302 3996 1431 4055 ﬁliis
1458 3996 1610 4062 suis,
1642 4011 1776 4073 quos

152 4089 540 4161 _regeneravit
590 4106 646 4151 in
678 4088 924 4159 Christo,
976 4090 1174 4163 quibus
1220 4090 1381 4147 ﬁdem
1404 4130 1421 4157 ,
1470 4104 1645 4161 spem,
1698 4089 1777 4145 di-

178 4180 487 4239 lectionem
519 4180 695 4249 dedit,
724 4182 795 4239 ob
832 4181 936 4239 hoc
973 4182 1428 4255 perseverantiam
1456 4197 1564 4237 non
1614 4180 1776 4237 dede-

175 4270 262 4326 rit
292 4271 423 4342 quia
453 4286 483 4325 a
512 4286 686 4327 massa
718 4272 1036 4347 perditionis
1059 4271 1398 4345 praescicntia
1426 4271 1521 4328 Dei
1556 4278 1612 4327 et
1636 4285 1774 4341 prae-

176 4363 560 4421 destinatione
591 4379 696 4425 non
741 4364 852 4425 sint
891 4364 1144 4432 discreti,
1186 4364 1230 4419 si
1264 4364 1368 4420 hoc
1396 4363 1510 4423 vult
1554 4362 1775 4419 ﬁrmare

173 4456 341 4529 quod
373 4455 515 4514 Deus
540 4456 846 4529 huiusmodi
874 4458 1123 4519 homines
1150 4458 1208 4515 in
1252 4458 1412 4517 bonis
1437 4472 1558 4528 qua:
1602 4458 1774 4513 dona-

170 4556 353 4607 verat
384 4548 617 4603 noluerit
660 4564 1010 4620 permanere,
1046 4558 1103 4607 et
1142 4550 1257 4621 ipse
1293 4550 1374 4607 eis
1413 4565 1574 4607 causa
1619 4563 1775 4605 aver—

1879 682 2215 743 stitutiouem
2276 683 2478 741 mundi.
2539 683 2615 739 Ex
2682 693 2793 743 toto
2846 688 2996 747 enim
3051 691 3250 751 modo
3305 702 3452 757 totus

1879 773 2109 833 mundus
2152 772 2389 846 eligitur,
2421 783 2478 831 et
2516 790 2585 831 ex
2614 776 2863 837 omnibus
2910 779 3219 841 hominibus
3261 798 3452 847 omnes

1878 861 2138 929 homines~
2167 871 2506 943 adoptantur.
2558 871 2670 931 Nec
2696 880 2875 944 potest
2903 873 3013 933 ullo
3042 878 3204 937 modo
3240 893 3343 955 per
3364 880 3451 949 in-

1878 960 2192 1019 ﬁdelitatem
2256 972 2419 1034 atque
2471 963 2891 1027 inobedientiam
2955 968 3289 1040 multorum,
3348 972 3450 1030 Dei

1876 1054 2164 1124 promissio
2191 1054 2464 1121 vacillare,
2492 1055 2720 1115 dicentis
2751 1057 2821 1115 ad
2856 1058 3176 1123 Abraham:
3209 1080 3229 1115 ί
3256 1061 3317 1121 lu
3359 1078 3448 1121 se-

1877 1145 2024 1203 mine
2046 1154 2137 1201 tuo
2163 1144 2555 1205 benedicentur
2572 1162 2762 1207 omnes
2788 1158 2997 1222 gentes.
3030 1171 3049 1206 ι
3078 1152 3231 1221 Quod
3271 1163 3453 1215 autem

1877 1236 2126 1307 promisit
2150 1244 2342 1308 potens
2385 1247 2470 1293 est
2515 1248 2571 1299 et
2617 1237 2819 1307 facere,
2850 1249 2909 1299 ut
2943 1249 2999 1297 et
3033 1243 3127 1314 qui
3174 1244 3453 1302 salvantur

1876 1326 2000 1383 ideo
2024 1328 2156 1384 salvi
2182 1331 2310 1396 sint,
2342 1331 2469 1401 quia
2514 1331 2633 1391 illos
2668 1333 2838 1391 voluit
2868 1334 3129 1393 Dominus
3154 1338 3335 1394 salvos
3368 1337 3452 1395 fa-

1879 1435 2033 1488 cere;
2078 1431 2134 1479 et
2180 1422 2272 1493 qui
2321 1434 2588 1494 pereunt,
2638 1424 2759 1481 ideo
2810 1437 3039 1499 pereant
3092 1429 3217 1500 quia
3272 1432 3453 1501 perire

1878 1521 2207 1568 meruerunt.
2240 1532 2260 1567 ι
2293 1513 2397 1587 (Ad
2429 1526 2669 1581 excerpta
2713 1515 2945 1573 Genuen.
2989 1518 3066 1591 6.)
3095 1537 3115 1571 ε
3158 1518 3217 1579 In
3258 1536 3323 1577 eo
3351 1536 3450 1577 au-

1878 1612 1987 1658 tem
2034 1604 2176 1674 quod
2214 1604 2504 1675 Apostolus
2536 1608 2613 1664 ait
2644 1627 2657 1663 :
2694 1628 2713 1661 ‹
2760 1607 2880 1665 Non
2911 1610 3055 1667 enim
3102 1613 3341 1670 omnium
3367 1624 3453 1671 est

1883 1714 1902 1748 ‹
1928 1694 2082 1763 ﬁdes,
2104 1717 2123 1749 ι
2152 1711 2249 1752 cur
2265 1699 2515 1756 omnibus
2539 1699 2671 1757 ﬁdes
2689 1716 2794 1757 non
2817 1701 2994 1770 detur,
3014 1717 3121 1761 non
3142 1703 3300 1761 debet
3324 1704 3455 1762 ﬁde-

1876 1785 1982 1843 lem
2006 1802 2224 1845 movere
2244 1831 2261 1856 ,
2294 1789 2386 1859 qui
2415 1790 2585 1846 credit
2622 1805 2691 1848 ex
2736 1807 2843 1848 uno
2870 1809 3060 1851 omnes
3090 1794 3201 1851 isse
3227 1795 3281 1851 in
3318 1810 3454 1852 con-

1879 1878 2276 1936 demnationem
2307 1881 2427 1938 sine
2478 1881 2819 1940 dubitatione
2857 1885 3249 1957 juStissimam,
3290 1887 3364 1944 ita
3394 1895 3455 1944 ut

1878 1968 2020 2023 nulla
2069 1978 2215 2026 esset
2262 1970 2354 2027 Dei
2374 1971 2522 2042 justa
2572 1966 2943 2044 reprehensio,
2987 1975 3152 2032 etiam
3181 1977 3226 2032 si
3272 1977 3453 2036 nullus

1878 2059 2001 2114 inde
2044 2059 2386 2117 liberaretur.
2422 2061 2579 2119 Unde
2625 2071 2838 2121 constat
2883 2081 3136 2139 magnam
3183 2082 3303 2125 esse
3330 2084 3456 2141 gra-

1878 2149 2006 2204 tiam
2033 2152 2174 2220 quod
2200 2150 2416 2222 plurimi
2450 2151 2770 2221 liberantur,
2804 2163 2861 2213 et
2902 2155 3033 2227 quid
3079 2157 3182 2213 sibi
3224 2159 3453 2226 (debere-

1878 2248 1968 2293 tur
2006 2239 2063 2294 in
2094 2240 2175 2295 eis
2216 2241 2307 2312 qui
2363 2257 2473 2298 non
2519 2242 2825 2299 liberantur
2878 2257 3216 2318 agnoscant:
3248 2258 3310 2305 ut
3358 2252 3455 2322 qui

1876 2331 2198 2405 gloriantur,
2231 2351 2337 2390 non
2376 2337 2429 2391 in
2463 2338 2575 2393 suis
2622 2339 2865 2407 meritis,
2911 2355 3031 2412 qua:
3077 2343 3227 2413 paria
3272 2344 3458 2401 vident

1876 2438 1997 2479 esse
2015 2424 2303 2491 damnatis,
2337 2425 2429 2482 sed
2450 2427 2504 2481 in
2537 2427 2764 2483 Domino
2798 2429 3120 2501 glorientur.
3145 2430 3255 2487 Cur
3273 2442 3453 2489 autem

1877 2515 2036 2572 istum
2062 2518 2245 2587 potius
2288 2533 2449 2591 quam
2479 2517 2628 2574 illum
2674 2519 2886 2585 liberet,
2921 2521 3295 2579 inscrutabilia
3329 2534 3456 2583 sunt

1870 2606 2071 2677 judicia
2107 2606 2223 2680 ejus
2253 2620 2311 2664 et
2351 2610 2753 2685 investigabiles
2782 2613 2881 2669 via:
2927 2613 3064 2685 ejus.
3102 2636 3123 2670 ι
3161 2616 3389 2691 (Object.
3421 2619 3457 2677 8

1877 2696 2197 2773 Gallorum.)
2232 2717 2253 2753 ι
2289 2700 2470 2771 Quare
2504 2703 2559 2758 in
2605 2704 2899 2781 prazteritis
2943 2707 3156 2765 saeculis
3190 2709 3457 2769 dimiserit

1876 2791 2020 2849 Deus
2055 2807 2244 2850 omnes
2263 2804 2449 2867 gentes
2476 2795 2681 2871 ingredi
2717 2796 2836 2853 vias
2862 2813 3011 2867 suas,
3036 2801 3249 2871 quando
3290 2799 3458 2863 Jacob

1875 2885 2038 2958 elegit
2074 2886 2177 2942 sibi
2204 2886 2483 2954 Dominus,
2518 2897 2574 2944 et
2614 2903 2721 2947 non
2760 2888 2889 2947 fecit
2932 2890 3117 2948 taliter
3161 2893 3309 2951 omni
3355 2909 3455 2951 na-

1876 2976 2031 3041 tioni,
2060 2984 2116 3032 et
2136 2975 2340 3045 judicia
2371 2992 2468 3035 sua
2497 2994 2604 3035 non
2632 2978 2993 3037 manifestavit
3012 2982 3093 3041 eis
3122 2998 3137 3037 :
3161 2990 3217 3041 et
3237 2998 3337 3039 cur
3361 2985 3454 3055 qui

1877 3068 2164 3141 aliquando
2211 3085 2320 3127 non
2367 3071 2615 3147 populus,
2671 3088 2815 3130 nunc
2857 3082 3041 3131 autem
3092 3076 3321 3148 populus
3358 3076 3453 3132 Dei

1877 3160 2186 3228 diceretur;
2247 3170 2304 3219 et
2356 3178 2586 3235 quorum
2649 3164 2939 3237 aliquando
2996 3181 3102 3224 non
3160 3168 3453 3234 misertus,

1878 3266 2019 3309 nunc
2056 3261 2237 3309 autem
2285 3252 2609 3313 misereatur
2630 3296 2645 3323 ,
2682 3265 2738 3313 et
2771 3257 2862 3314 ubi
2896 3256 3099 3315 dictum
3127 3266 3251 3315 est:
3284 3275 3305 3315 ί
3338 3259 3457 3315 Non

1882 3364 1903 3399 ι
1933 3343 2086 3419 plebs
2120 3361 2243 3403 mea
2286 3361 2419 3413 vos,
2471 3348 2541 3404 ibi
2573 3356 2835 3407 vocentur
2885 3349 2980 3407 ﬁlii
3006 3349 3104 3408 Dei
3133 3351 3270 3418 vivi;
3308 3371 3329 3406 ι
3367 3360 3455 3419 et,

1876 3454 2046 3512 quare
2090 3441 2232 3513 quod
2280 3440 2557 3513 quaerebat
2602 3441 2767 3499 Israel
2816 3457 2923 3500 non
2978 3444 3051 3501 sit
3097 3451 3454 3513 consecutus,

1876 3534 2068 3590 electio
2104 3543 2281 3595 autem
2328 3544 2616 3592 consecuta
2659 3545 2763 3605 est,
2808 3538 2994 3595 caeteri
3034 3552 3163 3595 vero
3198 3540 3457 3596 excaeati

1877 3635 2021 3693 sunt,
2050 3627 2378 3699 impossibile
2421 3636 2506 3685 est
2538 3632 3026 3701 comprehendere,
3057 3640 3113 3689 et
3139 3633 3456 3704 periculosae

1877 3719 2208 3777 curiositatis
2232 3731 2313 3781 est
2345 3736 2610 3795 quaerere.
2634 3723 2771 3781 Cum
2804 3733 2986 3783 tamen
3028 3727 3171 3797 quod
3199 3728 3347 3785 nulla
3385 3730 3455 3787 sit

1876 3809 2015 3880 apud
2054 3810 2218 3869 Deum
2242 3812 2522 3884 iniquitas,
2554 3814 2759 3875 nemini
2783 3815 2946 3875 liceat
2965 3818 3217 3889 ignorare
3257 3834 3273 3874 :
3309 3821 3453 3892 quod

1875 3915 1976 3957 nec
2016 3901 2118 3963 alia
2139 3902 2334 3975 gratia,
2358 3913 2453 3961 aut
2492 3904 2595 3961 alia
2642 3906 2749 3962 ﬁde
2782 3923 3107 3981 quemquam
3150 3910 3451 3980 hominum,

1876 3991 1991 4049 sive
2032 4002 2160 4049 ante
2211 3992 2383 4067 legem
2404 4036 2420 4060 ,
2462 3996 2577 4053 sive
2620 3996 2754 4070 legis
2798 4008 3063 4070 tempore,
3097 4000 3450 4071 iustiﬁcatum

1875 4093 1998 4139 esse
2039 4082 2365 4141 credendum
2414 4086 2505 4153 sit,
2542 4102 2707 4158 quam
2753 4089 2857 4147 hac
2894 4092 3120 4159 eadem,
3166 4108 3263 4164 per
3287 4108 3449 4165 quam

1875 4175 2134 4235 Dominus
2162 4184 2345 4235 noster
2371 4175 2528 4237 Iesus
2554 4178 2799 4239 Christus
2841 4183 3133 4241 secundum
3173 4185 3452 4247 consilium

1873 4265 2167 4325 voluntatis
2204 4283 2311 4325 suae
2354 4267 2407 4325 in
2455 4268 2561 4325 ﬁne
2602 4271 2919 4331 smculorum
2948 4274 3097 4329 venit
3126 4289 3369 4345 quaerere
3396 4283 3453 4332 et

1875 4356 2087 4416 salvere
2114 4359 2257 4432 quod
2278 4361 2532 4433 perierat.
2565 4360 2767 4419 Causas
2790 4379 2920 4419 vero
2955 4380 3178 4437 operum
3215 4373 3270 4422 et
3302 4364 3450 4437 judi-
3556 4348 3567 4359 ”

1875 4452 2083 4508 ciorum
2117 4451 2233 4519 Dei,
2258 4452 2352 4524 qui
2394 4468 2460 4509 ex
2493 4462 2608 4509 toto
2640 4456 2709 4515 ad
2746 4456 3009 4513 humanas
3046 4456 3351 4513 voluntates
3396 4465 3453 4513 et

1877 4543 2117 4603 actiones
2142 4541 2329 4611 refert,
2344 4558 2481 4615 quas
2508 4554 2688 4601 tamen
2707 4546 2761 4601 in
2790 4545 3136 4619 parvulorum
3166 4545 3453 4619 adoptione

168 4639 370 4696 sionis
408 4639 697 4705 exstiterit,
721 4649 906 4707 contra
937 4638 1204 4710 juStitiam
1234 4639 1329 4695 Dei
1356 4640 1543 4705 sentit.
1571 4638 1773 4707 Quam-
1803 4659 1854 4722 υ
1877 4644 1970 4691 aut
2015 4636 2357 4695 abdicatione
2387 4652 2494 4693 non
2548 4637 2770 4722 invenit,
2805 4645 2863 4693 et
2893 4638 3323 4708 dispensationes
3355 4636 3451 4699 Dei

164 4731 270 4787 vis
306 4732 455 4791 enim
478 4732 865 4803 omnipotentia
890 4732 982 4789 Dei
1012 4732 1245 4804 potuerit
1265 4733 1411 4791 vires
1433 4732 1607 4788 standi
1632 4746 1772 4802 prae-

163 4825 323 4879 bere
344 4822 594 4896 lapsuris.
626 4825 801 4897 gratia
831 4831 1007 4887 tamen
1038 4821 1155 4893 ejus
1180 4838 1285 4877 non
1324 4823 1476 4895 prius
1499 4836 1593 4878 eos
1619 4822 1775 4879 dese.

163 4915 301 4968 ruit
326 4928 493 4983 quam
509 4913 576 4968 ab
591 4913 670 4968 eis
690 4911 1049 4968 desereretur.
1067 4912 1134 4966 Et
1153 4912 1279 4982 quia
1292 4911 1397 4971 hoc
1424 4912 1569 4981 ipsos
1588 4912 1774 4967 volun-

164 5006 333 5061 taria
367 5004 605 5065 facturos
624 5003 924 5061 defectione
953 5003 1217 5075 praevidit,
1249 5003 1369 5059 ideo
1398 5002 1454 5057 in
1494 5002 1775 5072 prmdesti~

159 5097 435 5155 nationis
468 5096 730 5153 electione
752 5096 873 5153 illos
895 5111 1002 5151 non
1028 5095 1231 5151 habuit.
1266 5114 1287 5147 ι
1319 5094 1448 5151 Item
1471 5096 1491 5165 ί
1495 5092 1638 5151 Sent.
1664 5094 1719 5163 8)
1756 5113 1768 5148 :

169 5207 193 5238 α
236 5187 356 5255 Qui
389 5186 517 5241 dicit
540 5186 683 5257 quod
726 5201 831 5241 non
857 5200 1044 5239 omnes
1075 5184 1320 5243 homines
1347 5183 1476 5240 velit
1498 5183 1638 5241 Deus
1662 5184 1771 5241 sal-

152 5295 282 5335 vos
318 5278 463 5345 ﬁeri,
513 5278 607 5334 sed
656 5284 865 5333 certum
904 5290 1188 5331 numerum
1238 5276 1768 5346 praedestinatorum,

1877 4745 1943 4787 ex
1972 4729 2127 4785 liberi
2148 4730 2359 4785 arbitrii
2386 4730 2502 4787 vult
2528 4715 2889 4787 mutabilitate
2920 4730 3139 4795 variari,
3168 4729 3449 4801 proﬁtetur

1876 4822 1978 4878 sibi
2004 4837 2124 4878 esse
2150 4821 2460 4879 scrutabilia
2483 4819 2688 4891 judicia
2718 4823 2845 4889 Dei,
2888 4830 2944 4878 et
2968 4808 3311 4892 vestigabiles
3335 4822 3449 4877 vias

1877 4912 2011 4983 eius,
2041 4921 2097 4969 et
2128 4914 2273 4985 quod
2318 4916 2509 4970 doctor
2532 4915 2774 4983 gentium
2824 4912 3021 4971 Paulus
3064 4926 3171 4969 non
3218 4912 3449 4969 audebat

1876 5006 2140 5077 attingere
2156 5044 2172 5069 ,
2194 5004 2285 5061 hic
2310 5020 2370 5062 se
2395 5005 2631 5063 aestimat
2652 5012 2950 5060 reseratum
2968 5018 3127 5076 posse
3153 5002 3393 5076 vulgare.
3422 5022 3443 5059 ι

1872 5096 2005 5155 item
2061 5095 2242 5169 (Sent.
2285 5097 2340 5168 9)
2392 5115 2407 5152 :
2445 5117 2463 5151 ι
2498 5097 2601 5165 Qui
2643 5099 2774 5153 dicit
2818 5097 2960 5167 quod
2997 5111 3104 5151 non
3152 5110 3251 5168 pro
3289 5096 3451 5153 totius

1873 5188 2061 5245 mundi
2097 5189 2468 5259 redemptione
2513 5186 2763 5247 Salvator
2792 5187 2863 5245 sit
2899 5186 3207 5253 cruciﬁxus,
3238 5200 3346 5240 non
3381 5183 3449 5241 ad

1874 5281 2201 5339 sacramenti
2228 5281 2511 5347 virtutem,
2534 5280 2631 5337 sed
2681 5280 2747 5334 ad
2798 5277 3035 5335 ﬁdelium
3070 5277 3289 5351 respicit
3316 5290 3448 5347 par—

156 5371 388 5428 durius
418 5370 655 5442 loquitur
682 5383 845 5441 quam
894 5368 1223 5440 loquendum
1259 5377 1341 5425 est
1390 5368 1455 5425 de
1488 5368 1772 5427 altitudine
1874 5378 2004 5436 tem,
2029 5384 2153 5426 cum
2183 5370 2406 5443 sanguis
2431 5368 2631 5429 Christi
2654 5367 2888 5440 pretium
2915 5367 3082 5425 totius
3120 5364 3307 5423 mundi
3337 5364 3406 5421 sit
3432 5382 3443 5416 :

154 5463 566 5521 inscrutahilis
602 5462 790 5535 gratia:
838 5460 952 5527 Dei,
986 5462 1077 5532 qui
1130 5469 1186 5516 et
1227 5474 1416 5519 omnes
1442 5459 1557 5515 vult
1594 5458 1773 5517 salvos
1872 5476 1902 5517 a
1928 5476 2036 5535 quo
2058 5461 2233 5533 pretio
2256 5460 2499 5517 extranei
2526 5468 2668 5526 sunt,
2690 5458 2784 5531 qui
2817 5465 2909 5513 aut
2939 5456 3188 5514 delectati
3216 5455 3444 5525 captivi-

152 5557 330 5624 ﬁeri,
367 5566 425 5613 et
462 5558 528 5612 ad
553 5556 878 5630 agnitionem
900 5555 1144 5613 veritatis
1177 5556 1381 5621 venire,
1406 5563 1460 5613 et
1480 5553 1772 5610 voluntatis
1875 5561 1985 5607 tate
2040 5553 2231 5611 redimi
2278 5551 2589 5615 noluerunt,
2629 5558 2721 5615 aut
2745 5558 2876 5648 post
2911 5548 3442 5648 redemptionema-ul

149 5664 299 5703 suae
329 5650 668 5720 propositum
706 5648 760 5705 in
804 5648 884 5703 eis
912 5646 1116 5719 implet,
1153 5662 1289 5718 quos
1318 5646 1598 5716 praescitos
1634 5659 1772 5719 prae
1872 5645 2119 5700 eamdem
2154 5651 2281 5699 sunt
2316 5642 2631 5699 servitutem
2676 5640 2900 5697 reversi.
2931 5637 3046 5695 Non
3077 5639 3219 5695 enim
3251 5637 3445 5693 cecidit

150 5741 508 5806 destinavit,
549 5741 956 5811 praedestinatos
981 5738 1215 5804 vocavit,
1248 5746 1468 5795 vocatos
1505 5735 1769 5808 iustiﬁca-
1870 5738 2097 5793 verbum
2124 5734 2357 5805 Domini,
2382 5748 2554 5805 neque
2578 5741 2840 5790 evacuata
2884 5739 2970 5830 est
2998 5728 3443 5830 mundi-redem-

146 5832 281 5887 vit.
319 5829 651 5899 justiﬁcatos
694 5830 1013 5903 gloriﬁcavit
1046 5848 1058 5882 :
1107 5827 1240 5884 nihil
1271 5828 1527 5884 amittens
1557 5827 1624 5883 de
1653 5826 1765 5899 ple-
1868 5828 1982 5900 ptio
2023 5847 2035 5881 :
2065 5826 2188 5897 quia
2214 5827 2314 5883 etsi
2340 5841 2446 5881 non
2470 5824 2720 5901 cognovit
2746 5822 2976 5879 mundus
2998 5822 3165 5877 Deum
3204 5821 3258 5875 in
3300 5821 3446 5887 vasis

142 5924 441 5983 nitudine
466 5925 726 5993 gentium,
750 5933 805 5978 et
833 5924 905 5979 de
921 5923 1067 5979 omni
1090 5924 1295 5979 semine
1318 5922 1499 5985 Israel,
1524 5921 1609 5977 cui
1628 5935 1793 5991 pra»,
1869 5919 1986 5984 ine,
2024 5917 2275 5991 cognovit
2312 5926 2492 5972 tamen
2540 5911 2771 5970 mundus
2808 5913 2977 5968 Deum
3011 5913 3067 5969 in
3110 5912 3255 5968 vasis
3284 5911 3439 5967 mlse~
