3938 6334
561 330 584 384 1
595 327 703 385 559

1228 323 1289 378 Β.
1329 319 1586 396 MBAN!
1620 318 1841 378 MAURI
1872 313 2196 378 ARCHIEP.
2236 313 2545 372 MOGUNT.
2585 313 2871 373 OPERUM
2903 313 3078 372 PARS
3115 315 3191 371 Ill.
3567 330 3649 386 tam
3744 313 3763 396 [ᾖ

558 442 825 508 ricordim,
847 455 966 511 qua:
988 439 1150 505 Deus,
1182 436 1346 494 nullis
1366 450 1555 492 eorum
1581 434 1791 491 meritis
1819 428 2136 506 'praeceden-
2162 429 2217 491 Α
2241 427 2317 482 ita
2363 424 2636 481 deﬁnierit
2660 433 2723 480 ut
2763 424 3074 496 quicunque
3100 439 3200 479 non
3223 426 3430 494 credunt,
3463 445 3514 487 ex
3546 436 3651 508 ipsis

553 534 719 599 tibus,
749 531 892 589 eruit
918 531 987 587 de
1004 537 1270 602 potestate
1302 528 1679 594 tenebrarum,
1700 534 1756 581 et
1785 524 2061 581 transtulit
2080 524 2137 578 in

555 642 784 699 regnum
832 623 958 679 Filii
1005 621 1310 679 dilectionis
1361 635 1491 676 sum.
1532 637 1551 671 ι
1584 616 1717 674 Item
1771 616 1945 691 (Sent.
2001 614 2134 687 10):

562 738 583 771 ι
620 717 724 786 Qui
754 714 886 772 dicit
914 715 1059 785 quod
1084 712 1408 784 quibusdam
1444 708 1721 782 Evangelii
1764 706 2081 779 praedicatio
2103 720 2137 761 a

555 811 785 867 Domino
816 804 1181 872 subtrahatur,
1212 821 1282 862 ne
1330 813 1587 877 percepta
1633 802 1914 875 Evangelii
1943 801 2139 874 praedi-

555 902 770 957 catione
821 898 1117 961 salventur,
1148 903 1328 968 potest
1356 894 1683 967 objectionis
1731 893 1991 948 invidiam
2044 891 2136 966 de-

555 993 762 1049 clinare
788 990 1092 1063 patrocinio
1119 988 1286 1060 ipsius
1327 986 1652 1053 Salvatoris,
1676 988 1770 1059 qui
1809 986 1951 1058 apud
1974 970 2145 1056 quosJ

554 1085 701 1149 dam,
732 1098 868 1154 quos
897 1083 976 1137 ait
1022 1080 1191 1137 fuisse
1223 1081 1550 1146 credituros,
1578 1079 1622 1136 si
1660 1078 1990 1134 mirabilium
2020 1074 2138 1145 ejus

551 1176 707 1248 signa
738 1176 996 1231 Vidissent
1019 1215 1035 1240 ,
1070 1173 1244 1229 noluit
1289 1172 1506 1244 operari
1549 1190 1562 1226 :
1596 1179 1652 1228 et
1692 1169 2013 1242 quibusdam
2042 1184 2138 1240 po-

552 1269 694 1342 pulis
712 1268 883 1324 vetuit
910 1266 1183 1339 apostolos
1231 1266 1639 1339 evangelizare,
1675 1273 1731 1320 et
1755 1279 1897 1319 nunc
1922 1263 2135 1333 aliquas

551 1362 727 1418 adhuc
743 1377 843 1426 gen
851 1371 929 1417 tes
944 1362 1150 1432 patitur
1164 1369 1319 1417 extra
1339 1361 1570 1433 gratiam
1588 1374 1741 1415 suam
1758 1358 1955 1429 degere
1970 1373 1985 1420 ;
2011 1371 2135 1413 cum

554 1461 733 1509 tamen
760 1453 1198 1511 constantissima
1225 1452 1331 1508 ﬁde
1366 1458 1680 1523 perceptum
1711 1451 2036 1515 habeamus,
2080 1447 2135 1502 in

554 1561 744 1602 omnes
799 1545 985 1602 mundi
1035 1556 1222 1617 partes
1258 1543 1558 1600 Ecclesiam
1612 1542 1981 1607 dilatandam,
2035 1553 2134 1595 nec

550 1648 675 1693 ante
699 1653 820 1694 esse
838 1638 942 1694 hoc
980 1637 1237 1694 saeculum
1260 1637 1553 1692 ﬁniendum
1582 1650 1743 1705 quam
1769 1634 1824 1688 in
1852 1632 2135 1695 universos

550 1734 685 1787 ﬁnes
735 1741 893 1789 terra:
922 1730 1269 1803 Evangeiium
1318 1730 1599 1801 dirigatur,
1645 1735 1701 1783 et
1728 1728 1905 1782 omnis
1952 1725 2133 1797 lingua

2240 518 2625 575 constitutione
2656 533 2764 573 non
2785 518 3031 583 credant,
3063 531 3165 572 non
3191 526 3269 573 est
3293 520 3541 582 catholicus,
3560 527 3653 589 δία

2239 609 2383 665 enim
2410 608 2565 687 ﬁdes,
2603 623 2727 680 quas
2762 622 2868 678 per
2908 606 3237 663 dilectionem
3260 615 3651 680 operaturmeib.

2236 720 2365 760 num
2389 712 2491 770 est,
2515 702 2591 758 ita
2612 700 2904 759 inﬁdelitas
2931 701 3233 757 constitutio
3260 703 3343 759 Dei
3365 720 3452 761 non
3488 716 3653 783 esum

2237 794 2380 851 Deus
2427 807 2617 864 poenas
2652 792 2945 848 criminum
2986 793 3135 848 novit
3168 792 3410 859 ordinare,
3447 802 3653 859 nonnisi.

2236 904 2325 946 na.
2354 887 2465 944 Nec
2488 903 2831 958 consequens
2860 893 2946 943 est
2973 894 3033 941 ut
3056 886 3194 956 quod
3214 901 3310 942 non
3347 890 3569 957 remiserit,
3588 896 3653 963 ipse

2237 981 2593 1039 commiserit.
2638 966 3066 1036 Praedestina'tus
3098 980 3268 1049 itaque
3300 981 3412 1035 vivit
3431 982 3473 1036 in
3500 982 3573 1038 ﬁde
3593 988 3653 1043 tiii

2236 1072 2469 1128 donata:
2496 1087 2606 1127 non
2644 1071 3060 1142 prmdestinatus
3104 1070 3240 1142 perit
3262 1070 3514 1128 inﬁdelitate
3538 1076 3652 1133 vobs-

2237 1164 2394 1231 taria,
2440 1179 2551 1219 non
2603 1172 2810 1220 coacta.
2854 1181 2872 1215 ι
2906 1162 3042 1218 Item
3091 1160 3270 1235 (Sent.
3298 1162 3410 1234 l5):
3447 1164 3651 1233 tQuiditit

2235 1258 2379 1329 quod
2406 1257 2548 1312 idem
2599 1257 2669 1313 sit
2716 1256 3059 1328 praescientia
3112 1250 3248 1326 quod
3286 1258 3651 1327 praedestinatiom

2232 1350 2392 1407 bonis
2416 1349 2535 1405 sine
2565 1348 2729 1405 dubio
2749 1348 3006 1420 operibus
3024 1349 3222 1403 nostris
3245 1348 3339 1403 duo
3351 1350 3433 1404 ista
3455 1351 3648 1420 permiscet

2234 1443 2364 1512 Quae
2389 1442 2533 1499 enim
2562 1456 2629 1498 ex
2650 1441 2745 1497 Dei
2778 1456 3003 1496 munere
3031 1439 3303 1504 habemus,
3326 1448 3484 1512 etquae
3503 1446 3651 1513 prrsriu

2234 1536 2522 1602 dicuntur,
2570 1549 2679 1590 non
2728 1542 2957 1606 possunt
2995 1548 3104 1588 non
3133 1547 3248 1589 esse
3286 1534 3594 1601 praedestiuau;
3622 1549 3650 1589 cl

2233 1642 2353 1698 quae
2380 1625 2763 1697 praedestinata
2795 1623 3159 1696 appellantur,
3183 1639 3282 1679 non
3301 1632 3482 1695 possunt
3498 1642 3568 1681 non
3585 1643 3651 1682 es:

2232 1717 2505 1788 pmscita.
2542 1717 2601 1772 in
2638 1716 2798 1772 malis
2828 1725 3012 1771 autem
3035 1715 3281 1786 operibus
3305 1717 3470 1772 nostris
3485 1717 3559 1772 tota
3576 1734 3651 1787 pr)!-

480 1854 499 1904 J-
549 1822 879 1879 conﬁteatur
906 1792 1162 1892 quoniam
1193 1792 1455 1876 Dominus
1507 1792 1664 1874 Jesus
1715 1818 1772 1873 in
1817 1817 1986 1890 gloria
2033 1792 2133 1871 Dei
2164 1792 2211 1861 Β
2236 1806 2584 1904 εοίθιιῑίθρθὶ
2634 1807 2982 1881 intelligenda
3037 1816 3122 1862 est
3141 1826 3164 1904 Ξ
3200 1808 3316 1878 quia
3353 1808 3465 1863 sicut
3489 1809 3651 1878 prascirit

548 1914 727 1970 Patris
769 1924 871 1970 est.
907 1933 927 1967 ι
959 1913 1090 1969 Item
1115 1911 1284 1985 (Sent.
1310 1912 1440 1985 li):
1479 1932 1499 1965 ‹
1545 1912 1649 1980 Qui
1694 1910 1826 1966 dicit
1864 1911 2008 1981 quod
2037 1925 2136 1980 per

443 2041 449 2047 -
546 2007 846 2080 potentiam
883 2006 1025 2062 Deus
1053 2006 1302 2063 homines
1335 2006 1389 2061 in
1426 2013 1652 2076 peccata
1679 2003 1994 2075 compellat,
2023 2018 2136 2060 me-

546 2097 653 2153 rito
683 2096 1112 2170 reprehenditur.
1156 2095 1267 2152 Nec
1306 2096 1448 2151 enim
1480 2096 1644 2160 Deus,
1679 2095 1774 2165 qui
1794 2094 2021 2164 justitice
2070 2108 2136 2151 ac

546 2188 810 2243 bonitatis
832 2196 1020 2243 auctor
1047 2194 1150 2254 est,
1180 2193 1236 2243 et
1262 2187 1415 2257 cujus
1441 2186 1624 2241 omnia
1656 2192 1859 2240 statuta
1893 2192 1949 2239 et
1974 2199 2133 2238 man-

549 2280 676 2334 data
724 2290 912 2336 contra
956 2290 1239 2350 peceatum
1268 2290 1416 2347 sunt,
1459 2294 1786 2350 quemquam
1841 2277 1909 2332 ad
1940 2292 2135 2347 pecca-

547 2381 665 2429 tum
709 2388 928 2445 cogere,
956 2381 1013 2429 et
1050 2373 1118 2429 ab
1158 2372 1464 2428 innocentia
1512 2372 1569 2426 in
1612 2370 1853 2427 facinora
1880 2369 2124 2440 praecipi-

545 2472 667 2520 tare
695 2463 998 2520 credendus
1023 2471 1124 2519 est.
1154 2462 1212 2519 Si
1242 2464 1331 2533 qui
1364 2471 1544 2518 autem
1577 2471 1687 2517 tam
1712 2462 1992 2533 profunda:
2027 2462 2132 2516 im-

545 2554 767 2628 pietatis
795 2561 940 2621 sunt,
988 2562 1051 2610 ut
1093 2563 1251 2611 extra
1297 2553 1599 2609 remedium
1631 2552 1990 2624 correptionis
2035 2553 2134 2608 hac

544 2645 799 2712 beantur,
854 2661 963 2701 non
1011 2661 1043 2701 a
1097 2646 1209 2701 Deo
1255 2645 1589 2700 incrementa
1638 2645 1941 2715 iniquitatis
1989 2645 2133 2700 acci-

542 2736 721 2807 piunt,
751 2739 846 2792 sed
877 2751 977 2808 per
1004 2737 1324 2808 semetipsos
1362 2737 1657 2793 deteriores
1697 2736 1854 2802 ﬁunt,
1906 2737 1997 2808 qui
2039 2753 2129 2793 re-

544 2825 716 2898 linqui
743 2842 774 2882 a
798 2826 933 2894 Deo,
969 2835 1023 2882 et
1067 2826 1169 2883 sibi
1211 2843 1275 2881 ac
1302 2827 1680 2898 deceptoribus
1703 2827 1815 2883 suis
1844 2827 1979 2883 tradi
2008 2843 2134 2896 pro-

546 2928 670 2990 pter
717 2919 1083 2989 praecedentia
1110 2928 1331 2990 peccata
1374 2929 1710 2983 meruerunt,
1741 2927 1801 2973 ut
1826 2920 1907 2975 eis
1935 2934 2132 2991 pecca-

547 3017 664 3064 tum
689 3011 761 3065 sit
784 3011 899 3080 ipsa
927 3011 1093 3066 etiam
1128 3026 1287 3083 paena
1309 3011 1538 3081 peccati.
1578 3029 1596 3062 ι
1623 3010 1755 3065 ltem
1799 3008 1967 3081 (Sent.
2000 3008 2130 3081 l2):

554 3120 573 3153 ι
604 3100 705 3168 Qui
747 3101 880 3157 dicit
906 3103 1049 3173 quod
1079 3103 1400 3173 quibusdam
1422 3103 1648 3167 vocatis,
1679 3109 1734 3155 et
1764 3101 1851 3171 pie
1876 3099 2130 3171 justeque

2158 3157 2207 3224 δ
2224 3197 2467 3248 mortem
2495 3191 2726 3246 tendunt
2755 3157 3098 3263 perpetuam:
3137 3191 3286 3249 Unde
3322 3190 3528 3263 propheta
3554 3185 3657 3241 Dom?-

501 3191 507 3203 '
546 3192 873 3259 viventibus,
917 3193 1223 3248 obedientia
1268 3192 1622 3248 subtrahatur
1660 3199 1719 3247 ut
1762 3192 1982 3248 obedire
2031 3192 2131 3248 de-

548 3284 766 3351 sistant,
813 3283 956 3341 male
988 3285 1242 3355 opinatur
1260 3283 1328 3339 de
1356 3283 1599 3338 bonitate
1638 3282 1734 3338 Dei
1764 3292 1926 3354 atque
1967 3268 2132 3354 justi-

552 3376 647 3441 tia,
680 3383 741 3429 ut
772 3374 1019 3429 videatur
1048 3377 1115 3429 ad
1142 3375 1472 3446 impietatem
1499 3375 1618 3444 pios
1645 3388 1856 3447 cogere,
1885 3383 1941 3430 et
1967 3376 2131 3431 inno-

551 3464 784 3520 centiam
814 3463 971 3519 bonis
1001 3463 1258 3529 adimere,
1280 3479 1403 3519 cum
1451 3465 1564 3534 ipse
1592 3464 1664 3520 sit
1714 3464 1932 3534 pietatis
1969 3474 2133 3537 atque

555 3556 878 3612 innocentia:
906 3555 1129 3628 largitor
1164 3565 1220 3612 et
1246 3565 1447 3613 custos.
1475 3556 1578 3624 Qui
1625 3570 1756 3627 ergo
1790 3557 1901 3612 Deo
1944 3557 2130 3613 adhae-

549 3655 662 3708 ret,
696 3645 899 3719 Spiritu
932 3647 1026 3703 Dei
1056 3648 1234 3719 agitur
1272 3665 1286 3702 :
1318 3648 1411 3720 qui
1449 3658 1628 3702 autem
1664 3663 1694 3703 a
1746 3648 1858 3704 Deo
1904 3650 2128 3718 recedit,

547 3740 767 3812 propria
815 3739 1090 3797 voluntate
1129 3739 1351 3796 obedire
1394 3740 1625 3796 desistit.
1682 3760 1702 3795 ι
1752 3740 1885 3797 Item
1942 3741 2128 3816 (Sent.

552 3831 677 3902 l5):
707 3851 726 3883 ι
757 3830 856 3899 Qui
898 3830 1030 3887 dicit
1056 3831 1196 3902 quod
1223 3830 1443 3902 quidam
1474 3831 1753 3888 hominum
1792 3847 1899 3889 non
1939 3835 2005 3889 ad
2028 3835 2133 3891 hoc

550 3935 583 3975 a
614 3920 935 4005 Deo‘creati
982 3930 1109 3976 sunt
1141 3930 1201 3976 ut
1240 3922 1411 3993 vitam,
1434 3922 1805 3993 adipiscantur
1846 3932 2128 3989 aeternam,

552 4011 646 4067 sed
670 4020 730 4066 ut
762 4012 1007 4068 habitum
1042 4016 1412 4070 tantummodo
1434 4014 1614 4071 saeculi
1660 4016 1945 4087 praesentis
1971 4032 2133 4073 orna-

552 4115 695 4173 rent,
725 4116 780 4163 et
823 4108 891 4162 ad
935 4108 1220 4163 utilitatem
1256 4117 1611 4164 nascerentur
1641 4109 1891 4176 aliorum,
1938 4110 2133 4166 melius

553 4197 867 4268 loqueretur
890 4199 1076 4254 dicens
1124 4199 1269 4269 quod
1313 4198 1474 4265 Deus,
1514 4200 1607 4269 qui
1649 4208 1862 4255 creator
1893 4209 1978 4256 est
2018 4215 2135 4256 om-

555 4289 730 4355 nium,
771 4304 878 4345 non
918 4287 1119 4344 frustra
1153 4288 1318 4343 etiam
1347 4303 1437 4345 eo:
1484 4289 1684 4345 condat
1726 4305 1863 4361 quos
1885 4290 2135 4361 praevidit

554 4379 681 4435 vita:
734 4386 952 4434 aeternae
1011 4379 1303 4449 participes
1346 4393 1452 4433 non
1504 4378 1748 4445 futuros,
1800 4380 1927 4451 quia
1969 4381 2134 4436 etiam

556 4471 613 4525 in
633 4469 791 4524 malis
822 4469 1130 4525 hominibus
1158 4470 1357 4524 bonum
1389 4468 1481 4524 Dei
1520 4484 1657 4539 opus
1676 4476 1759 4525 est
1780 4469 1896 4540 ipsa
1918 4479 2130 4536 natura,

556 4571 613 4619 et
637 4561 923 4618 laudabilis
952 4570 1036 4616 est
1073 4562 1128 4616 in
1169 4561 1455 4632 impiorum
1510 4561 1857 4616 damnatione
1897 4561 2132 4632 iustitia.

558 4654 674 4711 Non
696 4661 875 4724 potest
897 4663 1078 4709 autem
1111 4655 1303 4710 merito
1347 4651 1671 4724 reprehendi
1705 4653 1799 4722 qui
1837 4652 1970 4709 dicit
1994 4652 2138 4724 quod

558 4750 723 4807 etiam
752 4748 940 4805 talium
967 4747 1272 4805 conditione
1301 4748 1534 4803 mundus
1562 4754 1806 4814 ornetur,
1833 4754 1890 4802 et
1916 4746 2060 4816 quod
2091 4743 2139 4802 si

558 4841 653 4913 qui
691 4840 795 4896 sibi
822 4854 919 4895 sua
962 4839 1245 4909 iniquitate
1280 4838 1514 4894 nocituri
1557 4845 1704 4903 sunt,
1744 4838 1812 4893 ad
1850 4837 2141 4893 utilitatem

561 4943 856 4992 nascantur
884 4931 1134 4987 aliorum.
1170 4930 1356 5002 Neque
1385 4931 1530 4986 enim
1575 4928 1874 5002 quamlibet
1898 4928 2143 4984 innume-

560 5025 750 5084 rabilis
768 5023 1059 5080 multitudo
1086 5023 1371 5095 impiorum
1392 5022 1654 5079 indecora
1675 5032 1760 5078 est
1797 5021 2018 5089 mundo,
2049 5029 2145 5077 aut

560 5116 770 5174 inutilis
800 5115 899 5172 Dei
946 5129 1135 5187 regno,
1183 5128 1305 5169 cum
1339 5113 1502 5170 etiam
1535 5128 1633 5186 per
1676 5113 1917 5185 ipsorum
1962 5113 2144 5169 veniat

560 5208 914 5281 propaginem
961 5205 1331 5277 regeneranda
1371 5205 1675 5277 generatio,
1723 5204 1860 5260 etin
1888 5203 1970 5260 eis
2018 5203 2146 5260 tole-

563 5299 748 5356 randis
777 5315 843 5356 ac
869 5297 1158 5370 diligendis
1192 5296 1421 5368 populus
1445 5296 1544 5354 Dei
1587 5296 1684 5352 ﬁat
1719 5296 2014 5363 illustrior,
2063 5295 2147 5352 di-

563 5411 721 5456 secus
741 5396 1041 5453 bonitatem
1070 5401 1126 5448 et
1151 5391 1472 5463 patientiam
1512 5394 1581 5448 ab
1621 5390 1715 5448 illo
1740 5393 1835 5464 qui
1883 5391 2020 5464 pluit
2051 5407 2144 5447 su-

561 5503 662 5562 per
699 5489 878 5561 iustos
924 5495 979 5543 et
1013 5483 1279 5554 iniustos,
1311 5492 1369 5540 et
1413 5482 1584 5540 solem
1615 5498 1773 5540 suum
1818 5485 1955 5540 oriri
2009 5483 2144 5541 facit

566 5595 732 5650 super
770 5580 942 5634 bonos
967 5586 1020 5632 et
1050 5576 1243 5633 malos.
1283 5594 1303 5628 ι
1329 5575 1459 5631 item
1500 5575 1674 5648 (Sent.
1708 5576 1808 5649 ¹14)
1834 5595 1849 5632 :
1879 5598 1898 5630 ι
1934 5576 2037 5648 Qui
2063 5578 2145 5635 di—

569 5660 647 5717 cit
683 5664 826 5733 quod
848 5666 942 5735 qui
972 5667 1295 5739 evangelicae
1332 5666 1700 5735 pmdicationi
1737 5683 1847 5725 non
1894 5669 2141 5738 credunt,

567 5762 638 5802 ex
664 5751 761 5808 Dei
791 5758 1262 5831 praedestinatione
1288 5772 1397 5815 non
1443 5756 1688 5825 credant,
1717 5768 1773 5815 et
1814 5761 1958 5832 quod
1998 5761 2142 5820 Deus

2158 4519 2214 4581 D

2235 1907 2291 1954 et
2343 1896 2749 1970 praedestinavit
2789 1912 2909 1969 quae
2962 1898 3084 1968 ipse
3138 1896 3282 1963 facit,
3307 1906 3356 1953 et
3391 1907 3441 1953 ut
3468 1897 3650 1954 iam

2236 1992 2384 2048 dedit
2418 1992 2532 2047 :ita
2559 1992 2832 2062 przescivit
2854 1998 3085 2051 tantum.
3124 2007 3229 2046 non
3254 1991 3397 2046 etiam
3434 1992 3651 2060 pretiosiu-

2236 2084 2334 2149 vit,
2370 2098 2489 2154 quae
2512 2097 2615 2138 nec
2638 2083 2761 2165 ipsa
2792 2081 2941 2149 fecit,
2976 2098 3079 2139 nec
3116 2091 3177 2138 ut
3220 2082 3477 2138 faceremus
3496 2083 3647 2151 exegit»

2235 2174 2333 2231 His
2368 2191 2501 2248 ergo
2527 2174 2781 2231 omnibus
2808 2175 2883 2229 ita
2912 2190 2980 2231 ex
3027 2175 3200 2230 sacris
3224 2173 3484 2230 doctoribus
3512 2172 3651 2243 [tth
3762 2228 3763 2259 ξ

2237 2274 2400 2333 atque
2429 2264 2483 2319 in
2537 2265 2769 2321 diversis
2803 2264 3082 2336 opusculis
3110 2265 3222 2321 suis
3261 2265 3443 2321 diverso
3473 2263 3652 2334 style,»
3762 2294 3763 2319 ξ

2236 2355 2451 2412 diversa
2492 2354 2620 2422 ﬁde,
2652 2356 2916 2428 probatis,
2953 2357 3161 2413 bonum
3204 2356 3326 2411 mihi
3349 2356 3515 2411 videtur
3543 2363 3582 2407 ut
3604 2367 3653 2407 ιο-
3762 2404 3763 2415 χ

2236 2453 2362 2508 velli
2413 2453 2664 2508 doctores
2708 2461 3025 2509 sanctorum
3079 2452 3291 2508 Patrum
3319 2460 3367 2507 et
3403 2449 3654 2506 catholicam

2236 2544 2519 2602 doctorum
2563 2552 2863 2615 sequantur
2913 2544 3167 2617 vestigia,
3202 2559 3302 2599 non
3326 2556 3353 2596 a
3381 2550 3498 2597 recto
3528 2538 3654 2593 tramite

2236 2654 2425 2695 eorum
2452 2637 2761 2695 traditionis
2798 2638 2853 2694 in
2894 2640 3102 2695 erroris
3152 2636 3300 2695 devia
3332 2636 3566 2693 secedente:
3591 2645 3656 2687 oor-

2236 2730 2400 2789 ruan't
2430 2749 2445 2789 :
2482 2735 2642 2805 quia,
2683 2749 2840 2791 sacra
2888 2732 3179 2806 Scriptura
3224 2733 3443 2798 dicente,
3480 2731 3542 2783 vis
3573 2727 3656 2798 regit

2236 2826 2591 2898 gradiendum
2644 2834 2728 2882 est
2771 2824 2859 2882 his
2912 2827 3005 2897 qui
3050 2824 3121 2880 ad
3173 2825 3331 2881 vitam
3370 2822 3515 2881 volunt
3549 2832 3656 2890 parte

2235 2917 2356 2972 nire
2400 2925 2678 2982 artemam,
2709 2931 2885 2988 neque
2925 2917 2993 2973 ad
3027 2917 3326 2982 dexteram,
3360 2930 3496 2985 neque
3526 2911 3654 2966 aditi

2235 3014 2403 3062 stram
2433 3020 2465 3060 a
2490 3021 2763 3077 quoquam
2810 3014 3015 3063 temere
3061 3006 3444 3064 declinandum:
3463 3005 3553 3075 quia
3581 3003 3657 3057 an

2235 3099 2324 3154 via
2365 3106 2516 3154 recta
2566 3099 2715 3155 ducit
2750 3098 2819 3155 ad
2880 3100 3089 3169 vitam,
3141 3101 3218 3157 sic
3263 3100 3398 3156 devia
3428 3110 3596 3153 errorum
3624 3092 3659 3144 tl

2234 3299 2365 3340 num
2410 3292 2666 3355 precatur
2693 3284 2877 3340 dicens
2908 3303 2922 3340 :
2962 3303 2981 3336 ι
3014 3284 3201 3341 Deduc
3225 3286 3331 3351 me‘,
3352 3279 3591 3343 Domine,in
3614 3275 3659 3327 vi:

2240 3396 2259 3427 ι
2294 3383 2384 3430 tua
2409 3415 2425 3441 ,
2457 3382 2512 3429 et
2542 3373 2829 3430 ambulabo
2854 3374 2911 3430 in
2939 3375 3173 3432 veritate
3193 3383 3297 3431 tua.
3331 3394 3349 3428 ι
3380 3369 3514 3428 ’Pui.
3533 3380 3658 3423 um.

2237 3466 2350 3541 il.)
2412 3466 2480 3521 Et
2504 3466 2676 3523 item:
2715 3485 2735 3519 ι
2771 3466 2955 3524 Deduc
2988 3482 3116 3534 me,
3142 3467 3380 3533 Domine,
3410 3461 3660 3520 inanitate

2240 3577 2260 3611 ε
2301 3566 2424 3625 cta,
2481 3566 2702 3630 propter
2745 3558 2994 3615 inimicos
3030 3573 3202 3615 meos.
3239 3579 3258 3612 ι
3303 3547 3647 3630 (Ρωιπωλι.

2234 3650 2303 3706 Et
2338 3651 2468 3707 item
2500 3669 2515 3705 :
2562 3670 2584 3736 ε
2616 3651 2773 3707 Viam
2816 3651 3125 3722 iniquitatis
3156 3665 3334 3707 amove
3356 3666 3383 3703 a
3405 3662 3473 3703 me
3496 3639 3659 3736 etilli";e

2240 3763 2259 3797 ι
2298 3752 2391 3800 tua
2443 3729 2705 3800 miserere
2758 3745 2885 3801 mei.
2919 3744 3076 3801 Viam
3124 3743 3357 3800 veritatis
3389 3738 3521 3810 elegi.
3546 3729 3659 3805 indidi

2239 3852 2258 3885 ι
2296 3841 2384 3888 tua
2410 3849 2518 3895 non
2549 3849 2672 3890 sum
2693 3833 2916 3891 oblitus.
2954 3852 2976 3887 ›
3008 3832 3187 3908 (Ρωι.
3225 3848 3378 3899 xvut,
3401 3829 3480 3894 29,
3500 3823 3661 3891 ΜΨ

2234 3925 2308 3982 sit
2325 3934 2506 3981 autem
2542 3927 2659 3982 haec
2686 3926 2775 3981 via
2817 3935 3000 3993 recta,
3032 3927 3199 3982 etvia
3235 3922 3467 3987 veritatis,
3486 3919 3564 3990 ipsa
3578 3910 3661 3967 itfi-

2234 4026 2318 4073 tas
2343 4018 2397 4072 in
2424 4017 2717 4089 Evangelio
2757 4019 2998 4074 ostendit
3015 4019 3204 4076 dicens
3232 4036 3246 4073 :
3281 4035 3299 4069 ι
3328 4017 3425 4087 Ego
3444 4008 3660 4069 sumit.“

2240 4126 2260 4160 ι
2287 4108 2509 4173 veritas,
2540 4116 2597 4163 et
2623 4109 2729 4164 vita
2754 4107 2938 4183 (loan.
2967 4125 3084 4176 xxv,
3106 4110 3184 4184 ϐ).
3217 4129 3237 4163 ι
3270 4127 3290 4161 ε
3320 4106 3409 4176 Qui
3428 4101 3660 4173 sequitur-2

2241 4219 2261 4253 ι
2292 4215 2398 4255 non
2423 4200 2662 4256 ambulat
2680 4202 2737 4256 in
2768 4198 3040 4269 tenebris,
3064 4203 3160 4260 sed
3196 4200 3398 4259 habebit
3437 4197 3566 4252 lumen
3591 4188 3660 4241 vi!

2240 4313 2258 4347 ι
2292 4290 2475 4365 (Ιοαη.
2508 4308 2622 4359 vm,
2658 4291 2767 4365 12).
2800 4313 2818 4346 ι
2844 4293 2913 4349 Et
2939 4293 3105 4349 alibi:
3139 4312 3159 4346 ‹
3185 4293 3293 4364 Ego
3316 4305 3434 4354 sum,
3461 4282 3661 4355 ingemat-

2240 4405 2260 4437 ‹
2294 4384 2447 4439 tium.
2478 4382 2583 4440 Per
2607 4400 2694 4441 me
2715 4385 2759 4443 si
2802 4387 2925 4456 quis
2953 4386 3251 4451 introierit,
3273 4381 3518 4440 saltabitur
3536 4394 3547 4429 :
3564 4382 3598 4427 et
3614 4372 3661 4423 il-

2243 4494 2262 4527 ί
2296 4474 2587 4547 ετεάίθιιιτ.
2648 4484 2704 4531 et
2763 4476 3090 4546 egredietur,
3147 4484 3203 4533 et
3246 4488 3422 4547 pascua
3466 4463 3658 4524 inveniet

2242 4564 2424 4639 Nam“
2453 4581 2509 4632 π’
2539 4564 2619 4640 9ο)
2652 4565 2746 4622 me
2776 4576 2958 4623 autem
2986 4567 3079 4638 qui
3110 4567 3268 4633 dicit,
3309 4566 3428 4622 siem
3446 4547 3661 4632 pradith
3762 4547 3763 4575 ³

2244 4660 2419 4730 pietas
2442 4699 2458 4727 ,
2496 4659 2776 4731 pudicitia,
2812 4669 2869 4717 et
2895 4661 3166 4726 cbaritas,
3207 4666 3264 4716 et
3295 4664 3470 4714 caetera
3502 4649 3661 4703 vim.

2245 4750 2319 4805 ita
2350 4750 2752 4822 praedestinatio
2791 4752 3130 4823 praedicanda
3147 4761 3230 4808 est
3250 4792 3266 4817 ,
3284 4758 3340 4806 ut
3368 4746 3445 4818 qui
3467 4737 3662 4799 ώώοισ

2245 4842 2363 4898 haec
2396 4841 2567 4908 audit,
2598 4856 2706 4897 non
2732 4841 2789 4897 in
2820 4843 3057 4909 homine,
3085 4858 3150 4899 ac
3175 4857 3271 4914 per
3292 4842 3382 4896 hoc
3401 4852 3456 4892 ne
3471 4834 3511 4888 in
3526 4842 3567 4884 te
3583 4826 3660 4895 ᾔει

2248 4932 2344 4989 sed
2380 4932 2432 4987 in
2467 4931 2694 4988 Domino
2715 4932 2998 5005 glorietur,
3028 4934 3165 4990 bene
3196 4934 3294 4989 hoc
3318 4930 3455 4993 dicit,
3474 4920 3661 4980 ἐῶσα

2247 5032 2304 5078 et
2331 5023 2629 5079 secundum
2671 5023 2977 5080 auditorum
3025 5026 3326 5097 qualitatem

2248 5128 2405 5169 suam
2469 5122 2772 5186 temperat,
2819 5131 2888 5172 ne
2936 5092 3074 5174 forte
3124 5092 3379 5172 inﬁrmus,
3413 5092 3661 5186 ultimm!e

2249 5182 2791 5262 scandalum-sumat
2833 5207 2979 5263 unde
3032 5207 3211 5264 debuit
3255 5206 3402 5284 vitam
3443 5182 3657 5256 inutile.h

2249 5298 2544 5353 scrutando
2590 5304 2770 5354 autem
2830 5306 2888 5355 et
2931 5299 3233 5356 meditando
3273 5295 3522 5367 Scriptum
3552 5287 3659 5339 ﬁt“

2249 5398 2462 5462 oportet
2492 5390 2750 5448 lectorem
2777 5402 2936 5450 caute
2954 5404 3010 5449 et
3034 5392 3317 5465 prudenter
3343 5399 3496 5461 agere,
3519 5391 3566 5434 ne
3581 5372 3659 5427 Μ

2246 5483 2380 5541 velit
2404 5483 2525 5554 plus
2572 5498 2763 5556 sapere
2796 5500 2957 5557 quam
3000 5493 3205 5558 oportet
3236 5496 3431 5555 sapere,
3457 5470 3528 5531 κδ

2248 5577 2317 5632 ad
2348 5548 2697 5631 sobrietatem
2741 5585 2796 5632 et
2812 5548 3128 5633 secundum
3170 5548 3407 5633 rationem
3440 5548 3658 5621 Mei-"'1'

2248 5669 2413 5726 etiam
2445 5666 2723 5737 Sapientia
2764 5682 2862 5737 per
2885 5670 3164 5741 parabolas
3204 5668 3347 5725 doce;
3377 5660 3544 5717 diem:
3568 5633 3657 5696 «Id

2254 5781 2274 5815 ι
2312 5760 2602 5827 invenisti,
2649 5760 2869 5816 comede
2906 5760 3049 5831 quod
3085 5758 3271 5819 sufﬁcit
3288 5755 3397 5823 tibi,
3420 5764 3475 5807 ne
3499 5744 3657 5801 me
