3938 6334
269 463 385 542 εδει

1672 473 2028 533 ΕΡΙΞΤΟΙιΕ
2039 519 2052 535 .

3364 493 3388 549 i
3398 492 3502 548 501

266 620 282 652 ι
312 600 471 655 tiatus
515 614 732 656 evomas
777 599 904 655 illud
927 641 941 666 ,
997 607 1051 654 et
1098 597 1342 670 perjures
1387 610 1582 651 nomen
1634 591 1749 650 Dei.
1795 612 1813 645 ι
1845 595 1900 656 Α
1922 596 2159 664 parvulis
2186 599 2457 655 mentibus
2488 600 2715 672 tegenda
2738 610 2820 657 est
2850 601 2957 657 alta
2979 603 3202 660 scientia
3222 647 3237 671 ,
3263 573 3333 662 ne
3361 609 3504 664 unde

261 688 430 762 (Prov.
465 705 590 755 xxv,
620 689 732 764 16.)
781 691 847 745 Et
887 690 1135 744 similiter
1183 689 1275 759 qui
1299 689 1474 744 'docet
1506 687 1702 748 alium,
1739 687 1819 743 sic

257 779 404 835 debet
448 795 750 836 sermonem
792 781 1050 838 doctrinae
1088 788 1419 850 temperare,
1470 787 1529 833 ut
1555 779 1645 847 qui
1669 778 1820 832 audit

256 886 431 925 verum
461 872 670 937 audiat,
698 879 752 926 et
784 873 875 942 qui
919 872 1068 927 audit
1097 871 1384 942 intelligat;
1412 872 1492 926 sic
1518 870 1662 924 enim
1689 885 1819 939 apo-

253 961 490 1016 stolicam
513 961 738 1017 formam
757 963 811 1016 in
834 963 1074 1018 docendo
1094 970 1305 1018 servat:
1329 961 1471 1033 quod
1497 962 1817 1031 quibusdam

252 1054 578 1110 auditoribus
603 1055 714 1110 suis
742 1055 852 1110 ait:
884 1075 902 1107 ι
936 1055 1075 1125 Ego,
1105 1054 1328 1120 fratres,
1357 1071 1461 1110 non
1486 1055 1634 1125 potui
1666 1054 1818 1110 vobis

257 1161 272 1193 ε
304 1143 448 1214 loqui
484 1146 638 1215 quasi
674 1145 1072 1215 spiritualibus,
1117 1145 1210 1200 sed
1262 1147 1418 1215 quasi
1464 1145 1810 1200 carnalibus:

253 1253 270 1287 ι
306 1245 558 1307 tanquam
593 1238 829 1307 parvulis
858 1239 910 1292 in
926 1238 1140 1293 Christo
1161 1237 1245 1293 lac
1271 1238 1424 1293 vobis
1454 1247 1636 1308 potum
1665 1238 1810 1305 dedi,

252 1341 270 1375 ‹
302 1339 406 1378 non
437 1338 638 1380 escam.
669 1325 915 1382 Nondum
961 1326 1103 1381 enim
1145 1328 1439 1396 poteratis,
1475 1327 1569 1382 sed
1593 1343 1691 1382 nec
1721 1329 1813 1382 ad-

246 1435 266 1488 i
298 1417 403 1472 huc
432 1419 646 1487 quidem
677 1420 919 1489 potestis.
962 1418 1296 1490 Sapientiam
1335 1431 1514 1474 autem
1544 1419 1813 1489 loquimur

247 1525 264 1557 ι
295 1507 434 1561 inter
469 1507 774 1578 perfectos:
807 1509 1125 1580 sapientiam
1162 1522 1340 1564 autem
1371 1525 1476 1564 non
1517 1509 1675 1579 hujus
1713 1525 1813 1564 sai-

246 1615 262 1648 ¢
287 1597 422 1661 culi,
446 1614 621 1669 neque
634 1600 937 1671 principum
959 1600 1140 1656 saeculi
1160 1640 1175 1665 ,
1193 1602 1286 1671 qui
1311 1601 1691 1666 destruuntur;
1715 1600 1810 1656 sed

243 1707 260 1738 ι
297 1686 566 1758 loquimur
585 1691 677 1746 Dei
699 1691 1016 1762 sapientiam
1031 1692 1084 1746 in
1121 1692 1374 1762 mysterio
1392 1732 1406 1758 ,
1429 1707 1550 1761 quae
1574 1692 1804 1747 abscon-

243 1798 260 1828 ‹
289 1778 399 1833 dita
427 1789 544 1847 est,
579 1795 740 1851 quam
781 1783 1182 1853 praedestinavit
1206 1785 1350 1840 Deus
1381 1794 1506 1839 ante
1529 1785 1723 1840 saicula
1748 1785 1804 1840 in

239 1887 257 1918 ι
289 1869 456 1940 gloria
491 1883 678 1928 nostra
724 1872 775 1945 (Ι
805 1871 928 1929 Cor.
965 1890 1048 1940 hi,
1083 1877 1109 1930 1
1138 1875 1304 1948 Seq.).
1344 1895 1362 1928 ι
1400 1875 1551 1932 Unde
1580 1884 1634 1931 et
1671 1876 1798 1931 alibi

1923 701 2018 741 cor
2064 688 2370 744 docentium
2406 691 2474 744 ad
2503 706 2712 745 summa
2741 691 3021 757 attollitur,
3061 695 3184 750 inde
3215 695 3502 754 inﬁrmitas

1921 777 2225 832 auditorum
2253 779 2320 832 ad
2346 779 2453 833 ima
2467 777 2789 835 delabatur?
2816 799 2833 832 ι
2867 780 2984 836 Non
3009 783 3193 838 omnia
3213 801 3501 856 possumus

1917 883 2124 924 omnes.
2171 867 2276 924 Sed
2319 869 2686 940 unusquisque
2732 880 2977 928 nostrum
3023 875 3300 945 proprium
3337 877 3502 934 habet

1917 958 2116 1014 donum
2147 975 2212 1015 ex
2245 960 2388 1025 Deo,
2442 961 2578 1017 alius
2617 961 2730 1028 sic,
2769 962 2904 1018 alius
2944 979 3073 1020 vero
3121 966 3219 1021 sic.
3259 966 3411 1024 Unde
3445 977 3500 1024 et

1919 1051 2166 1107 Salva-tor
2204 1054 2255 1108 in
2285 1053 2576 1123 Evangelio
2601 1055 2856 1112 divinitus
2883 1057 2948 1112 ad
2979 1057 3081 1114 hoc
3110 1059 3495 1130 discipulorum

1916 1159 2134 1201 suorum
2157 1148 2491 1218 perpendens
2511 1149 2934 1205 imbecillitatem
2950 1151 3026 1206 ait
3050 1169 3063 1206 :
3100 1171 3119 1204 ‹
3144 1151 3335 1208 Adhuc
3355 1153 3492 1208 mul-

1921 1255 1940 1289 ι
1972 1246 2024 1292 ta
2066 1239 2238 1294 habeo
2279 1239 2430 1294 vobis
2469 1238 2680 1304 dicere,
2728 1241 2822 1295 sed
2868 1239 2974 1295 non
3015 1243 3242 1312 potestis
3281 1253 3497 1314 portare

1919 1345 1938 1378 ‹
1974 1330 2134 1384 modo
2163 1347 2176 1382 :
2207 1344 2328 1385 cum
2369 1339 2546 1385 autem
2581 1340 2791 1386 venerit
2832 1331 2922 1387 ille
2951 1332 3184 1402 Spiritus
3211 1335 3491 1400 veritatis,

1919 1436 1939 1470 ι
1973 1420 2215 1485 docebit,
2244 1440 2262 1472 ›
2294 1430 2398 1476 etc.
2431 1421 2612 1490 (Joan.
2651 1438 2771 1487 im,
2806 1423 2917 1492 12.)
2953 1423 3010 1479 Si
3046 1425 3188 1479 enim
3236 1425 3494 1482 Dominus

1910 1519 2096 1566 noster
2115 1512 2418 1567 auditorum
2464 1528 2683 1568 suorum
2721 1515 2985 1584 pensabat
3013 1515 3362 1586 qualitatem,
3395 1519 3488 1588 qui

1911 1613 2010 1656 nos
2047 1617 2234 1657 sumus
2298 1610 2358 1657 ut
2409 1603 2463 1657 in
2511 1604 2762 1660 omnibus
2801 1605 2982 1660 omnia
3033 1607 3312 1676 aequaliter
3349 1624 3489 1677 prai-

1909 1693 2134 1770 dicanda
2177 1708 2296 1749 esse
2338 1695 2694 1750 censeamus?
2725 1695 2954 1752 Maxime
2997 1713 3120 1753 cum
3154 1699 3265 1769 ipse
3303 1700 3486 1754 Domi-

1907 1786 2019 1840 nus‘
2052 1786 2238 1840 dicat:
2274 1805 2293 1837 ‹
2327 1786 2429 1854 Qui
2474 1788 2920 1844 scandalizaverit
2961 1805 3126 1844 unum
3170 1789 3236 1846 de
3284 1792 3491 1860 pusillis

1913 1898 1931 1930 ι
1967 1879 2087 1935 istis
2135 1881 2226 1949 qui
2259 1880 2310 1934 in
2344 1896 2428 1936 me
2455 1880 2718 1944 credunt,
2758 1901 2777 1933 ι
2807 1889 2911 1937 etc.
2958 1881 3221 1952 [nsipiens
3251 1884 3492 1939 medicus

230 1960 667 2034 idemApostolus
680 1965 1152 2022 bortaturdicens:
1177 1965 1396 2023 «Omnia
1409 1977 1588 2023 vestra
1603 1968 1668 2021 ad
1683 1967 1808 2022 :edi-
1836 1954 1882 2014 Β
1909 1979 1995 2025 est
2024 1971 2116 2042 qui
2146 1971 2411 2040 malagma
2441 1987 2594 2026 suum
2616 1972 2690 2026 ita
2709 1970 2935 2037 format,
2966 1983 3023 2026 ut
3047 1973 3353 2043 impositum
3378 1989 3491 2029 ma-

232 2071 250 2105 ι
274 2052 576 2112 ﬁcationem
615 2057 766 2122 ﬁant,
796 2059 1043 2113 etomnia
1057 2063 1282 2115 honeste
1319 2074 1383 2115 ac
1410 2059 1704 2114 secundum
1721 2074 1809 2113 or-

233 2159 256 2191 ι
279 2144 456 2201 dinem
471 2146 620 2203 ﬁant.
641 2169 661 2202 ι
681 2149 733 2215 (1
747 2149 868 2206 Cor.
882 2167 992 2218 xxv,
1007 2151 1122 2222 40.)
1146 2151 1282 2207 Hinc
1293 2152 1511 2222 quidam
1527 2152 1807 2208 doctorum

227 2239 524 2296 lectissime
548 2242 662 2298 ait:
689 2241 867 2299 Dolosi
893 2252 1073 2299 autem
1105 2244 1191 2300 vel
1218 2244 1450 2314 imperiti
1482 2245 1674 2299 medici
1700 2253 1804 2310 est,

224 2329 388 2384 etiam
405 2331 536 2388 utile
548 2333 997 2390 medicamentum
1011 2336 1088 2391 sic
1104 2335 1346 2406 alligare,
1363 2345 1422 2390 ut
1433 2344 1551 2391 arte
1565 2351 1668 2392 non
1683 2351 1806 2406 pos-

224 2421 296 2476 sit
321 2422 546 2480 absolvi.
583 2425 734 2482 Unde
752 2437 806 2483 et
822 2428 876 2483 in
893 2428 1007 2500 lege
1019 2430 1186 2484 veteri
1197 2445 1296 2500 per
1312 2429 1527 2501 Moysen
1547 2431 1805 2485 Dominus

224 2517 448 2572 mandat
492 2519 724 2577 dicens:
761 2541 778 2573 ε
814 2521 870 2576 Si
911 2523 1033 2592 quis
1071 2522 1344 2593 aperuerit
1384 2523 1703 2588 cisternam,
1749 2530 1806 2578 et

229 2624 250 2658 σ
281 2605 504 2676 foderit,
545 2620 599 2666 et
629 2625 732 2668 non
777 2615 1048 2685 operuerit
1096 2630 1247 2678 eam,
1300 2613 1665 2685 cecideritque
1705 2613 1803 2670 bos

227 2717 248 2751 ι
281 2708 376 2755 aut
408 2702 593 2760 asinus
620 2704 677 2760 in
705 2720 854 2771 eam,
901 2707 1078 2762 reddit
1109 2708 1360 2762 dominus
1396 2707 1644 2762 cisternae
1673 2722 1799 2777 pre-

226 2809 248 2843 ‹
281 2793 415 2849 tium
445 2795 834 2866 iumentorum.
866 2819 886 2852 ι
921 2797 1117 2872 (Exod.
1155 2815 1282 2865 xu,
1319 2797 1432 2868 35.)
1467 2797 1632 2865 Cujus
1667 2797 1801 2868 ﬁgu-

219 2899 297 2939 rae
351 2889 665 2958 mysterium
729 2890 921 2946 beatus
984 2889 1280 2961 Gregorius
1343 2889 1566 2960 exponit
1611 2889 1797 2945 dicens

218 2975 437 3048 (Horat.
453 2995 601 3036 nm
618 3021 635 3046 ,
664 2981 785 3052 14):
814 3002 833 3036 ‹
853 2982 990 3050 Quid
1013 2990 1095 3038 est
1115 2983 1327 3053 aperire
1350 2983 1666 3046 cisternam,
1689 2980 1794 3036 nisi

217 3065 490 3125 intellectu
520 3071 698 3127 valido
735 3072 1026 3143 Scriptura:
1070 3087 1268 3129 arcana
1307 3073 1626 3143 penetrare?
1659 3073 1797 3140 Quid

214 3172 396 3219 autem
423 3179 521 3236 per
537 3166 729 3222 bovem
751 3175 806 3222 et
824 3166 1034 3222 asinum
1051 3207 1066 3232 ,
1096 3167 1148 3222 id
1172 3175 1255 3222 est
1275 3166 1532 3222 mundum
1565 3166 1795 3220 immun-

1909 2062 1992 2133 gis
2029 2071 2222 2118 noceat
2260 2078 2422 2133 quam
2472 2064 2721 2133 expediat
2763 2072 2986 2135 zegroto.
3036 2063 3260 2133 Sapiens
3307 2076 3488 2120 autem

1909 2157 2152 2212 medicus
2173 2157 2406 2228 primum
2449 2156 2696 2226 explorat
2718 2157 3090 2227 aegritudinem
3121 2155 3452 2211 inﬁrmitatis
3469 2195 3486 2222 ,

1908 2257 1964 2304 et
1988 2248 2067 2303 sic
2092 2249 2227 2304 bene
2272 2249 2619 2317 temperando
2645 2248 2799 2319 juxta
2819 2247 3130 2318 qualitatem
3155 2247 3488 2318 aegritudinis

1907 2343 2127 2398 adhibet
2154 2343 2478 2398 medicinam
2502 2342 2709 2397 salutis.

1975 2432 2102 2488 Ηωο
2121 2447 2274 2503 ergo,
2303 2431 2476 2486 amice
2513 2431 2858 2497 charissime,
2894 2430 3016 2485 ideo
3043 2429 3140 2484 tibi
3185 2428 3399 2498 scripsi,
3428 2436 3488 2483 ut

1904 2539 2259 2595 cognosceres
2285 2523 2443 2594 quale
2479 2523 2786 2578 scandalum
2809 2523 2876 2578 de
2903 2522 3008 2576 illis
3039 2521 3282 2592 partibus
3303 2520 3485 2590 opinio

1902 2617 2123 2670 veniens
2156 2615 2211 2669 in
2242 2616 2342 2670 hoc
2369 2612 2564 2684 popqu
2583 2611 2954 2682 generaverit,
2976 2618 3033 2666 et
3058 2611 3102 2666 si
3123 2609 3243 2680 quis
3264 2623 3486 2665 manens

1902 2705 2043 2776 apud
2073 2715 2125 2760 te
2157 2706 2312 2760 docet
2348 2720 2468 2775 qua:
2510 2712 2674 2760 recta:
2715 2703 2836 2759 ﬁdei
2865 2710 2989 2758 sunt
3026 2701 3328 2766 contraria,
3359 2716 3484 2769 pro-

1900 2801 2089 2855 hibeas
2114 2815 2267 2863 eum,
2297 2807 2356 2853 ut
2403 2806 2579 2855 cesset
2624 2797 2692 2851 ab
2737 2798 2838 2853 hac
2873 2805 3052 2861 secta,
3104 2796 3356 2864 dicasque
3387 2793 3436 2848 ei
3465 2811 3478 2848 :

1901 2891 2034 2946 Vide
2053 2933 2067 2957 ,
2113 2890 2301 2954 frater,
2331 2904 2401 2943 ne
2434 2890 2537 2944 hac
2578 2888 2794 2944 licentia
2837 2895 2929 2943 tua
2958 2886 3010 2940 in
3033 2884 3372 2956 praedicando
3397 2881 3480 2937 of-

1897 2980 2357 3036 fendiculum-ﬁat
2408 2978 2669 3044 inﬁrmis,
2700 2985 2755 3032 et
2779 2987 2870 3031 tuo
2890 2977 3137 3046 dogmate
3179 2990 3247 3030 ne
3283 2973 3476 3044 perdas

1895 3088 2018 3129 eum
2039 3087 2137 3143 pro
2160 3087 2268 3142 quo
2287 3071 2535 3126 Christus
2561 3077 2805 3125 mortuus
2830 3077 2913 3124 est
2938 3109 2952 3134 ,
2981 3068 3105 3138 quia
3127 3066 3343 3137 sanguis
3363 3063 3476 3133 eius

1895 3165 2198 3236 requiretur
2223 3166 2288 3220 de
2312 3179 2472 3217 manu
2503 3170 2615 3216 tua.
2657 3160 2882 3216 Conﬁdo
2919 3159 3064 3215 enim
3092 3167 3144 3214 te
3163 3199 3176 3221 ,
3204 3159 3290 3213 vir
3313 3170 3472 3210 vene-

215 3255 454 3327 dumque
470 3257 696 3325 animal,
738 3258 840 3313 nisi
872 3257 1044 3314 ﬁdelis
1076 3258 1304 3329 quisque
1341 3265 1398 3314 et
1425 3256 1657 3312 inﬁdelis
1701 3271 1792 3312 ac-
1822 3317 1860 3329 _
1893 3257 2094 3322 rande,
2123 3257 2258 3311 bene
2303 3269 2422 3311 esse
2463 3253 2864 3317 Christianum,
2905 3266 3006 3306 nec
3053 3249 3254 3320 aliquid
3291 3257 3342 3302 te
3375 3249 3476 3302 ha-

213 3317 446 3418 cipitiir?
475 3349 576 3418 Qui
619 3317 748 3422 ergo
793 3317 1109 3408 cisternam.
1130 3317 1294 3416 fodit,
1332 3365 1454 3405 eam
1487 3349 1786 3420 cooperiat,
1816 3317 1861 3380 C
1891 3349 2019 3406 bere
2049 3317 2186 3404 velle
2222 3349 2276 3403 in
2307 3356 2396 3402 tua
2443 3347 2724 3402 mansione
2755 3345 2899 3416 quod
2945 3317 3232 3414 Evangelia
3275 3340 3473 3396 Christi

211 3457 283 3498 ne
311 3443 437 3500 illuc
473 3444 573 3500 bos
599 3445 684 3502 vel
709 3446 892 3502 asinus
915 3453 1054 3501 ruat.
1096 3445 1154 3500 Id
1185 3455 1270 3502 est
1297 3446 1388 3516 qui
1409 3445 1462 3500 in
1491 3459 1649 3500 sacro
1680 3443 1792 3499 elo-
1891 3443 2207 3498 adversetur
2239 3460 2252 3496 :
2284 3441 2377 3497 sed
2404 3440 2578 3512 magis
2609 3440 2714 3494 hoc
2755 3437 2896 3509 quod
2922 3437 3133 3508 placeat
3159 3435 3268 3490 Deo
3289 3475 3304 3500 ,
3329 3442 3382 3488 et
3407 3433 3475 3488 ad

212 3536 344 3606 quio
365 3536 476 3604 jam
507 3536 614 3592 alta
651 3539 926 3608 intelligit,
955 3537 1211 3594 sublimes
1249 3553 1439 3594 sensus
1465 3551 1646 3593 coram
1683 3551 1790 3592 non
1890 3534 2119 3588 salutem
2157 3533 2392 3604 pertinet
2439 3532 2762 3586 animarum.
2794 3529 2852 3584 ln
2886 3543 2992 3599 qua
3035 3526 3309 3582 voluntate
3339 3532 3392 3579 et
3417 3525 3470 3578 in

211 3626 551 3696 capientibus
576 3642 672 3698 per
707 3626 974 3681 silentium
1017 3634 1192 3697 tegat,
1230 3641 1302 3680 ne
1343 3643 1442 3698 per
1479 3625 1792 3682 scandalum

215 3718 416 3772 mentis
444 3725 537 3772 aut
558 3716 768 3772 ﬁdelem
802 3717 1082 3786 parvulum
1101 3757 1116 3783 ,
1145 3726 1238 3770 aut
1262 3716 1527 3772 inﬁdelem
1552 3717 1644 3786 qui
1667 3729 1790 3771 cre-

211 3809 342 3864 dere
372 3810 665 3880 potuisset,
705 3808 998 3864 interimat.
1038 3808 1116 3862 Ex
1155 3816 1327 3865 morte
1357 3809 1498 3862 enim
1521 3806 1792 3875 jumento-

210 3919 335 3958 rum
371 3904 530 3959 debet
554 3905 782 3974 pretium
800 3945 815 3971 ,
838 3906 928 3976 qui
967 3905 1096 3960 illud
1127 3904 1330 3960 scilicet
1358 3905 1642 3960 admisisse
1661 3918 1793 3960 cono

214 3997 471 4062 vincitur,
514 3999 658 4054 unde
684 3998 752 4054 ad
780 3999 1040 4070 agendam
1073 3998 1445 4069 paenitentiam
1472 4014 1596 4053 reus
1637 4006 1789 4053 tene-

213 4095 322 4140 tur.
363 4085 619 4158 Quisquis
649 4103 879 4159 namque
917 4089 982 4144 ad
1024 4089 1130 4150 alta
1157 4089 1394 4145 scientiae
1438 4087 1636 4143 fluenta
1666 4104 1790 4160 per-

210 4181 465 4247 veniens,
491 4197 612 4237 cum
636 4182 753 4237 haec
776 4182 915 4252 apud
944 4184 1101 4237 bruta
1131 4181 1458 4236 audientium
1497 4181 1657 4236 corda
1681 4196 1788 4236 non

209 4275 544 4340 contexerit,
588 4290 762 4347 paena).
794 4289 916 4330 reus
955 4274 1238 4337 addicitur,
1281 4274 1325 4328 si
1357 4288 1454 4343 per
1480 4273 1642 4328 verba
1671 4273 1788 4341 ejus

211 4369 265 4423 in
306 4369 614 4424 scandalum
639 4411 653 4436 ,
690 4384 781 4426 seu
819 4370 1046 4434 munda,
1079 4384 1171 4425 seu
1206 4383 1360 4423 mens
1395 4367 1666 4422 immunda
1697 4382 1788 4422 ca-

208 4459 411 4532 piatur.
445 4459 746 4531 Operienda
781 4470 864 4518 est
907 4467 1087 4532 itaque
1129 4461 1366 4518 cisterna
1393 4478 1407 4515 :
1431 4461 1560 4532 quia
1599 4475 1784 4517 coram

1890 3640 1998 3694 quo
2027 3625 2205 3679 studio
2239 3623 2493 3679 divinitas
2535 3622 2750 3677 Domini
2793 3622 2966 3677 nostri
3007 3619 3134 3675 Jesu
3161 3618 3360 3674 Christi
3388 3619 3469 3674 in-

1891 3717 2155 3772 columem
2187 3717 2240 3770 in
2271 3725 2533 3770 aeternum
2564 3724 2617 3770 te
2645 3727 2970 3770 conservare
2992 3713 3260 3784 dignetur.

2443 3827 2776 3883 EPISTOLA
2816 3826 2925 3882 Vll.

2195 3940 2260 3979 ΑΙ)
2298 3938 2601 3980 ιυοογιοωί
2641 3937 2924 3979 ϐΕΙὶΙΔΝΙιΕ
2964 3935 3162 3977 REGE“.

1891 4025 2053 4080 Mittit
2079 4035 2195 4080 acta
2213 4067 2228 4091 ,
2257 4039 2282 4066 ⁸
2306 4026 2511 4081 concilii
2536 4021 3172 4096 Moguntinigrojuribus
3199 4029 3246 4076 et
3275 4022 3463 4096 inimu-

1959 4097 2206 4152 nitatibus
2254 4091 2646 4156 ecclesiasticis;
2694 4096 2803 4164 ips'o
2834 4091 3460 4164 (Rub’ano)_prrrsidente,

1957 4168 2196 4222 celebrati
2224 4185 2363 4222 anno
2403 4166 2612 4221 Domini
2653 4161 2754 4221 847
2779 4205 2794 4231 ,
2844 4161 3071 4234 tempore
3103 4161 3289 4218 Leonis
3313 4177 3460 4232 papm
3523 4168 3550 4178 '

1957 4236 2042 4292 IV
2071 4248 2118 4293 et
2147 4237 2381 4292 Lotharii
2414 4237 2764 4308 imperatoris.

2073 4352 2233 4416 (Apud
2258 4353 2409 4403 Mansi
2431 4390 2444 4415 ,
2469 4351 2669 4414 Conci|.,
2695 4356 2812 4400 tom.
2836 4347 2966 4411 XIV,
2993 4360 3102 4410 pag.
3125 4345 3234 4396 900.

1957 4457 2183 4512 Domino
2204 4455 2550 4512 serenissima
2572 4462 2629 4510 et
2655 4449 3118 4510 Christianissimo
3143 4446 3254 4518 regi
3278 4444 3457 4500 Lupo-

285 4672 309 4699 ι
345 4657 570 4733 οβρᾳξὶο
617 4660 788 4733 hujus
837 4660 1050 4716 concilii
1086 4660 1388 4716 celebrandi
1439 4659 1632 4733 eadem?
1664 4659 1764 4716 fuit
1793 4674 1842 4733 ι)
1867 4679 1974 4722 non
2002 4656 2648 4733 minime‘deturbaverat.
2699 4651 2834 4708 Nam
2875 4659 3083 4733 certum
3117 4662 3457 4733 consumma.

207 4747 331 4803 qua:
385 4731 665 4786 Meldensis
692 4751 707 4786 :
739 4731 990 4786 nimirum
1033 4735 1174 4802 quod
1224 4747 1346 4786 cum
1371 4748 1401 4786 a
1443 4731 1594 4803 laicis
1623 4732 1763 4787 bona

208 4802 582 4866 ecclesiarum,
607 4803 730 4872 jura
770 4804 972 4872 pariter
999 4811 1053 4857 et
1084 4817 1345 4872 personae,
1376 4802 1587 4856 assidue
1615 4803 1764 4857 inva-

207 4873 488 4936 derentur,
517 4871 686 4941 deque
716 4871 799 4928 his
820 4871 1129 4942 frequentes
1157 4873 1296 4942 apud
1328 4888 1507 4942 regem
1532 4875 1764 4942 querelae

208 4954 415 5009 essent,
445 4943 533 4999 ille
559 4945 622 4996 ad
645 4943 972 4998 liberandam
1000 4945 1118 4998 istis
1145 4944 1298 4998 malis
1326 4943 1614 4997 Ecclesiam
1637 4959 1764 4998 con-

210 5016 423 5085 gregari
453 5014 580 5069 fecit
609 5016 866 5086 synodum
913 5015 1316 5086 provincialem,
1367 5015 1454 5068 cui
1512 5015 1763 5086 Rahanus

210 5085 667 5156 archiepiscopus,
699 5088 780 5139 vir
803 5085 1067 5148 doctrina,
1099 5085 1364 5156 probitate
1390 5093 1562 5156 atque
1587 5085 1764 5139 scien-

211 5157 282 5210 tia
313 5154 468 5211 valde
489 5154 731 5227 insignis,
760 5170 986 5226 pr:eesse
1007 5154 1256 5227 deberet.
1300 5154 1399 5222 Qui
1437 5163 1633 5223 quotve
1661 5156 1770 5227 epi-

210 5229 360 5296 scopi
408 5227 534 5282 huic
584 5225 811 5282 cbncil'io
853 5225 1216 5290 interfuerint,
1245 5241 1362 5294 qua:
1392 5226 1764 5296 traetaverint,

208 5295 369 5366 atque
416 5314 511 5366 per
545 5312 779 5352 canones
827 5298 1089 5367 servanda
1137 5296 1494 5360 deﬁniverint,
1541 5295 1766 5367 epistola

209 5370 500 5439 synodalis,
556 5383 676 5438 quae
716 5383 846 5439 cum
877 5366 1132 5434 subjectis
1187 5366 1652 5439 eapitulis__missa
1683 5374 1766 5439 est

208 5435 291 5510 all
341 5435 664 5510 Ludovicum
702 5437 1002 5510 Germania:
1061 5435 1269 5510 regem,
1311 5435 1593 5490 manifeste
1632 5437 1765 5510 satis

209 5509 427 5580 indicat.
493 5510 576 5565 Ad
634 5509 769 5580 hanc
821 5509 983 5580 etiam
1033 5507 1297 5580 synodum
1355 5513 1585 5576 spectat,
1622 5507 1763 5575 quod

208 5579 537 5635 Francorum
607 5579 828 5634 annales
896 5579 960 5633 de
1024 5578 1222 5632 femina
1280 5593 1399 5648 qua:
1465 5591 1655 5648 novam
1708 5591 1766 5630 se

207 5652 578 5720 prophetidem
633 5649 895 5719 iactabat,
936 5664 1238 5719 munusque
1297 5647 1510 5718 publice
1570 5647 1768 5720 docen-

206 5718 260 5774 di
305 5729 360 5776 et
398 5718 749 5776 conciunaiidi
793 5721 1107 5790 usurpabat,
1151 5718 1332 5773 notato
1384 5733 1525 5772 anno
1543 5718 1766 5790 tradunt

206 5793 286 5847 sic
315 5806 330 5844 ε
381 5809 400 5843 ι
433 5791 630 5846 Eodem
657 5808 798 5847 anno
817 5785 1138 5846 85Tmulicr
1159 5790 1401 5860 quaedam
1437 5790 1500 5843 de
1519 5788 1771 5860 Aleman-

206 5863 308 5916 nitn
330 5863 572 5932 partibus
604 5863 817 5918 nomine
843 5861 1054 5932 Thiota,
1084 5857 1637 5932 pseudoprophetissa,
1663 5857 1770 5932 Mo-

207 5929 512 6005 guntiacuin
535 5934 702 5998 venit,
726 5949 845 6004 qua:
872 5929 1176 5987 Salomonis
1203 5929 1438 6002 episcopi
1459 5929 1767 6000 parochiam

1869 4718 2030 4794 tionis
2056 4729 2236 4787 saeculi
2277 4728 2443 4800 diem,
2481 4727 2693 4800 aliaque
2743 4723 2995 4800 perplura
3039 4721 3132 4800 Dei
3158 4718 3322 4800 solius
3365 4733 3454 4772 no-

1867 4792 1985 4864 titia
2026 4802 2261 4872 cognita,
2293 4792 2448 4872 quaSi
2496 4792 2760 4872 divinitus
2779 4792 2880 4848 sibi
2911 4792 3168 4872 revelata,
3196 4792 3364 4872 scire
3393 4803 3452 4843 se

1866 4860 2172 4937 fiitebatu};
2214 4860 2269 4926 et
2291 4860 2480 4924 eodem
2501 4883 2642 4921 anno
2668 4867 2912 4937 ultimum
2938 4860 3302 4937 diemumundi
3352 4860 3453 4912 im-

1866 4931 2075 5004 minere
2124 4931 2491 5012 przedicabat._
2525 4938 2674 5012 Unde
2724 4935 2872 4990 multi
2927 4931 3120 5012 plebeii
3170 4931 3451 4998 utriusque

1863 5031 2043 5078 sexus,
2091 5007 2286 5067 timore
2313 5009 2541 5080 perculsi
2578 5008 2646 5062 ad
2695 5007 3179 5080 eammvenientes,
3226 5014 3449 5080 munera

1865 5071 1940 5143 illi
1967 5071 2231 5146 ferebant,
2257 5071 2423 5150 seque
2447 5079 2799 5153 orationibus
2809 5076 2948 5153 illius
2974 5071 3445 5153 commendabant.

1869 5160 1958 5222 Et,
1987 5155 2128 5224 quod
2155 5145 2371 5223 gravius
2391 5158 2495 5215 est,
2539 5150 2679 5204 sacri
2705 5148 2911 5224 ordinis
2939 5145 3038 5200 viri
3062 5145 3337 5224 doctrinas
3361 5155 3450 5194 ec-

1868 5216 2200 5285 clesiasticas
2263 5229 2679 5292 postponentes,
2730 5216 3078 5292 illam__qua_si
3127 5216 3444 5292 magistram

1865 5298 2081 5354 caelitus
2109 5285 2834 5361 destinatamsequebantur.
2866 5285 2990 5342 Haec
3018 5287 3072 5361 in
3092 5285 3443 5361 _pr:esentia3ii

1865 5349 2236 5440 (episcoporum
2266 5361 2406 5440 apud
2432 5349 2689 5440 Sancti-im
2717 5358 2981 5440 Albanum
3008 5349 3448 5440 deducta,

1864 5424 2093 5509 li'gente'r
2112 5436 2177 5489 de
2201 5424 2316 5509 suis
2339 5431 2731 5509 assertionibus
2757 5430 3032 5499 requisita,
3049 5424 3440 5509 presbyterum

1867 5495 2152 5579 quemdam
2204 5504 2304 5558 sibi
2352 5518 2416 5558 ea
2465 5501 2796 5579 suggessisse
2821 5495 2896 5579 A'et
2945 5512 3004 5552 se
3048 5495 3174 5579 talia
3208 5499 3448 5579 quaestus

1867 5559 2049 5634 3511s;
2078 5590 2331 5630 narrasse
2377 5559 2619 5642 professa
2662 5581 2763 5642 est.
2813 5570 3150 5642 QuaprOpter
3194 5559 3438 5642 synodali

1862 5632 2066 5720 judicio
2092 5645 2320 5720 publicis
2361 5632 2501 5720 (ipsa
2535 5641 2770 5720 ﬂagellis
2799 5632 3442 5720 ministeriuiiiprzedica:

1869 5706 2053 5783 'tionis,
2092 5706 2237 5786 quod
2273 5706 2982 5786 irrationabiliterarripuit,
3029 5716 3079 5760 et
3104 5706 3438 5786 sibiheontra

1871 5781 2074 5844 morem
2113 5781 2536 5841 ecclesiasticum
2593 5781 2866 5834 vindicare
2916 5781 3276 5847 praasumpsit,
3315 5786 3437 5847 cum

1870 5841 2131 5915 dedecore
2160 5857 2370 5920 amisit,
2421 5854 2638 5922 suisque
2662 5841 2934 5905 vaticiniis
2957 5841 3167 5903 tandem
3217 5841 3436 5900 confusa

1871 5931 2030 5990 finem
2055 5927 2325 5996 imposuit.
2361 5947 2380 5978 ι
2413 5924 2538 5984 Sev,
2570 5921 2687 5980 Bm.
