3938 6334
138 481 267 541 1565

1552 480 1934 541 EPISTOLE.

3240 486 3375 546 1566

142 621 161 653 ι
194 600 410 656 ﬁliorum
435 595 569 669 ejus.
604 597 767 654 Vobis
793 612 1005 673 quoque
1026 605 1209 654 notum
1237 596 1465 652 facimus
1491 596 1554 652 de
1578 597 1700 652 uni-
1722 600 1774 662 Α
1802 616 1898 670 per
1926 616 1989 657 ea
2020 600 2091 656 sit
2120 600 2199 657 eis
2235 600 2519 657 vivendum
2559 612 2613 657 et
2661 601 3088 674 praedicandum;
3132 616 3383 659 necessa-

138 711 159 743 σ
192 690 351 746 versis
380 689 769 757 sacerdotibus,
802 699 855 744 et
879 688 1102 755 Levitis,
1125 698 1181 745 et
1200 688 1531 753 cantoribus,
1553 689 1704 759 etja-

137 801 155 833 ‹
188 780 458 847 nitoribus,
508 776 822 845 Nathinazis,
870 789 923 835 et
964 780 1226 836 ministris
1256 780 1445 837 domus
1470 780 1564 836 Dei
1599 782 1702 837 ltu-

136 891 156 923 ι
180 870 284 942 jus,
314 880 371 926 ut
394 871 643 945 vectigal,
680 880 733 927 et
761 872 1036 939 tributum,
1081 881 1134 927 et
1170 889 1411 929 annonas
1457 890 1561 929 non
1603 873 1698 928 ha-

136 984 155 1016 r
189 966 351 1019 beatis
378 973 695 1034 potestatem
720 964 1023 1035 imponendi
1054 981 1216 1035 super
1245 982 1356 1019 eos.
1393 962 1471 1021 Tu
1498 976 1700 1034 autem,

134 1075 155 1107 ε
190 1057 369 1125 Esdra,
414 1056 706 1111 secundum
747 1058 1065 1127 sapientiam
1105 1058 1197 1112 Dei
1235 1059 1333 1125 tui,
1372 1074 1492 1130 qua:
1529 1068 1609 1116 est
1647 1059 1701 1115 in

134 1167 154 1199 ε
186 1164 337 1202 manu
379 1155 486 1212 tua,
526 1148 790 1203 constitue
826 1148 1033 1218 judiccs
1063 1158 1117 1203 et
1157 1150 1442 1219 praisides,
1474 1160 1533 1205 ut
1552 1150 1700 1222 judi-

133 1260 151 1292 ι
186 1250 302 1297 cent
334 1242 477 1297 omni
506 1242 705 1315 populo
734 1243 827 1313 qui
860 1252 943 1297 est
978 1252 1127 1299 trans
1156 1243 1372 1307 ﬂumen,
1407 1244 1491 1300 bis
1521 1245 1703 1300 videli-

132 1355 151 1387 ‹
184 1345 263 1391 cet
301 1337 394 1406 qui
444 1344 707 1392 noverunt
750 1337 919 1408 legem
955 1338 1045 1395 Dei
1082 1340 1181 1404 lui,
1213 1340 1305 1394 sed
1341 1351 1391 1397 et
1425 1341 1702 1410 imperitos

130 1447 149 1477 ‹
182 1428 362 1482 docete
390 1427 574 1482 libere.
627 1429 692 1483 Et
720 1430 897 1483 omnis
926 1431 1015 1499 qui
1055 1446 1159 1485 non
1191 1432 1376 1486 fecerit
1408 1432 1575 1502 legem
1606 1432 1703 1487 Dei

130 1537 147 1568 ι
184 1519 252 1573 ιιιί
277 1559 294 1584 ,
333 1528 389 1573 et
420 1518 593 1587 legem
630 1520 773 1590 regis
824 1520 1109 1591 diligenter
1134 1563 1148 1585 ,
1189 1523 1447 1591 judicium
1491 1524 1596 1578 erit
1637 1524 1705 1580 de

128 1627 147 1658 ‹
184 1625 263 1671 ec,
301 1610 414 1663 sive
446 1609 497 1662 in
538 1618 785 1673 mortem,
822 1610 935 1664 sive
962 1611 1015 1665 in
1048 1610 1318 1675 exsilium,
1351 1612 1464 1666 sive
1491 1612 1546 1667 in
1575 1628 1704 1668 con-

130 1722 147 1753 ι
180 1701 571 1759 demnationena
618 1703 933 1759 substantiae
973 1702 1088 1773 ejus
1116 1743 1133 1769 ,
1184 1702 1268 1758 vel
1304 1712 1451 1761 certe
1484 1703 1539 1759 in
1578 1720 1700 1761 car-

129 1812 148 1845 ι
180 1809 352 1851 cerem
386 1793 439 1865 (I
482 1780 798 1862 Εεάνξνιι).
828 1814 849 1851 δ

196 1885 267 1939 De
305 1884 630 1943 Christianis
659 1901 790 1941 vero
818 1886 1035 1955 regibus
1062 1893 1118 1941 et
1146 1885 1561 1956 imperatoribus
1592 1903 1698 1945 non

122 1991 344 2035 necesse
382 1985 468 2033 est
508 1977 689 2046 aliqua
720 1978 964 2048 exeinpra
996 1993 1219 2047 ponere,
1248 1994 1370 2037 cum
1392 1995 1586 2039 omnes
1609 1981 1701 2052 qui

126 2076 284 2122 recte
321 2068 445 2123 lidei
482 2078 538 2127 et
573 2069 690 2125 sani
723 2069 987 2141 dogmatis
1026 2069 1248 2135 fuerint,
1294 2086 1325 2127 a
1351 2070 1703 2131 Constantino

126 2161 482 2231 imperatore,
520 2162 618 2232 qui
654 2163 862 2231 prunus
908 2164 1293 2233 imperatorum
1337 2164 1702 2223 Christianam

124 2252 436 2322 religionem
480 2251 769 2309 defendere
816 2261 980 2324 atque
1024 2252 1285 2311 honorem
1330 2256 1700 2312 Eeclesiarum

124 2343 219 2397 Dei
247 2342 576 2413 ampliﬁcare
604 2344 788 2413 erepit,
818 2358 987 2413 usque
1022 2347 1088 2399 ad
1128 2362 1253 2411 vos,
1284 2362 1502 2418 semper
1525 2348 1581 2403 in
1600 2348 1702 2405 hoc

124 2434 299 2489 studio
326 2435 553 2489 solerter
594 2435 958 2491 laboraverint
994 2444 1053 2491 ut
1092 2436 1333 2497 Eadesia
1374 2438 1470 2494 Dei
1514 2456 1701 2510 pacem

122 2536 175 2583 ct
212 2527 650 2597 tranquillitatem
690 2527 932 2595 haberet,
972 2538 1241 2599 quatenus
1277 2530 1454 2589 multus
1488 2532 1585 2589 Dei
1616 2534 1701 2589 in—

124 2618 517 2676 contemnimus
548 2617 708 2684 foret,
746 2626 803 2672 et
836 2600 977 2675 servi
1008 2620 1125 2690 ejus
1166 2621 1282 2676 sine
1322 2620 1703 2692 impedimento

124 2705 232 2759 Deo
254 2704 641 2761 delectabiliter
664 2707 1016 2763 deservirem.
1054 2707 1240 2775 Qualis
1265 2712 1702 2769 autem-vindicta

123 2801 227 2856 illis
258 2801 348 2870 qui
378 2809 567 2857 contra
590 2801 844 2857 mandata
874 2801 970 2859 Dei
994 2813 1047 2857 et
1073 2812 1257 2859 contra
1280 2802 1582 2871 iussionem
1610 2820 1703 2860 ve-

123 2902 288 2949 stram
326 2893 579 2949 Ecclesiar
613 2891 813 2949 Christi
848 2910 945 2965 per
976 2895 1258 2951 avaritiam
1290 2895 1589 2953 molestiam
1620 2900 1705 2954 inv

124 2981 325 3049 ferunt,
348 2983 654 3049 conveniat,
685 2983 741 3041 in
767 2984 1117 3054 sequentibus
1144 3002 1240 3057 per
1266 2995 1571 3043 sanctorum
1602 2988 1698 3044 Ριιτ

125 3083 266 3129 trum
295 3090 555 3137 canones,
590 3083 645 3131 et
682 3089 778 3145 per
803 3076 1101 3132 doctrinam
1132 3079 1431 3134 divinarum
1461 3079 1703 3153 Scriptu-

124 3183 305 3221 rarum
360 3183 600 3239 congruo
652 3166 772 3222 loco
821 3168 1324 3226 demonstravimus.
1390 3170 1505 3225 Non
1559 3172 1701 3226 enim

122 3257 512 3324 formidamus,
561 3258 715 3329 juxta
766 3260 1068 3331 exemplum
1120 3260 1330 3316 Domini
1379 3261 1693 3332 Salvatoris,

117 3349 528 3419 corruptoribus
576 3348 756 3420 templi
803 3350 897 3406 Dei
941 3360 997 3406 et
1043 3352 1563 3410 contaminatoribus
1606 3371 1695 3411 sa-

115 3455 336 3495 crorum
363 3440 599 3495 locorum
614 3438 877 3511 judicium
906 3458 1203 3514 congruum
1231 3443 1429 3503 inferre
1452 3464 1466 3501 :
1490 3446 1618 3517 quia
1653 3448 1699 3504 si

116 3533 201 3588 illi
231 3549 263 3588 a
290 3531 508 3589 Christo
530 3534 757 3591 Domino
776 3535 933 3606 ejecti
974 3546 1098 3593 sunt
1128 3536 1272 3593 foras
1298 3539 1367 3593 de
1396 3540 1555 3599 dum
1598 3540 1697 3596 Dei

109 3625 211 3694 qui
249 3637 348 3694 per
370 3624 722 3692 cupiditatem
752 3633 1016 3681 terrenam
1048 3627 1317 3683 violabant
1346 3640 1590 3689 sanetum
1625 3630 1702 3685 lo-

109 3731 267 3781 cum,
316 3730 420 3770 non
459 3723 541 3771 est
579 3716 821 3786 iniquum
856 3717 1211 3774 insolentibus
1248 3728 1303 3773 et
1339 3735 1398 3776 se
1430 3721 1704 3791 corrigere

108 3808 429 3865 nolentibus
461 3809 779 3865 canonicum
818 3809 1018 3864 inferre
1049 3810 1329 3880 judicium,
1371 3820 1431 3867 ut
1468 3814 1706 3870 sentiant

108 3897 361 3974 correpti
396 3904 539 3974 quod
572 3912 701 3961 ante
734 3904 1022 3961 noluerunt
1058 3906 1260 3962 sentire
1297 3907 1489 3963 leniter
1518 3907 1705 3965 admo—

106 3996 242 4050 niti.
294 3997 434 4052 Deus
476 3999 813 4067 omnipotens
866 4013 961 4055 vos
1008 3999 1061 4055 in
1110 4015 1209 4055 sua
1240 4000 1448 4070 justitia
1482 4000 1702 4061 contor-

108 4094 220 4151 tet,
265 4095 319 4142 et
354 4087 571 4142 illzesum
609 4089 676 4143 ab
710 4089 853 4145 omni
893 4089 1047 4145 hoste
1084 4101 1348 4165 protegat.

734 4246 1092 4299 ρΑιητυιΑ.

475 4357 619 4413 Car.‘
657 4358 881 4415 l.-De
929 4361 1034 4431 ﬁde
1070 4362 1344 4418 catholica.

187 4469 411 4525 Initium
451 4471 678 4527 actionis
718 4481 914 4527 nostrae
948 4474 1013 4530 de
1050 4474 1152 4529 [ide
1194 4491 1313 4530 esse
1349 4474 1700 4543 decrevimus,

97 4579 243 4635 qum
276 4565 535 4618 bonorum
568 4572 650 4618 est
685 4566 921 4619 omnium
960 4564 1361 4622 fundamentum
1390 4576 1482 4624 :et
1514 4583 1704 4638 quam-

96 4655 199 4710 vis
238 4672 259 4705 ι
289 4654 405 4710 sine
434 4654 556 4720 fide,
586 4674 605 4708 ι
637 4663 694 4709 ιιι
723 4656 853 4709 dicit
876 4656 1162 4726 Apostolus
1195 4656 1380 4731 (Hebr.
1420 4661 1519 4732 χι),
1559 4678 1577 4711 ι
1606 4659 1706 4714 im-
1740 4672 1785 4734 υ

104 4768 126 4799 ι
158 4748 431 4819 possibile
462 4750 530 4801 sit
556 4748 769 4819 placere
795 4748 923 4815 Deo,
950 4770 969 4803 ι
1006 4749 1136 4827 ﬁdes
1153 4759 1331 4807 tamen
1351 4753 1550 4823 indiget
1577 4768 1706 4823 ope-

96 4856 198 4905 re,
240 4859 259 4890 ι
290 4841 412 4911 quia
446 4840 579 4895 ﬁdes
609 4841 723 4895 sine
753 4842 1004 4910 operibus
1034 4852 1245 4896 mortua
1272 4851 1355 4897 est
1389 4841 1526 4913 (Jac.
1564 4842 1644 4910 ιι).
1679 4862 1699 4896 ι

94 4936 251 4990 Ideo
286 4935 474 4989 beatus
511 4933 799 5006 Gregorius
834 4952 846 4987 :
877 4934 1000 5001 Ille,
1026 4934 1220 5005 inquit,
1248 4950 1371 4989 vere
1401 4936 1569 4991 credit
1613 4935 1703 5006 qui

92 5036 344 5083 exercet
383 5029 654 5098 operando
693 5027 836 5096 quod
871 5026 1061 5081 credit.
1119 5025 1455 5096 Quapropter
1493 5027 1557 5081 de
1600 5026 1703 5082 lidc

95 5129 311 5176 nostra
357 5134 546 5175 omnes
587 5120 807 5174 omnino
846 5118 1182 5175 Christianos
1215 5118 1531 5172 alterutrum
1562 5118 1703 5172 inter

94 5228 173 5267 sc
200 5210 415 5280 jugiter
449 5211 736 5265 admonere
765 5218 818 5265 et
844 5210 1040 5264 docere
1068 5216 1281 5279 oportet
1312 5222 1325 5262 :
1358 5209 1587 5262 maxime
1624 5217 1703 5262 ta-

96 5320 252 5360 tncn
282 5301 490 5357 Domini
514 5302 818 5355 sacerdotes
850 5300 905 5354 in
930 5316 994 5354 eo
1024 5300 1318 5354 certamine
1340 5297 1586 5353 laborare
1613 5297 1705 5352 de-

98 5404 233 5461 cet,
269 5404 323 5449 ut
357 5393 582 5448 ﬁrmiter
611 5392 678 5447 ab
708 5392 957 5447 omnibus
990 5400 1254 5447 teneatur.

383 5528 511 5583 CAP.
543 5527 607 5583 ιι.
629 5557 697 5567 —
720 5526 796 5581 De
828 5527 1066 5596 dogmate
1095 5524 1461 5580 ecclesiastico.

194 5641 343 5701 Cum
382 5643 545 5716 igitur
568 5643 747 5701 omnia
780 5642 1003 5697 concilia
1033 5638 1295 5696 canonum
1321 5642 1410 5712 qui
1436 5640 1709 5711 recipiun-

108 5745 222 5794 tur
257 5736 369 5791 sint
403 5752 433 5789 a
469 5736 834 5791 sacerdotibus
878 5733 1102 5805 legenda
1147 5743 1201 5788 et
1248 5733 1609 5805 intelligenda,
1658 5741 1713 5788 et

206 5864 237 5893 ⁸
280 5850 440 5907 Deest
460 5850 648 5904 habeat
673 5860 766 5905 aut
784 5850 983 5921 aliquid
1010 5848 1294 5914 eiusmodi.

1806 692 1946 745 rium
1973 690 2242 757 duximus,
2275 701 2330 747 ut
2360 709 2419 746 ea
2452 707 2571 763 qua:
2600 692 2665 746 ad
2696 692 2854 749 [idem
2887 695 3179 764 pertinent,
3210 702 3264 750 et
3288 694 3381 752 ubi

1805 784 1871 838 de
1903 784 2262 855 exstirpandis
2290 784 2437 839 vitiis
2460 793 2515 839 et
2540 784 2844 854 plantandis
2872 785 3163 841 virtutibus
3191 787 3384 841 scribi-

1806 883 1914 940 tur,
1938 875 2049 929 hoc
2082 876 2151 930 ab
2174 876 2259 930 eis
2287 877 2480 930 crebro
2512 875 2742 943 legatur,
2768 884 2828 931 et
2850 876 2989 933 bene
3030 877 3377 948 intelligatur,

1804 976 1864 1021 ut
1890 968 1947 1022 ia
1972 968 2167 1038 populo
2192 968 2533 1038 praedicetur.
2578 966 2644 1022 Et
2661 967 2885 1037 quilibet
2910 967 3194 1037 episcopus
3222 980 3250 1009 ι
3276 968 3376 1023 ho-

1806 1059 1983 1113 miiias
2008 1060 2347 1115 continentes
2378 1059 2708 1114 necessarias
2741 1058 3155 1124 admonitiones,
3183 1059 3380 1129 quibus

1804 1152 2028 1222 διῆρειὶ
2058 1152 2377 1207 erudiuntur
2401 1169 2416 1204 :
2444 1152 2497 1206 id
2530 1158 2618 1206 est
2651 1152 2717 1207 ὼ
2757 1150 2861 1207 ﬁde
2901 1150 3184 1215 catholica,
3216 1160 3380 1222 prout

1804 1258 1999 1313 capere
2036 1245 2279 1313 possint:
2308 1244 2374 1298 de
2408 1252 2667 1313 perpetua
2705 1241 3059 1299 retributione
3092 1242 3377 1305 bonorum,

1803 1343 1858 1387 ct
1900 1343 2103 1388 aeterna
2154 1334 2499 1389 damnatione
2542 1332 2841 1397 malorum,
2885 1331 2953 1387 de
2988 1333 3381 1389 resurrectione

1803 1437 2017 1495 qunth
2048 1424 2250 1488 futura,
2277 1436 2333 1479 et
2356 1424 2545 1479 ultimo
2572 1423 2795 1489 judicio,
2825 1430 2882 1477 et
2904 1421 3099 1493 quibus
3126 1423 3382 1493 operibus

1803 1516 1974 1587 possit
2012 1515 2311 1587 promereri
2354 1516 2512 1573 beata
2556 1515 2690 1580 vita.
2734 1515 2999 1585 quibusve
3044 1514 3272 1571 excludi.
3312 1514 3380 1569 Et

1790 1615 1862 1663 .ut
1902 1608 2122 1661 easdem
2172 1606 2422 1662 bomilias
2454 1606 2685 1676 quisque
2727 1615 2909 1676 aperte
2941 1605 3236 1663 transferre
3268 1613 3382 1661 stu-

1804 1698 1928 1752 thnt
1946 1697 2000 1753 in
2025 1697 2280 1753 rusticam
2304 1696 2601 1753 Romanam
2625 1697 2885 1769 linguam,
2904 1706 2997 1751 aut
3018 1695 3377 1769 Tlieotisgam,

1798 1804 1910 1858 quo
1954 1789 2166 1847 facilius
2205 1791 2386 1847 cuncti
2434 1790 2645 1858 possint
2688 1764 2984 1856 intelligere
3024 1805 3147 1860 quae
3194 1764 3382 1845 «πριιιι-

1806 1890 1913 1937 ιιιι.
2234 1890 2248 1901 ’

2019 1991 2149 2049 CAP.
2186 1990 2272 2048 HI.
2295 2023 2364 2034 —
2380 1992 2454 2048 De
2476 2000 2802 2051 sacramento
2821 1991 3166 2064 baptismatis.

1873 2104 2223 2165 Sacramenta
2260 2109 2442 2177 itaque
2479 2107 2823 2180 baptismatis
2860 2107 3108 2163 volumus
3153 2115 3214 2163 ut
3256 2121 3384 2162 con-

1802 2200 2037 2256 corditer
2076 2209 2237 2271 atque
2278 2198 2619 2279 uniformiter
2657 2199 2708 2254 in
2739 2197 2961 2269 singulis
2993 2197 3264 2269 parochiis
3299 2212 3385 2253 se-

1801 2294 2034 2351 cundum
2083 2289 2381 2344 Romanum
2426 2291 2668 2344 ordinem
2714 2289 2855 2343 inter
2902 2304 3003 2343 nos
3043 2287 3384 2343 celebrentur

1795 2382 1998 2457 jugiter
2039 2393 2201 2453 atque
2241 2388 2669 2437 conserventur:
2705 2380 2758 2435 id
2801 2388 2904 2445 est,
2952 2380 3270 2434 scrutinium
3311 2377 3380 2433 ad

1801 2474 2045 2530 ordinem
2084 2470 2443 2542 baptismatis,
2478 2470 2617 2525 sicut
2654 2470 2706 2524 ln
2752 2470 2985 2525 decretis
3013 2468 3209 2524 Leonis
3227 2483 3380 2539 papa:

1801 2564 1902 2620 sub
1926 2563 2134 2617 duobus
2162 2561 2475 2617 continetur
2494 2559 2762 2629 capitulis.
2804 2560 2861 2613 In
2886 2558 3122 2629 capitulo
3154 2558 3377 2628 quinto:

1801 2652 1927 2708 Hae
1965 2653 2072 2706 duo
2104 2659 2371 2721 tempora,
2402 2650 2455 2704 id
2481 2660 2561 2704 est
2588 2648 2795 2704 Pascha
2820 2658 2881 2704 et
2908 2648 3284 2715 Pentecostes,
3314 2648 3383 2703 ad

1800 2744 2180 2815 baptizandum
2212 2759 2243 2798 a
2272 2743 2519 2798 Romano
2544 2742 2799 2812 pontiﬁce
2824 2742 3059 2812 legitima
3090 2738 3217 2797 sunt
3239 2757 3380 2812 prae-

1804 2838 1947 2899 ﬁxae
1973 2836 2105 2891 Item
2130 2837 2183 2890 in
2206 2834 2442 2905 capitulo
2470 2843 2624 2891 sexto
2647 2851 2660 2888 :
2685 2833 2798 2891 Non
2830 2835 3113 2895 interdicta
3142 2833 3377 2899 licentia,

1802 2929 1926 3000 quia
1956 2929 2009 2985 in
2039 2926 2305 2996 baptismo
2333 2925 2617 2980 tribuendo
2643 2924 2883 2994 quolibet
2908 2935 3147 2996 tempore
3170 2924 3384 2993 pericli-

1804 3020 2043 3075 tantibus
2082 3016 2420 3074 subvenitur.
2470 3015 2535 3071 Et
2559 3014 2786 3070 Siricius
2814 3016 2842 3055 δ
2872 3032 2885 3069 :
2913 3014 2972 3070 lu
3008 3014 3250 3084 qualibet
3286 3027 3382 3068 ne-

1805 3113 2057 3169 cessitate
2110 3108 2275 3164 l'uerit
2317 3122 2452 3177 opus
2492 3108 2633 3163 sacri
2674 3107 2810 3163 unda
2850 3106 3209 3176 baptismatis,
3236 3104 3381 3159 omni

1803 3201 2047 3258 volumus
2078 3199 2358 3256 celeritate
2388 3199 2652 3253 succurri.
2703 3197 2910 3253 Debent
2948 3198 3113 3270 igitur
3146 3195 3385 3267 episcopi

1803 3309 1927 3349 cum
1968 3306 2161 3362 magna
2197 3290 2472 3362 diligentia
2513 3290 2844 3361 presbyteris
2880 3289 2996 3347 suis
3032 3288 3242 3345 tradere
3282 3290 3380 3343 ba-

1800 3382 1981 3456 ptismi
2020 3390 2437 3445 sacramentum,
2474 3388 2529 3435 et
2562 3378 2692 3450 quid
2734 3379 2789 3434 in
2834 3380 3024 3437 eodem
3075 3379 3387 3434 renuntian-

1802 3478 1950 3540 dum,
1982 3474 2176 3544 quidve
2204 3471 2532 3529 credendum
2560 3470 2649 3527 sit.
2694 3470 3050 3526 Renuntiatur
3081 3470 3225 3524 enim
3264 3468 3383 3523 dia-

1800 3567 1925 3623 bolo
1944 3574 1999 3621 et
2022 3565 2275 3636 operibus
2300 3563 2436 3635 ejus.
2473 3561 2649 3633 Opera
2678 3576 2808 3617 vero
2832 3562 3049 3627 diaboli,
3077 3577 3240 3633 opera
3265 3574 3383 3615 car-

1801 3658 1888 3712 nis
1916 3671 2042 3712 esse
2081 3655 2487 3725 intelliguntur:
2518 3666 2639 3723 qua:
2675 3662 2802 3707 sunt
2829 3669 2843 3705 :
2870 3652 3182 3717 homicidia,
3212 3651 3385 3705 forni-

1804 3750 2068 3813 cationes,
2097 3746 2380 3809 adulteria,
2409 3744 2718 3808 ebrietates,
2744 3754 2800 3800 et
2818 3744 2983 3799 multa
3005 3744 3109 3798 alia
3132 3744 3215 3799 bis
3235 3743 3386 3799 siuti-

1804 3841 1897 3905 lia,
1925 3855 2044 3911 quae
2074 3838 2339 3893 diabolico
2360 3837 2616 3892 instinctu
2648 3837 2798 3908 prius
2831 3836 3155 3908 cogitatione
3189 3835 3388 3895 mentis

1804 3931 2180 4002 concipiuntur
2202 3944 2364 4000 quam
2394 3943 2556 3998 opere
2582 3936 2978 3999 perpetrentur.
3024 3927 3237 3999 Pompa:
3260 3943 3389 3985 vero

1804 4023 2039 4093 ejusdem
2065 4030 2190 4079 sunt
2208 4041 2221 4077 :
2236 4022 2508 4092 superbia,
2524 4020 2807 4091 jactantia,
2830 4021 3012 4087 elatio,
3036 4037 3174 4077 vana
3196 4022 3384 4093 gloria,

1809 4114 2011 4181 fastus,
2060 4120 2116 4168 et
2157 4112 2262 4169 alia
2306 4110 2699 4186 quamplurima
2733 4127 2854 4183 qua:
2896 4127 2964 4169 ex
3004 4114 3091 4173 his
3133 4114 3265 4171 oriri
3309 4114 3391 4169 vi-

1809 4206 2023 4263 dentur.

2092 4315 2222 4371 αλιι.
2260 4314 2349 4372 IV.
2371 4314 2539 4370 -—De
2570 4331 2695 4386 pace
2726 4325 2776 4369 et
2801 4314 3103 4371 concordia.
3176 4338 3209 4371 ο

1878 4435 2021 4492 Sane
2050 4450 2187 4507 opus
2210 4445 2291 4491 est
2318 4443 2376 4491 ut
2398 4449 2501 4506 pax
2530 4443 2586 4490 et
2612 4433 2896 4490 concordia
2921 4433 2993 4488 sit
3013 4441 3174 4503 atque
3196 4430 3389 4486 unani-

1807 4530 1967 4585 mitas
2010 4529 2063 4583 in
2112 4528 2306 4600 populo
2353 4527 2678 4590 Christiano,
2729 4526 2855 4597 quia
2900 4542 3064 4580 unum
3094 4526 3260 4581 Deum
3288 4523 3389 4577 Pa-

1810 4633 1945 4677 trem
1976 4622 2238 4678 habemus
2264 4622 2315 4676 in
2344 4620 2516 4686 cmlis,
2537 4629 2594 4676 et
2617 4635 2779 4674 unam
2811 4626 3036 4673 matrem
3074 4616 3387 4681 Ecclesiam,

1812 4730 1971 4769 unam
2002 4713 2180 4775 (idem,
2212 4726 2378 4766 unum
2414 4711 2682 4781 baptisma
2714 4728 2728 4765 :
2756 4710 2878 4764 ideo
2916 4710 2968 4762 in
3016 4721 3122 4762 una
3166 4720 3298 4776 pace
3337 4713 3392 4761 et

1808 4808 2163 4862 unanimitate
2186 4804 2523 4861 concorditer
2548 4804 2726 4858 vivere
2751 4802 3030 4863 debemus,
3061 4800 3105 4854 si
3134 4798 3198 4853 ad
3230 4813 3388 4852 unam

1809 4906 1861 4952 ct
1889 4912 2073 4951 veram
2098 4894 2467 4951 hmreditatem
2496 4893 2642 4963 regni
2673 4891 2913 4948 cmlestis
2939 4890 3183 4959 rupimus
3204 4902 3392 4959 perve-

1810 4991 1930 5045 nire
1964 5009 1976 5043 2
2015 5010 2032 5041 ‹
2065 4989 2198 5056 Quia
2237 5004 2342 5042 non
2382 4997 2467 5042 est
2503 4985 2854 5041 dissensionis
2890 4983 3034 5037 Deus
3057 5021 3072 5046 ,
3112 4981 3205 5036 scd
3243 4978 3392 5049 pacis

1817 5102 1834 5133 ι
1864 5081 1947 5153 (ll
1976 5080 2096 5135 Cor.
2128 5081 2265 5152 XIV),
2294 5100 2311 5132 ι
2344 5088 2401 5135 ut
2438 5080 2550 5148 ipse
2587 5079 2681 5133 ait.
2724 5077 2893 5148 igitur
2935 5075 2979 5131 si
3026 5074 3166 5129 inter
3198 5088 3389 5128 omnes

1810 5173 1993 5227 ﬁdeles
2022 5188 2124 5243 pax
2165 5179 2220 5226 et
2266 5169 2549 5225 concordia
2589 5168 2830 5223 habenda
2870 5174 2969 5227 est,
3016 5165 3226 5219 dicente
3256 5164 3392 5231 Apo-

1810 5264 1987 5318 stolo:
2027 5282 2045 5313 ι
2070 5261 2263 5317 Pacem
2309 5261 2593 5330 sequimini
2628 5274 2751 5313 cum
2792 5258 3063 5320 omnibus,
3104 5264 3157 5311 et
3192 5261 3392 5308 sancti-

1821 5375 1838 5407 ι
1877 5343 2109 5408 monium
2143 5393 2158 5417 ,
2206 5353 2324 5408 sine
2370 5368 2475 5423 qua
2528 5366 2686 5405 nemo
2735 5350 2935 5404 videbit
2984 5349 3150 5403 Deum
3200 5343 3385 5416 (Hebr.

1815 5446 1915 5515 xu)
1948 5464 1960 5498 :
2001 5465 2020 5497 ι
2054 5446 2223 5499 multo
2251 5445 2420 5515 magis
2452 5444 2591 5498 inter
2617 5443 2897 5513 episcopos
2928 5448 2984 5493 et
3018 5436 3241 5493 comites
3272 5448 3391 5488 esse

1818 5537 2009 5601 debet,
2044 5537 2134 5607 qui
2173 5545 2295 5605 post
2326 5535 2623 5606 imperiolis
2656 5534 2823 5604 apicis
2862 5531 3174 5602 dignitatem
3218 5542 3389 5595 popu-

1816 5631 1926 5685 lum
1972 5630 2063 5685 Dei
2108 5639 2317 5701 regunt.
2365 5628 2442 5683 lta
2483 5629 2626 5682 enim
2660 5628 2802 5683 inter
2840 5640 2898 5679 se
2933 5620 3259 5677 concordare
3299 5622 3391 5673 de-

1818 5725 1963 5787 bent,
1996 5730 2053 5776 ut
2089 5721 2403 5777 alterutrum
2442 5721 2540 5776 sibi
2584 5720 2647 5774 ad
2688 5719 2779 5797 Dei
2819 5713 3096 5771 servitium
3133 5726 3390 5781 peragen-

1889 5838 1916 5877 ιι
1954 5838 2125 5908 Epist.
2182 5838 2251 5905 l,
2297 5838 2365 5894 ad
2402 5837 2698 5894 Himerium
2723 5874 2738 5900 ,
2780 5834 3239 5889 Tarraconensem
3278 5828 3394 5903 epi-

1817 5922 2059 5979 scopum.
