  <div class='ocr_page' id='page_1' title='image "/cluster/home/n/w/nwhite01/storage/ocr_20150623/112/hvd.32044015685407/789.png"; bbox 0 0 3938 6334; ppageno 0'>
   <div class='ocr_carea' id='block_1_1' title="bbox 640 424 776 481">
    <p class='ocr_par' dir='ltr' id='par_1_1' title="bbox 640 424 776 481">
     <span class='ocr_line' id='line_1_1' title="bbox 640 424 776 481; baseline -0.022 -1"><span class='ocrx_word' id='word_1_1' title='bbox 640 424 776 481; x_wconf 77' lang='lat' dir='ltr'><strong>i567</strong></span> 
     </span>
    </p>
   </div>
   <div class='ocr_carea' id='block_1_2' title="bbox 1271 363 2215 475">
    <p class='ocr_par' dir='ltr' id='par_1_2' title="bbox 1271 403 2215 465">
     <span class='ocr_line' id='line_1_2' title="bbox 1271 403 2215 465; baseline -0.007 0"><span class='ocrx_word' id='word_1_2' title='bbox 1271 410 1330 465; x_wconf 73' lang='grc' dir='ltr'><strong>Β.</strong></span> <span class='ocrx_word' id='word_1_3' title='bbox 1371 406 1622 464; x_wconf 81' lang='lat' dir='ltr'><strong>RABANI</strong></span> <span class='ocrx_word' id='word_1_4' title='bbox 1660 404 1881 462; x_wconf 79' lang='lat' dir='ltr'><strong>MAURI</strong></span> <span class='ocrx_word' id='word_1_5' title='bbox 1921 403 2215 460; x_wconf 79' lang='lat' dir='ltr'><strong>ARCHIEP</strong></span> 
     </span>
    </p>
   </div>
   <div class='ocr_carea' id='block_1_3' title="bbox 2236 363 3740 475">
    <p class='ocr_par' dir='ltr' id='par_1_3' title="bbox 2236 363 3740 475">
     <span class='ocr_line' id='line_1_3' title="bbox 2236 363 3740 475; baseline 0.011 -18"><span class='ocrx_word' id='word_1_6' title='bbox 2236 445 2240 457; x_wconf 79' lang='lat'><strong>.</strong></span> <span class='ocrx_word' id='word_1_7' title='bbox 2283 363 2588 460; x_wconf 72' lang='lat' dir='ltr'><strong>uocum.</strong></span> <span class='ocrx_word' id='word_1_8' title='bbox 2630 398 2916 459; x_wconf 79' lang='lat' dir='ltr'><strong>OPERUM</strong></span> <span class='ocrx_word' id='word_1_9' title='bbox 2955 402 3133 458; x_wconf 58' lang='lat' dir='ltr'><strong>rans</strong></span> <span class='ocrx_word' id='word_1_10' title='bbox 3169 403 3253 460; x_wconf 85' lang='grc' dir='ltr'><strong>ιιι.</strong></span> <span class='ocrx_word' id='word_1_11' title='bbox 3662 419 3740 475; x_wconf 76' lang='lat' dir='ltr'><strong>un</strong></span> 
     </span>
    </p>
   </div>
   <div class='ocr_carea' id='block_1_4' title="bbox 637 519 3741 598">
    <p class='ocr_par' dir='ltr' id='par_1_4' title="bbox 637 519 3741 598">
     <span class='ocr_line' id='line_1_4' title="bbox 637 519 3741 598; baseline -0.003 -10"><span class='ocrx_word' id='word_1_12' title='bbox 637 536 783 598; x_wconf 87' lang='lat' dir='ltr'><strong>dum,</strong></span> <span class='ocrx_word' id='word_1_13' title='bbox 830 540 885 586; x_wconf 92' lang='lat' dir='ltr'><strong>et</strong></span> <span class='ocrx_word' id='word_1_14' title='bbox 925 528 1283 585; x_wconf 72' lang='lat' dir='ltr'><strong>ministerium</strong></span> <span class='ocrx_word' id='word_1_15' title='bbox 1326 541 1485 582; x_wconf 91' lang='lat' dir='ltr'><strong>suum</strong></span> <span class='ocrx_word' id='word_1_16' title='bbox 1531 532 1678 580; x_wconf 87' lang='lat' dir='ltr'><strong>recte</strong></span> <span class='ocrx_word' id='word_1_17' title='bbox 1719 521 2062 598; x_wconf 83' lang='lat' dir='ltr'><strong>explendum,</strong></span> <span class='ocrx_word' id='word_1_18' title='bbox 2113 535 2222 576; x_wconf 91' lang='lat' dir='ltr'><strong>non</strong></span> <span class='ocrx_word' id='word_1_19' title='bbox 2249 525 2297 584; x_wconf 74' lang='grc' dir='ltr'><strong>Α</strong></span> <span class='ocrx_word' id='word_1_20' title='bbox 2325 519 2619 574; x_wconf 89' lang='lat' dir='ltr'><strong>secundum</strong></span> <span class='ocrx_word' id='word_1_21' title='bbox 2660 532 2928 574; x_wconf 88' lang='lat' dir='ltr'><strong>canonum</strong></span> <span class='ocrx_word' id='word_1_22' title='bbox 2958 519 3346 584; x_wconf 82' lang='lat' dir='ltr'><strong>auctoritatem,</strong></span> <span class='ocrx_word' id='word_1_23' title='bbox 3387 521 3622 581; x_wconf 89' lang='lat' dir='ltr'><strong>volumus:</strong></span> <span class='ocrx_word' id='word_1_24' title='bbox 3660 543 3741 589; x_wconf 68' lang='lat' dir='ltr'><strong>um</strong></span> 
     </span>
    </p>
   </div>
   <div class='ocr_carea' id='block_1_5' title="bbox 635 613 2109 689">
    <p class='ocr_par' dir='ltr' id='par_1_5' title="bbox 635 613 2109 689">
     <span class='ocr_line' id='line_1_5' title="bbox 635 613 2109 689; baseline -0.009 -9"><span class='ocrx_word' id='word_1_25' title='bbox 635 625 812 682; x_wconf 80' lang='lat' dir='ltr'><strong>solum</strong></span> <span class='ocrx_word' id='word_1_26' title='bbox 839 637 947 678; x_wconf 84' lang='lat' dir='ltr'><strong>non</strong></span> <span class='ocrx_word' id='word_1_27' title='bbox 977 628 1230 685; x_wconf 78' lang='lat' dir='ltr'><strong>noceant,</strong></span> <span class='ocrx_word' id='word_1_28' title='bbox 1263 619 1391 688; x_wconf 88' lang='lat' dir='ltr'><strong>quin</strong></span> <span class='ocrx_word' id='word_1_29' title='bbox 1421 617 1598 689; x_wconf 88' lang='lat' dir='ltr'><strong>potius</strong></span> <span class='ocrx_word' id='word_1_30' title='bbox 1626 613 1950 670; x_wconf 90' lang='lat' dir='ltr'><strong>adminiculo</strong></span> <span class='ocrx_word' id='word_1_31' title='bbox 1980 615 2109 668; x_wconf 91' lang='lat' dir='ltr'><strong>sint.</strong></span> 
     </span>
    </p>
   </div>
   <div class='ocr_carea' id='block_1_6' title="bbox 990 727 1862 798">
    <p class='ocr_par' dir='ltr' id='par_1_6' title="bbox 990 727 1862 798">
     <span class='ocr_line' id='line_1_6' title="bbox 990 727 1862 798; baseline -0.013 -9"><span class='ocrx_word' id='word_1_32' title='bbox 990 731 1118 789; x_wconf 71' lang='lat' dir='ltr'><strong>Cn.</strong></span> <span class='ocrx_word' id='word_1_33' title='bbox 1161 729 1227 786; x_wconf 84' lang='lat' dir='ltr'><strong>V.</strong></span> <span class='ocrx_word' id='word_1_34' title='bbox 1257 728 1420 783; x_wconf 87' lang='lat' dir='ltr'><strong>-—De</strong></span> <span class='ocrx_word' id='word_1_35' title='bbox 1461 727 1862 798; x_wconf 78' lang='lat' dir='ltr'><strong>conspiratione.</strong></span> 
     </span>
    </p>
   </div>
   <div class='ocr_carea' id='block_1_7' title="bbox 713 839 2221 918">
    <p class='ocr_par' dir='ltr' id='par_1_7' title="bbox 713 839 2221 918">
     <span class='ocr_line' id='line_1_7' title="bbox 713 839 2221 918; baseline -0.007 -13"><span class='ocrx_word' id='word_1_36' title='bbox 713 848 768 905; x_wconf 91' lang='lat' dir='ltr'><strong>Si</strong></span> <span class='ocrx_word' id='word_1_37' title='bbox 795 863 924 905; x_wconf 88' lang='lat' dir='ltr'><strong>vero</strong></span> <span class='ocrx_word' id='word_1_38' title='bbox 951 862 1054 918; x_wconf 84' lang='lat' dir='ltr'><strong>pax</strong></span> <span class='ocrx_word' id='word_1_39' title='bbox 1088 854 1143 900; x_wconf 92' lang='lat' dir='ltr'><strong>et</strong></span> <span class='ocrx_word' id='word_1_40' title='bbox 1172 843 1458 900; x_wconf 88' lang='lat' dir='ltr'><strong>concordia</strong></span> <span class='ocrx_word' id='word_1_41' title='bbox 1487 856 1756 897; x_wconf 86' lang='lat' dir='ltr'><strong>summum</strong></span> <span class='ocrx_word' id='word_1_42' title='bbox 1795 841 1936 894; x_wconf 92' lang='lat' dir='ltr'><strong>inter</strong></span> <span class='ocrx_word' id='word_1_43' title='bbox 1973 839 2221 894; x_wconf 83' lang='lat' dir='ltr'><strong>homines</strong></span> 
     </span>
    </p>
   </div>
   <div class='ocr_carea' id='block_1_8' title="bbox 639 931 2221 1001">
    <p class='ocr_par' dir='ltr' id='par_1_8' title="bbox 639 931 2221 1001">
     <span class='ocr_line' id='line_1_8' title="bbox 639 931 2221 1001; baseline -0.008 -3"><span class='ocrx_word' id='word_1_44' title='bbox 639 950 694 998; x_wconf 91' lang='lat' dir='ltr'><strong>et</strong></span> <span class='ocrx_word' id='word_1_45' title='bbox 728 941 960 996; x_wconf 80' lang='lat' dir='ltr'><strong>maxime</strong></span> <span class='ocrx_word' id='word_1_46' title='bbox 991 937 1324 994; x_wconf 88' lang='lat' dir='ltr'><strong>Christianos</strong></span> <span class='ocrx_word' id='word_1_47' title='bbox 1345 936 1545 991; x_wconf 92' lang='lat' dir='ltr'><strong>bonum</strong></span> <span class='ocrx_word' id='word_1_48' title='bbox 1571 931 1864 1001; x_wconf 82' lang='lat' dir='ltr'><strong>iudicatur,</strong></span> <span class='ocrx_word' id='word_1_49' title='bbox 1904 939 1959 986; x_wconf 91' lang='lat' dir='ltr'><strong>et</strong></span> <span class='ocrx_word' id='word_1_50' title='bbox 1999 931 2221 1000; x_wconf 80' lang='lat' dir='ltr'><strong>praemio</strong></span> 
     </span>
    </p>
   </div>
   <div class='ocr_carea' id='block_1_9' title="bbox 640 1020 2221 1090">
    <p class='ocr_par' dir='ltr' id='par_1_9' title="bbox 640 1020 2221 1090">
     <span class='ocr_line' id='line_1_9' title="bbox 640 1020 2221 1090; baseline -0.007 -4"><span class='ocrx_word' id='word_1_51' title='bbox 640 1046 850 1086; x_wconf 90' lang='lat' dir='ltr'><strong>summo</strong></span> <span class='ocrx_word' id='word_1_52' title='bbox 895 1029 1364 1090; x_wconf 86' lang='lat' dir='ltr'><strong>remunerandum,</strong></span> <span class='ocrx_word' id='word_1_53' title='bbox 1411 1026 1464 1080; x_wconf 88' lang='lat' dir='ltr'><strong>id</strong></span> <span class='ocrx_word' id='word_1_54' title='bbox 1499 1033 1603 1089; x_wconf 89' lang='lat' dir='ltr'><strong>est,</strong></span> <span class='ocrx_word' id='word_1_55' title='bbox 1645 1031 1703 1078; x_wconf 92' lang='lat' dir='ltr'><strong>ut</strong></span> <span class='ocrx_word' id='word_1_56' title='bbox 1741 1020 1856 1090; x_wconf 90' lang='lat' dir='ltr'><strong>ejus</strong></span> <span class='ocrx_word' id='word_1_57' title='bbox 1891 1024 2086 1078; x_wconf 89' lang='lat' dir='ltr'><strong>merito</strong></span> <span class='ocrx_word' id='word_1_58' title='bbox 2124 1021 2221 1076; x_wconf 87' lang='lat' dir='ltr'><strong>filii</strong></span> 
     </span>
    </p>
   </div>
   <div class='ocr_carea' id='block_1_10' title="bbox 641 1115 2221 1192">
    <p class='ocr_par' dir='ltr' id='par_1_10' title="bbox 641 1115 2221 1192">
     <span class='ocr_line' id='line_1_10' title="bbox 641 1115 2221 1192; baseline -0.007 -13"><span class='ocrx_word' id='word_1_59' title='bbox 641 1125 735 1179; x_wconf 88' lang='lat' dir='ltr'><strong>Dei</strong></span> <span class='ocrx_word' id='word_1_60' title='bbox 777 1138 1032 1180; x_wconf 86' lang='lat' dir='ltr'><strong>vocemur</strong></span> <span class='ocrx_word' id='word_1_61' title='bbox 1067 1120 1279 1192; x_wconf 79' lang='lat' dir='ltr'><strong>(Matth.</strong></span> <span class='ocrx_word' id='word_1_62' title='bbox 1320 1118 1396 1192; x_wconf 89' lang='lat' dir='ltr'><strong>v),</strong></span> <span class='ocrx_word' id='word_1_63' title='bbox 1436 1132 1616 1172; x_wconf 90' lang='lat' dir='ltr'><strong>nonne</strong></span> <span class='ocrx_word' id='word_1_64' title='bbox 1653 1131 1684 1171; x_wconf 95' lang='lat' dir='ltr'><strong>e</strong></span> <span class='ocrx_word' id='word_1_65' title='bbox 1719 1117 1992 1171; x_wconf 89' lang='lat' dir='ltr'><strong>contrario</strong></span> <span class='ocrx_word' id='word_1_66' title='bbox 2019 1115 2221 1171; x_wconf 84' lang='lat' dir='ltr'><strong>discor-</strong></span> 
     </span>
    </p>
   </div>
   <div class='ocr_carea' id='block_1_11' title="bbox 636 1208 2219 1272">
    <p class='ocr_par' dir='ltr' id='par_1_11' title="bbox 636 1208 2219 1272">
     <span class='ocr_line' id='line_1_11' title="bbox 636 1208 2219 1272; baseline -0.005 -3"><span class='ocrx_word' id='word_1_67' title='bbox 636 1215 740 1270; x_wconf 80' lang='lat' dir='ltr'><strong>diae</strong></span> <span class='ocrx_word' id='word_1_68' title='bbox 779 1225 834 1268; x_wconf 89' lang='lat' dir='ltr'><strong>et</strong></span> <span class='ocrx_word' id='word_1_69' title='bbox 859 1213 1223 1268; x_wconf 85' lang='lat' dir='ltr'><strong>dissensionis</strong></span> <span class='ocrx_word' id='word_1_70' title='bbox 1259 1225 1528 1266; x_wconf 91' lang='lat' dir='ltr'><strong>summum</strong></span> <span class='ocrx_word' id='word_1_71' title='bbox 1562 1217 1647 1264; x_wconf 91' lang='lat' dir='ltr'><strong>est</strong></span> <span class='ocrx_word' id='word_1_72' title='bbox 1679 1208 1902 1272; x_wconf 90' lang='lat' dir='ltr'><strong>malum,</strong></span> <span class='ocrx_word' id='word_1_73' title='bbox 1931 1216 1987 1262; x_wconf 91' lang='lat' dir='ltr'><strong>et</strong></span> <span class='ocrx_word' id='word_1_74' title='bbox 2010 1221 2219 1262; x_wconf 75' lang='lat' dir='ltr'><strong>summa</strong></span> 
     </span>
    </p>
   </div>
   <div class='ocr_carea' id='block_1_12' title="bbox 637 1300 2216 1376">
    <p class='ocr_par' dir='ltr' id='par_1_12' title="bbox 637 1300 2216 1376">
     <span class='ocr_line' id='line_1_12' title="bbox 637 1300 2216 1376; baseline -0.003 -17"><span class='ocrx_word' id='word_1_75' title='bbox 637 1320 796 1376; x_wconf 66' lang='lat' dir='ltr'><strong>paena</strong></span> <span class='ocrx_word' id='word_1_76' title='bbox 823 1305 1182 1375; x_wconf 86' lang='lat' dir='ltr'><strong>plectendum,</strong></span> <span class='ocrx_word' id='word_1_77' title='bbox 1218 1304 1291 1358; x_wconf 90' lang='lat' dir='ltr'><strong>ita</strong></span> <span class='ocrx_word' id='word_1_78' title='bbox 1318 1311 1376 1356; x_wconf 91' lang='lat' dir='ltr'><strong>ut</strong></span> <span class='ocrx_word' id='word_1_79' title='bbox 1402 1303 1614 1372; x_wconf 86' lang='lat' dir='ltr'><strong>sapiens</strong></span> <span class='ocrx_word' id='word_1_80' title='bbox 1644 1302 1806 1367; x_wconf 87' lang='lat' dir='ltr'><strong>dicat,</strong></span> <span class='ocrx_word' id='word_1_81' title='bbox 1845 1301 2079 1355; x_wconf 90' lang='lat' dir='ltr'><strong>animam</strong></span> <span class='ocrx_word' id='word_1_82' title='bbox 2111 1300 2216 1355; x_wconf 89' lang='lat' dir='ltr'><strong>Do-</strong></span> 
     </span>
    </p>
   </div>
   <div class='ocr_carea' id='block_1_13' title="bbox 638 1393 2219 1465">
    <p class='ocr_par' dir='ltr' id='par_1_13' title="bbox 638 1393 2219 1465">
     <span class='ocr_line' id='line_1_13' title="bbox 638 1393 2219 1465; baseline -0.003 -13"><span class='ocrx_word' id='word_1_83' title='bbox 638 1398 768 1452; x_wconf 90' lang='lat' dir='ltr'><strong>mini</strong></span> <span class='ocrx_word' id='word_1_84' title='bbox 801 1397 949 1452; x_wconf 88' lang='lat' dir='ltr'><strong>illum</strong></span> <span class='ocrx_word' id='word_1_85' title='bbox 978 1396 1253 1458; x_wconf 88' lang='lat' dir='ltr'><strong>detestari,</strong></span> <span class='ocrx_word' id='word_1_86' title='bbox 1289 1396 1378 1465; x_wconf 88' lang='lat' dir='ltr'><strong>qui</strong></span> <span class='ocrx_word' id='word_1_87' title='bbox 1411 1395 1551 1449; x_wconf 88' lang='lat' dir='ltr'><strong>inter</strong></span> <span class='ocrx_word' id='word_1_88' title='bbox 1578 1393 1775 1448; x_wconf 81' lang='lat' dir='ltr'><strong>fratres</strong></span> <span class='ocrx_word' id='word_1_89' title='bbox 1810 1393 2109 1448; x_wconf 87' lang='lat' dir='ltr'><strong>discordias</strong></span> <span class='ocrx_word' id='word_1_90' title='bbox 2133 1407 2219 1447; x_wconf 78' lang='lat' dir='ltr'><strong>se-</strong></span> 
     </span>
    </p>
   </div>
   <div class='ocr_carea' id='block_1_14' title="bbox 639 1483 2221 1559">
    <p class='ocr_par' dir='ltr' id='par_1_14' title="bbox 639 1483 2221 1559">
     <span class='ocr_line' id='line_1_14' title="bbox 639 1483 2221 1559; baseline -0.003 -16"><span class='ocrx_word' id='word_1_91' title='bbox 639 1489 812 1543; x_wconf 91' lang='lat' dir='ltr'><strong>minat</strong></span> <span class='ocrx_word' id='word_1_92' title='bbox 830 1487 1010 1559; x_wconf 83' lang='lat' dir='ltr'><strong>(Prov.</strong></span> <span class='ocrx_word' id='word_1_93' title='bbox 1037 1485 1136 1554; x_wconf 85' lang='lat' dir='ltr'><strong>vi),</strong></span> <span class='ocrx_word' id='word_1_94' title='bbox 1181 1494 1341 1556; x_wconf 90' lang='lat' dir='ltr'><strong>atque</strong></span> <span class='ocrx_word' id='word_1_95' title='bbox 1364 1485 1484 1540; x_wconf 91' lang='lat' dir='ltr'><strong>ideo</strong></span> <span class='ocrx_word' id='word_1_96' title='bbox 1507 1484 1648 1539; x_wconf 83' lang='lat' dir='ltr'><strong>filius</strong></span> <span class='ocrx_word' id='word_1_97' title='bbox 1675 1483 1868 1538; x_wconf 89' lang='lat' dir='ltr'><strong>diaboli</strong></span> <span class='ocrx_word' id='word_1_98' title='bbox 1893 1499 1998 1539; x_wconf 93' lang='lat' dir='ltr'><strong>non</strong></span> <span class='ocrx_word' id='word_1_99' title='bbox 2030 1484 2221 1539; x_wconf 86' lang='lat' dir='ltr'><strong>imme-</strong></span> 
     </span>
    </p>
   </div>
   <div class='ocr_carea' id='block_1_15' title="bbox 639 1574 2220 1644">
    <p class='ocr_par' dir='ltr' id='par_1_15' title="bbox 639 1574 2220 1644">
     <span class='ocr_line' id='line_1_15' title="bbox 639 1574 2220 1644; baseline -0.002 -11"><span class='ocrx_word' id='word_1_100' title='bbox 639 1579 743 1634; x_wconf 89' lang='lat' dir='ltr'><strong>rito</strong></span> <span class='ocrx_word' id='word_1_101' title='bbox 787 1578 1128 1633; x_wconf 88' lang='lat' dir='ltr'><strong>nominetur?</strong></span> <span class='ocrx_word' id='word_1_102' title='bbox 1177 1575 1329 1632; x_wconf 88' lang='lat' dir='ltr'><strong>Unde</strong></span> <span class='ocrx_word' id='word_1_103' title='bbox 1355 1576 1660 1640; x_wconf 90' lang='lat' dir='ltr'><strong>statuimus,</strong></span> <span class='ocrx_word' id='word_1_104' title='bbox 1694 1585 1856 1644; x_wconf 87' lang='lat' dir='ltr'><strong>atque</strong></span> <span class='ocrx_word' id='word_1_105' title='bbox 1897 1574 2220 1630; x_wconf 82' lang='lat' dir='ltr'><strong>auctoritate</strong></span> 
     </span>
    </p>
   </div>
   <div class='ocr_carea' id='block_1_16' title="bbox 638 1666 2221 1774">
    <p class='ocr_par' dir='ltr' id='par_1_16' title="bbox 638 1666 2221 1774">
     <span class='ocr_line' id='line_1_16' title="bbox 638 1666 2221 1774; baseline -0.002 -49"><span class='ocrx_word' id='word_1_106' title='bbox 638 1671 1000 1774; x_wconf 42' lang='lat' dir='ltr'><strong>eccleaastica</strong></span> <span class='ocrx_word' id='word_1_107' title='bbox 1029 1670 1432 1733; x_wconf 85' lang='lat' dir='ltr'><strong>confirmamus,</strong></span> <span class='ocrx_word' id='word_1_108' title='bbox 1461 1683 1553 1722; x_wconf 90' lang='lat' dir='ltr'><strong>eos</strong></span> <span class='ocrx_word' id='word_1_109' title='bbox 1582 1668 1672 1737; x_wconf 90' lang='lat' dir='ltr'><strong>qui</strong></span> <span class='ocrx_word' id='word_1_110' title='bbox 1704 1676 1890 1721; x_wconf 90' lang='lat' dir='ltr'><strong>contra</strong></span> <span class='ocrx_word' id='word_1_111' title='bbox 1925 1683 2103 1738; x_wconf 83' lang='lat' dir='ltr'><strong>regem</strong></span> <span class='ocrx_word' id='word_1_112' title='bbox 2133 1666 2221 1722; x_wconf 93' lang='lat' dir='ltr'><strong>vel</strong></span> 
     </span>
    </p>
   </div>
   <div class='ocr_carea' id='block_1_17' title="bbox 637 1759 2220 1832">
    <p class='ocr_par' dir='ltr' id='par_1_17' title="bbox 637 1759 2220 1832">
     <span class='ocr_line' id='line_1_17' title="bbox 637 1759 2220 1832; baseline -0.001 -16"><span class='ocrx_word' id='word_1_113' title='bbox 637 1759 1030 1817; x_wconf 77' lang='lat' dir='ltr'><strong>ecclesiasticas</strong></span> <span class='ocrx_word' id='word_1_114' title='bbox 1066 1762 1384 1832; x_wconf 79' lang='lat' dir='ltr'><strong>dignitates,</strong></span> <span class='ocrx_word' id='word_1_115' title='bbox 1431 1759 1542 1815; x_wconf 88' lang='lat' dir='ltr'><strong>sive</strong></span> <span class='ocrx_word' id='word_1_116' title='bbox 1585 1759 1890 1829; x_wconf 68' lang='lat' dir='ltr'><strong>reipublicaa</strong></span> <span class='ocrx_word' id='word_1_117' title='bbox 1923 1767 2220 1828; x_wconf 87' lang='lat' dir='ltr'><strong>potestates</strong></span> 
     </span>
    </p>
   </div>
   <div class='ocr_carea' id='block_1_18' title="bbox 2324 610 3741 687">
    <p class='ocr_par' dir='ltr' id='par_1_18' title="bbox 2324 610 3741 687">
     <span class='ocr_line' id='line_1_18' title="bbox 2324 610 3741 687; baseline 0.007 -23"><span class='ocrx_word' id='word_1_118' title='bbox 2324 611 2446 665; x_wconf 89' lang='lat' dir='ltr'><strong>laici</strong></span> <span class='ocrx_word' id='word_1_119' title='bbox 2480 611 2534 664; x_wconf 92' lang='lat' dir='ltr'><strong>in</strong></span> <span class='ocrx_word' id='word_1_120' title='bbox 2563 625 2752 666; x_wconf 90' lang='lat' dir='ltr'><strong>eorum</strong></span> <span class='ocrx_word' id='word_1_121' title='bbox 2782 610 3082 664; x_wconf 89' lang='lat' dir='ltr'><strong>ministerio</strong></span> <span class='ocrx_word' id='word_1_122' title='bbox 3128 611 3367 668; x_wconf 88' lang='lat' dir='ltr'><strong>obediant</strong></span> <span class='ocrx_word' id='word_1_123' title='bbox 3390 617 3604 687; x_wconf 86' lang='lat' dir='ltr'><strong>episcopis</strong></span> <span class='ocrx_word' id='word_1_124' title='bbox 3627 623 3671 675; x_wconf 76' lang='lat' dir='ltr'><strong>ad</strong></span> <span class='ocrx_word' id='word_1_125' title='bbox 3695 642 3741 679; x_wconf 71' lang='lat' dir='ltr'><strong>re.</strong></span> 
     </span>
    </p>
   </div>
   <div class='ocr_carea' id='block_1_19' title="bbox 2323 701 3739 778">
    <p class='ocr_par' dir='ltr' id='par_1_19' title="bbox 2323 701 3739 778">
     <span class='ocr_line' id='line_1_19' title="bbox 2323 701 3739 778; baseline 0.01 -22"><span class='ocrx_word' id='word_1_126' title='bbox 2323 703 2525 773; x_wconf 88' lang='lat' dir='ltr'><strong>gendas</strong></span> <span class='ocrx_word' id='word_1_127' title='bbox 2574 701 2865 766; x_wconf 89' lang='lat' dir='ltr'><strong>Ecclesias,</strong></span> <span class='ocrx_word' id='word_1_128' title='bbox 2907 702 3100 757; x_wconf 83' lang='lat' dir='ltr'><strong>viduas</strong></span> <span class='ocrx_word' id='word_1_129' title='bbox 3141 712 3198 758; x_wconf 87' lang='lat' dir='ltr'><strong>et</strong></span> <span class='ocrx_word' id='word_1_130' title='bbox 3215 705 3457 774; x_wconf 87' lang='lat' dir='ltr'><strong>orphanos</strong></span> <span class='ocrx_word' id='word_1_131' title='bbox 3478 707 3739 778; x_wconf 83' lang='lat' dir='ltr'><strong>defendendos,</strong></span> 
     </span>
    </p>
   </div>
   <div class='ocr_carea' id='block_1_20' title="bbox 2321 794 3740 861">
    <p class='ocr_par' dir='ltr' id='par_1_20' title="bbox 2321 794 3740 861">
     <span class='ocr_line' id='line_1_20' title="bbox 2321 794 3740 861; baseline 0.008 -13"><span class='ocrx_word' id='word_1_132' title='bbox 2321 804 2377 848; x_wconf 78' lang='lat' dir='ltr'><strong>ct</strong></span> <span class='ocrx_word' id='word_1_133' title='bbox 2401 803 2459 847; x_wconf 91' lang='lat' dir='ltr'><strong>ut</strong></span> <span class='ocrx_word' id='word_1_134' title='bbox 2498 794 2810 849; x_wconf 88' lang='lat' dir='ltr'><strong>obedientes</strong></span> <span class='ocrx_word' id='word_1_135' title='bbox 2854 794 2963 848; x_wconf 91' lang='lat' dir='ltr'><strong>sint</strong></span> <span class='ocrx_word' id='word_1_136' title='bbox 2989 795 3069 849; x_wconf 88' lang='lat' dir='ltr'><strong>eis</strong></span> <span class='ocrx_word' id='word_1_137' title='bbox 3110 794 3177 849; x_wconf 91' lang='lat' dir='ltr'><strong>ad</strong></span> <span class='ocrx_word' id='word_1_138' title='bbox 3212 811 3381 851; x_wconf 90' lang='lat' dir='ltr'><strong>eorum</strong></span> <span class='ocrx_word' id='word_1_139' title='bbox 3415 797 3740 861; x_wconf 77' lang='lat' dir='ltr'><strong>Christianiutein</strong></span> 
     </span>
    </p>
   </div>
   <div class='ocr_carea' id='block_1_21' title="bbox 2322 887 3737 962">
    <p class='ocr_par' dir='ltr' id='par_1_21' title="bbox 2322 887 3737 962">
     <span class='ocr_line' id='line_1_21' title="bbox 2322 887 3737 962; baseline 0.006 -22"><span class='ocrx_word' id='word_1_140' title='bbox 2322 887 2652 940; x_wconf 83' lang='lat' dir='ltr'><strong>servandam</strong></span> <span class='ocrx_word' id='word_1_141' title='bbox 2687 904 2698 938; x_wconf 91' lang='lat'><strong>:</strong></span> <span class='ocrx_word' id='word_1_142' title='bbox 2747 887 3260 954; x_wconf 88' lang='lat' dir='ltr'><strong>consentientesque</strong></span> <span class='ocrx_word' id='word_1_143' title='bbox 3281 887 3377 941; x_wconf 89' lang='lat' dir='ltr'><strong>sint</strong></span> <span class='ocrx_word' id='word_1_144' title='bbox 3410 891 3590 945; x_wconf 85' lang='lat' dir='ltr'><strong>comites</strong></span> <span class='ocrx_word' id='word_1_145' title='bbox 3607 903 3644 947; x_wconf 83' lang='lat' dir='ltr'><strong>et</strong></span> <span class='ocrx_word' id='word_1_146' title='bbox 3654 895 3737 962; x_wconf 80' lang='lat' dir='ltr'><strong>judi-</strong></span> 
     </span>
    </p>
   </div>
   <div class='ocr_carea' id='block_1_22' title="bbox 2322 975 3740 1054">
    <p class='ocr_par' dir='ltr' id='par_1_22' title="bbox 2322 975 3740 1054">
     <span class='ocr_line' id='line_1_22' title="bbox 2322 975 3740 1054; baseline 0.006 -23"><span class='ocrx_word' id='word_1_147' title='bbox 2322 992 2411 1032; x_wconf 89' lang='lat' dir='ltr'><strong>ces</strong></span> <span class='ocrx_word' id='word_1_148' title='bbox 2441 977 2762 1046; x_wconf 53' lang='lat' dir='ltr'><strong>praesulibus</strong></span> <span class='ocrx_word' id='word_1_149' title='bbox 2786 977 2900 1031; x_wconf 90' lang='lat' dir='ltr'><strong>suis</strong></span> <span class='ocrx_word' id='word_1_150' title='bbox 2943 977 3008 1031; x_wconf 90' lang='lat' dir='ltr'><strong>ad</strong></span> <span class='ocrx_word' id='word_1_151' title='bbox 3027 975 3265 1044; x_wconf 89' lang='lat' dir='ltr'><strong>justitias</strong></span> <span class='ocrx_word' id='word_1_152' title='bbox 3292 977 3740 1054; x_wconf 67' lang='lat' dir='ltr'><strong>faciendasjnxtaprr-</strong></span> 
     </span>
    </p>
   </div>
   <div class='ocr_carea' id='block_1_23' title="bbox 2321 1070 3736 1148">
    <p class='ocr_par' dir='ltr' id='par_1_23' title="bbox 2321 1070 3736 1148">
     <span class='ocr_line' id='line_1_23' title="bbox 2321 1070 3736 1148; baseline 0.003 -24"><span class='ocrx_word' id='word_1_153' title='bbox 2321 1078 2479 1138; x_wconf 86' lang='lat' dir='ltr'><strong>cepta</strong></span> <span class='ocrx_word' id='word_1_154' title='bbox 2533 1071 2726 1125; x_wconf 68' lang='lat' dir='ltr'><strong>divina:</strong></span> <span class='ocrx_word' id='word_1_155' title='bbox 2771 1070 2922 1142; x_wconf 90' lang='lat' dir='ltr'><strong>legis,</strong></span> <span class='ocrx_word' id='word_1_156' title='bbox 2977 1079 3032 1124; x_wconf 92' lang='lat' dir='ltr'><strong>et</strong></span> <span class='ocrx_word' id='word_1_157' title='bbox 3087 1071 3379 1127; x_wconf 89' lang='lat' dir='ltr'><strong>nullatenus</strong></span> <span class='ocrx_word' id='word_1_158' title='bbox 3431 1090 3510 1144; x_wconf 91' lang='lat' dir='ltr'><strong>per</strong></span> <span class='ocrx_word' id='word_1_159' title='bbox 3546 1077 3736 1148; x_wconf 73' lang='lat' dir='ltr'><strong>aliquorum</strong></span> 
     </span>
    </p>
   </div>
   <div class='ocr_carea' id='block_1_24' title="bbox 2320 1162 3738 1242">
    <p class='ocr_par' dir='ltr' id='par_1_24' title="bbox 2320 1162 3738 1242">
     <span class='ocr_line' id='line_1_24' title="bbox 2320 1162 3738 1242; baseline -0.001 -26"><span class='ocrx_word' id='word_1_160' title='bbox 2320 1163 2683 1228; x_wconf 89' lang='lat' dir='ltr'><strong>mendacium,</strong></span> <span class='ocrx_word' id='word_1_161' title='bbox 2712 1162 2798 1217; x_wconf 90' lang='lat' dir='ltr'><strong>vel</strong></span> <span class='ocrx_word' id='word_1_162' title='bbox 2826 1162 3014 1217; x_wconf 88' lang='lat' dir='ltr'><strong>falsum</strong></span> <span class='ocrx_word' id='word_1_163' title='bbox 3039 1165 3413 1230; x_wconf 88' lang='lat' dir='ltr'><strong>testimonium,</strong></span> <span class='ocrx_word' id='word_1_164' title='bbox 3439 1184 3572 1238; x_wconf 82' lang='lat' dir='ltr'><strong>neque</strong></span> <span class='ocrx_word' id='word_1_165' title='bbox 3593 1187 3656 1240; x_wconf 82' lang='lat' dir='ltr'><strong>per</strong></span> <span class='ocrx_word' id='word_1_166' title='bbox 3671 1190 3738 1242; x_wconf 71' lang='grc' dir='ltr'><strong>ρετ.</strong></span> 
     </span>
    </p>
   </div>
   <div class='ocr_carea' id='block_1_25' title="bbox 2313 1255 3735 1332">
    <p class='ocr_par' dir='ltr' id='par_1_25' title="bbox 2313 1255 3735 1332">
     <span class='ocr_line' id='line_1_25' title="bbox 2313 1255 3735 1332; baseline 0.004 -22"><span class='ocrx_word' id='word_1_167' title='bbox 2313 1255 2540 1326; x_wconf 90' lang='lat' dir='ltr'><strong>jurium,</strong></span> <span class='ocrx_word' id='word_1_168' title='bbox 2590 1267 2683 1312; x_wconf 91' lang='lat' dir='ltr'><strong>aut</strong></span> <span class='ocrx_word' id='word_1_169' title='bbox 2732 1271 2828 1329; x_wconf 92' lang='lat' dir='ltr'><strong>per</strong></span> <span class='ocrx_word' id='word_1_170' title='bbox 2872 1259 3174 1328; x_wconf 56' lang='lat' dir='ltr'><strong>praemium,</strong></span> <span class='ocrx_word' id='word_1_171' title='bbox 3222 1259 3307 1312; x_wconf 74' lang='lat' dir='ltr'><strong>lex</strong></span> <span class='ocrx_word' id='word_1_172' title='bbox 3341 1260 3467 1329; x_wconf 87' lang='lat' dir='ltr'><strong>justa</strong></span> <span class='ocrx_word' id='word_1_173' title='bbox 3506 1260 3735 1332; x_wconf 74' lang='lat' dir='ltr'><strong>[Al.,divina.</strong></span> 
     </span>
    </p>
   </div>
   <div class='ocr_carea' id='block_1_26' title="bbox 2321 1347 3189 1420">
    <p class='ocr_par' dir='ltr' id='par_1_26' title="bbox 2321 1347 3189 1420">
     <span class='ocr_line' id='line_1_26' title="bbox 2321 1347 3189 1420; baseline 0 -18"><span class='ocrx_word' id='word_1_174' title='bbox 2321 1347 2520 1420; x_wconf 64' lang='lat' dir='ltr'><strong>Hum]</strong></span> <span class='ocrx_word' id='word_1_175' title='bbox 2560 1349 2614 1402; x_wconf 89' lang='lat' dir='ltr'><strong>in</strong></span> <span class='ocrx_word' id='word_1_176' title='bbox 2642 1349 2821 1420; x_wconf 91' lang='lat' dir='ltr'><strong>aliquo</strong></span> <span class='ocrx_word' id='word_1_177' title='bbox 2845 1351 3189 1419; x_wconf 83' lang='lat' dir='ltr'><strong>depravetur.</strong></span> 
     </span>
    </p>
   </div>
   <div class='ocr_carea' id='block_1_27' title="bbox 2321 1477 3736 1556">
    <p class='ocr_par' dir='ltr' id='par_1_27' title="bbox 2321 1477 3736 1556">
     <span class='ocr_line' id='line_1_27' title="bbox 2321 1477 3736 1556; baseline 0.004 -23"><span class='ocrx_word' id='word_1_178' title='bbox 2321 1477 2450 1534; x_wconf 70' lang='lat' dir='ltr'><strong>CAP.</strong></span> <span class='ocrx_word' id='word_1_179' title='bbox 2490 1479 2623 1556; x_wconf 80' lang='lat' dir='ltr'><strong>Vlll.</strong></span> <span class='ocrx_word' id='word_1_180' title='bbox 2655 1511 2739 1556; x_wconf 28' lang='lat'><strong>—‘</strong></span> <span class='ocrx_word' id='word_1_181' title='bbox 2756 1480 2832 1534; x_wconf 91' lang='lat' dir='ltr'><strong>De</strong></span> <span class='ocrx_word' id='word_1_182' title='bbox 2859 1481 3262 1556; x_wconf 57' lang='lat' dir='ltr'><strong>proprietatibus</strong></span> <span class='ocrx_word' id='word_1_183' title='bbox 3296 1483 3356 1536; x_wconf 79' lang='lat' dir='ltr'><strong>ab</strong></span> <span class='ocrx_word' id='word_1_184' title='bbox 3379 1483 3579 1553; x_wconf 72' lang='lat' dir='ltr'><strong>episcopis</strong></span> <span class='ocrx_word' id='word_1_185' title='bbox 3603 1487 3654 1540; x_wconf 74' lang='grc' dir='ltr'><strong>εει</strong></span> <span class='ocrx_word' id='word_1_186' title='bbox 3674 1507 3736 1556; x_wconf 72' lang='lat' dir='ltr'><strong>prt-</strong></span> 
     </span>
    </p>
   </div>
   <div class='ocr_carea' id='block_1_28' title="bbox 2549 1551 3595 1624">
    <p class='ocr_par' dir='ltr' id='par_1_28' title="bbox 2549 1551 3595 1624">
     <span class='ocr_line' id='line_1_28' title="bbox 2549 1551 3595 1624; baseline 0.006 -21"><span class='ocrx_word' id='word_1_187' title='bbox 2549 1551 2768 1620; x_wconf 82' lang='lat' dir='ltr'><strong>sbyteris</strong></span> <span class='ocrx_word' id='word_1_188' title='bbox 2806 1563 2920 1620; x_wconf 83' lang='lat' dir='ltr'><strong>post</strong></span> <span class='ocrx_word' id='word_1_189' title='bbox 2944 1553 3328 1606; x_wconf 81' lang='lat' dir='ltr'><strong>ordinationem</strong></span> <span class='ocrx_word' id='word_1_190' title='bbox 3365 1551 3595 1624; x_wconf 80' lang='lat' dir='ltr'><strong>acquisitis.</strong></span> 
     </span>
    </p>
   </div>
   <div class='ocr_carea' id='block_1_29' title="bbox 2390 1684 3730 1760">
    <p class='ocr_par' dir='ltr' id='par_1_29' title="bbox 2390 1684 3730 1760">
     <span class='ocr_line' id='line_1_29' title="bbox 2390 1684 3730 1760; baseline 0.003 -21"><span class='ocrx_word' id='word_1_191' title='bbox 2390 1684 2447 1739; x_wconf 94' lang='lat' dir='ltr'><strong>ln</strong></span> <span class='ocrx_word' id='word_1_192' title='bbox 2477 1685 2702 1740; x_wconf 92' lang='lat' dir='ltr'><strong>concilio</strong></span> <span class='ocrx_word' id='word_1_193' title='bbox 2726 1685 3139 1756; x_wconf 82' lang='lat' dir='ltr'><strong>Carthaginensi</strong></span> <span class='ocrx_word' id='word_1_194' title='bbox 3162 1686 3337 1757; x_wconf 84' lang='lat' dir='ltr'><strong>(Cone.</strong></span> <span class='ocrx_word' id='word_1_195' title='bbox 3360 1684 3561 1760; x_wconf 73' lang='lat' dir='ltr'><strong>Carthag.</strong></span> <span class='ocrx_word' id='word_1_196' title='bbox 3583 1705 3637 1752; x_wconf 83' lang='grc' dir='ltr'>ιιι.</span> <span class='ocrx_word' id='word_1_197' title='bbox 3653 1691 3730 1744; x_wconf 65' lang='lat' dir='ltr'><strong>alii</strong></span> 
     </span>
    </p>
   </div>
   <div class='ocr_carea' id='block_1_30' title="bbox 2321 1779 3730 1851">
    <p class='ocr_par' dir='ltr' id='par_1_30' title="bbox 2321 1779 3730 1851">
     <span class='ocr_line' id='line_1_30' title="bbox 2321 1779 3730 1851; baseline 0.003 -18"><span class='ocrx_word' id='word_1_198' title='bbox 2321 1779 2584 1848; x_wconf 90' lang='lat' dir='ltr'><strong>scriptum</strong></span> <span class='ocrx_word' id='word_1_199' title='bbox 2626 1789 2709 1833; x_wconf 90' lang='lat' dir='ltr'><strong>est</strong></span> <span class='ocrx_word' id='word_1_200' title='bbox 2733 1787 2793 1833; x_wconf 94' lang='lat' dir='ltr'><strong>ut</strong></span> <span class='ocrx_word' id='word_1_201' title='bbox 2817 1780 3161 1851; x_wconf 77' lang='lat' dir='ltr'><strong>pracsbyteri,</strong></span> <span class='ocrx_word' id='word_1_202' title='bbox 3212 1781 3426 1843; x_wconf 86' lang='lat' dir='ltr'><strong>diaconi,</strong></span> <span class='ocrx_word' id='word_1_203' title='bbox 3455 1782 3523 1837; x_wconf 85' lang='lat' dir='ltr'><strong>vel</strong></span> <span class='ocrx_word' id='word_1_204' title='bbox 3547 1784 3730 1851; x_wconf 74' lang='lat' dir='ltr'><strong>quicunque</strong></span> 
     </span>
    </p>
   </div>
   <div class='ocr_carea' id='block_1_31' title="bbox 638 1848 3730 1945">
    <p class='ocr_par' dir='ltr' id='par_1_31' title="bbox 638 1848 3730 1945">
     <span class='ocr_line' id='line_1_31' title="bbox 638 1848 3730 1945; baseline -0 -18"><span class='ocrx_word' id='word_1_205' title='bbox 638 1853 692 1907; x_wconf 68' lang='lat' dir='ltr'><strong>in</strong></span> <span class='ocrx_word' id='word_1_206' title='bbox 719 1867 1042 1924; x_wconf 68' lang='lat' dir='ltr'><strong>unoquoque</strong></span> <span class='ocrx_word' id='word_1_207' title='bbox 1076 1853 1265 1907; x_wconf 68' lang='grc' dir='ltr'><strong>οτδίθθ</strong></span> <span class='ocrx_word' id='word_1_208' title='bbox 1295 1851 1561 1945; x_wconf 52' lang='lat' dir='ltr'><strong>legitimas</strong></span> <span class='ocrx_word' id='word_1_209' title='bbox 1595 1850 1976 1945; x_wconf 60' lang='lat' dir='ltr'><strong>dismsmones</strong></span> <span class='ocrx_word' id='word_1_210' title='bbox 2007 1848 2217 1945; x_wconf 44' lang='grc' dir='ltr'><strong>[Ῐῖονίει</strong></span> <span class='ocrx_word' id='word_1_211' title='bbox 2247 1885 2294 1945; x_wconf 76' lang='grc' dir='ltr'><strong>Β</strong></span> <span class='ocrx_word' id='word_1_212' title='bbox 2322 1870 2528 1936; x_wconf 90' lang='lat' dir='ltr'><strong>clerici,</strong></span> <span class='ocrx_word' id='word_1_213' title='bbox 2583 1873 2672 1941; x_wconf 85' lang='lat' dir='ltr'><strong>qui</strong></span> <span class='ocrx_word' id='word_1_214' title='bbox 2716 1848 2849 1926; x_wconf 83' lang='lat' dir='ltr'><strong>nihil</strong></span> <span class='ocrx_word' id='word_1_215' title='bbox 2890 1848 3159 1928; x_wconf 76' lang='lat' dir='ltr'><strong>habentes</strong></span> <span class='ocrx_word' id='word_1_216' title='bbox 3189 1873 3494 1938; x_wconf 84' lang='lat' dir='ltr'><strong>ordinantur,</strong></span> <span class='ocrx_word' id='word_1_217' title='bbox 3527 1848 3568 1928; x_wconf 81' lang='lat' dir='ltr'><strong>et</strong></span> <span class='ocrx_word' id='word_1_218' title='bbox 3595 1848 3730 1943; x_wconf 54' lang='lat' dir='ltr'><strong>nam</strong></span> 
     </span>
    </p>
   </div>
   <div class='ocr_carea' id='block_1_32' title="bbox 637 1941 2217 2015">
    <p class='ocr_par' dir='ltr' id='par_1_32' title="bbox 637 1941 2217 2015">
     <span class='ocr_line' id='line_1_32' title="bbox 637 1941 2217 2015; baseline -0.002 -17"><span class='ocrx_word' id='word_1_219' title='bbox 637 1945 872 2015; x_wconf 90' lang='lat' dir='ltr'><strong>legitima</strong></span> <span class='ocrx_word' id='word_1_220' title='bbox 911 1945 1277 2015; x_wconf 88' lang='lat' dir='ltr'><strong>dispositione.</strong></span> <span class='ocrx_word' id='word_1_221' title='bbox 1333 1942 1533 2015; x_wconf 66' lang='lat' dir='ltr'><strong>linum]</strong></span> <span class='ocrx_word' id='word_1_222' title='bbox 1579 1943 1918 2006; x_wconf 78' lang='lat' dir='ltr'><strong>constitutas,</strong></span> <span class='ocrx_word' id='word_1_223' title='bbox 1965 1941 2217 2012; x_wconf 84' lang='lat' dir='ltr'><strong>conjura-</strong></span> 
     </span>
    </p>
   </div>
   <div class='ocr_carea' id='block_1_33' title="bbox 638 2034 2221 2108">
    <p class='ocr_par' dir='ltr' id='par_1_33' title="bbox 638 2034 2221 2108">
     <span class='ocr_line' id='line_1_33' title="bbox 638 2034 2221 2108; baseline -0.001 -16"><span class='ocrx_word' id='word_1_224' title='bbox 638 2039 811 2094; x_wconf 90' lang='lat' dir='ltr'><strong>tiones</strong></span> <span class='ocrx_word' id='word_1_225' title='bbox 851 2047 906 2094; x_wconf 91' lang='lat' dir='ltr'><strong>et</strong></span> <span class='ocrx_word' id='word_1_226' title='bbox 946 2038 1370 2108; x_wconf 89' lang='lat' dir='ltr'><strong>conspirationes</strong></span> <span class='ocrx_word' id='word_1_227' title='bbox 1419 2036 1728 2092; x_wconf 84' lang='lat' dir='ltr'><strong>rebellionis</strong></span> <span class='ocrx_word' id='word_1_228' title='bbox 1765 2045 1821 2090; x_wconf 89' lang='lat' dir='ltr'><strong>et</strong></span> <span class='ocrx_word' id='word_1_229' title='bbox 1853 2034 2221 2106; x_wconf 68' lang='lat' dir='ltr'><strong>repugnantia:</strong></span> 
     </span>
    </p>
   </div>
   <div class='ocr_carea' id='block_1_34' title="bbox 638 2126 2221 2196">
    <p class='ocr_par' dir='ltr' id='par_1_34' title="bbox 638 2126 2221 2196">
     <span class='ocr_line' id='line_1_34' title="bbox 638 2126 2221 2196; baseline -0.003 -12"><span class='ocrx_word' id='word_1_230' title='bbox 638 2131 881 2196; x_wconf 80' lang='lat' dir='ltr'><strong>faciunt,</strong></span> <span class='ocrx_word' id='word_1_231' title='bbox 928 2146 958 2184; x_wconf 93' lang='lat' dir='ltr'><strong>a</strong></span> <span class='ocrx_word' id='word_1_232' title='bbox 1006 2129 1384 2185; x_wconf 79' lang='lat' dir='ltr'><strong>communione</strong></span> <span class='ocrx_word' id='word_1_233' title='bbox 1427 2138 1481 2184; x_wconf 87' lang='lat' dir='ltr'><strong>et</strong></span> <span class='ocrx_word' id='word_1_234' title='bbox 1519 2128 1793 2184; x_wconf 88' lang='lat' dir='ltr'><strong>consortio</strong></span> <span class='ocrx_word' id='word_1_235' title='bbox 1833 2126 2221 2182; x_wconf 88' lang='lat' dir='ltr'><strong>catholicorum</strong></span> 
     </span>
    </p>
   </div>
   <div class='ocr_carea' id='block_1_35' title="bbox 635 2217 2220 2292">
    <p class='ocr_par' dir='ltr' id='par_1_35' title="bbox 635 2217 2220 2292">
     <span class='ocr_line' id='line_1_35' title="bbox 635 2217 2220 2292; baseline -0.003 -16"><span class='ocrx_word' id='word_1_236' title='bbox 635 2237 816 2277; x_wconf 86' lang='lat' dir='ltr'><strong>veram</strong></span> <span class='ocrx_word' id='word_1_237' title='bbox 876 2234 1064 2292; x_wconf 91' lang='lat' dir='ltr'><strong>pacem</strong></span> <span class='ocrx_word' id='word_1_238' title='bbox 1105 2223 1400 2276; x_wconf 88' lang='lat' dir='ltr'><strong>amantium</strong></span> <span class='ocrx_word' id='word_1_239' title='bbox 1440 2222 1855 2284; x_wconf 90' lang='lat' dir='ltr'><strong>submovendos,</strong></span> <span class='ocrx_word' id='word_1_240' title='bbox 1890 2228 1945 2274; x_wconf 91' lang='lat' dir='ltr'><strong>ct</strong></span> <span class='ocrx_word' id='word_1_241' title='bbox 1983 2217 2084 2273; x_wconf 91' lang='lat' dir='ltr'><strong>nisi</strong></span> <span class='ocrx_word' id='word_1_242' title='bbox 2123 2233 2220 2288; x_wconf 90' lang='lat' dir='ltr'><strong>per</strong></span> 
     </span>
    </p>
   </div>
   <div class='ocr_carea' id='block_1_36' title="bbox 633 2311 2220 2385">
    <p class='ocr_par' dir='ltr' id='par_1_36' title="bbox 633 2311 2220 2385">
     <span class='ocr_line' id='line_1_36' title="bbox 633 2311 2220 2385; baseline -0.003 -17"><span class='ocrx_word' id='word_1_243' title='bbox 633 2314 1008 2385; x_wconf 67' lang='lat' dir='ltr'><strong>paenitentiam</strong></span> <span class='ocrx_word' id='word_1_244' title='bbox 1034 2324 1089 2369; x_wconf 92' lang='lat' dir='ltr'><strong>et</strong></span> <span class='ocrx_word' id='word_1_245' title='bbox 1110 2315 1546 2370; x_wconf 87' lang='lat' dir='ltr'><strong>emendationem</strong></span> <span class='ocrx_word' id='word_1_246' title='bbox 1589 2313 1710 2383; x_wconf 87' lang='lat' dir='ltr'><strong>paci</strong></span> <span class='ocrx_word' id='word_1_247' title='bbox 1748 2329 1806 2368; x_wconf 90' lang='lat' dir='ltr'><strong>se</strong></span> <span class='ocrx_word' id='word_1_248' title='bbox 1838 2311 2220 2368; x_wconf 73' lang='lat' dir='ltr'><strong>ecclesiastica:</strong></span> 
     </span>
    </p>
   </div>
   <div class='ocr_carea' id='block_1_37' title="bbox 635 2405 2220 2476">
    <p class='ocr_par' dir='ltr' id='par_1_37' title="bbox 635 2405 2220 2476">
     <span class='ocr_line' id='line_1_37' title="bbox 635 2405 2220 2476; baseline 0 -16"><span class='ocrx_word' id='word_1_249' title='bbox 635 2407 1128 2476; x_wconf 87' lang='lat' dir='ltr'><strong>incorporaverint,</strong></span> <span class='ocrx_word' id='word_1_250' title='bbox 1179 2408 1247 2461; x_wconf 90' lang='lat' dir='ltr'><strong>ab</strong></span> <span class='ocrx_word' id='word_1_251' title='bbox 1285 2407 1535 2462; x_wconf 89' lang='lat' dir='ltr'><strong>omnibus</strong></span> <span class='ocrx_word' id='word_1_252' title='bbox 1586 2406 1709 2460; x_wconf 81' lang='lat' dir='ltr'><strong>filiis</strong></span> <span class='ocrx_word' id='word_1_253' title='bbox 1755 2405 1904 2476; x_wconf 88' lang='lat' dir='ltr'><strong>pacis</strong></span> <span class='ocrx_word' id='word_1_254' title='bbox 1947 2405 2220 2460; x_wconf 88' lang='lat' dir='ltr'><strong>sancimus</strong></span> 
     </span>
    </p>
   </div>
   <div class='ocr_carea' id='block_1_38' title="bbox 633 2505 902 2552">
    <p class='ocr_par' dir='ltr' id='par_1_38' title="bbox 633 2505 902 2552">
     <span class='ocr_line' id='line_1_38' title="bbox 633 2505 902 2552; baseline -0.011 0"><span class='ocrx_word' id='word_1_255' title='bbox 633 2505 902 2552; x_wconf 78' lang='lat' dir='ltr'><strong>extorres.</strong></span> 
     </span>
    </p>
   </div>
   <div class='ocr_carea' id='block_1_39' title="bbox 633 2607 2216 2666">
    <p class='ocr_par' dir='ltr' id='par_1_39' title="bbox 633 2607 2216 2666">
     <span class='ocr_line' id='line_1_39' title="bbox 633 2607 2216 2666; baseline 0.002 -3"><span class='ocrx_word' id='word_1_256' title='bbox 633 2607 760 2663; x_wconf 74' lang='lat' dir='ltr'><strong>CAP.</strong></span> <span class='ocrx_word' id='word_1_257' title='bbox 809 2608 895 2666; x_wconf 81' lang='lat' dir='ltr'><strong>Vl.</strong></span> <span class='ocrx_word' id='word_1_258' title='bbox 925 2640 998 2651; x_wconf 94' lang='lat'><strong>-—</strong></span> <span class='ocrx_word' id='word_1_259' title='bbox 1032 2609 1110 2666; x_wconf 89' lang='lat' dir='ltr'><strong>De</strong></span> <span class='ocrx_word' id='word_1_260' title='bbox 1144 2610 1473 2666; x_wconf 86' lang='lat' dir='ltr'><strong>immunitate</strong></span> <span class='ocrx_word' id='word_1_261' title='bbox 1510 2627 1684 2664; x_wconf 81' lang='lat' dir='ltr'><strong>rerum</strong></span> <span class='ocrx_word' id='word_1_262' title='bbox 1723 2608 2216 2666; x_wconf 76' lang='lat' dir='ltr'><strong>ecclesiasticarum.</strong></span> 
     </span>
    </p>
   </div>
   <div class='ocr_carea' id='block_1_40' title="bbox 705 2717 2218 2792">
    <p class='ocr_par' dir='ltr' id='par_1_40' title="bbox 705 2717 2218 2792">
     <span class='ocr_line' id='line_1_40' title="bbox 705 2717 2218 2792; baseline 0.005 -22"><span class='ocrx_word' id='word_1_263' title='bbox 705 2717 960 2788; x_wconf 86' lang='lat' dir='ltr'><strong>Quisquis</strong></span> <span class='ocrx_word' id='word_1_264' title='bbox 1021 2717 1130 2792; x_wconf 82' lang='grc' dir='ltr'><strong>[ΑΙ.</strong></span> <span class='ocrx_word' id='word_1_265' title='bbox 1201 2719 1258 2774; x_wconf 92' lang='lat' dir='ltr'><strong>Si</strong></span> <span class='ocrx_word' id='word_1_266' title='bbox 1302 2720 1442 2790; x_wconf 87' lang='lat' dir='ltr'><strong>quis.</strong></span> <span class='ocrx_word' id='word_1_267' title='bbox 1499 2718 1698 2792; x_wconf 62' lang='lat' dir='ltr'><strong>linum]</strong></span> <span class='ocrx_word' id='word_1_268' title='bbox 1753 2719 1898 2775; x_wconf 91' lang='lat' dir='ltr'><strong>fastu</strong></span> <span class='ocrx_word' id='word_1_269' title='bbox 1948 2721 2218 2790; x_wconf 63' lang='lat' dir='ltr'><strong>superbiae</strong></span> 
     </span>
    </p>
   </div>
   <div class='ocr_carea' id='block_1_41' title="bbox 631 2809 2217 2880">
    <p class='ocr_par' dir='ltr' id='par_1_41' title="bbox 631 2809 2217 2880">
     <span class='ocr_line' id='line_1_41' title="bbox 631 2809 2217 2880; baseline 0.001 -17"><span class='ocrx_word' id='word_1_270' title='bbox 631 2809 810 2864; x_wconf 89' lang='lat' dir='ltr'><strong>elatus</strong></span> <span class='ocrx_word' id='word_1_271' title='bbox 855 2811 1073 2864; x_wconf 92' lang='lat' dir='ltr'><strong>domum</strong></span> <span class='ocrx_word' id='word_1_272' title='bbox 1116 2809 1212 2865; x_wconf 90' lang='lat' dir='ltr'><strong>Dei</strong></span> <span class='ocrx_word' id='word_1_273' title='bbox 1273 2811 1420 2866; x_wconf 89' lang='lat' dir='ltr'><strong>ducit</strong></span> <span class='ocrx_word' id='word_1_274' title='bbox 1451 2810 1928 2880; x_wconf 88' lang='lat' dir='ltr'><strong>contemptibilem,</strong></span> <span class='ocrx_word' id='word_1_275' title='bbox 1984 2818 2040 2864; x_wconf 91' lang='lat' dir='ltr'><strong>et</strong></span> <span class='ocrx_word' id='word_1_276' title='bbox 2094 2825 2217 2880; x_wconf 91' lang='lat' dir='ltr'><strong>pos-</strong></span> 
     </span>
    </p>
   </div>
   <div class='ocr_carea' id='block_1_42' title="bbox 633 2901 2216 2972">
    <p class='ocr_par' dir='ltr' id='par_1_42' title="bbox 633 2901 2216 2972">
     <span class='ocr_line' id='line_1_42' title="bbox 633 2901 2216 2972; baseline 0.001 -18"><span class='ocrx_word' id='word_1_277' title='bbox 633 2902 905 2956; x_wconf 89' lang='lat' dir='ltr'><strong>sessiones</strong></span> <span class='ocrx_word' id='word_1_278' title='bbox 953 2901 1063 2956; x_wconf 88' lang='lat' dir='ltr'><strong>Deo</strong></span> <span class='ocrx_word' id='word_1_279' title='bbox 1091 2911 1461 2966; x_wconf 89' lang='lat' dir='ltr'><strong>consecratas,</strong></span> <span class='ocrx_word' id='word_1_280' title='bbox 1517 2911 1678 2972; x_wconf 89' lang='lat' dir='ltr'><strong>atque</strong></span> <span class='ocrx_word' id='word_1_281' title='bbox 1712 2903 1778 2956; x_wconf 90' lang='lat' dir='ltr'><strong>ad</strong></span> <span class='ocrx_word' id='word_1_282' title='bbox 1815 2902 2076 2956; x_wconf 86' lang='lat' dir='ltr'><strong>honorem</strong></span> <span class='ocrx_word' id='word_1_283' title='bbox 2119 2901 2216 2957; x_wconf 90' lang='lat' dir='ltr'><strong>Dei</strong></span> 
     </span>
    </p>
   </div>
   <div class='ocr_carea' id='block_1_43' title="bbox 631 2990 2213 3063">
    <p class='ocr_par' dir='ltr' id='par_1_43' title="bbox 631 2990 2213 3063">
     <span class='ocr_line' id='line_1_43' title="bbox 631 2990 2213 3063; baseline 0.002 -18"><span class='ocrx_word' id='word_1_284' title='bbox 631 2990 731 3045; x_wconf 90' lang='lat' dir='ltr'><strong>sub</strong></span> <span class='ocrx_word' id='word_1_285' title='bbox 756 2992 916 3063; x_wconf 67' lang='lat' dir='ltr'><strong>regiae</strong></span> <span class='ocrx_word' id='word_1_286' title='bbox 947 2993 1307 3048; x_wconf 90' lang='lat' dir='ltr'><strong>immunitatis</strong></span> <span class='ocrx_word' id='word_1_287' title='bbox 1331 2993 1644 3049; x_wconf 87' lang='lat' dir='ltr'><strong>defensione</strong></span> <span class='ocrx_word' id='word_1_288' title='bbox 1675 2994 2021 3060; x_wconf 90' lang='lat' dir='ltr'><strong>constitutas,</strong></span> <span class='ocrx_word' id='word_1_289' title='bbox 2053 2994 2213 3048; x_wconf 90' lang='lat' dir='ltr'><strong>inho-</strong></span> 
     </span>
    </p>
   </div>
   <div class='ocr_carea' id='block_1_44' title="bbox 630 3085 2212 3157">
    <p class='ocr_par' dir='ltr' id='par_1_44' title="bbox 630 3085 2212 3157">
     <span class='ocr_line' id='line_1_44' title="bbox 630 3085 2212 3157; baseline 0.002 -21"><span class='ocrx_word' id='word_1_290' title='bbox 630 3092 780 3137; x_wconf 88' lang='lat' dir='ltr'><strong>neste</strong></span> <span class='ocrx_word' id='word_1_291' title='bbox 811 3085 1145 3151; x_wconf 82' lang='lat' dir='ltr'><strong>tractaverit,</strong></span> <span class='ocrx_word' id='word_1_292' title='bbox 1172 3087 1257 3140; x_wconf 86' lang='lat' dir='ltr'><strong>vel</strong></span> <span class='ocrx_word' id='word_1_293' title='bbox 1281 3086 1574 3157; x_wconf 81' lang='lat' dir='ltr'><strong>infringere</strong></span> <span class='ocrx_word' id='word_1_294' title='bbox 1608 3087 2034 3156; x_wconf 64' lang='lat' dir='ltr'><strong>praesumpserit,</strong></span> <span class='ocrx_word' id='word_1_295' title='bbox 2059 3086 2212 3156; x_wconf 91' lang='lat' dir='ltr'><strong>quasi</strong></span> 
     </span>
    </p>
   </div>
   <div class='ocr_carea' id='block_1_45' title="bbox 632 3176 2209 3236">
    <p class='ocr_par' dir='ltr' id='par_1_45' title="bbox 632 3176 2209 3236">
     <span class='ocr_line' id='line_1_45' title="bbox 632 3176 2209 3236; baseline 0.003 -6"><span class='ocrx_word' id='word_1_296' title='bbox 632 3176 852 3230; x_wconf 85' lang='lat' dir='ltr'><strong>invasor</strong></span> <span class='ocrx_word' id='word_1_297' title='bbox 885 3186 940 3232; x_wconf 93' lang='lat' dir='ltr'><strong>et</strong></span> <span class='ocrx_word' id='word_1_298' title='bbox 960 3179 1191 3234; x_wconf 91' lang='lat' dir='ltr'><strong>violator</strong></span> <span class='ocrx_word' id='word_1_299' title='bbox 1224 3181 1414 3235; x_wconf 91' lang='lat' dir='ltr'><strong>domus</strong></span> <span class='ocrx_word' id='word_1_300' title='bbox 1441 3180 1536 3236; x_wconf 92' lang='lat' dir='ltr'><strong>Dei</strong></span> <span class='ocrx_word' id='word_1_301' title='bbox 1560 3182 2076 3236; x_wconf 80' lang='lat' dir='ltr'><strong>excommunicetur.</strong></span> <span class='ocrx_word' id='word_1_302' title='bbox 2105 3181 2209 3234; x_wconf 86' lang='lat' dir='ltr'><strong>De-</strong></span> 
     </span>
    </p>
   </div>
   <div class='ocr_carea' id='block_1_46' title="bbox 629 3242 2286 3344">
    <p class='ocr_par' dir='ltr' id='par_1_46' title="bbox 629 3242 2286 3344">
     <span class='ocr_line' id='line_1_46' title="bbox 629 3242 2286 3344; baseline 0.004 -22"><span class='ocrx_word' id='word_1_303' title='bbox 629 3280 717 3323; x_wconf 84' lang='lat' dir='ltr'><strong>cet</strong></span> <span class='ocrx_word' id='word_1_304' title='bbox 745 3271 909 3324; x_wconf 86' lang='lat' dir='ltr'><strong>etiam</strong></span> <span class='ocrx_word' id='word_1_305' title='bbox 958 3281 1017 3325; x_wconf 91' lang='lat' dir='ltr'><strong>ut</strong></span> <span class='ocrx_word' id='word_1_306' title='bbox 1040 3273 1464 3344; x_wconf 76' lang='lat' dir='ltr'><strong>indignationem</strong></span> <span class='ocrx_word' id='word_1_307' title='bbox 1487 3274 1666 3344; x_wconf 82' lang='lat' dir='ltr'><strong>ipsius</strong></span> <span class='ocrx_word' id='word_1_308' title='bbox 1691 3273 1891 3327; x_wconf 90' lang='lat' dir='ltr'><strong>domini</strong></span> <span class='ocrx_word' id='word_1_309' title='bbox 1917 3274 2058 3344; x_wconf 86' lang='lat' dir='ltr'><strong>regis</strong></span> <span class='ocrx_word' id='word_1_310' title='bbox 2088 3290 2209 3328; x_wconf 88' lang='lat' dir='ltr'><strong>sen-</strong></span> <span class='ocrx_word' id='word_1_311' title='bbox 2239 3242 2286 3306; x_wconf 66' lang='grc' dir='ltr'>Ο</span> 
     </span>
    </p>
   </div>
   <div class='ocr_carea' id='block_1_47' title="bbox 630 3362 2216 3434">
    <p class='ocr_par' dir='ltr' id='par_1_47' title="bbox 630 3362 2216 3434">
     <span class='ocr_line' id='line_1_47' title="bbox 630 3362 2216 3434; baseline 0.005 -20"><span class='ocrx_word' id='word_1_312' title='bbox 630 3362 746 3426; x_wconf 91' lang='lat' dir='ltr'><strong>tiat,</strong></span> <span class='ocrx_word' id='word_1_313' title='bbox 772 3362 924 3428; x_wconf 90' lang='lat' dir='ltr'><strong>cujus</strong></span> <span class='ocrx_word' id='word_1_314' title='bbox 944 3364 1330 3420; x_wconf 67' lang='lat' dir='ltr'><strong>benevolentiae</strong></span> <span class='ocrx_word' id='word_1_315' title='bbox 1356 3373 1696 3434; x_wconf 80' lang='lat' dir='ltr'><strong>contemptor</strong></span> <span class='ocrx_word' id='word_1_316' title='bbox 1736 3374 1791 3420; x_wconf 89' lang='lat' dir='ltr'><strong>et</strong></span> <span class='ocrx_word' id='word_1_317' title='bbox 1812 3367 2216 3422; x_wconf 85' lang='lat' dir='ltr'><strong>constitutionis</strong></span> 
     </span>
    </p>
   </div>
   <div class='ocr_carea' id='block_1_48' title="bbox 630 3453 2215 3520">
    <p class='ocr_par' dir='ltr' id='par_1_48' title="bbox 630 3453 2215 3520">
     <span class='ocr_line' id='line_1_48' title="bbox 630 3453 2215 3520; baseline 0.006 -17"><span class='ocrx_word' id='word_1_318' title='bbox 630 3453 1012 3520; x_wconf 57' lang='lat' dir='ltr'><strong>praevaricator</strong></span> <span class='ocrx_word' id='word_1_319' title='bbox 1049 3456 1277 3510; x_wconf 76' lang='lat' dir='ltr'><strong>exstitit.</strong></span> <span class='ocrx_word' id='word_1_320' title='bbox 1330 3456 1686 3511; x_wconf 83' lang='lat' dir='ltr'><strong>Nihilominus</strong></span> <span class='ocrx_word' id='word_1_321' title='bbox 1731 3465 1909 3510; x_wconf 89' lang='lat' dir='ltr'><strong>tamen</strong></span> <span class='ocrx_word' id='word_1_322' title='bbox 1957 3473 2051 3510; x_wconf 76' lang='lat' dir='ltr'><strong>rex</strong></span> <span class='ocrx_word' id='word_1_323' title='bbox 2103 3473 2215 3513; x_wconf 61' lang='lat' dir='ltr'><strong>sua:</strong></span> 
     </span>
    </p>
   </div>
   <div class='ocr_carea' id='block_1_49' title="bbox 629 3545 2215 3608">
    <p class='ocr_par' dir='ltr' id='par_1_49' title="bbox 629 3545 2215 3608">
     <span class='ocr_line' id='line_1_49' title="bbox 629 3545 2215 3608; baseline 0.006 -10"><span class='ocrx_word' id='word_1_324' title='bbox 629 3545 1000 3601; x_wconf 90' lang='lat' dir='ltr'><strong>concessionis</strong></span> <span class='ocrx_word' id='word_1_325' title='bbox 1043 3549 1538 3604; x_wconf 52' lang='lat' dir='ltr'><strong>immunitatem&#39;ah</strong></span> <span class='ocrx_word' id='word_1_326' title='bbox 1566 3549 1814 3605; x_wconf 75' lang='lat' dir='ltr'><strong>erunibus</strong></span> <span class='ocrx_word' id='word_1_327' title='bbox 1865 3550 2055 3605; x_wconf 91' lang='lat' dir='ltr'><strong>ditioni</strong></span> <span class='ocrx_word' id='word_1_328' title='bbox 2103 3567 2215 3608; x_wconf 76' lang='lat' dir='ltr'><strong>sum</strong></span> 
     </span>
    </p>
   </div>
   <div class='ocr_carea' id='block_1_50' title="bbox 631 3635 2212 3711">
    <p class='ocr_par' dir='ltr' id='par_1_50' title="bbox 631 3635 2212 3711">
     <span class='ocr_line' id='line_1_50' title="bbox 631 3635 2212 3711; baseline 0.004 -20"><span class='ocrx_word' id='word_1_329' title='bbox 631 3635 898 3706; x_wconf 87' lang='lat' dir='ltr'><strong>subjectis</strong></span> <span class='ocrx_word' id='word_1_330' title='bbox 949 3637 1168 3692; x_wconf 65' lang='lat' dir='ltr'><strong>illaesam</strong></span> <span class='ocrx_word' id='word_1_331' title='bbox 1223 3641 1531 3694; x_wconf 88' lang='lat' dir='ltr'><strong>conservari</strong></span> <span class='ocrx_word' id='word_1_332' title='bbox 1585 3641 1878 3711; x_wconf 69' lang='lat' dir='ltr'><strong>praecipiat,</strong></span> <span class='ocrx_word' id='word_1_333' title='bbox 1933 3657 2212 3697; x_wconf 89' lang='lat' dir='ltr'><strong>assensum</strong></span> 
     </span>
    </p>
   </div>
   <div class='ocr_carea' id='block_1_51' title="bbox 630 3731 2212 3802">
    <p class='ocr_par' dir='ltr' id='par_1_51' title="bbox 630 3731 2212 3802">
     <span class='ocr_line' id='line_1_51' title="bbox 630 3731 2212 3802; baseline 0.006 -19"><span class='ocrx_word' id='word_1_334' title='bbox 630 3744 761 3784; x_wconf 85' lang='lat' dir='ltr'><strong>vero</strong></span> <span class='ocrx_word' id='word_1_335' title='bbox 797 3745 899 3783; x_wconf 93' lang='lat' dir='ltr'><strong>non</strong></span> <span class='ocrx_word' id='word_1_336' title='bbox 929 3731 1160 3800; x_wconf 68' lang='lat' dir='ltr'><strong>praebeat</strong></span> <span class='ocrx_word' id='word_1_337' title='bbox 1188 3732 1483 3802; x_wconf 89' lang='lat' dir='ltr'><strong>improvide</strong></span> <span class='ocrx_word' id='word_1_338' title='bbox 1507 3733 1920 3802; x_wconf 79' lang='lat' dir='ltr'><strong>aﬂirmantibus,</strong></span> <span class='ocrx_word' id='word_1_339' title='bbox 1963 3753 2070 3792; x_wconf 89' lang='lat' dir='ltr'><strong>non</strong></span> <span class='ocrx_word' id='word_1_340' title='bbox 2115 3737 2212 3792; x_wconf 87' lang='lat' dir='ltr'><strong>de-</strong></span> 
     </span>
    </p>
   </div>
   <div class='ocr_carea' id='block_1_52' title="bbox 626 3819 2214 3890">
    <p class='ocr_par' dir='ltr' id='par_1_52' title="bbox 626 3819 2214 3890">
     <span class='ocr_line' id='line_1_52' title="bbox 626 3819 2214 3890; baseline 0.005 -16"><span class='ocrx_word' id='word_1_341' title='bbox 626 3819 756 3874; x_wconf 85' lang='lat' dir='ltr'><strong>bere</strong></span> <span class='ocrx_word' id='word_1_342' title='bbox 785 3835 901 3875; x_wconf 91' lang='lat' dir='ltr'><strong>esse</strong></span> <span class='ocrx_word' id='word_1_343' title='bbox 949 3837 1036 3876; x_wconf 90' lang='lat' dir='ltr'><strong>res</strong></span> <span class='ocrx_word' id='word_1_344' title='bbox 1077 3821 1404 3890; x_wconf 90' lang='lat' dir='ltr'><strong>Dominicas,</strong></span> <span class='ocrx_word' id='word_1_345' title='bbox 1463 3825 1514 3879; x_wconf 90' lang='lat' dir='ltr'><strong>id</strong></span> <span class='ocrx_word' id='word_1_346' title='bbox 1537 3834 1620 3880; x_wconf 91' lang='lat' dir='ltr'><strong>est</strong></span> <span class='ocrx_word' id='word_1_347' title='bbox 1661 3825 1888 3880; x_wconf 89' lang='lat' dir='ltr'><strong>Domino</strong></span> <span class='ocrx_word' id='word_1_348' title='bbox 1927 3825 2214 3881; x_wconf 87' lang='lat' dir='ltr'><strong>dominan-</strong></span> 
     </span>
    </p>
   </div>
   <div class='ocr_carea' id='block_1_53' title="bbox 628 3912 2214 3989">
    <p class='ocr_par' dir='ltr' id='par_1_53' title="bbox 628 3912 2214 3989">
     <span class='ocr_line' id='line_1_53' title="bbox 628 3912 2214 3989; baseline 0.004 -23"><span class='ocrx_word' id='word_1_349' title='bbox 628 3912 760 3966; x_wconf 87' lang='lat' dir='ltr'><strong>tium</strong></span> <span class='ocrx_word' id='word_1_350' title='bbox 784 3913 1012 3981; x_wconf 88' lang='lat' dir='ltr'><strong>deditas,</strong></span> <span class='ocrx_word' id='word_1_351' title='bbox 1045 3914 1119 3969; x_wconf 87' lang='lat' dir='ltr'><strong>ita</strong></span> <span class='ocrx_word' id='word_1_352' title='bbox 1148 3915 1246 3970; x_wconf 90' lang='lat' dir='ltr'><strong>sub</strong></span> <span class='ocrx_word' id='word_1_353' title='bbox 1277 3915 1588 3971; x_wconf 88' lang='lat' dir='ltr'><strong>defensione</strong></span> <span class='ocrx_word' id='word_1_354' title='bbox 1623 3918 1784 3986; x_wconf 83' lang='lat' dir='ltr'><strong>regis,</strong></span> <span class='ocrx_word' id='word_1_355' title='bbox 1816 3917 1957 3973; x_wconf 85' lang='lat' dir='ltr'><strong>sicut</strong></span> <span class='ocrx_word' id='word_1_356' title='bbox 1982 3919 2214 3989; x_wconf 80' lang='lat' dir='ltr'><strong>pr0priae</strong></span> 
     </span>
    </p>
   </div>
   <div class='ocr_carea' id='block_1_54' title="bbox 627 4004 2214 4079">
    <p class='ocr_par' dir='ltr' id='par_1_54' title="bbox 627 4004 2214 4079">
     <span class='ocr_line' id='line_1_54' title="bbox 627 4004 2214 4079; baseline 0.006 -24"><span class='ocrx_word' id='word_1_357' title='bbox 627 4017 738 4056; x_wconf 66' lang='lat' dir='ltr'><strong>suae</strong></span> <span class='ocrx_word' id='word_1_358' title='bbox 791 4013 919 4058; x_wconf 89' lang='lat' dir='ltr'><strong>sunt</strong></span> <span class='ocrx_word' id='word_1_359' title='bbox 967 4004 1311 4061; x_wconf 66' lang='lat' dir='ltr'><strong>hzereditates</strong></span> <span class='ocrx_word' id='word_1_360' title='bbox 1359 4024 1373 4060; x_wconf 90' lang='lat'><strong>:</strong></span> <span class='ocrx_word' id='word_1_361' title='bbox 1423 4008 1703 4078; x_wconf 75' lang='lat' dir='ltr'><strong>magisque</strong></span> <span class='ocrx_word' id='word_1_362' title='bbox 1755 4008 2026 4075; x_wconf 87' lang='lat' dir='ltr'><strong>advertat,</strong></span> <span class='ocrx_word' id='word_1_363' title='bbox 2084 4010 2214 4079; x_wconf 87' lang='lat' dir='ltr'><strong>quia</strong></span> 
     </span>
    </p>
   </div>
   <div class='ocr_carea' id='block_1_55' title="bbox 630 4095 2213 4171">
    <p class='ocr_par' dir='ltr' id='par_1_55' title="bbox 630 4095 2213 4171">
     <span class='ocr_line' id='line_1_55' title="bbox 630 4095 2213 4171; baseline 0.006 -26"><span class='ocrx_word' id='word_1_364' title='bbox 630 4101 836 4163; x_wconf 89' lang='lat' dir='ltr'><strong>quanto</strong></span> <span class='ocrx_word' id='word_1_365' title='bbox 861 4095 1002 4149; x_wconf 90' lang='lat' dir='ltr'><strong>Deus</strong></span> <span class='ocrx_word' id='word_1_366' title='bbox 1029 4096 1384 4152; x_wconf 83' lang='lat' dir='ltr'><strong>excellentior</strong></span> <span class='ocrx_word' id='word_1_367' title='bbox 1402 4106 1484 4152; x_wconf 92' lang='lat' dir='ltr'><strong>est</strong></span> <span class='ocrx_word' id='word_1_368' title='bbox 1507 4099 1740 4163; x_wconf 90' lang='lat' dir='ltr'><strong>homine,</strong></span> <span class='ocrx_word' id='word_1_369' title='bbox 1776 4106 1926 4154; x_wconf 86' lang='lat' dir='ltr'><strong>tanto</strong></span> <span class='ocrx_word' id='word_1_370' title='bbox 1946 4109 2213 4171; x_wconf 64' lang='lat' dir='ltr'><strong>praestan-</strong></span> 
     </span>
    </p>
   </div>
   <div class='ocr_carea' id='block_1_56' title="bbox 635 4186 2214 4260">
    <p class='ocr_par' dir='ltr' id='par_1_56' title="bbox 635 4186 2214 4260">
     <span class='ocr_line' id='line_1_56' title="bbox 635 4186 2214 4260; baseline 0.006 -21"><span class='ocrx_word' id='word_1_371' title='bbox 635 4186 739 4240; x_wconf 88' lang='lat' dir='ltr'><strong>tior</strong></span> <span class='ocrx_word' id='word_1_372' title='bbox 780 4195 864 4240; x_wconf 89' lang='lat' dir='ltr'><strong>est</strong></span> <span class='ocrx_word' id='word_1_373' title='bbox 889 4186 1065 4242; x_wconf 89' lang='lat' dir='ltr'><strong>divina</strong></span> <span class='ocrx_word' id='word_1_374' title='bbox 1096 4203 1259 4242; x_wconf 90' lang='lat' dir='ltr'><strong>causa</strong></span> <span class='ocrx_word' id='word_1_375' title='bbox 1303 4191 1608 4245; x_wconf 87' lang='lat' dir='ltr'><strong>mortalium</strong></span> <span class='ocrx_word' id='word_1_376' title='bbox 1646 4192 2008 4260; x_wconf 86' lang='lat' dir='ltr'><strong>possessione.</strong></span> <span class='ocrx_word' id='word_1_377' title='bbox 2063 4193 2214 4260; x_wconf 91' lang='lat' dir='ltr'><strong>Quo-</strong></span> 
     </span>
    </p>
   </div>
   <div class='ocr_carea' id='block_1_57' title="bbox 631 4277 2214 4352">
    <p class='ocr_par' dir='ltr' id='par_1_57' title="bbox 631 4277 2214 4352">
     <span class='ocr_line' id='line_1_57' title="bbox 631 4277 2214 4352; baseline 0.004 -21"><span class='ocrx_word' id='word_1_378' title='bbox 631 4277 775 4332; x_wconf 88' lang='lat' dir='ltr'><strong>circa</strong></span> <span class='ocrx_word' id='word_1_379' title='bbox 807 4278 1073 4348; x_wconf 65' lang='lat' dir='ltr'><strong>thcipitur</strong></span> <span class='ocrx_word' id='word_1_380' title='bbox 1127 4281 1375 4351; x_wconf 87' lang='lat' dir='ltr'><strong>quisquis</strong></span> <span class='ocrx_word' id='word_1_381' title='bbox 1415 4280 1535 4352; x_wconf 93' lang='lat' dir='ltr'><strong>plus</strong></span> <span class='ocrx_word' id='word_1_382' title='bbox 1587 4283 1637 4335; x_wconf 92' lang='lat' dir='ltr'><strong>in</strong></span> <span class='ocrx_word' id='word_1_383' title='bbox 1663 4282 1898 4351; x_wconf 87' lang='lat' dir='ltr'><strong>propriis</strong></span> <span class='ocrx_word' id='word_1_384' title='bbox 1937 4299 2101 4352; x_wconf 88' lang='lat' dir='ltr'><strong>quam</strong></span> <span class='ocrx_word' id='word_1_385' title='bbox 2158 4284 2214 4338; x_wconf 92' lang='lat' dir='ltr'><strong>in</strong></span> 
     </span>
    </p>
   </div>
   <div class='ocr_carea' id='block_1_58' title="bbox 631 4366 2212 4439">
    <p class='ocr_par' dir='ltr' id='par_1_58' title="bbox 631 4366 2212 4439">
     <span class='ocr_line' id='line_1_58' title="bbox 631 4366 2212 4439; baseline 0.003 -18"><span class='ocrx_word' id='word_1_386' title='bbox 631 4366 927 4421; x_wconf 89' lang='lat' dir='ltr'><strong>Dominicis</strong></span> <span class='ocrx_word' id='word_1_387' title='bbox 969 4369 1130 4423; x_wconf 90' lang='lat' dir='ltr'><strong>rebus</strong></span> <span class='ocrx_word' id='word_1_388' title='bbox 1158 4368 1464 4439; x_wconf 75' lang='lat' dir='ltr'><strong>gloriatur:</strong></span> <span class='ocrx_word' id='word_1_389' title='bbox 1505 4384 1733 4439; x_wconf 89' lang='lat' dir='ltr'><strong>quarum</strong></span> <span class='ocrx_word' id='word_1_390' title='bbox 1771 4370 2076 4424; x_wconf 88' lang='lat' dir='ltr'><strong>divinarum</strong></span> <span class='ocrx_word' id='word_1_391' title='bbox 2124 4386 2212 4426; x_wconf 91' lang='lat' dir='ltr'><strong>re-</strong></span> 
     </span>
    </p>
   </div>
   <div class='ocr_carea' id='block_1_59' title="bbox 631 4456 2213 4532">
    <p class='ocr_par' dir='ltr' id='par_1_59' title="bbox 631 4456 2213 4532">
     <span class='ocr_line' id='line_1_59' title="bbox 631 4456 2213 4532; baseline 0.003 -20"><span class='ocrx_word' id='word_1_392' title='bbox 631 4475 746 4513; x_wconf 91' lang='lat' dir='ltr'><strong>rum</strong></span> <span class='ocrx_word' id='word_1_393' title='bbox 782 4456 1032 4513; x_wconf 83' lang='lat' dir='ltr'><strong>defensor</strong></span> <span class='ocrx_word' id='word_1_394' title='bbox 1078 4469 1132 4514; x_wconf 94' lang='lat' dir='ltr'><strong>et</strong></span> <span class='ocrx_word' id='word_1_395' title='bbox 1155 4469 1337 4514; x_wconf 91' lang='lat' dir='ltr'><strong>custos</strong></span> <span class='ocrx_word' id='word_1_396' title='bbox 1381 4459 1639 4514; x_wconf 90' lang='lat' dir='ltr'><strong>divinitus</strong></span> <span class='ocrx_word' id='word_1_397' title='bbox 1674 4467 1930 4526; x_wconf 88' lang='lat' dir='ltr'><strong>statutus,</strong></span> <span class='ocrx_word' id='word_1_398' title='bbox 1971 4461 2213 4532; x_wconf 83' lang='lat' dir='ltr'><strong>diligenti</strong></span> 
     </span>
    </p>
   </div>
   <div class='ocr_carea' id='block_1_60' title="bbox 631 4553 2212 4624">
    <p class='ocr_par' dir='ltr' id='par_1_60' title="bbox 631 4553 2212 4624">
     <span class='ocr_line' id='line_1_60' title="bbox 631 4553 2212 4624; baseline 0.003 -19"><span class='ocrx_word' id='word_1_399' title='bbox 631 4568 758 4606; x_wconf 85' lang='lat' dir='ltr'><strong>cura</strong></span> <span class='ocrx_word' id='word_1_400' title='bbox 804 4567 909 4606; x_wconf 89' lang='lat' dir='ltr'><strong>non</strong></span> <span class='ocrx_word' id='word_1_401' title='bbox 935 4553 1105 4606; x_wconf 90' lang='lat' dir='ltr'><strong>solum</strong></span> <span class='ocrx_word' id='word_1_402' title='bbox 1129 4567 1222 4607; x_wconf 90' lang='lat' dir='ltr'><strong>eas</strong></span> <span class='ocrx_word' id='word_1_403' title='bbox 1244 4568 1488 4618; x_wconf 88' lang='lat' dir='ltr'><strong>servare,</strong></span> <span class='ocrx_word' id='word_1_404' title='bbox 1531 4554 1627 4608; x_wconf 91' lang='lat' dir='ltr'><strong>sed</strong></span> <span class='ocrx_word' id='word_1_405' title='bbox 1664 4555 1826 4608; x_wconf 89' lang='lat' dir='ltr'><strong>etiam</strong></span> <span class='ocrx_word' id='word_1_406' title='bbox 1853 4553 2212 4624; x_wconf 88' lang='lat' dir='ltr'><strong>multiplicare</strong></span> 
     </span>
    </p>
   </div>
   <div class='ocr_carea' id='block_1_61' title="bbox 629 4641 2210 4718">
    <p class='ocr_par' dir='ltr' id='par_1_61' title="bbox 629 4641 2210 4718">
     <span class='ocr_line' id='line_1_61' title="bbox 629 4641 2210 4718; baseline 0.006 -23"><span class='ocrx_word' id='word_1_407' title='bbox 629 4643 810 4709; x_wconf 87' lang='lat' dir='ltr'><strong>debet,</strong></span> <span class='ocrx_word' id='word_1_408' title='bbox 893 4641 1172 4716; x_wconf 85' lang='lat' dir='ltr'><strong>magisque</strong></span> <span class='ocrx_word' id='word_1_409' title='bbox 1233 4661 1297 4700; x_wconf 90' lang='lat' dir='ltr'><strong>ea</strong></span> <span class='ocrx_word' id='word_1_410' title='bbox 1347 4662 1468 4716; x_wconf 76' lang='lat' dir='ltr'><strong>qua:</strong></span> <span class='ocrx_word' id='word_1_411' title='bbox 1514 4647 1749 4702; x_wconf 85' lang='lat' dir='ltr'><strong>diximus</strong></span> <span class='ocrx_word' id='word_1_412' title='bbox 1812 4650 2210 4718; x_wconf 70' lang='lat' dir='ltr'><strong>prtestautiora,</strong></span> 
     </span>
    </p>
   </div>
   <div class='ocr_carea' id='block_1_62' title="bbox 628 4732 2209 4810">
    <p class='ocr_par' dir='ltr' id='par_1_62' title="bbox 628 4732 2209 4810">
     <span class='ocr_line' id='line_1_62' title="bbox 628 4732 2209 4810; baseline 0.007 -26"><span class='ocrx_word' id='word_1_413' title='bbox 628 4750 786 4802; x_wconf 87' lang='lat' dir='ltr'><strong>quam</strong></span> <span class='ocrx_word' id='word_1_414' title='bbox 837 4749 932 4788; x_wconf 89' lang='lat' dir='ltr'><strong>sua</strong></span> <span class='ocrx_word' id='word_1_415' title='bbox 961 4732 1251 4790; x_wconf 72' lang='lat' dir='ltr'><strong>defendere</strong></span> <span class='ocrx_word' id='word_1_416' title='bbox 1298 4735 1445 4790; x_wconf 93' lang='lat' dir='ltr'><strong>illum</strong></span> <span class='ocrx_word' id='word_1_417' title='bbox 1485 4748 1707 4806; x_wconf 88' lang='lat' dir='ltr'><strong>oportet</strong></span> <span class='ocrx_word' id='word_1_418' title='bbox 1753 4746 1808 4793; x_wconf 94' lang='lat' dir='ltr'><strong>et</strong></span> <span class='ocrx_word' id='word_1_419' title='bbox 1844 4750 2209 4810; x_wconf 87' lang='lat' dir='ltr'><strong>augmentare.</strong></span> 
     </span>
    </p>
   </div>
   <div class='ocr_carea' id='block_1_63' title="bbox 617 4823 2206 4900">
    <p class='ocr_par' dir='ltr' id='par_1_63' title="bbox 617 4823 2206 4900">
     <span class='ocr_line' id='line_1_63' title="bbox 617 4823 2206 4900; baseline 0.006 -24"><span class='ocrx_word' id='word_1_420' title='bbox 617 4823 685 4877; x_wconf 82' lang='lat' dir='ltr'><strong>&#39;Si</strong></span> <span class='ocrx_word' id='word_1_421' title='bbox 707 4825 825 4894; x_wconf 87' lang='lat' dir='ltr'><strong>quis</strong></span> <span class='ocrx_word' id='word_1_422' title='bbox 847 4825 1008 4894; x_wconf 89' lang='lat' dir='ltr'><strong>igitur</strong></span> <span class='ocrx_word' id='word_1_423' title='bbox 1029 4826 1250 4881; x_wconf 91' lang='lat' dir='ltr'><strong>insanus</strong></span> <span class='ocrx_word' id='word_1_424' title='bbox 1289 4827 1698 4898; x_wconf 85' lang='lat' dir='ltr'><strong>importunitate</strong></span> <span class='ocrx_word' id='word_1_425' title='bbox 1724 4829 2085 4900; x_wconf 86' lang='lat' dir='ltr'><strong>improbitatis</strong></span> <span class='ocrx_word' id='word_1_426' title='bbox 2124 4846 2206 4885; x_wconf 91' lang='lat' dir='ltr'><strong>re-</strong></span> 
     </span>
    </p>
   </div>
   <div class='ocr_carea' id='block_1_64' title="bbox 629 4917 2214 4991">
    <p class='ocr_par' dir='ltr' id='par_1_64' title="bbox 629 4917 2214 4991">
     <span class='ocr_line' id='line_1_64' title="bbox 629 4917 2214 4991; baseline 0.008 -26"><span class='ocrx_word' id='word_1_427' title='bbox 629 4927 747 4982; x_wconf 82' lang='lat' dir='ltr'><strong>gem</strong></span> <span class='ocrx_word' id='word_1_428' title='bbox 777 4929 806 4966; x_wconf 90' lang='lat' dir='ltr'><strong>a</strong></span> <span class='ocrx_word' id='word_1_429' title='bbox 837 4925 985 4969; x_wconf 90' lang='lat' dir='ltr'><strong>recto</strong></span> <span class='ocrx_word' id='word_1_430' title='bbox 1012 4917 1284 4985; x_wconf 90' lang='lat' dir='ltr'><strong>proposito</strong></span> <span class='ocrx_word' id='word_1_431' title='bbox 1314 4926 1561 4971; x_wconf 88' lang='lat' dir='ltr'><strong>avertere</strong></span> <span class='ocrx_word' id='word_1_432' title='bbox 1593 4919 1896 4984; x_wconf 89' lang='lat' dir='ltr'><strong>teutaverit,</strong></span> <span class='ocrx_word' id='word_1_433' title='bbox 1949 4920 2214 4991; x_wconf 89' lang='lat' dir='ltr'><strong>nullisque</strong></span> 
     </span>
    </p>
   </div>
   <div class='ocr_carea' id='block_1_65' title="bbox 634 5006 2214 5082">
    <p class='ocr_par' dir='ltr' id='par_1_65' title="bbox 634 5006 2214 5082">
     <span class='ocr_line' id='line_1_65' title="bbox 634 5006 2214 5082; baseline 0.004 -22"><span class='ocrx_word' id='word_1_434' title='bbox 634 5006 888 5061; x_wconf 82' lang='lat' dir='ltr'><strong>remediis</strong></span> <span class='ocrx_word' id='word_1_435' title='bbox 916 5008 1148 5079; x_wconf 90' lang='lat' dir='ltr'><strong>mitigari</strong></span> <span class='ocrx_word' id='word_1_436' title='bbox 1189 5024 1347 5079; x_wconf 92' lang='lat' dir='ltr'><strong>posse</strong></span> <span class='ocrx_word' id='word_1_437' title='bbox 1378 5009 1526 5065; x_wconf 89' lang='lat' dir='ltr'><strong>visus</strong></span> <span class='ocrx_word' id='word_1_438' title='bbox 1554 5008 1737 5076; x_wconf 90' lang='lat' dir='ltr'><strong>fuerit,</strong></span> <span class='ocrx_word' id='word_1_439' title='bbox 1789 5009 1913 5065; x_wconf 89' lang='lat' dir='ltr'><strong>licet</strong></span> <span class='ocrx_word' id='word_1_440' title='bbox 1937 5011 2214 5082; x_wconf 85' lang='lat' dir='ltr'><strong>obsequiis</strong></span> 
     </span>
    </p>
   </div>
   <div class='ocr_carea' id='block_1_66' title="bbox 635 5095 2213 5171">
    <p class='ocr_par' dir='ltr' id='par_1_66' title="bbox 635 5095 2213 5171">
     <span class='ocr_line' id='line_1_66' title="bbox 635 5095 2213 5171; baseline 0.004 -21"><span class='ocrx_word' id='word_1_441' title='bbox 635 5095 906 5167; x_wconf 82' lang='lat' dir='ltr'><strong>aliquibus</strong></span> <span class='ocrx_word' id='word_1_442' title='bbox 935 5099 1264 5153; x_wconf 88' lang='lat' dir='ltr'><strong>transitoriis</strong></span> <span class='ocrx_word' id='word_1_443' title='bbox 1295 5100 1365 5155; x_wconf 92' lang='lat' dir='ltr'><strong>sit</strong></span> <span class='ocrx_word' id='word_1_444' title='bbox 1393 5102 1753 5166; x_wconf 88' lang='lat' dir='ltr'><strong>necessarius,</strong></span> <span class='ocrx_word' id='word_1_445' title='bbox 1779 5100 2114 5171; x_wconf 87' lang='lat' dir='ltr'><strong>abjiciendus</strong></span> <span class='ocrx_word' id='word_1_446' title='bbox 2145 5102 2213 5156; x_wconf 93' lang='lat' dir='ltr'><strong>ab</strong></span> 
     </span>
    </p>
   </div>
   <div class='ocr_carea' id='block_1_67' title="bbox 628 5190 2202 5265">
    <p class='ocr_par' dir='ltr' id='par_1_67' title="bbox 628 5190 2202 5265">
     <span class='ocr_line' id='line_1_67' title="bbox 628 5190 2202 5265; baseline 0.003 -20"><span class='ocrx_word' id='word_1_447' title='bbox 628 5205 694 5245; x_wconf 85' lang='lat' dir='ltr'><strong>eo</strong></span> <span class='ocrx_word' id='word_1_448' title='bbox 722 5190 1190 5261; x_wconf 89' lang='lat' dir='ltr'><strong>projiciendusque</strong></span> <span class='ocrx_word' id='word_1_449' title='bbox 1217 5208 1274 5246; x_wconf 92' lang='lat' dir='ltr'><strong>re</strong></span> <span class='ocrx_word' id='word_1_450' title='bbox 1301 5201 1402 5256; x_wconf 89' lang='lat' dir='ltr'><strong>est,</strong></span> <span class='ocrx_word' id='word_1_451' title='bbox 1444 5191 1601 5263; x_wconf 83' lang='lat' dir='ltr'><strong>juxta</strong></span> <span class='ocrx_word' id='word_1_452' title='bbox 1629 5193 1754 5248; x_wconf 91' lang='lat' dir='ltr'><strong>illud</strong></span> <span class='ocrx_word' id='word_1_453' title='bbox 1783 5193 2154 5265; x_wconf 87' lang='lat' dir='ltr'><strong>evangelicum</strong></span> <span class='ocrx_word' id='word_1_454' title='bbox 2189 5211 2202 5249; x_wconf 92' lang='lat'><strong>:</strong></span> 
     </span>
    </p>
   </div>
   <div class='ocr_carea' id='block_1_68' title="bbox 635 5281 2214 5352">
    <p class='ocr_par' dir='ltr' id='par_1_68' title="bbox 635 5281 2214 5352">
     <span class='ocr_line' id='line_1_68' title="bbox 635 5281 2214 5352; baseline 0.004 -19"><span class='ocrx_word' id='word_1_455' title='bbox 635 5301 652 5333; x_wconf 75' lang='grc' dir='ltr'><strong>ι</strong></span> <span class='ocrx_word' id='word_1_456' title='bbox 701 5281 758 5337; x_wconf 88' lang='lat' dir='ltr'><strong>Si</strong></span> <span class='ocrx_word' id='word_1_457' title='bbox 789 5297 904 5352; x_wconf 90' lang='lat' dir='ltr'><strong>pes,</strong></span> <span class='ocrx_word' id='word_1_458' title='bbox 947 5297 1134 5337; x_wconf 91' lang='lat' dir='ltr'><strong>manus</strong></span> <span class='ocrx_word' id='word_1_459' title='bbox 1162 5283 1416 5339; x_wconf 90' lang='lat' dir='ltr'><strong>oculusve</strong></span> <span class='ocrx_word' id='word_1_460' title='bbox 1447 5293 1571 5340; x_wconf 91' lang='lat' dir='ltr'><strong>tuus</strong></span> <span class='ocrx_word' id='word_1_461' title='bbox 1601 5284 1934 5340; x_wconf 87' lang='lat' dir='ltr'><strong>scandalizat</strong></span> <span class='ocrx_word' id='word_1_462' title='bbox 1962 5293 2034 5351; x_wconf 90' lang='lat' dir='ltr'><strong>te,</strong></span> <span class='ocrx_word' id='word_1_463' title='bbox 2082 5299 2214 5340; x_wconf 89' lang='lat' dir='ltr'><strong>erue</strong></span> 
     </span>
    </p>
   </div>
   <div class='ocr_carea' id='block_1_69' title="bbox 636 5376 1833 5450">
    <p class='ocr_par' dir='ltr' id='par_1_69' title="bbox 636 5376 1833 5450">
     <span class='ocr_line' id='line_1_69' title="bbox 636 5376 1833 5450; baseline 0.001 -22"><span class='ocrx_word' id='word_1_464' title='bbox 636 5395 654 5428; x_wconf 74' lang='grc' dir='ltr'><strong>ι</strong></span> <span class='ocrx_word' id='word_1_465' title='bbox 701 5376 814 5444; x_wconf 68' lang='lat' dir='ltr'><strong>iila,</strong></span> <span class='ocrx_word' id='word_1_466' title='bbox 847 5387 902 5432; x_wconf 92' lang='lat' dir='ltr'><strong>et</strong></span> <span class='ocrx_word' id='word_1_467' title='bbox 924 5377 1127 5448; x_wconf 92' lang='lat' dir='ltr'><strong>projice</strong></span> <span class='ocrx_word' id='word_1_468' title='bbox 1154 5379 1251 5431; x_wconf 90' lang='lat' dir='ltr'><strong>abs</strong></span> <span class='ocrx_word' id='word_1_469' title='bbox 1275 5388 1327 5432; x_wconf 91' lang='lat' dir='ltr'><strong>te</strong></span> <span class='ocrx_word' id='word_1_470' title='bbox 1354 5377 1568 5449; x_wconf 77' lang='lat' dir='ltr'><strong>(Matth.</strong></span> <span class='ocrx_word' id='word_1_471' title='bbox 1600 5377 1777 5450; x_wconf 80' lang='lat' dir='ltr'><strong>xvm).</strong></span> <span class='ocrx_word' id='word_1_472' title='bbox 1815 5396 1833 5429; x_wconf 74' lang='grc' dir='ltr'><strong>ι</strong></span> 
     </span>
    </p>
   </div>
   <div class='ocr_carea' id='block_1_70' title="bbox 628 5490 2214 5562">
    <p class='ocr_par' dir='ltr' id='par_1_70' title="bbox 628 5490 2214 5562">
     <span class='ocr_line' id='line_1_70' title="bbox 628 5490 2214 5562; baseline -0.001 -15"><span class='ocrx_word' id='word_1_473' title='bbox 628 5491 753 5547; x_wconf 71' lang='lat' dir='ltr'><strong>CAP.</strong></span> <span class='ocrx_word' id='word_1_474' title='bbox 787 5490 894 5546; x_wconf 85' lang='lat' dir='ltr'><strong>Vll.</strong></span> <span class='ocrx_word' id='word_1_475' title='bbox 921 5522 992 5532; x_wconf 93' lang='lat'>—</span> <span class='ocrx_word' id='word_1_476' title='bbox 1038 5490 1114 5545; x_wconf 88' lang='lat' dir='ltr'><strong>De</strong></span> <span class='ocrx_word' id='word_1_477' title='bbox 1146 5501 1398 5561; x_wconf 82' lang='lat' dir='ltr'><strong>potestate</strong></span> <span class='ocrx_word' id='word_1_478' title='bbox 1439 5494 1795 5562; x_wconf 85' lang='lat' dir='ltr'><strong>episcoporum</strong></span> <span class='ocrx_word' id='word_1_479' title='bbox 1831 5507 1989 5561; x_wconf 86' lang='lat' dir='ltr'><strong>super</strong></span> <span class='ocrx_word' id='word_1_480' title='bbox 2016 5508 2097 5546; x_wconf 91' lang='lat' dir='ltr'><strong>res</strong></span> <span class='ocrx_word' id='word_1_481' title='bbox 2129 5509 2214 5546; x_wconf 84' lang='lat' dir='ltr'><strong>cc-</strong></span> 
     </span>
    </p>
   </div>
   <div class='ocr_carea' id='block_1_71' title="bbox 695 5563 2242 5633">
    <p class='ocr_par' dir='ltr' id='par_1_71' title="bbox 695 5563 2242 5633">
     <span class='ocr_line' id='line_1_71' title="bbox 695 5563 2242 5633; baseline -0.001 -15"><span class='ocrx_word' id='word_1_482' title='bbox 695 5563 1031 5624; x_wconf 83' lang='lat' dir='ltr'><strong>clesiasticas,</strong></span> <span class='ocrx_word' id='word_1_483' title='bbox 1055 5579 1333 5633; x_wconf 85' lang='lat' dir='ltr'><strong>eorumque</strong></span> <span class='ocrx_word' id='word_1_484' title='bbox 1353 5564 1706 5616; x_wconf 81' lang='lat' dir='ltr'><strong>convenientia</strong></span> <span class='ocrx_word' id='word_1_485' title='bbox 1727 5579 1842 5616; x_wconf 88' lang='lat' dir='ltr'><strong>cum</strong></span> <span class='ocrx_word' id='word_1_486' title='bbox 1859 5563 2030 5627; x_wconf 77' lang='lat' dir='ltr'><strong>laieis,</strong></span> <span class='ocrx_word' id='word_1_487' title='bbox 2053 5563 2242 5633; x_wconf 80' lang='lat' dir='ltr'><strong>deque,</strong></span> 
     </span>
    </p>
   </div>
   <div class='ocr_carea' id='block_1_72' title="bbox 697 5633 1614 5702">
    <p class='ocr_par' dir='ltr' id='par_1_72' title="bbox 697 5633 1614 5702">
     <span class='ocr_line' id='line_1_72' title="bbox 697 5633 1614 5702; baseline 0 -16"><span class='ocrx_word' id='word_1_488' title='bbox 697 5633 1063 5687; x_wconf 83' lang='lat' dir='ltr'><strong>abominandis</strong></span> <span class='ocrx_word' id='word_1_489' title='bbox 1087 5633 1336 5702; x_wconf 84' lang='lat' dir='ltr'><strong>perversis</strong></span> <span class='ocrx_word' id='word_1_490' title='bbox 1363 5633 1614 5701; x_wconf 65' lang='lat' dir='ltr'><strong>praemiis.</strong></span> 
     </span>
    </p>
   </div>
   <div class='ocr_carea' id='block_1_73' title="bbox 704 5741 2215 5810">
    <p class='ocr_par' dir='ltr' id='par_1_73' title="bbox 704 5741 2215 5810">
     <span class='ocr_line' id='line_1_73' title="bbox 704 5741 2215 5810; baseline 0.003 -14"><span class='ocrx_word' id='word_1_491' title='bbox 704 5741 772 5796; x_wconf 87' lang='lat' dir='ltr'><strong>Ut</strong></span> <span class='ocrx_word' id='word_1_492' title='bbox 805 5742 1044 5810; x_wconf 90' lang='lat' dir='ltr'><strong>episcopi</strong></span> <span class='ocrx_word' id='word_1_493' title='bbox 1091 5751 1415 5810; x_wconf 88' lang='lat' dir='ltr'><strong>potestatem</strong></span> <span class='ocrx_word' id='word_1_494' title='bbox 1439 5743 1676 5798; x_wconf 90' lang='lat' dir='ltr'><strong>habeant</strong></span> <span class='ocrx_word' id='word_1_495' title='bbox 1701 5759 1787 5800; x_wconf 90' lang='lat' dir='ltr'><strong>res</strong></span> <span class='ocrx_word' id='word_1_496' title='bbox 1815 5745 2215 5800; x_wconf 90' lang='lat' dir='ltr'><strong>ecclesiasticas</strong></span> 
     </span>
    </p>
   </div>
   <div class='ocr_carea' id='block_1_74' title="bbox 633 5830 2210 5906">
    <p class='ocr_par' dir='ltr' id='par_1_74' title="bbox 633 5830 2210 5906">
     <span class='ocr_line' id='line_1_74' title="bbox 633 5830 2210 5906; baseline 0.006 -24"><span class='ocrx_word' id='word_1_497' title='bbox 633 5830 953 5892; x_wconf 66' lang='lat' dir='ltr'><strong>praevidere,</strong></span> <span class='ocrx_word' id='word_1_498' title='bbox 998 5843 1207 5893; x_wconf 74' lang='lat' dir='ltr'><strong>regere,</strong></span> <span class='ocrx_word' id='word_1_499' title='bbox 1235 5841 1290 5885; x_wconf 94' lang='lat' dir='ltr'><strong>et</strong></span> <span class='ocrx_word' id='word_1_500' title='bbox 1315 5834 1637 5898; x_wconf 74' lang='lat' dir='ltr'><strong>gubernare,</strong></span> <span class='ocrx_word' id='word_1_501' title='bbox 1687 5845 1848 5906; x_wconf 80' lang='lat' dir='ltr'><strong>atque</strong></span> <span class='ocrx_word' id='word_1_502' title='bbox 1871 5837 2210 5900; x_wconf 77' lang='lat' dir='ltr'><strong>dispensare,</strong></span> 
     </span>
    </p>
   </div>
   <div class='ocr_carea' id='block_1_75' title="bbox 2321 1962 3728 2034">
    <p class='ocr_par' dir='ltr' id='par_1_75' title="bbox 2321 1962 3728 2034">
     <span class='ocr_line' id='line_1_75' title="bbox 2321 1962 3728 2034; baseline 0.003 -19"><span class='ocrx_word' id='word_1_503' title='bbox 2321 1962 2663 2032; x_wconf 88' lang='lat' dir='ltr'><strong>episcopatus</strong></span> <span class='ocrx_word' id='word_1_504' title='bbox 2717 1963 2798 2017; x_wconf 88' lang='lat' dir='ltr'><strong>vel</strong></span> <span class='ocrx_word' id='word_1_505' title='bbox 2823 1963 3116 2018; x_wconf 90' lang='lat' dir='ltr'><strong>clericatus</strong></span> <span class='ocrx_word' id='word_1_506' title='bbox 3156 1965 3239 2019; x_wconf 89' lang='lat' dir='ltr'><strong>sui</strong></span> <span class='ocrx_word' id='word_1_507' title='bbox 3283 1980 3427 2034; x_wconf 81' lang='lat' dir='ltr'><strong>agros</strong></span> <span class='ocrx_word' id='word_1_508' title='bbox 3443 1965 3510 2019; x_wconf 87' lang='lat' dir='ltr'><strong>vel</strong></span> <span class='ocrx_word' id='word_1_509' title='bbox 3530 1981 3728 2034; x_wconf 69' lang='lat' dir='ltr'><strong>quacunque</strong></span> 
     </span>
    </p>
   </div>
   <div class='ocr_carea' id='block_1_76' title="bbox 2317 2053 3714 2124">
    <p class='ocr_par' dir='ltr' id='par_1_76' title="bbox 2317 2053 3714 2124">
     <span class='ocr_line' id='line_1_76' title="bbox 2317 2053 3714 2124; baseline 0 -18"><span class='ocrx_word' id='word_1_510' title='bbox 2317 2053 2517 2124; x_wconf 67' lang='lat' dir='ltr'><strong>praedia</strong></span> <span class='ocrx_word' id='word_1_511' title='bbox 2547 2068 2645 2108; x_wconf 91' lang='lat' dir='ltr'><strong>suo</strong></span> <span class='ocrx_word' id='word_1_512' title='bbox 2667 2054 2883 2108; x_wconf 92' lang='lat' dir='ltr'><strong>nomine</strong></span> <span class='ocrx_word' id='word_1_513' title='bbox 2911 2062 3254 2124; x_wconf 88' lang='lat' dir='ltr'><strong>comparant,</strong></span> <span class='ocrx_word' id='word_1_514' title='bbox 3285 2063 3508 2124; x_wconf 88' lang='lat' dir='ltr'><strong>tanquam</strong></span> <span class='ocrx_word' id='word_1_515' title='bbox 3531 2069 3650 2108; x_wconf 85' lang='lat' dir='ltr'><strong>rerum</strong></span> <span class='ocrx_word' id='word_1_516' title='bbox 3673 2053 3714 2106; x_wconf 80' lang='lat' dir='ltr'><strong>Do</strong></span> 
     </span>
    </p>
   </div>
   <div class='ocr_carea' id='block_1_77' title="bbox 2318 2143 3728 2210">
    <p class='ocr_par' dir='ltr' id='par_1_77' title="bbox 2318 2143 3728 2210">
     <span class='ocr_line' id='line_1_77' title="bbox 2318 2143 3728 2210; baseline -0.002 -12"><span class='ocrx_word' id='word_1_517' title='bbox 2318 2143 2639 2198; x_wconf 83' lang='lat' dir='ltr'><strong>minicarum</strong></span> <span class='ocrx_word' id='word_1_518' title='bbox 2679 2145 2968 2199; x_wconf 91' lang='lat' dir='ltr'><strong>invasionis</strong></span> <span class='ocrx_word' id='word_1_519' title='bbox 2989 2145 3225 2199; x_wconf 87' lang='lat' dir='ltr'><strong>crimine</strong></span> <span class='ocrx_word' id='word_1_520' title='bbox 3249 2154 3523 2210; x_wconf 86' lang='lat' dir='ltr'><strong>teneantur,</strong></span> <span class='ocrx_word' id='word_1_521' title='bbox 3545 2145 3614 2196; x_wconf 85' lang='lat' dir='ltr'><strong>nisi</strong></span> <span class='ocrx_word' id='word_1_522' title='bbox 3631 2145 3728 2196; x_wconf 74' lang='lat' dir='ltr'><strong>admo-</strong></span> 
     </span>
    </p>
   </div>
   <div class='ocr_carea' id='block_1_78' title="bbox 2319 2236 3727 2306">
    <p class='ocr_par' dir='ltr' id='par_1_78' title="bbox 2319 2236 3727 2306">
     <span class='ocr_line' id='line_1_78' title="bbox 2319 2236 3727 2306; baseline -0.004 -13"><span class='ocrx_word' id='word_1_523' title='bbox 2319 2240 2416 2294; x_wconf 88' lang='lat' dir='ltr'><strong>niti</strong></span> <span class='ocrx_word' id='word_1_524' title='bbox 2443 2238 2686 2295; x_wconf 74' lang='lat' dir='ltr'><strong>ecclesia:</strong></span> <span class='ocrx_word' id='word_1_525' title='bbox 2711 2241 2898 2294; x_wconf 90' lang='lat' dir='ltr'><strong>eadem</strong></span> <span class='ocrx_word' id='word_1_526' title='bbox 2925 2241 3040 2306; x_wconf 87' lang='lat' dir='ltr'><strong>ipsa</strong></span> <span class='ocrx_word' id='word_1_527' title='bbox 3077 2237 3408 2294; x_wconf 89' lang='lat' dir='ltr'><strong>contulerint.</strong></span> <span class='ocrx_word' id='word_1_528' title='bbox 3449 2237 3495 2291; x_wconf 91' lang='lat' dir='ltr'><strong>Si</strong></span> <span class='ocrx_word' id='word_1_529' title='bbox 3520 2245 3642 2289; x_wconf 83' lang='lat' dir='ltr'><strong>autem</strong></span> <span class='ocrx_word' id='word_1_530' title='bbox 3660 2236 3727 2303; x_wconf 68' lang='lat' dir='ltr'><strong>ipsis</strong></span> 
     </span>
    </p>
   </div>
   <div class='ocr_carea' id='block_1_79' title="bbox 2319 2328 3726 2401">
    <p class='ocr_par' dir='ltr' id='par_1_79' title="bbox 2319 2328 3726 2401">
     <span class='ocr_line' id='line_1_79' title="bbox 2319 2328 3726 2401; baseline -0.006 -17"><span class='ocrx_word' id='word_1_531' title='bbox 2319 2332 2522 2401; x_wconf 90' lang='lat' dir='ltr'><strong>proprii</strong></span> <span class='ocrx_word' id='word_1_532' title='bbox 2560 2331 2766 2400; x_wconf 89' lang='lat' dir='ltr'><strong>aliquid</strong></span> <span class='ocrx_word' id='word_1_533' title='bbox 2795 2329 3126 2384; x_wconf 87' lang='lat' dir='ltr'><strong>liberalitate</strong></span> <span class='ocrx_word' id='word_1_534' title='bbox 3155 2328 3391 2397; x_wconf 87' lang='lat' dir='ltr'><strong>alicujus,</strong></span> <span class='ocrx_word' id='word_1_535' title='bbox 3425 2328 3493 2382; x_wconf 82' lang='lat' dir='ltr'><strong>vel</strong></span> <span class='ocrx_word' id='word_1_536' title='bbox 3518 2329 3726 2382; x_wconf 55' lang='lat' dir='ltr'><strong>successum</strong></span> 
     </span>
    </p>
   </div>
   <div class='ocr_carea' id='block_1_80' title="bbox 2319 2421 3729 2494">
    <p class='ocr_par' dir='ltr' id='par_1_80' title="bbox 2319 2421 3729 2494">
     <span class='ocr_line' id='line_1_80' title="bbox 2319 2421 3729 2494; baseline -0.009 -16"><span class='ocrx_word' id='word_1_537' title='bbox 2319 2423 2656 2494; x_wconf 89' lang='lat' dir='ltr'><strong>cognationis</strong></span> <span class='ocrx_word' id='word_1_538' title='bbox 2683 2423 2986 2486; x_wconf 86' lang='lat' dir='ltr'><strong>obvenerit,</strong></span> <span class='ocrx_word' id='word_1_539' title='bbox 3015 2421 3220 2475; x_wconf 87' lang='lat' dir='ltr'><strong>faciant</strong></span> <span class='ocrx_word' id='word_1_540' title='bbox 3247 2421 3364 2474; x_wconf 88' lang='lat' dir='ltr'><strong>inde</strong></span> <span class='ocrx_word' id='word_1_541' title='bbox 3386 2421 3502 2490; x_wconf 89' lang='lat' dir='ltr'><strong>quod</strong></span> <span class='ocrx_word' id='word_1_542' title='bbox 3523 2434 3648 2472; x_wconf 85' lang='lat' dir='ltr'><strong>eorum</strong></span> <span class='ocrx_word' id='word_1_543' title='bbox 3665 2431 3729 2485; x_wconf 66' lang='lat' dir='ltr'><strong>poi»</strong></span> 
     </span>
    </p>
   </div>
   <div class='ocr_carea' id='block_1_81' title="bbox 2317 2513 3726 2584">
    <p class='ocr_par' dir='ltr' id='par_1_81' title="bbox 2317 2513 3726 2584">
     <span class='ocr_line' id='line_1_81' title="bbox 2317 2513 3726 2584; baseline -0.008 -15"><span class='ocrx_word' id='word_1_544' title='bbox 2317 2515 2494 2584; x_wconf 88' lang='lat' dir='ltr'><strong>posito</strong></span> <span class='ocrx_word' id='word_1_545' title='bbox 2517 2515 2791 2569; x_wconf 81' lang='lat' dir='ltr'><strong>convenit.</strong></span> <span class='ocrx_word' id='word_1_546' title='bbox 2840 2514 2994 2582; x_wconf 85' lang='lat' dir='ltr'><strong>Quod</strong></span> <span class='ocrx_word' id='word_1_547' title='bbox 3029 2514 3076 2568; x_wconf 89' lang='lat' dir='ltr'><strong>si</strong></span> <span class='ocrx_word' id='word_1_548' title='bbox 3103 2530 3134 2568; x_wconf 89' lang='lat' dir='ltr'><strong>a</strong></span> <span class='ocrx_word' id='word_1_549' title='bbox 3161 2530 3258 2569; x_wconf 89' lang='lat' dir='ltr'><strong>suo</strong></span> <span class='ocrx_word' id='word_1_550' title='bbox 3284 2513 3520 2584; x_wconf 88' lang='lat' dir='ltr'><strong>proposito</strong></span> <span class='ocrx_word' id='word_1_551' title='bbox 3555 2523 3726 2565; x_wconf 65' lang='lat' dir='ltr'><strong>retrorsus</strong></span> 
     </span>
    </p>
   </div>
   <div class='ocr_carea' id='block_1_82' title="bbox 2318 2603 3726 2672">
    <p class='ocr_par' dir='ltr' id='par_1_82' title="bbox 2318 2603 3726 2672">
     <span class='ocr_line' id='line_1_82' title="bbox 2318 2603 3726 2672; baseline -0.006 -13"><span class='ocrx_word' id='word_1_552' title='bbox 2318 2605 2768 2670; x_wconf 76' lang='lat' dir='ltr'><strong>exorbitaverint,</strong></span> <span class='ocrx_word' id='word_1_553' title='bbox 2791 2605 2998 2660; x_wconf 88' lang='lat' dir='ltr'><strong>honore</strong></span> <span class='ocrx_word' id='word_1_554' title='bbox 3021 2606 3388 2660; x_wconf 87' lang='lat' dir='ltr'><strong>ecclesiastico</strong></span> <span class='ocrx_word' id='word_1_555' title='bbox 3405 2603 3562 2672; x_wconf 77' lang='lat' dir='ltr'><strong>indigni</strong></span> <span class='ocrx_word' id='word_1_556' title='bbox 3583 2613 3726 2668; x_wconf 71' lang='lat' dir='ltr'><strong>unquis</strong></span> 
     </span>
    </p>
   </div>
   <div class='ocr_carea' id='block_1_83' title="bbox 2319 2695 3724 2768">
    <p class='ocr_par' dir='ltr' id='par_1_83' title="bbox 2319 2695 3724 2768">
     <span class='ocr_line' id='line_1_83' title="bbox 2319 2695 3724 2768; baseline -0.005 -20"><span class='ocrx_word' id='word_1_557' title='bbox 2319 2695 2535 2764; x_wconf 87' lang='lat' dir='ltr'><strong>reprobi</strong></span> <span class='ocrx_word' id='word_1_558' title='bbox 2582 2695 2912 2765; x_wconf 90' lang='lat' dir='ltr'><strong>judicentur.</strong></span> <span class='ocrx_word' id='word_1_559' title='bbox 2982 2695 3296 2768; x_wconf 84' lang='lat' dir='ltr'><strong>Presbyteri</strong></span> <span class='ocrx_word' id='word_1_560' title='bbox 3331 2709 3442 2748; x_wconf 88' lang='lat' dir='ltr'><strong>vero</strong></span> <span class='ocrx_word' id='word_1_561' title='bbox 3486 2709 3563 2747; x_wconf 87' lang='lat' dir='ltr'><strong>non</strong></span> <span class='ocrx_word' id='word_1_562' title='bbox 3595 2695 3724 2745; x_wconf 69' lang='lat' dir='ltr'><strong>tendant</strong></span> 
     </span>
    </p>
   </div>
   <div class='ocr_carea' id='block_1_84' title="bbox 2321 2785 3724 2851">
    <p class='ocr_par' dir='ltr' id='par_1_84' title="bbox 2321 2785 3724 2851">
     <span class='ocr_line' id='line_1_84' title="bbox 2321 2785 3724 2851; baseline -0.005 -11"><span class='ocrx_word' id='word_1_563' title='bbox 2321 2802 2434 2841; x_wconf 92' lang='lat' dir='ltr'><strong>rem</strong></span> <span class='ocrx_word' id='word_1_564' title='bbox 2463 2787 2710 2843; x_wconf 61' lang='lat' dir='ltr'><strong>ecclesia</strong></span> <span class='ocrx_word' id='word_1_565' title='bbox 2752 2789 2844 2842; x_wconf 91' lang='lat' dir='ltr'><strong>ubi</strong></span> <span class='ocrx_word' id='word_1_566' title='bbox 2872 2797 2998 2842; x_wconf 86' lang='lat' dir='ltr'><strong>sunt</strong></span> <span class='ocrx_word' id='word_1_567' title='bbox 3023 2788 3327 2851; x_wconf 90' lang='lat' dir='ltr'><strong>constituti,</strong></span> <span class='ocrx_word' id='word_1_568' title='bbox 3376 2785 3645 2841; x_wconf 81' lang='lat' dir='ltr'><strong>nescientibus</strong></span> <span class='ocrx_word' id='word_1_569' title='bbox 3664 2787 3724 2850; x_wconf 74' lang='lat' dir='ltr'><strong>rpi-</strong></span> 
     </span>
    </p>
   </div>
   <div class='ocr_carea' id='block_1_85' title="bbox 2319 2874 3726 2948">
    <p class='ocr_par' dir='ltr' id='par_1_85' title="bbox 2319 2874 3726 2948">
     <span class='ocr_line' id='line_1_85' title="bbox 2319 2874 3726 2948; baseline -0.003 -16"><span class='ocrx_word' id='word_1_570' title='bbox 2319 2880 2499 2948; x_wconf 91' lang='lat' dir='ltr'><strong>scopis</strong></span> <span class='ocrx_word' id='word_1_571' title='bbox 2537 2879 2671 2945; x_wconf 91' lang='lat' dir='ltr'><strong>suis,</strong></span> <span class='ocrx_word' id='word_1_572' title='bbox 2717 2895 2825 2934; x_wconf 92' lang='lat' dir='ltr'><strong>non</strong></span> <span class='ocrx_word' id='word_1_573' title='bbox 2855 2881 3122 2935; x_wconf 86' lang='lat' dir='ltr'><strong>habentes</strong></span> <span class='ocrx_word' id='word_1_574' title='bbox 3161 2879 3518 2934; x_wconf 86' lang='lat' dir='ltr'><strong>necessitatem.</strong></span> <span class='ocrx_word' id='word_1_575' title='bbox 3573 2874 3642 2928; x_wconf 76' lang='lat' dir='ltr'><strong>Nec</strong></span> <span class='ocrx_word' id='word_1_576' title='bbox 3666 2874 3726 2939; x_wconf 77' lang='lat' dir='ltr'><strong>cpi-</strong></span> 
     </span>
    </p>
   </div>
   <div class='ocr_carea' id='block_1_86' title="bbox 2319 2967 3723 3040">
    <p class='ocr_par' dir='ltr' id='par_1_86' title="bbox 2319 2967 3723 3040">
     <span class='ocr_line' id='line_1_86' title="bbox 2319 2967 3723 3040; baseline -0.006 -15"><span class='ocrx_word' id='word_1_577' title='bbox 2319 2985 2484 3040; x_wconf 91' lang='lat' dir='ltr'><strong>scopo</strong></span> <span class='ocrx_word' id='word_1_578' title='bbox 2523 2971 2686 3026; x_wconf 89' lang='lat' dir='ltr'><strong>liceat</strong></span> <span class='ocrx_word' id='word_1_579' title='bbox 2711 2972 2953 3027; x_wconf 88' lang='lat' dir='ltr'><strong>matricis</strong></span> <span class='ocrx_word' id='word_1_580' title='bbox 2980 2971 3232 3028; x_wconf 66' lang='lat' dir='ltr'><strong>ecclesiae</strong></span> <span class='ocrx_word' id='word_1_581' title='bbox 3256 2988 3364 3026; x_wconf 89' lang='lat' dir='ltr'><strong>rem</strong></span> <span class='ocrx_word' id='word_1_582' title='bbox 3389 2970 3502 3025; x_wconf 90' lang='lat' dir='ltr'><strong>tituli</strong></span> <span class='ocrx_word' id='word_1_583' title='bbox 3524 2969 3582 3023; x_wconf 86' lang='lat' dir='ltr'><strong>sui</strong></span> <span class='ocrx_word' id='word_1_584' title='bbox 3603 2967 3723 3020; x_wconf 79' lang='lat' dir='ltr'><strong>nomine</strong></span> 
     </span>
    </p>
   </div>
   <div class='ocr_carea' id='block_1_87' title="bbox 2317 3082 2603 3138">
    <p class='ocr_par' dir='ltr' id='par_1_87' title="bbox 2317 3082 2603 3138">
     <span class='ocr_line' id='line_1_87' title="bbox 2317 3082 2603 3138; baseline 0 -18"><span class='ocrx_word' id='word_1_585' title='bbox 2317 3082 2603 3138; x_wconf 89' lang='lat' dir='ltr'><strong>usurpare.</strong></span> 
     </span>
    </p>
   </div>
   <div class='ocr_carea' id='block_1_88' title="bbox 2611 3200 3557 3259">
    <p class='ocr_par' dir='ltr' id='par_1_88' title="bbox 2611 3200 3557 3259">
     <span class='ocr_line' id='line_1_88' title="bbox 2611 3200 3557 3259; baseline -0.011 0"><span class='ocrx_word' id='word_1_586' title='bbox 2611 3202 2738 3259; x_wconf 77' lang='lat' dir='ltr'><strong>CAP.</strong></span> <span class='ocrx_word' id='word_1_587' title='bbox 2777 3203 2870 3258; x_wconf 74' lang='lat' dir='ltr'><strong>IK.</strong></span> <span class='ocrx_word' id='word_1_588' title='bbox 2893 3233 2963 3244; x_wconf 91' lang='lat'><strong>—-</strong></span> <span class='ocrx_word' id='word_1_589' title='bbox 2990 3202 3067 3257; x_wconf 87' lang='lat' dir='ltr'><strong>De</strong></span> <span class='ocrx_word' id='word_1_590' title='bbox 3095 3200 3557 3257; x_wconf 80' lang='lat' dir='ltr'><strong>manumissionilm.</strong></span> 
     </span>
    </p>
   </div>
   <div class='ocr_carea' id='block_1_89' title="bbox 2388 3325 3722 3405">
    <p class='ocr_par' dir='ltr' id='par_1_89' title="bbox 2388 3325 3722 3405">
     <span class='ocr_line' id='line_1_89' title="bbox 2388 3325 3722 3405; baseline -0.014 -14"><span class='ocrx_word' id='word_1_591' title='bbox 2388 3337 2445 3391; x_wconf 85' lang='lat' dir='ltr'><strong>In</strong></span> <span class='ocrx_word' id='word_1_592' title='bbox 2477 3334 2708 3392; x_wconf 89' lang='lat' dir='ltr'><strong>concilio</strong></span> <span class='ocrx_word' id='word_1_593' title='bbox 2741 3333 3158 3404; x_wconf 86' lang='lat' dir='ltr'><strong>Carthaginensi</strong></span> <span class='ocrx_word' id='word_1_594' title='bbox 3192 3333 3363 3405; x_wconf 86' lang='lat' dir='ltr'><strong>(Conc.</strong></span> <span class='ocrx_word' id='word_1_595' title='bbox 3402 3331 3549 3399; x_wconf 65' lang='grc' dir='ltr'><strong>Αίήε..</strong></span> <span class='ocrx_word' id='word_1_596' title='bbox 3572 3325 3722 3392; x_wconf 59' lang='lat' dir='ltr'><strong>nihil:</strong></span> 
     </span>
    </p>
   </div>
   <div class='ocr_carea' id='block_1_90' title="bbox 2316 3418 3724 3508">
    <p class='ocr_par' dir='ltr' id='par_1_90' title="bbox 2316 3418 3724 3508">
     <span class='ocr_line' id='line_1_90' title="bbox 2316 3418 3724 3508; baseline -0.011 -23"><span class='ocrx_word' id='word_1_597' title='bbox 2316 3430 2663 3486; x_wconf 86' lang='lat' dir='ltr'><strong>continetur:</strong></span> <span class='ocrx_word' id='word_1_598' title='bbox 2709 3429 2789 3483; x_wconf 93' lang='lat' dir='ltr'><strong>De</strong></span> <span class='ocrx_word' id='word_1_599' title='bbox 2839 3428 3353 3508; x_wconf 78' lang='lat' dir='ltr'><strong>manumissionibus</strong></span> <span class='ocrx_word' id='word_1_600' title='bbox 3392 3427 3437 3481; x_wconf 91' lang='lat' dir='ltr'><strong>in</strong></span> <span class='ocrx_word' id='word_1_601' title='bbox 3470 3422 3629 3479; x_wconf 77' lang='lat' dir='ltr'><strong>ecclesia</strong></span> <span class='ocrx_word' id='word_1_602' title='bbox 3653 3418 3724 3469; x_wconf 75' lang='lat' dir='ltr'><strong>cele-</strong></span> 
     </span>
    </p>
   </div>
   <div class='ocr_carea' id='block_1_91' title="bbox 2314 3509 3719 3589">
    <p class='ocr_par' dir='ltr' id='par_1_91' title="bbox 2314 3509 3719 3589">
     <span class='ocr_line' id='line_1_91' title="bbox 2314 3509 3719 3589; baseline -0.009 -12"><span class='ocrx_word' id='word_1_603' title='bbox 2314 3521 2559 3585; x_wconf 88' lang='lat' dir='ltr'><strong>brandis,</strong></span> <span class='ocrx_word' id='word_1_604' title='bbox 2587 3521 2633 3575; x_wconf 90' lang='lat' dir='ltr'><strong>si</strong></span> <span class='ocrx_word' id='word_1_605' title='bbox 2654 3520 2708 3575; x_wconf 92' lang='lat' dir='ltr'><strong>id</strong></span> <span class='ocrx_word' id='word_1_606' title='bbox 2727 3521 2898 3575; x_wconf 90' lang='lat' dir='ltr'><strong>nostri</strong></span> <span class='ocrx_word' id='word_1_607' title='bbox 2918 3519 3339 3575; x_wconf 87' lang='lat' dir='ltr'><strong>consacerdotes</strong></span> <span class='ocrx_word' id='word_1_608' title='bbox 3360 3533 3444 3589; x_wconf 85' lang='lat' dir='ltr'><strong>per</strong></span> <span class='ocrx_word' id='word_1_609' title='bbox 3459 3515 3608 3570; x_wconf 81' lang='lat' dir='ltr'><strong>Italiam</strong></span> <span class='ocrx_word' id='word_1_610' title='bbox 3623 3509 3719 3560; x_wconf 65' lang='lat' dir='ltr'><strong>hort</strong></span> 
     </span>
    </p>
   </div>
   <div class='ocr_carea' id='block_1_92' title="bbox 2317 3606 3718 3682">
    <p class='ocr_par' dir='ltr' id='par_1_92' title="bbox 2317 3606 3718 3682">
     <span class='ocr_line' id='line_1_92' title="bbox 2317 3606 3718 3682; baseline -0.011 -14"><span class='ocrx_word' id='word_1_611' title='bbox 2317 3613 2684 3682; x_wconf 90' lang='lat' dir='ltr'><strong>reperiuntur,</strong></span> <span class='ocrx_word' id='word_1_612' title='bbox 2747 3621 2946 3667; x_wconf 69' lang='lat' dir='ltr'><strong>nostrae</strong></span> <span class='ocrx_word' id='word_1_613' title='bbox 2977 3613 3147 3666; x_wconf 87' lang='lat' dir='ltr'><strong>etiam</strong></span> <span class='ocrx_word' id='word_1_614' title='bbox 3184 3612 3286 3666; x_wconf 92' lang='lat' dir='ltr'><strong>erit</strong></span> <span class='ocrx_word' id='word_1_615' title='bbox 3320 3608 3498 3663; x_wconf 74' lang='lat' dir='ltr'><strong>fiducia:</strong></span> <span class='ocrx_word' id='word_1_616' title='bbox 3517 3606 3664 3659; x_wconf 83' lang='lat' dir='ltr'><strong>istorum</strong></span> <span class='ocrx_word' id='word_1_617' title='bbox 3678 3612 3718 3644; x_wconf 69' lang='grc' dir='ltr'><strong>ίεῖ-</strong></span> 
     </span>
    </p>
   </div>
   <div class='ocr_carea' id='block_1_93' title="bbox 2321 3695 3719 3774">
    <p class='ocr_par' dir='ltr' id='par_1_93' title="bbox 2321 3695 3719 3774">
     <span class='ocr_line' id='line_1_93' title="bbox 2321 3695 3719 3774; baseline -0.008 -15"><span class='ocrx_word' id='word_1_618' title='bbox 2321 3705 2502 3760; x_wconf 84' lang='lat' dir='ltr'><strong>dinem</strong></span> <span class='ocrx_word' id='word_1_619' title='bbox 2552 3705 2727 3774; x_wconf 91' lang='lat' dir='ltr'><strong>sequi,</strong></span> <span class='ocrx_word' id='word_1_620' title='bbox 2790 3705 2914 3758; x_wconf 90' lang='lat' dir='ltr'><strong>data</strong></span> <span class='ocrx_word' id='word_1_621' title='bbox 2953 3703 3120 3774; x_wconf 87' lang='lat' dir='ltr'><strong>plane</strong></span> <span class='ocrx_word' id='word_1_622' title='bbox 3167 3703 3373 3758; x_wconf 87' lang='lat' dir='ltr'><strong>licentia</strong></span> <span class='ocrx_word' id='word_1_623' title='bbox 3405 3700 3536 3754; x_wconf 88' lang='lat' dir='ltr'><strong>misso</strong></span> <span class='ocrx_word' id='word_1_624' title='bbox 3567 3695 3719 3761; x_wconf 66' lang='grc' dir='ltr'><strong>Ιεεαιῡίει</strong></span> 
     </span>
    </p>
   </div>
   <div class='ocr_carea' id='block_1_94' title="bbox 2316 3782 3720 3867">
    <p class='ocr_par' dir='ltr' id='par_1_94' title="bbox 2316 3782 3720 3867">
     <span class='ocr_line' id='line_1_94' title="bbox 2316 3782 3720 3867; baseline -0.012 -15"><span class='ocrx_word' id='word_1_625' title='bbox 2316 3812 2650 3867; x_wconf 69' lang='lat' dir='ltr'><strong>quaecunque</strong></span> <span class='ocrx_word' id='word_1_626' title='bbox 2682 3797 2840 3866; x_wconf 88' lang='lat' dir='ltr'><strong>digna</strong></span> <span class='ocrx_word' id='word_1_627' title='bbox 2881 3795 2984 3850; x_wconf 86' lang='lat' dir='ltr'><strong>fide</strong></span> <span class='ocrx_word' id='word_1_628' title='bbox 3024 3811 3128 3866; x_wconf 92' lang='lat' dir='ltr'><strong>pro</strong></span> <span class='ocrx_word' id='word_1_629' title='bbox 3157 3805 3302 3850; x_wconf 79' lang='lat' dir='ltr'><strong>statu</strong></span> <span class='ocrx_word' id='word_1_630' title='bbox 3336 3791 3544 3848; x_wconf 69' lang='lat' dir='ltr'><strong>Ecclesia:</strong></span> <span class='ocrx_word' id='word_1_631' title='bbox 3571 3795 3606 3839; x_wconf 79' lang='lat' dir='ltr'><strong>ri</strong></span> <span class='ocrx_word' id='word_1_632' title='bbox 3631 3782 3720 3835; x_wconf 70' lang='grc' dir='ltr'>ςιῒιιιε</span> 
     </span>
    </p>
   </div>
   <div class='ocr_carea' id='block_1_95' title="bbox 2235 3877 3719 3960">
    <p class='ocr_par' dir='ltr' id='par_1_95' title="bbox 2235 3877 3719 3960">
     <span class='ocr_line' id='line_1_95' title="bbox 2235 3877 3719 3960; baseline -0.013 -15"><span class='ocrx_word' id='word_1_633' title='bbox 2235 3897 2240 3902; x_wconf 87' lang='grc'><em>’</em></span> <span class='ocrx_word' id='word_1_634' title='bbox 2316 3890 2621 3943; x_wconf 86' lang='lat' dir='ltr'><strong>animarum</strong></span> <span class='ocrx_word' id='word_1_635' title='bbox 2661 3903 2820 3960; x_wconf 88' lang='lat' dir='ltr'><strong>agere</strong></span> <span class='ocrx_word' id='word_1_636' title='bbox 2860 3889 3161 3958; x_wconf 91' lang='lat' dir='ltr'><strong>potuerint,</strong></span> <span class='ocrx_word' id='word_1_637' title='bbox 3227 3902 3322 3942; x_wconf 88' lang='lat' dir='ltr'><strong>nos</strong></span> <span class='ocrx_word' id='word_1_638' title='bbox 3347 3887 3491 3942; x_wconf 86' lang='lat' dir='ltr'><strong>sciant</strong></span> <span class='ocrx_word' id='word_1_639' title='bbox 3521 3877 3719 3934; x_wconf 48' lang='lat' dir='ltr'><strong>laudabis-Fr</strong></span> 
     </span>
    </p>
   </div>
   <div class='ocr_carea' id='block_1_96' title="bbox 2316 3981 3307 4051">
    <p class='ocr_par' dir='ltr' id='par_1_96' title="bbox 2316 3981 3307 4051">
     <span class='ocr_line' id='line_1_96' title="bbox 2316 3981 3307 4051; baseline -0.001 -16"><span class='ocrx_word' id='word_1_640' title='bbox 2316 3981 2370 4036; x_wconf 91' lang='lat' dir='ltr'><strong>in</strong></span> <span class='ocrx_word' id='word_1_641' title='bbox 2405 3990 2699 4050; x_wconf 88' lang='lat' dir='ltr'><strong>conspectu</strong></span> <span class='ocrx_word' id='word_1_642' title='bbox 2727 3981 2940 4036; x_wconf 88' lang='lat' dir='ltr'><strong>Domini</strong></span> <span class='ocrx_word' id='word_1_643' title='bbox 2969 3991 3307 4051; x_wconf 88' lang='lat' dir='ltr'><strong>accepturos.</strong></span> 
     </span>
    </p>
   </div>
   <div class='ocr_carea' id='block_1_97' title="bbox 2314 4104 3715 4183">
    <p class='ocr_par' dir='ltr' id='par_1_97' title="bbox 2314 4104 3715 4183">
     <span class='ocr_line' id='line_1_97' title="bbox 2314 4104 3715 4183; baseline -0.01 -14"><span class='ocrx_word' id='word_1_644' title='bbox 2314 4113 2444 4170; x_wconf 80' lang='lat' dir='ltr'><strong>CAP.</strong></span> <span class='ocrx_word' id='word_1_645' title='bbox 2477 4113 2547 4167; x_wconf 85' lang='grc' dir='ltr'><strong>Χ.</strong></span> <span class='ocrx_word' id='word_1_646' title='bbox 2575 4143 2642 4155; x_wconf 91' lang='grc'><strong><em>-</em></strong></span> <span class='ocrx_word' id='word_1_647' title='bbox 2667 4113 2741 4167; x_wconf 90' lang='lat' dir='ltr'><strong>De</strong></span> <span class='ocrx_word' id='word_1_648' title='bbox 2765 4114 2976 4167; x_wconf 78' lang='lat' dir='ltr'><strong>decimis</strong></span> <span class='ocrx_word' id='word_1_649' title='bbox 3007 4115 3202 4169; x_wconf 85' lang='lat' dir='ltr'><strong>dandis</strong></span> <span class='ocrx_word' id='word_1_650' title='bbox 3233 4125 3278 4169; x_wconf 88' lang='lat' dir='ltr'><strong>et</strong></span> <span class='ocrx_word' id='word_1_651' title='bbox 3300 4115 3348 4167; x_wconf 89' lang='lat' dir='ltr'><strong>in</strong></span> <span class='ocrx_word' id='word_1_652' title='bbox 3367 4121 3549 4183; x_wconf 78' lang='lat' dir='ltr'><strong>quatuor</strong></span> <span class='ocrx_word' id='word_1_653' title='bbox 3567 4104 3715 4175; x_wconf 65' lang='lat' dir='ltr'><strong>porticm</strong></span> 
     </span>
    </p>
   </div>
   <div class='ocr_carea' id='block_1_98' title="bbox 2956 4185 3270 4240">
    <p class='ocr_par' dir='ltr' id='par_1_98' title="bbox 2956 4185 3270 4240">
     <span class='ocr_line' id='line_1_98' title="bbox 2956 4185 3270 4240; baseline 0.003 -3"><span class='ocrx_word' id='word_1_654' title='bbox 2956 4185 3270 4240; x_wconf 74' lang='lat' dir='ltr'><strong>dividendis.</strong></span> 
     </span>
    </p>
   </div>
   <div class='ocr_carea' id='block_1_99' title="bbox 2385 4305 3713 4393">
    <p class='ocr_par' dir='ltr' id='par_1_99' title="bbox 2385 4305 3713 4393">
     <span class='ocr_line' id='line_1_99' title="bbox 2385 4305 3713 4393; baseline -0.014 -20"><span class='ocrx_word' id='word_1_655' title='bbox 2385 4318 2643 4374; x_wconf 83' lang='lat' dir='ltr'><strong>Volumus</strong></span> <span class='ocrx_word' id='word_1_656' title='bbox 2665 4327 2722 4372; x_wconf 92' lang='lat' dir='ltr'><strong>ut</strong></span> <span class='ocrx_word' id='word_1_657' title='bbox 2756 4319 2977 4374; x_wconf 70' lang='lat' dir='ltr'><strong>decima:</strong></span> <span class='ocrx_word' id='word_1_658' title='bbox 2998 4337 3118 4391; x_wconf 74' lang='lat' dir='ltr'><strong>qua:</strong></span> <span class='ocrx_word' id='word_1_659' title='bbox 3143 4321 3360 4393; x_wconf 89' lang='lat' dir='ltr'><strong>singulis</strong></span> <span class='ocrx_word' id='word_1_660' title='bbox 3387 4319 3542 4374; x_wconf 89' lang='lat' dir='ltr'><strong>dantur</strong></span> <span class='ocrx_word' id='word_1_661' title='bbox 3559 4305 3713 4365; x_wconf 57' lang='lat' dir='ltr'><strong>CCClCElls&#39;.</strong></span> 
     </span>
    </p>
   </div>
   <div class='ocr_carea' id='block_1_100' title="bbox 2313 4406 3715 4484">
    <p class='ocr_par' dir='ltr' id='par_1_100' title="bbox 2313 4406 3715 4484">
     <span class='ocr_line' id='line_1_100' title="bbox 2313 4406 3715 4484; baseline -0.016 -15"><span class='ocrx_word' id='word_1_662' title='bbox 2313 4428 2412 4484; x_wconf 91' lang='lat' dir='ltr'><strong>per</strong></span> <span class='ocrx_word' id='word_1_663' title='bbox 2430 4411 2676 4468; x_wconf 89' lang='lat' dir='ltr'><strong>consulta</strong></span> <span class='ocrx_word' id='word_1_664' title='bbox 2696 4413 3071 4484; x_wconf 88' lang='lat' dir='ltr'><strong>episcoporum</strong></span> <span class='ocrx_word' id='word_1_665' title='bbox 3122 4429 3152 4468; x_wconf 91' lang='lat' dir='ltr'><strong>a</strong></span> <span class='ocrx_word' id='word_1_666' title='bbox 3176 4409 3482 4484; x_wconf 88' lang='lat' dir='ltr'><strong>presbyteris</strong></span> <span class='ocrx_word' id='word_1_667' title='bbox 3503 4406 3551 4459; x_wconf 80' lang='lat' dir='ltr'><strong>sd</strong></span> <span class='ocrx_word' id='word_1_668' title='bbox 3574 4413 3652 4456; x_wconf 81' lang='lat' dir='ltr'><strong>usus</strong></span> <span class='ocrx_word' id='word_1_669' title='bbox 3673 4409 3715 4447; x_wconf 63' lang='lat' dir='ltr'><strong>a-</strong></span> 
     </span>
    </p>
   </div>
   <div class='ocr_carea' id='block_1_101' title="bbox 2316 4497 3714 4575">
    <p class='ocr_par' dir='ltr' id='par_1_101' title="bbox 2316 4497 3714 4575">
     <span class='ocr_line' id='line_1_101' title="bbox 2316 4497 3714 4575; baseline -0.011 -15"><span class='ocrx_word' id='word_1_670' title='bbox 2316 4505 2494 4560; x_wconf 75' lang='lat' dir='ltr'><strong>clesia:</strong></span> <span class='ocrx_word' id='word_1_671' title='bbox 2532 4514 2586 4560; x_wconf 92' lang='lat' dir='ltr'><strong>et</strong></span> <span class='ocrx_word' id='word_1_672' title='bbox 2613 4521 2912 4575; x_wconf 85' lang='lat' dir='ltr'><strong>pauperqu</strong></span> <span class='ocrx_word' id='word_1_673' title='bbox 2949 4520 3158 4560; x_wconf 89' lang='lat' dir='ltr'><strong>summa</strong></span> <span class='ocrx_word' id='word_1_674' title='bbox 3180 4502 3432 4574; x_wconf 86' lang='lat' dir='ltr'><strong>diligentia</strong></span> <span class='ocrx_word' id='word_1_675' title='bbox 3469 4497 3714 4564; x_wconf 58' lang='lat' dir='ltr'><strong>dispensénlﬂf-</strong></span> 
     </span>
    </p>
   </div>
   <div class='ocr_carea' id='block_1_102' title="bbox 2238 4577 3715 4666">
    <p class='ocr_par' dir='ltr' id='par_1_102' title="bbox 2238 4577 3715 4666">
     <span class='ocr_line' id='line_1_102' title="bbox 2238 4577 3715 4666; baseline -0.015 -11"><span class='ocrx_word' id='word_1_676' title='bbox 2238 4598 2294 4659; x_wconf 87' lang='lat' dir='ltr'><strong>D</strong></span> <span class='ocrx_word' id='word_1_677' title='bbox 2319 4598 2562 4666; x_wconf 85' lang='lat' dir='ltr'><strong>Quatuor</strong></span> <span class='ocrx_word' id='word_1_678' title='bbox 2591 4606 2771 4651; x_wconf 89' lang='lat' dir='ltr'><strong>autem</strong></span> <span class='ocrx_word' id='word_1_679' title='bbox 2820 4606 2927 4651; x_wconf 91' lang='lat' dir='ltr'><strong>tam</strong></span> <span class='ocrx_word' id='word_1_680' title='bbox 2950 4597 3016 4651; x_wconf 92' lang='lat' dir='ltr'><strong>de</strong></span> <span class='ocrx_word' id='word_1_681' title='bbox 3046 4596 3303 4650; x_wconf 86' lang='lat' dir='ltr'><strong>reditibus</strong></span> <span class='ocrx_word' id='word_1_682' title='bbox 3323 4606 3463 4664; x_wconf 88' lang='lat' dir='ltr'><strong>quam</strong></span> <span class='ocrx_word' id='word_1_683' title='bbox 3497 4587 3545 4641; x_wconf 87' lang='lat' dir='ltr'><strong>de</strong></span> <span class='ocrx_word' id='word_1_684' title='bbox 3560 4577 3715 4638; x_wconf 54' lang='lat' dir='ltr'><strong>oblatum?</strong></span> 
     </span>
    </p>
   </div>
   <div class='ocr_carea' id='block_1_103' title="bbox 2314 4671 3711 4760">
    <p class='ocr_par' dir='ltr' id='par_1_103' title="bbox 2314 4671 3711 4760">
     <span class='ocr_line' id='line_1_103' title="bbox 2314 4671 3711 4760; baseline -0.023 -15"><span class='ocrx_word' id='word_1_685' title='bbox 2314 4689 2573 4754; x_wconf 84' lang='lat' dir='ltr'><strong>fidelium,</strong></span> <span class='ocrx_word' id='word_1_686' title='bbox 2616 4697 2778 4759; x_wconf 90' lang='lat' dir='ltr'><strong>prout</strong></span> <span class='ocrx_word' id='word_1_687' title='bbox 2799 4687 3086 4754; x_wconf 84' lang='lat' dir='ltr'><strong>cujuslibet</strong></span> <span class='ocrx_word' id='word_1_688' title='bbox 3113 4686 3347 4742; x_wconf 69' lang='lat' dir='ltr'><strong>ecclesia:</strong></span> <span class='ocrx_word' id='word_1_689' title='bbox 3381 4671 3711 4760; x_wconf 66' lang='lat' dir='ltr'><strong>iaCllllISIdlnllbl.</strong></span> 
     </span>
    </p>
   </div>
   <div class='ocr_carea' id='block_1_104' title="bbox 2316 4763 3712 4835">
    <p class='ocr_par' dir='ltr' id='par_1_104' title="bbox 2316 4763 3712 4835">
     <span class='ocr_line' id='line_1_104' title="bbox 2316 4763 3712 4835; baseline -0.012 0"><span class='ocrx_word' id='word_1_690' title='bbox 2316 4782 2458 4835; x_wconf 87' lang='lat' dir='ltr'><strong>sicut</strong></span> <span class='ocrx_word' id='word_1_691' title='bbox 2494 4780 2693 4834; x_wconf 87' lang='lat' dir='ltr'><strong>dudum</strong></span> <span class='ocrx_word' id='word_1_692' title='bbox 2743 4778 3138 4834; x_wconf 88' lang='lat' dir='ltr'><strong>rationabiliter</strong></span> <span class='ocrx_word' id='word_1_693' title='bbox 3172 4788 3252 4833; x_wconf 88' lang='lat' dir='ltr'><strong>est</strong></span> <span class='ocrx_word' id='word_1_694' title='bbox 3297 4777 3541 4833; x_wconf 87' lang='lat' dir='ltr'><strong>decretum,</strong></span> <span class='ocrx_word' id='word_1_695' title='bbox 3574 4763 3712 4817; x_wconf 63' lang='grc' dir='ltr'>ωηιίηιιί</span> 
     </span>
    </p>
   </div>
   <div class='ocr_carea' id='block_1_105' title="bbox 2317 4848 3710 4942">
    <p class='ocr_par' dir='ltr' id='par_1_105' title="bbox 2317 4848 3710 4942">
     <span class='ocr_line' id='line_1_105' title="bbox 2317 4848 3710 4942; baseline -0.013 -17"><span class='ocrx_word' id='word_1_696' title='bbox 2317 4871 2433 4925; x_wconf 79' lang='lat' dir='ltr'><strong>fieri</strong></span> <span class='ocrx_word' id='word_1_697' title='bbox 2483 4870 2760 4940; x_wconf 90' lang='lat' dir='ltr'><strong>portiones</strong></span> <span class='ocrx_word' id='word_1_698' title='bbox 2797 4887 2810 4921; x_wconf 89' lang='lat'>:</span> <span class='ocrx_word' id='word_1_699' title='bbox 2862 4884 3088 4938; x_wconf 89' lang='lat' dir='ltr'><strong>quarum</strong></span> <span class='ocrx_word' id='word_1_700' title='bbox 3118 4869 3189 4923; x_wconf 92' lang='lat' dir='ltr'><strong>sit</strong></span> <span class='ocrx_word' id='word_1_701' title='bbox 3223 4883 3321 4922; x_wconf 88' lang='lat' dir='ltr'><strong>una</strong></span> <span class='ocrx_word' id='word_1_702' title='bbox 3365 4857 3588 4934; x_wconf 83' lang='lat' dir='ltr'><strong>pontiﬁcis,</strong></span> <span class='ocrx_word' id='word_1_703' title='bbox 3624 4848 3710 4942; x_wconf 54' lang='lat' dir='ltr'><strong>silet1</strong></span> 
     </span>
    </p>
   </div>
   <div class='ocr_carea' id='block_1_106' title="bbox 2319 4941 3709 5030">
    <p class='ocr_par' dir='ltr' id='par_1_106' title="bbox 2319 4941 3709 5030">
     <span class='ocr_line' id='line_1_106' title="bbox 2319 4941 3709 5030; baseline -0.021 -12"><span class='ocrx_word' id='word_1_704' title='bbox 2319 4962 2661 5024; x_wconf 90' lang='lat' dir='ltr'><strong>clericorum,</strong></span> <span class='ocrx_word' id='word_1_705' title='bbox 2707 4976 3004 5030; x_wconf 90' lang='lat' dir='ltr'><strong>pauperum</strong></span> <span class='ocrx_word' id='word_1_706' title='bbox 3036 4964 3211 5024; x_wconf 88' lang='lat' dir='ltr'><strong>tertia,</strong></span> <span class='ocrx_word' id='word_1_707' title='bbox 3251 4968 3422 5030; x_wconf 89' lang='lat' dir='ltr'><strong>quarta</strong></span> <span class='ocrx_word' id='word_1_708' title='bbox 3439 4941 3709 5009; x_wconf 41' lang='lat' dir='ltr'><strong>ecclesizhllrr</strong></span> 
     </span>
    </p>
   </div>
   <div class='ocr_carea' id='block_1_107' title="bbox 2319 5035 3706 5125">
    <p class='ocr_par' dir='ltr' id='par_1_107' title="bbox 2319 5035 3706 5125">
     <span class='ocr_line' id='line_1_107' title="bbox 2319 5035 3706 5125; baseline -0.009 -12"><span class='ocrx_word' id='word_1_709' title='bbox 2319 5056 2397 5112; x_wconf 84' lang='lat' dir='ltr'><strong>eis</strong></span> <span class='ocrx_word' id='word_1_710' title='bbox 2452 5054 2767 5125; x_wconf 87' lang='lat' dir='ltr'><strong>applicanda</strong></span> <span class='ocrx_word' id='word_1_711' title='bbox 2822 5053 2980 5121; x_wconf 80' lang='lat' dir='ltr'><strong>juxta</strong></span> <span class='ocrx_word' id='word_1_712' title='bbox 3026 5054 3436 5109; x_wconf 86' lang='lat' dir='ltr'><strong>constitutionem</strong></span> <span class='ocrx_word' id='word_1_713' title='bbox 3474 5035 3706 5115; x_wconf 50' lang='lat' dir='ltr'><strong>epist‘opalm‘</strong></span> 
     </span>
    </p>
   </div>
   <div class='ocr_carea' id='block_1_108' title="bbox 2318 5125 3706 5222">
    <p class='ocr_par' dir='ltr' id='par_1_108' title="bbox 2318 5125 3706 5222">
     <span class='ocr_line' id='line_1_108' title="bbox 2318 5125 3706 5222; baseline -0.018 -21"><span class='ocrx_word' id='word_1_714' title='bbox 2318 5146 2726 5202; x_wconf 84' lang='lat' dir='ltr'><strong>Admonendum</strong></span> <span class='ocrx_word' id='word_1_715' title='bbox 2756 5153 2934 5199; x_wconf 87' lang='lat' dir='ltr'><strong>tamen</strong></span> <span class='ocrx_word' id='word_1_716' title='bbox 2964 5154 3047 5201; x_wconf 93' lang='lat' dir='ltr'><strong>est</strong></span> <span class='ocrx_word' id='word_1_717' title='bbox 3077 5155 3136 5199; x_wconf 91' lang='lat' dir='ltr'><strong>ut</strong></span> <span class='ocrx_word' id='word_1_718' title='bbox 3157 5145 3352 5199; x_wconf 89' lang='lat' dir='ltr'><strong>decima</strong></span> <span class='ocrx_word' id='word_1_719' title='bbox 3378 5140 3467 5193; x_wconf 83' lang='lat' dir='ltr'><strong>Deo</strong></span> <span class='ocrx_word' id='word_1_720' title='bbox 3482 5125 3706 5222; x_wconf 38' lang='lat' dir='ltr'><strong>mannulin</strong></span> 
     </span>
    </p>
   </div>
   <div class='ocr_carea' id='block_1_109' title="bbox 2317 5218 3705 5307">
    <p class='ocr_par' dir='ltr' id='par_1_109' title="bbox 2317 5218 3705 5307">
     <span class='ocr_line' id='line_1_109' title="bbox 2317 5218 3705 5307; baseline -0.023 -15"><span class='ocrx_word' id='word_1_721' title='bbox 2317 5253 2424 5292; x_wconf 90' lang='lat' dir='ltr'><strong>non</strong></span> <span class='ocrx_word' id='word_1_722' title='bbox 2449 5236 2766 5307; x_wconf 87' lang='lat' dir='ltr'><strong>negligatur,</strong></span> <span class='ocrx_word' id='word_1_723' title='bbox 2806 5250 2965 5303; x_wconf 89' lang='lat' dir='ltr'><strong>quam</strong></span> <span class='ocrx_word' id='word_1_724' title='bbox 3010 5237 3150 5290; x_wconf 90' lang='lat' dir='ltr'><strong>Deus</strong></span> <span class='ocrx_word' id='word_1_725' title='bbox 3177 5235 3284 5303; x_wconf 91' lang='lat' dir='ltr'><strong>ipse</strong></span> <span class='ocrx_word' id='word_1_726' title='bbox 3305 5230 3404 5285; x_wconf 89' lang='lat' dir='ltr'><strong>dari</strong></span> <span class='ocrx_word' id='word_1_727' title='bbox 3426 5225 3505 5281; x_wconf 83' lang='lat' dir='ltr'><strong>sibi</strong></span> <span class='ocrx_word' id='word_1_728' title='bbox 3532 5218 3705 5307; x_wconf 64' lang='lat' dir='ltr'><strong>constitui.</strong></span> 
     </span>
    </p>
   </div>
   <div class='ocr_carea' id='block_1_110' title="bbox 2316 5303 3704 5402">
    <p class='ocr_par' dir='ltr' id='par_1_110' title="bbox 2316 5303 3704 5402">
     <span class='ocr_line' id='line_1_110' title="bbox 2316 5303 3704 5402; baseline -0.017 -17"><span class='ocrx_word' id='word_1_729' title='bbox 2316 5331 2438 5402; x_wconf 85' lang='lat' dir='ltr'><strong>quia</strong></span> <span class='ocrx_word' id='word_1_730' title='bbox 2472 5330 2762 5384; x_wconf 87' lang='lat' dir='ltr'><strong>timendum</strong></span> <span class='ocrx_word' id='word_1_731' title='bbox 2787 5338 2891 5392; x_wconf 91' lang='lat' dir='ltr'><strong>est,</strong></span> <span class='ocrx_word' id='word_1_732' title='bbox 2941 5329 2986 5383; x_wconf 91' lang='lat' dir='ltr'><strong>si</strong></span> <span class='ocrx_word' id='word_1_733' title='bbox 3021 5330 3141 5398; x_wconf 91' lang='lat' dir='ltr'><strong>quis</strong></span> <span class='ocrx_word' id='word_1_734' title='bbox 3171 5329 3276 5382; x_wconf 88' lang='lat' dir='ltr'><strong>Deo</strong></span> <span class='ocrx_word' id='word_1_735' title='bbox 3301 5337 3434 5378; x_wconf 90' lang='lat' dir='ltr'><strong>suum</strong></span> <span class='ocrx_word' id='word_1_736' title='bbox 3458 5303 3704 5402; x_wconf 33' lang='lat' dir='ltr'><strong>debitunn‘ﬁ&#39;.</strong></span> 
     </span>
    </p>
   </div>
   <div class='ocr_carea' id='block_1_111' title="bbox 2318 5399 3704 5492">
    <p class='ocr_par' dir='ltr' id='par_1_111' title="bbox 2318 5399 3704 5492">
     <span class='ocr_line' id='line_1_111' title="bbox 2318 5399 3704 5492; baseline -0.023 -12"><span class='ocrx_word' id='word_1_737' title='bbox 2318 5399 2503 5487; x_wconf 74' lang='lat' dir='ltr'><strong>trahit,</strong></span> <span class='ocrx_word' id='word_1_738' title='bbox 2541 5437 2607 5476; x_wconf 92' lang='lat' dir='ltr'><strong>ne</strong></span> <span class='ocrx_word' id='word_1_739' title='bbox 2642 5421 2779 5476; x_wconf 91' lang='lat' dir='ltr'><strong>forte</strong></span> <span class='ocrx_word' id='word_1_740' title='bbox 2814 5421 2955 5476; x_wconf 91' lang='lat' dir='ltr'><strong>Deus</strong></span> <span class='ocrx_word' id='word_1_741' title='bbox 2988 5435 3084 5492; x_wconf 91' lang='lat' dir='ltr'><strong>per</strong></span> <span class='ocrx_word' id='word_1_742' title='bbox 3121 5426 3380 5492; x_wconf 88' lang='lat' dir='ltr'><strong>peccatum</strong></span> <span class='ocrx_word' id='word_1_743' title='bbox 3401 5425 3521 5467; x_wconf 88' lang='lat' dir='ltr'><strong>suum</strong></span> <span class='ocrx_word' id='word_1_744' title='bbox 3540 5399 3704 5457; x_wconf 59' lang='lat' dir='ltr'><strong>intenti</strong></span> 
     </span>
    </p>
   </div>
   <div class='ocr_carea' id='block_1_112' title="bbox 2324 5515 2782 5572">
    <p class='ocr_par' dir='ltr' id='par_1_112' title="bbox 2324 5515 2782 5572">
     <span class='ocr_line' id='line_1_112' title="bbox 2324 5515 2782 5572; baseline -0.011 0"><span class='ocrx_word' id='word_1_745' title='bbox 2324 5515 2628 5572; x_wconf 83' lang='lat' dir='ltr'><strong>necessaria</strong></span> <span class='ocrx_word' id='word_1_746' title='bbox 2665 5531 2782 5569; x_wconf 89' lang='lat' dir='ltr'><strong>sua.</strong></span> 
     </span>
    </p>
   </div>
   <div class='ocr_carea' id='block_1_113' title="bbox 2321 5615 3700 5718">
    <p class='ocr_par' dir='ltr' id='par_1_113' title="bbox 2321 5615 3700 5718">
     <span class='ocr_line' id='line_1_113' title="bbox 2321 5615 3700 5718; baseline -0.026 -2"><span class='ocrx_word' id='word_1_747' title='bbox 2321 5651 2448 5708; x_wconf 67' lang='lat' dir='ltr'><strong>CAP.</strong></span> <span class='ocrx_word' id='word_1_748' title='bbox 2505 5649 2588 5703; x_wconf 64' lang='lat' dir='ltr'><strong>Kl.</strong></span> <span class='ocrx_word' id='word_1_749' title='bbox 2630 5678 2699 5689; x_wconf 92' lang='lat'><strong>——</strong></span> <span class='ocrx_word' id='word_1_750' title='bbox 2731 5646 2795 5701; x_wconf 89' lang='lat' dir='ltr'><strong>Ut</strong></span> <span class='ocrx_word' id='word_1_751' title='bbox 2832 5645 3060 5718; x_wconf 62' lang='lat' dir='ltr'><strong>antiqua}</strong></span> <span class='ocrx_word' id='word_1_752' title='bbox 3097 5647 3314 5702; x_wconf 78' lang='lat' dir='ltr'><strong>ecclesia-</strong></span> <span class='ocrx_word' id='word_1_753' title='bbox 3344 5641 3521 5695; x_wconf 76' lang='lat' dir='ltr'><strong>Imbeattt</strong></span> <span class='ocrx_word' id='word_1_754' title='bbox 3544 5615 3700 5698; x_wconf 48' lang='grc' dir='ltr'><strong>ρήιίίδέέ</strong></span> 
     </span>
    </p>
   </div>
   <div class='ocr_carea' id='block_1_114' title="bbox 3048 5737 3165 5774">
    <p class='ocr_par' dir='ltr' id='par_1_114' title="bbox 3048 5737 3165 5774">
     <span class='ocr_line' id='line_1_114' title="bbox 3048 5737 3165 5774; baseline -0.009 0"><span class='ocrx_word' id='word_1_755' title='bbox 3048 5737 3165 5774; x_wconf 85' lang='lat' dir='ltr'><strong>sua.</strong></span> 
     </span>
    </p>
   </div>
   <div class='ocr_carea' id='block_1_115' title="bbox 2392 5809 3695 5903">
    <p class='ocr_par' dir='ltr' id='par_1_115' title="bbox 2392 5809 3695 5903">
     <span class='ocr_line' id='line_1_115' title="bbox 2392 5809 3695 5903; baseline -0.026 -13"><span class='ocrx_word' id='word_1_756' title='bbox 2392 5834 2645 5890; x_wconf 63' lang='lat' dir='ltr'><strong>Ecclesire</strong></span> <span class='ocrx_word' id='word_1_757' title='bbox 2681 5833 2978 5903; x_wconf 87' lang='lat' dir='ltr'><strong>antiquitus</strong></span> <span class='ocrx_word' id='word_1_758' title='bbox 3011 5832 3319 5890; x_wconf 64' lang='lat' dir='ltr'><strong>constitute,</strong></span> <span class='ocrx_word' id='word_1_759' title='bbox 3350 5838 3432 5880; x_wconf 88' lang='lat' dir='ltr'><strong>nec</strong></span> <span class='ocrx_word' id='word_1_760' title='bbox 3454 5814 3619 5873; x_wconf 76' lang='lat' dir='ltr'><strong>dedtnu.</strong></span> <span class='ocrx_word' id='word_1_761' title='bbox 3651 5809 3695 5851; x_wconf 57' lang='lat' dir='ltr'><strong>ut</strong></span> 
     </span>
    </p>
   </div>
  </div>
