3938 6334
173 445 196 500 1
206 440 306 498 569

1600 425 1961 488 EPISTOLIE
1972 469 1983 486 .

3285 431 3426 488 £570

169 555 286 610 aliis
310 551 737 624 possessionibus
759 563 860 619 pro
884 545 1038 600 novis
1061 541 1313 599 oratoriis
1330 542 1447 597 sine
1473 554 1742 597 consensu
1769 544 1820 605 Α
1853 559 1871 592 ε
1915 539 2041 594 Sive
2069 537 2425 603 manducetis,
2474 539 2587 595 sive
2621 538 2838 600 bibatis.
2891 540 3074 596 omnia
3120 540 3174 597 in
3208 540 3423 600 laudem

169 656 222 700 et
249 641 478 698 concilio
501 638 788 711 episcopali
816 636 1119 703 priventur.

170 777 295 834 Car.
336 776 450 832 XII.
481 806 548 816 —
584 773 665 828 Ne
696 773 978 844 presbyteri
1031 774 1142 826 sine
1185 786 1436 844 consensu
1484 770 1742 844 episcopo-

239 865 355 901 rum
393 863 485 916 per
529 840 770 900 ecclesias
815 840 1200 899 constituantur
1240 840 1316 896 vel
1366 840 1430 894 ab
1480 841 1561 893 his
1609 841 1741 895 reci-

237 919 469 989 piantur.

243 1029 556 1099 Quicunque
591 1028 872 1100 presbyter
891 1043 988 1099 per
1008 1027 1241 1098 pretium
1271 1025 1554 1081 ecclesiam
1584 1024 1750 1080 fuerit

174 1123 417 1191 adeptus,
469 1121 689 1177 omnino
744 1121 1042 1190 deponatur
1090 1137 1101 1172 :
1155 1118 1296 1188 quod
1343 1125 1529 1172 contra
1576 1115 1748 1172 eccle-

175 1215 402 1270 siastica:
448 1213 645 1282 regula:
675 1212 1008 1282 disciplinam
1053 1225 1211 1281 agere
1246 1209 1601 1280 dignoscitur,
1655 1205 1747 1277 qui

178 1305 336 1361 alium
369 1305 740 1375 presbyterum
767 1303 1002 1375 legitime
1023 1302 1090 1356 ad
1119 1302 1403 1356 ecclesiam
1438 1300 1746 1355 ordinatum

176 1413 271 1468 per
296 1397 573 1467 pecuniam
603 1395 868 1466 expulerit
893 1436 906 1459 ,
960 1407 1186 1462 eamque
1215 1391 1316 1447 sibi
1347 1390 1527 1446 taliter
1572 1390 1748 1444 vindi-

179 1491 380 1546 caverit
412 1506 426 1555 ;
479 1489 623 1560 quod
650 1488 841 1542 vitium
881 1487 985 1540 late
1034 1485 1284 1541 diffusum
1323 1498 1533 1538 summo
1572 1481 1750 1538 studio

178 1581 570 1637 emendandum
613 1587 716 1634 est.
761 1578 1002 1648 Itemque
1061 1576 1487 1631 interdicendum
1539 1575 1752 1629 videtur

178 1671 404 1735 clericis,
440 1669 745 1734 sivelaicis,
787 1684 854 1722 ne
895 1667 1016 1736 quis
1034 1666 1252 1720 cuilibet
1276 1665 1587 1736 presbytero
1611 1655 1786 1733 prae-5

180 1771 355 1816 sumat
403 1761 531 1816 dare
551 1759 837 1816 ecclesiam
877 1759 993 1815 sine
1022 1757 1237 1813 licentia
1262 1764 1317 1812 et
1336 1769 1602 1812 consensu
1638 1754 1752 1826 epi-

181 1855 325 1924 scopi
355 1854 456 1910 sui.

178 1989 304 2045 Car.
336 1987 471 2043 XIII.
498 2017 569 2027 —
610 1985 688 2040 De
717 1985 1026 2040 clericorum
1060 1983 1168 2037 vita
1211 1981 1318 2036 sive
1349 1981 1745 2035 monachorum.

247 2106 643 2163 Providendum
683 2103 993 2160 necessario
1037 2091 1122 2158 est
1171 2100 1460 2169 unicuique
1499 2096 1750 2167 episcopo

174 2199 404 2269 qualiter
433 2196 678 2253 canonici
706 2196 888 2250 vivere
921 2193 1172 2257 debeant,
1217 2205 1427 2246 necnon
1466 2197 1520 2243 et
1566 2201 1754 2241 mona—

175 2294 283 2357 chi,
341 2302 401 2346 ut
447 2290 741 2346 secundum
789 2287 1031 2343 ordinem
1076 2285 1374 2357 regularem
1419 2282 1602 2337 vivere
1639 2288 1752 2335 stu-

174 2386 356 2450 deant,
385 2393 446 2438 ut
480 2384 554 2437 ait
573 2380 859 2453 Apostolus
881 2380 932 2453 (ι
957 2379 1080 2435 Cor.
1111 2393 1184 2431 vn
1214 2376 1232 2449 )
1258 2391 1272 2430 :
1305 2394 1323 2426 ι
1373 2373 1751 2444 Unusquisque

180 2496 198 2529 ‹
243 2478 296 2532 in
325 2493 432 2547 qua
467 2458 747 2532 vocatione
772 2482 995 2529 vocatus
1021 2480 1124 2538 est,
1165 2472 1218 2525 in
1257 2485 1319 2525 ea
1348 2475 1696 2541 permaneat:
1726 2486 1745 2518 ι

172 2580 228 2626 et
279 2578 340 2625 ut
393 2586 422 2624 a
469 2569 698 2639 negotiis
743 2567 1089 2624 secularibus
1135 2565 1354 2620 omnino
1420 2562 1746 2618 abstineant.

173 2663 334 2718 Multa
376 2671 502 2718 sunt
541 2663 686 2716 enim
725 2660 942 2732 negotia
989 2657 1287 2720 saecularia,
1339 2655 1404 2710 de
1449 2653 1536 2708 bis
1570 2661 1749 2706 tamen

171 2769 342 2824 pauca
375 2752 822 2824 perstrinximus:
863 2750 929 2804 ad
958 2765 1078 2820 quae
1101 2747 1336 2818 pertinet
1355 2744 1533 2800 omnis
1559 2742 1746 2808 libido,

173 2862 278 2900 non
331 2844 502 2900 solum
553 2841 889 2899 immunditia
945 2839 1141 2902 carnis,
1175 2837 1267 2894 sed
1304 2836 1468 2890 etiam
1528 2834 1582 2889 in
1602 2833 1748 2888 omni

170 2937 374 2994 carnali
429 2935 858 3005 concupiscentia
902 2932 1160 3004 quidquid
1197 2931 1317 3001 plus
1335 2930 1484 3000 justo
1546 2927 1749 2998 appetit

171 3032 372 3088 homo:
410 3039 566 3101 turpe
593 3030 822 3094 lucrum,
851 3041 1077 3082 munera
1116 3025 1311 3097 injusta
1348 3023 1614 3092 accipere,
1662 3019 1748 3075 vel

169 3127 336 3180 etiam
363 3124 492 3180 dare
515 3138 613 3192 pro
639 3122 818 3192 aliquo
853 3119 1120 3184 smculari,
1169 3132 1292 3173 cum
1313 3124 1520 3187 quaastu
1563 3113 1746 3185 pretio

169 3217 403 3286 aliquem
431 3212 751 3277 conducere,
797 3209 1168 3268 contentiones
1201 3217 1256 3263 et
1277 3207 1420 3272 lites,
1469 3204 1551 3261 vel
1597 3205 1741 3259 rixas

171 3325 377 3373 amare,
423 3307 475 3361 in
513 3306 726 3376 placitis
771 3303 1123 3359 saecularibus
1169 3301 1466 3370 disputare,
1520 3304 1745 3366 excepta

170 3397 480 3454 defensione
507 3397 867 3467 orphanorum
903 3403 996 3449 aut
1034 3393 1348 3454 viduarum;
1390 3389 1752 3446 conductores

169 3498 265 3544 aut
310 3498 688 3558 procuratores
736 3500 856 3542 esse
905 3484 1242 3540 saacularium
1288 3497 1494 3548 rerum,
1571 3480 1750 3551 turpis

168 3578 322 3632 verbi
359 3577 443 3630 vel
481 3575 608 3630 facti
639 3575 994 3644 ioculatorem
1015 3589 1156 3638 esse,
1199 3571 1284 3627 vel
1317 3571 1502 3640 jocum
1526 3569 1751 3626 saecula-

172 3682 291 3722 rem
320 3665 561 3735 diligere,
597 3665 756 3730 ,aleas
795 3680 999 3728 amare,
1059 3670 1442 3718 ornamentum
1489 3663 1749 3717 inconve-

172 3759 334 3815 niens
362 3758 637 3828 proposito
664 3772 761 3812 suo
780 3772 1046 3826 quaerere,
1081 3756 1131 3808 in
1154 3755 1362 3810 deliciis
1384 3755 1568 3809 vivere
1593 3754 1751 3820 velle,

175 3853 357 3925 gulam
384 3860 439 3907 et
465 3851 782 3908 ebrietatem
813 3850 984 3920 sequi,
1009 3847 1244 3919 pondera
1270 3841 1474 3916 injusta'
1495 3847 1579 3902 vel
1603 3863 1753 3902 men-

175 3960 332 4000 suras
372 3943 593 4010 habere,
649 3942 922 4014 negotium
960 3939 1216 4010 injustum
1242 3952 1497 3995 exercere
1525 3938 1648 4009 (nec
1675 3946 1754 3992 ta-

174 4051 300 4091 men
345 4035 551 4106 justum
607 4034 880 4104 negotium
916 4039 998 4087 est
1047 4031 1474 4086 interdicendum
1535 4036 1754 4099 propter

175 4127 527 4182 necessitates
553 4125 814 4190 diversas,
846 4124 972 4195 quia
996 4123 1224 4194 legimus
1246 4121 1754 4191 sanctosapostolos

174 4220 478 4291 negotiatos
506 4235 646 4284 esse,
699 4227 754 4274 et
786 4219 841 4273 in
873 4217 1059 4288 regula
1093 4215 1266 4272 sancti
1298 4215 1573 4271 Benedicti
1616 4230 1754 4282 pra:-

91 4307 94 4310 ’
171 4312 372 4382 cipitur
396 4311 691 4382 praevidere
711 4325 809 4382 per
835 4325 1063 4382 quorum
1095 4324 1290 4364 manus
1322 4308 1595 4378 negotium
1640 4323 1756 4363 mo-

172 4402 395 4457 nasterii
422 4401 706 4473 transeat):
737 4416 899 4456 canes
939 4408 993 4455 et
1013 4416 1139 4455 aves
1165 4399 1316 4470 sequi
1339 4399 1405 4453 ad
1427 4398 1748 4465 venandum,

172 4494 228 4549 in
259 4493 738 4549 comessationibus
777 4503 831 4548 et
861 4492 1164 4547 vinolentiis
1206 4491 1386 4546 nimiis
1419 4490 1748 4557 incumbere,

173 4679 306 4746 ane
332 4679 510 4733 omnia
535 4676 795 4731 ministris
817 4675 1004 4730 altaris
1035 4673 1426 4738 interdicimus,
1471 4674 1752 4728 hortantes

170 4785 271 4825 eos
296 4783 511 4824 servare
534 4767 663 4821 illud
691 4765 1043 4836 apostolicum
1075 4782 1088 4818 :
1128 4783 1147 4815 ι
1181 4763 1349 4818 Nemo
1375 4763 1613 4817 militans
1643 4762 1752 4816 Deo

175 4879 197 4914 α
246 4861 484 4931 implicat
525 4875 583 4914 se
631 4857 860 4930 negotiis
896 4857 1244 4912 s'ecularibus
1275 4855 1358 4928 (II
1408 4855 1543 4910 Tim.
1577 4855 1680 4925 n):
1726 4875 1744 4908 ι

171 4953 521 5010 considerare
567 4967 778 5021 quoque
825 4951 1146 5005 sententiam
1208 4950 1418 5005 Domini
1473 4950 1746 5006 dicentis:

178 5062 198 5097 ι
244 5043 518 5098 Attendite
566 5059 634 5098 ne
676 5049 967 5114 graventur
1006 5041 1167 5096 corda
1215 5049 1394 5096 vestra
1442 5042 1494 5096 in
1535 5043 1751 5113 crapula

177 5155 199 5188 ε
249 5144 302 5190 et
327 5134 584 5190 ebrietate
613 5133 768 5201 (Luc.
797 5132 910 5205 rm)
943 5150 956 5186 :
989 5153 1009 5186 ι
1061 5133 1341 5187 moderare
1364 5131 1544 5187 cibum
1565 5139 1634 5187 et
1657 5148 1754 5203 po-

171 5237 312 5292 tum,
357 5235 434 5291 ut,
483 5225 636 5296 juxta
664 5225 977 5296 Apostolum
1026 5223 1079 5296 (1
1111 5223 1245 5278 Tim.
1277 5222 1383 5294 ιιι),
1423 5223 1589 5279 sobrii
1623 5223 1752 5290 sint,

171 5322 352 5392 parati
385 5320 450 5374 ad
473 5318 748 5374 servitium
778 5317 990 5372 Domini
1022 5334 1035 5370 :
1077 5324 1203 5370 ante
1232 5331 1290 5370 se
1323 5313 1447 5384 joca
1475 5315 1753 5370 saecularia

172 5412 262 5467 vel
292 5411 466 5482 turpia
497 5410 612 5466 ﬁeri
649 5424 756 5464 non
785 5408 1115 5480 permittere,
1159 5408 1252 5461 sed
1295 5420 1558 5476 pauperes
1593 5414 1649 5460 et
1673 5405 1754 5460 in-

177 5504 422 5573 digentes
449 5517 632 5557 secum
665 5499 730 5554 ad
766 5514 1007 5554 mensam
1031 5497 1249 5561 habere,
1280 5504 1334 5552 et
1361 5495 1647 5551 lectionem
1674 5494 1753 5550 di-

174 5595 360 5650 vinam
395 5593 591 5648 ibidem
625 5591 832 5655 audire,
875 5599 930 5645 et
969 5603 1182 5644 sumere
1216 5586 1396 5642 cibum
1432 5602 1554 5643 cum
1591 5587 1754 5644 bene-

177 5689 415 5744 dictione
455 5685 688 5750 Domini,
741 5684 1033 5739 secundum
1077 5679 1390 5753 Apostolum
1435 5680 1747 5736 dicentem:

257 5881 278 5908 ει
310 5866 362 5923 Id
384 5875 484 5934 est,
509 5865 709 5922 viritim
735 5862 930 5920 vocati.

1853 655 1875 691 ς
1907 635 2001 691 Dei
2031 632 2192 689 facite
2215 632 2268 704 (I
2299 632 2422 689 Cor.
2449 632 2529 704 ι).
2569 653 2587 688 ι

2107 745 2234 801 CAP.
2278 744 2417 802 XIV.
2440 776 2511 787 —
2538 745 2617 801 De
2642 756 2753 802 voto
2776 750 3173 806 monachorum.

1918 859 2106 916 Nullus
2134 859 2533 918 'monachorum
2579 861 2780 932 aliquid
2819 862 3165 933 proprietatis
3208 863 3424 933 habeat,

1848 960 1903 1008 et
1949 967 2037 1008 res
2085 950 2393 1018 saeculares,
2464 953 2660 1023 quibus
2707 954 3055 1014 renuntiavit.
3119 955 3427 1014 nullatenus

1849 1043 1953 1099 sibi
2003 1053 2244 1113 usurpet,
2304 1059 2405 1100 nec
2447 1045 2732 1115 parochias
2775 1046 3128 1102 ecclesiarum
3185 1049 3432 1118 accipere

1847 1143 2139 1207 prazsumat
2172 1136 2290 1191 sine
2319 1151 2584 1192 consensu
2609 1137 2868 1207 episcopi.
2925 1138 3001 1194 De
3029 1140 3157 1209 ipsis
3193 1157 3324 1196 vero
3364 1141 3432 1196 ti-

1851 1228 1998 1292 tulis,
2027 1229 2080 1283 in
2109 1229 2304 1299 quibus
2331 1230 2604 1285 constituti
2637 1229 2856 1295 fuerint,
2896 1231 3159 1288 rationem
3179 1234 3432 1311 episcopo

1849 1319 1936 1375 vel
1974 1319 2091 1388 ejus
2127 1319 2330 1376 vicario
2369 1319 2614 1385 reddant,
2659 1329 2714 1375 et
2744 1323 3026 1378 convocati
3070 1323 3137 1378 ad
3164 1325 3427 1396 synodum

1850 1411 2086 1466 veniant.

1981 1525 2110 1581 Car.
2137 1524 2252 1582 XV.
2278 1555 2354 1568 —
2380 1525 2458 1581 De
2483 1526 2684 1582 clericis
2705 1544 2907 1583 comam
2933 1530 3295 1587 nutrientibus.

1921 1637 1978 1691 In
2009 1636 2240 1693 decretis
2285 1637 2530 1709 Gregorii
2559 1655 2712 1710 papae
2757 1641 3019 1711 scriptum
3039 1649 3122 1697 est
3156 1660 3168 1696 :
3224 1642 3281 1696 Si
3309 1641 3433 1712 quis

1851 1742 1917 1784 ex
1947 1728 2160 1784 clericis
2197 1729 2458 1784 laxaverit
2481 1744 2715 1796 comam,
2758 1731 3066 1787 anathema.
3113 1733 3267 1806 υιιϋ
3308 1750 3433 1789 san—

1850 1820 2024 1876 cimus
2054 1830 2115 1875 ut
2160 1821 2467 1892 hujusmodi
2510 1832 2862 1879 coerceantur
2891 1827 2959 1880 ad
2984 1825 3271 1896 pristinum
3329 1835 3434 1882 sta-

1777 1893 1826 1955 B
1854 1922 1969 1968 tum
1998 1911 2220 1970 reverti.

2051 2046 2180 2104 CAP.
2216 2045 2355 2101 XVI.
2388 2077 2459 2090 ασ-
2486 2045 2565 2102 De
2593 2050 2698 2102 vita
2719 2049 3219 2106 sanctimonialium.

1919 2161 2211 2220 Abbatissa
2237 2177 2358 2232 qua:
2400 2161 2454 2216 in
2477 2161 2697 2218 civitate
2719 2163 3106 2220 monasterium
3127 2120 3316 2229 habet:
3342 2177 3436 2219 ne-

1851 2271 2123 2328 quaquam
2167 2259 2234 2314 de
2270 2261 2604 2316 monasterio
2634 2261 2962 2333 egrediatur,
3002 2263 3105 2317 nisi
3143 2277 3242 2332 per
3267 2263 3435 2317 licen-

1852 2351 1983 2407 tiam
2007 2352 2242 2423 episcopi
2275 2354 2380 2414 sui.
2430 2363 2524 2408 aut
2563 2355 2656 2424 qui
2689 2353 2807 2423 ejus
2833 2355 3006 2411 vicem
3049 2356 3278 2423 obtinet,
3333 2357 3437 2411 nisi

1850 2443 1990 2498 forte
2030 2445 2198 2516 regali
2230 2444 2473 2515 jussione
2518 2455 2766 2516 cogatur.
2834 2446 2902 2501 Et
2935 2447 2982 2502 si
3033 2448 3248 2518 quando
3291 2447 3439 2503 foras

1849 2536 2046 2608 pergit,
2092 2535 2159 2591 de
2181 2537 2679 2594 sanctimonialibus
2718 2554 2856 2609 quas
2904 2555 3086 2594 secum
3119 2540 3288 2605 ducit,
3333 2555 3432 2595 cu-

1851 2644 1967 2684 ram
2001 2639 2055 2684 et
2076 2629 2408 2700 vigilantiam
2440 2631 2654 2697 habeat,
2699 2641 2758 2686 ut
2795 2631 2939 2686 nulla
2989 2632 3071 2688 eis
3099 2632 3259 2688 detur
3314 2649 3437 2704 pec-

1852 2723 2011 2779 candi
2043 2723 2260 2778 licentia
2313 2723 2428 2779 sive
2473 2725 2709 2780 occasio.
2767 2725 2874 2779 Sed
2896 2732 2954 2781 et
2986 2741 3108 2780 cum
3134 2726 3330 2797 pergit,
3384 2727 3437 2782 in

1851 2815 2180 2870 monasterio
2211 2815 2371 2868 talem
2403 2815 2456 2870 in
2481 2815 2598 2870 vice
2626 2829 2724 2870 sua
2757 2815 3090 2870 constituere
3116 2816 3292 2879 debet,
3318 2833 3438 2886 quae

1850 2907 1916 2962 de
1941 2907 2430 2962 sanctimonialium
2463 2906 2749 2963 animabus
2785 2923 2972 2962 curam
3002 2915 3056 2962 et
3095 2907 3433 2979 vigilantiam

1851 3010 2024 3073 gerat.
2057 2999 2267 3055 Habeat
2290 3000 2452 3055 etiam
2479 2999 2751 3055 abbatissa
2782 3001 3018 3056 studium
3043 3001 3096 3055 in
3123 3001 3439 3056 :edilicando

1849 3106 1912 3146 ea
1943 3107 2061 3161 qua:
2093 3091 2159 3145 ad
2198 3089 2689 3145 sanctimonialium
2719 3089 3104 3146 necessitatem
3137 3091 3432 3162 pertinent,
3479 3109 3482 3112 ’

1849 3182 1982 3236 etin
2006 3182 2376 3236 restaurando.
2427 3179 2879 3236 Sanctimoniales
2906 3195 3034 3236 vero
3069 3181 3122 3236 in
3153 3191 3429 3237 monaste-

1773 3259 1819 3322 C
1851 3273 1932 3327 rio
1953 3271 2256 3327 constitutae
2296 3271 2530 3326 habeant
2559 3269 2800 3325 studium
2823 3271 2875 3324 in
2904 3270 3133 3340 legendo
3153 3280 3208 3325 et
3230 3271 3282 3325 in
3316 3288 3439 3326 can-

1855 3364 2035 3430 tando,
2077 3364 2132 3418 in
2166 3361 2495 3432 psalmorum
2521 3360 2884 3416 celebratione
2932 3362 3046 3417 sive
3078 3363 3344 3428 oratione,
3381 3371 3436 3417 et

1851 3456 2014 3513 horas
2035 3457 2346 3521 canonicas,
2384 3455 2702 3510 matutinam
2735 3453 3004 3522 videlicet,
3043 3455 3299 3526 primam,
3330 3463 3436 3512 ter-

1855 3551 2009 3616 tiam,
2055 3558 2285 3618 sextam,
2325 3565 2546 3614 nonam,
2591 3548 2977 3619 vespertinam,
3028 3548 3435 3619 completorium

1851 3647 2054 3716 pariter
2073 3645 2376 3710 celebrent;
2419 3653 2473 3697 et
2503 3658 2711 3708 omnes,
2749 3652 2973 3714 excepta
3004 3657 3172 3713 quam
3214 3641 3438 3697 inﬁrmi-

1853 3747 1939 3794 tas
1963 3747 2127 3804 tenet,
2175 3738 2231 3792 in
2253 3737 2571 3792 dormitorio
2607 3737 2902 3802 dormiant,
2946 3744 3002 3790 et
3021 3735 3274 3791 omnibus
3321 3733 3437 3788 die-

1853 3829 1954 3885 bus
2001 3831 2069 3884 ad
2131 3828 2558 3884 consolationem
2603 3828 2844 3893 veniant,
2881 3836 2937 3881 et
2983 3812 3046 3881 ut.
3077 3835 3273 3883 cretera
3319 3841 3436 3882 ser-

1853 3931 1983 3978 vent
2007 3922 2210 3992 quaein
2251 3920 2433 3991 regula
2461 3918 2951 3976 sanctimonialium
2985 3919 3350 3984 continentur,
3383 3922 3439 3971 et

1853 4030 1975 4087 quae
1997 4030 2030 4069 a
2052 4013 2252 4071 sanctis
2286 4011 2538 4068 Patribus
2567 4011 2678 4067 illic
2697 4010 2993 4066 constituta
3016 4017 3160 4064 sunt.

1943 4147 2074 4205 Car.
2105 4145 2268 4205 XVII.
2297 4177 2368 4188 —
2397 4146 2476 4202 De
2502 4145 2818 4218 pauperibus
2846 4161 2950 4200 non
2974 4141 3343 4214 opprimendis.

1925 4262 2204 4320 Monemus
2254 4263 2456 4334 regiam
2495 4262 2751 4333 pietatem
2801 4261 2869 4316 de
2920 4260 3267 4330 oppressione
3309 4274 3438 4329 pau-

1853 4369 2040 4427 perum
2065 4355 2380 4421 liberorum,
2409 4363 2467 4409 ut
2493 4369 2596 4409 non
2618 4371 2646 4408 a
2686 4353 3081 4424 potentioribus
3106 4343 3204 4423 pef
3223 4351 3437 4422 aliquod

1853 4450 2054 4506 malum
2079 4451 2351 4521 ingenium
2374 4458 2563 4504 contra
2599 4448 2866 4519 justitiam
2900 4445 3296 4516 opprimantur,
3353 4443 3436 4500 vel

1857 4551 2118 4612 cogantur
2156 4550 2215 4596 ut
2240 4557 2327 4596 res
2352 4556 2479 4597 suas
2513 4541 2746 4594 vendant
2783 4538 2896 4594 sive
2928 4537 3163 4599 tradant,
3204 4552 3272 4591 ne
3296 4535 3434 4591 forte

1856 4737 1910 4783 et
1938 4726 2115 4798 regale
2167 4726 2481 4796 obsequium
2525 4726 2820 4787 minuatur,
2872 4732 2927 4778 et
2953 4723 3052 4794 ipsi
3091 4731 3313 4793 propter
3348 4722 3434 4776 in-

1855 4819 2152 4890 digentiam
2175 4819 2405 4874 mendici
2433 4816 2517 4872 vel
2550 4816 2790 4872 latrones
2810 4831 2904 4871 seu
2929 4814 3304 4871 malefactores
3327 4813 3438 4870 elﬁ-

1856 4915 2090 4975 ciantur,
2121 4921 2175 4966 et
2209 4918 2268 4964 ut
2294 4910 2488 4980 srepius
2509 4924 2615 4963 non
2649 4909 2781 4963 (iant
2820 4907 3041 4962 manniti
3066 4920 3091 4947 ει
3118 4907 3184 4961 ad
3214 4906 3436 4976 placita,

1856 5006 1960 5060 nisi
1990 5005 2131 5060 sicut
2156 5005 2209 5058 in
2246 5002 2515 5059 dominico
2549 4999 2833 5074 capitulari
2863 4999 2990 5056 olim
3022 4999 3166 5056 facto
3191 4998 3436 5071 praecipi-

1863 5107 1970 5154 tur.

1860 5230 1986 5288 CAP.
2012 5228 2192 5287 XVIII.
2221 5260 2289 5271 —
2317 5227 2395 5283 De
2428 5229 2579 5282 rebus
2608 5243 2896 5298 pauperum
2935 5243 3026 5297 per
3061 5223 3252 5281 malam
3291 5238 3437 5278 orta-

2334 5299 2528 5355 sionem
2550 5315 2653 5353 non
2677 5298 2963 5352 sumendis.

1875 5472 1878 5474 ν
1929 5416 2158 5486 Propter
2198 5413 2534 5486 provisiones
2586 5426 2904 5482 pauperum,
2957 5422 3188 5479 quorum
3247 5419 3434 5460 curam

1855 5516 2058 5571 habere
2086 5512 2364 5575 debemus,
2386 5507 2591 5580 placuit
2615 5506 2768 5562 nobis
2809 5513 2868 5560 ut
2896 5519 2994 5559 nec
3021 5500 3284 5572 episcopi,
3317 5511 3418 5554 nec

1857 5605 2099 5670 abbates,
2139 5618 2238 5658 nec
2267 5602 2516 5665 comites,
2549 5614 2648 5654 nec
2675 5596 2890 5661 vicarii,
2927 5610 3028 5649 nec
3046 5590 3278 5660 judices,
3309 5589 3432 5644 nul-

1855 5696 2048 5766 lusque
2075 5693 2315 5758 omnino,
2369 5692 2468 5749 sub
2504 5689 2640 5745 mala
2671 5686 2954 5744 occasione
2995 5682 3075 5736 vel
3119 5679 3259 5736 malo
3287 5679 3434 5752 inge-
