3938 6334
164 321 300 384 I515

1580 310 1939 373 Εριδτοιιιε

3260 304 3401 369 I574

157 439 265 513 gati
308 451 339 491 a
377 431 757 491 communione
811 429 973 487 alieni
1004 428 1090 484 vel
1141 427 1418 485 consortio
1453 426 1626 482 venia:
1656 424 1733 480 vel
1759 433 1811 490 Α
1838 426 1954 481 sive
2006 424 2130 480 tilia:
2157 424 2426 493 avunculi,
2479 433 2576 481 aut
2604 424 2776 497 patris
2827 425 2975 489 filiae,
3011 424 3097 481 vel
3142 426 3403 498 privignae

157 532 421 593 bonorum
450 528 601 585 ﬁant.
628 522 830 598 Hum]
856 542 870 578 :
913 540 943 579 a
985 538 1093 592 quo
1120 520 1361 591 periculo
1391 520 1437 576 si
1468 518 1727 575 divinitus

155 620 328 691 erepti
356 616 747 682 convaluerint,
796 613 1126 686 paenitentia:
1174 612 1390 667 modum
1416 626 1447 664 a
1476 625 1574 665 suo
1601 625 1728 663 con-

154 711 363 769 fessore
392 709 706 781 impositum
750 706 1034 778 diligenter
1063 703 1369 761 observent.
1404 702 1469 757 Et
1494 702 1616 758 ideo
1642 718 1729 757 se-

155 805 393 862 cundum
426 803 744 859 canonicam
772 801 1171 865 auctoritatem,
1199 815 1267 854 ne
1294 798 1400 854 illis
1422 798 1586 869 janua
1615 798 1727 868 pie-

158 897 284 952 tatis
314 895 492 951 clausa
519 894 787 957 videatur,
815 889 1153 948 orationibus
1193 899 1245 946 et
1270 886 1727 945 consolationzbus

155 986 538 1045 ecclesiasticis
586 1001 740 1041 sacra
795 999 919 1040 cum
964 983 1231 1038 unctione
1256 980 1350 1051 Dei
1380 978 1589 1054 [ΕΜ-ιε,
1630 996 1732 1035 unm

154 1081 334 1138 ctione
358 1077 487 1152 olei]
536 1074 760 1134 animati
815 1076 1109 1133 secundum
1159 1083 1361 1131 statuta
1414 1083 1726 1130 sanctorum

154 1172 374 1231 Patrum
406 1168 786 1226 communione
820 1166 1002 1223 viatici
1028 1166 1360 1223 reﬁciantur.

226 1285 355 1343 Car.
393 1278 607 1339 XXVII.
628 1313 702 1325 —
745 1281 824 1339 De
850 1281 1065 1405 hibsulqstti
1092 1280 1484 1350 suspenduntur
1502 1278 1561 1335 in
1585 1279 1726 1349 pati-

923 1369 1045 1406 um.

118 1447 139 1462 ’
230 1468 525 1538 Quaesitum
577 1476 665 1526 est
704 1468 770 1525 ab
801 1467 1069 1539 aliquibus
1117 1467 1376 1525 fratribus
1404 1468 1470 1522 de
1518 1466 1606 1524 his
1632 1466 1725 1538 qui

164 1563 215 1617 in
246 1559 505 1632 patibulis
557 1560 960 1631 suspenduntur
991 1575 1091 1630 pro
1120 1559 1233 1616 suis
1285 1558 1579 1614 sceleribus
1603 1566 1726 1628 post

156 1651 550 1709 confessionem
578 1652 688 1706 Deo
731 1660 1027 1721 peractam,
1076 1659 1265 1705 utrum
1310 1649 1571 1705 cadavera
1602 1648 1723 1704 illo-

156 1763 277 1802 rum
307 1747 373 1800 ad
401 1745 660 1802 ecclesias
697 1745 982 1801 deferenda
1037 1745 1164 1810 sint,
1199 1754 1257 1801 et
1301 1745 1600 1802 oblationes
1626 1760 1723 1816 pro

155 1839 236 1894 eis
255 1837 565 1902 oll’erendze,
606 1847 663 1894 et
690 1839 866 1893 missa:
903 1837 1261 1902 celebrandae,
1300 1854 1368 1893 an
1416 1853 1543 1893 non.
1594 1836 1724 1905 Qui-

156 1931 258 1985 bus
305 1929 749 2001 respondebimus
787 1949 801 1985 :
851 1928 911 1984 Si
962 1930 1212 1986 euntibus
1237 1932 1303 1986 de
1345 1929 1582 2001 peccatis
1614 1929 1726 1985 suis

156 2040 347 2096 puram
407 2022 798 2079 confessionem
853 2021 1161 2093 agentibus,
1191 2031 1247 2078 et
1276 2022 1433 2092 digne
1461 2021 1726 2091 paeniten-

157 2115 323 2180 tibus,
361 2115 670 2170 communio
705 2114 758 2168 in
795 2113 902 2169 fine
948 2116 1241 2170 secundum
1270 2113 1590 2169 canonicum
1607 2111 1720 2183 jus-

156 2221 276 2261 sum
315 2203 490 2260 danda
516 2212 620 2269 est,
645 2218 744 2258 cur
776 2219 883 2259 non
923 2203 1007 2259 eis
1058 2202 1152 2273 qui
1202 2219 1300 2273 pro
1348 2202 1586 2274 peccatis
1613 2202 1725 2257 suis

153 2309 371 2367 poenam
398 2302 694 2350 extremam
724 2292 1077 2364 persolvunt?
1106 2292 1378 2362 Scriptum
1406 2301 1490 2347 est
1533 2292 1676 2347 enim
1707 2309 1719 2346 :

163 2408 181 2442 ι
216 2387 330 2444 Non
357 2388 590 2443 vindicat
630 2387 770 2442 Deus
789 2388 872 2441 bis
904 2386 954 2441 in
996 2385 1224 2455 idipsum
1251 2383 1476 2457 (Nam.
1508 2401 1553 2450 ι,
1575 2384 1726 2447 iuxta

158 2477 354 2551 LXX).
393 2499 414 2532 ι
476 2477 608 2533 Nam
642 2479 754 2547 ipse
784 2475 1041 2534 Dominus
1078 2478 1154 2532 ait
1196 2492 1210 2531 :
1261 2495 1280 2529 ‹
1315 2475 1373 2531 In
1404 2491 1728 2547 quocunque

169 2591 187 2624 ι
215 2572 302 2628 die
323 2585 615 2626 conversus
641 2569 803 2626 fuerit
827 2579 1101 2640 peccator,
1128 2579 1348 2640 peccata
1368 2570 1485 2639 ejus
1504 2585 1613 2625 non
1634 2586 1725 2627 re-

167 2683 186 2717 t
212 2665 542 2735 putabuntur
561 2664 608 2718 ei
635 2662 851 2734 (Ezech.
884 2662 1100 2728 χχχιιι).
1132 2682 1153 2715 ι
1181 2661 1247 2716 Ει
1272 2661 1466 2718 iterum
1491 2682 1504 2719 :
1532 2664 1553 2717 ἦ
1591 2664 1726 2721 Nolo

168 2774 187 2808 ι
216 2764 444 2811 mortem
491 2753 812 2825 peccatoris,
847 2753 941 2808 sed
989 2761 1050 2807 ut
1097 2762 1442 2809 convertatur
1480 2763 1535 2811 et
1580 2756 1725 2811 vivat

166 2866 185 2899 ι
217 2846 436 2919 (1ὺὶό).ι
460 2858 484 2887 ι
504 2844 740 2901 Salutem
757 2859 884 2913 ergo
897 2842 1103 2899 homini
1122 2844 1312 2899 adimit
1325 2845 1568 2915 quisquis
1582 2858 1726 2900 mor-

158 2940 231 2994 tis
262 2947 505 3011 tempore
550 2937 918 3008 paenitentiam
955 2936 1203 3006 denegat,
1249 2944 1307 2992 et
1361 2937 1615 3009 desperat
1656 2938 1725 2994 de

156 3031 439 3086 clementia
466 3029 578 3093 Dei,
610 3030 703 3099 qui
728 3044 847 3084 eam
893 3027 959 3081 ad
1004 3027 1428 3083 subveniendum
1472 3029 1722 3084 morienti

1829 536 1939 576 sua:
1963 520 2247 577 concubitu
2277 519 2525 591 pollutus,
2554 519 2637 575 vel
2662 518 3030 588 hujuscemodi
3062 520 3399 592 conjunctio-

1828 610 1913 666 nis
1940 618 2144 666 attactu
2198 610 2495 665 maculatus
2546 607 2712 664 fuerit
2739 628 2752 664 :
2780 626 2873 665 eos
2902 608 3154 683 disjungi,
3180 622 3236 667 et
3265 611 3386 666 ulte

1829 703 1942 758 rius
1997 718 2271 774 nunquam
2307 701 2557 775 coniugio
2602 700 2866 774 copulari,
2925 702 3019 759 sed
3053 705 3152 758 sub
3205 718 3399 776 magna

1829 792 2164 849 districtione
2196 792 2311 849 fieri
2350 792 2616 849 volumus.

1898 913 2026 970 Car.
2055 910 2222 968 XXX.
2251 941 2321 957 -ο-
2347 910 2520 982 Quota
2568 911 2899 981 generatione
2946 911 3195 982 contingis
3237 926 3399 980 copu-

2357 980 2461 1037 lari
2483 980 2721 1037 debeant.

1898 1093 2329 1151 Gontradicimus
2371 1109 2587 1165 quoque
2616 1100 2677 1147 ut
2728 1093 2785 1148 in
2812 1102 3004 1163 quarta
3049 1093 3399 1166 generatione

1829 1184 2007 1240 nullus
2026 1185 2258 1257 amplius
2290 1184 2544 1256 coniugio
2590 1184 2873 1254 copuletur
2899 1201 2915 1238 :
2946 1183 3035 1239 ubi
3064 1193 3243 1239 autem
3279 1191 3399 1253 post

1828 1274 2171 1331 interdictum
2202 1273 2403 1332 factum
2430 1283 2706 1331 inventum
2721 1274 2902 1339 fuerit,
2931 1284 3227 1345 separetur.
3254 1270 3399 1331 Sane

1829 1366 2019 1420 eadem
2040 1379 2159 1436 quae
2182 1364 2236 1419 in
2259 1363 2380 1427 viri,
2403 1363 2518 1419 haec
2540 1364 2793 1419 nimirum
2821 1365 2874 1419 in
2904 1366 3089 1421 uxoris
3115 1365 3393 1439 parentela

1829 1455 1896 1511 de
1921 1455 2037 1526 lege
2068 1455 2374 1526 nuptiarum
2399 1454 2583 1525 regula
2600 1453 2947 1511 custodienda
2977 1463 3078 1511 est.
3105 1456 3240 1523 Quia
3265 1471 3396 1526 ergo

1829 1553 2043 1602 constat
2067 1561 2162 1602 eos
2186 1545 2321 1601 duos
2352 1560 2471 1602 esse
2513 1545 2567 1601 in
2592 1560 2755 1601 carne
2788 1562 2919 1612 una,
2969 1548 3269 1602 communis
3293 1546 3397 1603 illis

1830 1638 2081 1709 utrinque
2133 1638 2409 1709 parentela
2442 1654 2563 1694 esse
2613 1639 2881 1694 credenda
2929 1647 3037 1703 est,
3094 1639 3230 1695 sicut
3260 1639 3399 1695 seri:

1830 1738 1982 1803 ptum
2014 1738 2093 1785 est
2125 1748 2138 1784 :
2177 1750 2195 1782 ι
2228 1730 2401 1785 Erunt
2423 1730 2529 1786 duo
2559 1730 2613 1785 in
2640 1745 2806 1786 carne
2835 1745 2940 1785 una
2970 1726 3125 1803 (Gen.
3148 1731 3239 1802 rt).
3275 1748 3293 1781 ι

1931 1841 2060 1899 Car.
2094 1841 2291 1899 XXXI:
2310 1870 2381 1884 ——
2413 1840 2495 1898 De
2526 1841 2681 1897 modo
2727 1842 2919 1898 danda
2953 1842 3283 1912 pauitantia.

1896 1953 2087 2010 nodus
2108 1962 2427 2025 tempusque
2454 1953 2789 2025 pmnitentia:
2833 1960 3055 2025 peccata
3102 1970 3199 2011 sua
3225 1954 3396 2009 conti.

1826 2051 2086 2115 rentibus,
2136 2058 2228 2104 aut
2258 2062 2356 2120 per
2403 2050 2751 2120 antiquorum
2779 2062 3049 2104 canonum
3100 2048 3397 2103 institutio-

1825 2158 1975 2209 nem,
2013 2152 2105 2199 aut
2147 2157 2247 2213 per
2292 2151 2603 2199 sanctarum
2659 2140 3067 2212 Scripturarnm
3093 2142 3389 2198 auctorita-

1827 2244 1958 2299 tem,
2012 2241 2106 2288 aut
2134 2247 2230 2303 per
2258 2231 2683 2288 ecclesiasticam
2712 2233 3155 2287 consuetudinem
3195 2230 3395 2301 imponi

1825 2323 1985 2379 debet
2013 2338 2043 2377 a
2076 2321 2466 2379 sacerdotibus.
2499 2320 2634 2377 Nam
2682 2321 2772 2391 qui
2819 2336 2917 2391 pro
2942 2323 3178 2392 peccatis
3217 2321 3395 2393 gravi-

1824 2414 1926 2469 bus
1956 2412 2100 2467 leves
2123 2414 2385 2482 quosdam
2406 2421 2461 2467 et
2496 2409 2780 2466 inusitatos
2822 2411 3103 2480 imponunt
3128 2411 3396 2480 paenitena~

1826 2509 1914 2563 tiae.
1938 2510 2144 2572 modos,
2194 2515 2518 2565 consumunt
2569 2503 2881 2578 [consuunt]
2912 2504 3182 2575 pulvillos,
3212 2519 3401 2559 secun-

1826 2604 1953 2661 dum
1986 2602 2363 2673 propheticum
2415 2615 2720 2657 sermonem
2771 2598 2989 2671 (Emit.
3036 2600 3252 2669 χχχιιι),
3299 2597 3399 2654 sub

1824 2695 1974 2749 omni
2011 2695 2193 2750 cubito
2220 2708 2431 2756 manus,
2464 2703 2518 2749 et
2549 2692 2753 2748 faciunt
2775 2692 3059 2747 cervicalia
3092 2693 3190 2747 sub
3225 2692 3399 2761 capite

1825 2781 2091 2840 universa:
2117 2784 2292 2840 artatis
2319 2784 2387 2838 ad
2422 2782 2713 2853 capiendas
2735 2783 2963 2837 animas.
2998 2781 3105 2837 Sed
3134 2782 3391 2838 discretio

1826 2874 2087 2929 servanda
2128 2882 2213 2929 est
2261 2873 2403 2928 inter
2446 2872 2772 2943 ptenitentes
2818 2872 2909 2942 qui
2940 2872 3170 2942 publice,
3220 2883 3272 2927 et
3303 2871 3395 2941 qui

1825 2966 2091 3019 absconse
2113 2963 2379 3034 paenitere
2398 2963 2649 3018 debeant.
2674 2961 2808 3017 Nam
2834 2963 2923 3032 qui
2949 2963 3158 3033 publice
3182 2971 3396 3033 peccat,

1825 3064 2041 3127 oportet
2068 3067 2127 3111 ut
2150 3056 2365 3126 publica
2407 3054 2697 3110 mulctetur
2746 3054 3083 3124 pmnitentia,
3111 3063 3166 3109 et
3207 3070 3401 3110 secun-

158 3122 403 3179 suﬂicere
427 3122 513 3178 vel
540 3123 595 3178 in
643 3130 917 3178 momento
950 3135 1108 3191 posse
1152 3136 1256 3176 non
1311 3122 1504 3177 credit.
1537 3121 1724 3177 Perdi-
1750 3142 1799 3209 ε
1827 3121 1954 3203 dim,
1996 3121 2242 3204 ordin'em
2293 3163 2561 3203 canonum
2610 3161 2711 3216 pro
2748 3121 2956 3201 'memo
2980 3162 3079 3201 δυο
3102 3155 3159 3201 α
3183 3160 3403 3202 “cum

158 3216 325 3271 disset
355 3216 495 3270 latro
538 3214 592 3270 in
619 3228 779 3308 cruce
798 3212 1075 3308 praemium
1117 3212 1184 3308 ad
1213 3208 1415 3268 Christi
1446 3214 1723 3269 dexteram
1828 3242 2155 3308 mum“
2210 3248 2269 3298 ει
2314 3208 2716 3297 fmina”.
2766 3237 3099 3294 Ρωηηαηεε
3129 3252 3257 3294 γεω
3292 3246 3401 3293 um

158 3307 399 3378 pendens
422 3304 573 3378 (Luc.
608 3301 786 3377 χχιιι),
836 3303 880 3359 si
913 3302 1059 3358 illum
1091 3301 1250 3358 unius
1282 3304 1428 3358 liora:
1455 3304 1723 3374 poeniten-

160 3394 233 3450 tia
263 3410 369 3450 non
417 3394 646 3466 juvisset
671 3409 687 3448 :
717 3409 840 3450 cum
879 3403 1022 3448 esset
1060 3393 1113 3448 in
1160 3408 1341 3464 ptena,
1377 3394 1647 3465 ρωηίιιιὶι,
1673 3403 1729 3450 et

158 3500 256 3556 per
282 3485 442 3540 unius
468 3485 732 3541 sermonis
778 3482 1192 3553 professionem,
1233 3482 1598 3540 habitaculum
1626 3500 1726 3557 pa-

160 3579 347 3643 radisi,
396 3578 505 3632 Deo
534 3577 905 3648 promittente,
948 3576 1265 3646 promeruit.
1306 3574 1446 3631 Vera
1498 3593 1629 3649 ergo
1659 3572 1729 3632 ad

159 3671 332 3726 Deum
358 3667 638 3722 conversio
682 3667 736 3720 in
778 3665 982 3721 ultimis
1012 3666 1309 3736 positorum
1342 3676 1522 3723 mente
1550 3668 1730 3738 potius

156 3770 244 3816 est
267 3759 580 3815 astimanda
611 3773 771 3828 quam
815 3767 1073 3829 tempore,
1124 3760 1385 3828 propheta
1418 3760 1520 3815 hoc
1553 3760 1732 3816 taliter

159 3859 483 3909 asserente:
515 3866 539 3902 c
585 3849 719 3904 Cum
748 3864 1037 3905 conversus
1064 3848 1412 3922 ingemuerls,
1455 3860 1583 3908 tunc
1628 3850 1733 3907 sal-

167 3961 188 3996 ε
231 3958 329 3999 vus
355 3942 464 3999 eris
491 3939 708 4013 (Each.
736 3940 950 4012 χχχιιι).
990 3959 1011 3993 ι

441 4053 568 4111 Car.
604 4052 839 4110 XXVIII.
868 4084 939 4095 —
960 4052 1039 4108 De
1073 4053 1397 4111 incestuosis.

238 4167 309 4226 Ut
332 4168 565 4241 episcopi
625 4167 962 4225 incestuosos
998 4169 1213 4239 penitus
1258 4169 1580 4242 investigare
1616 4179 1732 4229 stu-

166 4265 329 4321 deant
355 4263 574 4319 omnino
610 4261 946 4318 decrevimus
976 4279 989 4315 :
1021 4261 1113 4332 qui
1163 4260 1207 4316 si
1258 4263 1521 4333 paenitere
1550 4263 1735 4320 nolue-

166 4358 297 4420 rint,
329 4357 394 4410 de
426 4354 663 4411 Ecclesia
690 4353 1047 4425 expellantur,
1079 4354 1249 4410 donec
1266 4354 1334 4409 ad
1358 4356 1733 4424 paenitentiam

165 4455 526 4504 revertantur.
560 4444 713 4513 Quod
741 4446 785 4500 si
814 4446 1150 4501 sacerdotum
1193 4446 1467 4502 noluerint
1486 4447 1733 4503 admoni-

1828 3333 2187 3404 expletionem
2213 3332 2509 3388 constituti
2540 3330 2798 3402 temporis
2826 3346 2987 3400 quam
3019 3328 3277 3386 facinoris
3322 3344 3405 3386 re-

1828 3426 2140 3481 missionem
2163 3425 2491 3490 desiderent,
2516 3438 2613 3480 uec
2641 3424 2723 3479 eis
2763 3421 2995 3479 suﬁeiat
3021 3422 3067 3477 si
3092 3437 3123 3475 a
3149 3437 3406 3491 quemm-

1830 3517 1955 3572 dam
1981 3532 2164 3573 rerum
2196 3515 2632 3587 perceptionibus
2688 3513 3019 3580 abstineant,
3044 3513 3099 3569 ni
3136 3528 3194 3568 se
3232 3513 3400 3569 etiam

1830 3623 1861 3661 a
1900 3606 2077 3661 noxiis
2126 3605 2575 3662 delectationibus
2626 3605 2948 3661 subtraham
3004 3623 3018 3659 :
3072 3604 3406 3660 declinantes

1832 3704 2013 3750 autem
2042 3711 2073 3749 a
2119 3695 2259 3750 malo
2297 3696 2499 3750 faciant
2525 3695 2745 3762 bonum,
2797 3696 3073 3766 inquirant
3100 3711 3309 3767 pacem,
3339 3711 3404 3750 ac

1832 3798 2129 3859 sequantur
2157 3789 2324 3844 illam.

1904 3880 2068 3936 Multa
2104 3882 2320 3951 quidem
2342 3882 2443 3936 alia
2472 3896 2569 3953 per
2597 3881 2840 3938 diversas
2862 3882 3189 3952 quaestiones
3213 3896 3400 3938 coram

1832 3972 1991 4031 nobis
2018 3971 2178 4026 allata
2201 3980 2346 4037 sunt,
2376 3972 2469 4027 sed
2496 3986 2595 4043 pro
2614 3972 2880 4028 brevitate
2906 3972 3163 4043 temporis
3194 3973 3251 4026 in
3274 3988 3404 4043 prte-

1832 4064 1974 4120 senti
2018 4063 2246 4119 concilio
2274 4062 2522 4118 omnibus
2572 4063 2898 4133 respondere
2923 4071 2985 4120 et
3033 4077 3101 4118 ea
3124 4062 3404 4119 absolvere

1832 4170 1941 4213 non
1971 4154 2265 4225 potuimus.
2290 4153 2417 4210 Bac
2439 4167 2569 4209 vero
2604 4169 2727 4222 qua:
2747 4153 2901 4210 vobis
2940 4155 3257 4210 transmissa
3278 4163 3409 4210 sunt

1832 4248 2067 4319 petimus
2093 4255 2151 4301 ut
2176 4244 2371 4302 vest‘ra'
2401 4247 2725 4302 auctoritate
2769 4245 3090 4303 ﬁrmentur:
3119 4255 3194 4310 et,
3219 4248 3266 4302 si
3286 4247 3411 4318 quis

1835 4338 2175 4393 adversarius
2222 4338 2328 4393 illis
2368 4338 2605 4394 existere
2661 4338 2911 4405 voluerit,
2962 4340 3259 4411 praevalere
3298 4356 3404 4397 non

1835 4429 2200 4500 permittatur.
2234 4428 2327 4485 Dei
2352 4430 2496 4484 enim
2540 4438 2920 4499 cooperatores
2947 4446 3044 4486 vos
3083 4445 3205 4486 esse
3245 4430 3405 4487 debe-

168 4540 404 4595 tionibus
446 4553 631 4593 aurem
664 4537 1093 4601 accommodare,
1124 4537 1364 4593 volentes
1394 4541 1446 4593 in
1491 4540 1728 4609 pristinis

1837 4524 1924 4587 tis,
1953 4532 2009 4578 et
2036 4524 2306 4594 adjutores
2332 4531 2531 4578 sanctae
2555 4521 2673 4592 ejus
2708 4523 2985 4588 Ecclesiae,
3012 4532 3282 4594 quatenus
3322 4538 3409 4578 re-

162 4629 465 4702 perdurare
488 4628 827 4692 criminibus,
858 4634 1072 4699 oportet
1094 4642 1188 4682 eos
1208 4644 1306 4698 per
1331 4629 1606 4685 saacularis
1636 4646 1734 4702 po-

164 4719 353 4775 tentia;
399 4717 733 4790 disciplinam
774 4734 805 4773 a
832 4728 940 4774 tam
968 4732 1134 4790 prava
1159 4722 1546 4778 consuetudine
1575 4738 1732 4778 coer-

166 4813 303 4870 cerl.

398 4927 522 4985 CAP.
552 4925 740 4982 XXIX.
768 4957 839 4968 —
872 4925 951 4981 De
975 4926 1242 4983 damnatis
1289 4927 1502 4999 nuptiis.

243 5038 301 5096 Si
321 5040 445 5110 quis
466 5041 678 5097 viduam
706 5058 929 5100 uxorem
957 5046 1189 5109 duxerit,
1229 5054 1284 5100 et
1310 5056 1493 5117 postea
1518 5062 1644 5102 cum
1672 5047 1736 5103 II-

168 5130 355 5186 liastra
386 5148 479 5187 sua
528 5131 826 5190 fornicatus
855 5134 1040 5201 fuerit,
1093 5152 1187 5192 seu
1226 5138 1433 5193 duabus
1461 5140 1739 5195 sororibus

169 5224 417 5294 nupserit
448 5242 462 5277 :
496 5234 591 5278 aut
621 5225 790 5294 siqua
818 5227 1026 5281 duobus
1060 5227 1318 5284 fratribus
1354 5229 1616 5298 nupserit,
1642 5245 1738 5285 seu

171 5332 296 5371 cum
329 5323 481 5383 patre
529 5324 586 5370 et
635 5316 782 5371 lilio:
831 5318 963 5373 item
1011 5318 1057 5373 si
1102 5321 1224 5389 quis
1260 5319 1501 5375 relictam
1535 5320 1739 5387 fratris,

1839 4616 1966 4688 ligio
1991 4616 2298 4672 Christiana
2326 4617 2749 4672 imaeutaminata
2772 4616 3105 4688 temporibus
3126 4616 3279 4687 regni
3310 4630 3408 4671 ve-

1841 4707 1937 4763 stri
1968 4722 2136 4778 usque
2162 4707 2217 4762 in
2245 4706 2409 4762 linem
2432 4716 2699 4762 servetur.

2389 4838 2720 4897 EPISTOLA
2742 4839 2855 4897 VIII

2443 4953 2804 5034 Synodalis,

2009 5086 2074 5125 ω
2100 5085 2409 5127 ΙΙΙΝΟΙΔΒῙΙΙ
2449 5087 2894 5129 Διιοιιιιίριεεορυιι
2918 5089 3247 5147 ,ιιιιειιιιιδει

2404 5183 2482 5239 De
2504 5183 2859 5241 Gathescaleo.

2059 5296 2219 5359 (Apud
2247 5296 2418 5356 Mansi,
2442 5296 2609 5358 Conc.,
2634 5304 2749 5347 tom.
2775 5298 2900 5362 XIV,
2925 5314 3034 5366 pag.
3061 5301 3199 5365 9N.)

172 5420 297 5477 εῐυε
323 5418 459 5474 Pelle
482 5405 633 5475 Ρτίυδ
656 5407 958 5473 θΧδιίιεΓῖίιι
986 5409 1189 5463 carnali
1224 5409 1603 5478 coniunctione
1630 5413 1745 5467 vio-
1919 5421 2369 5476 Reverentissimo
2396 5422 2549 5479 fratri
2575 5432 2628 5479 et
2647 5427 3017 5481 consacerdoti
3033 5426 3309 5482 ancuno
3329 5442 3419 5480 ar-

176 5497 409 5552 laverit:
442 5497 633 5568 siquis
676 5508 889 5569 neptem
918 5500 970 5554 in
997 5500 1304 5572 conjugium
1359 5506 1631 5574 acceperit
1657 5523 1670 5560 :
1699 5505 1746 5561 si
1849 5512 2189 5583 chiepiscupo
2242 5510 2511 5579 RABANUS,
2562 5531 2750 5573 servus
2791 5517 2992 5574 Christi
3035 5524 3091 5573 et
3139 5532 3417 5574 servorum

176 5588 302 5661 quis
352 5604 636 5645 novercam
667 5599 761 5647 aut
821 5607 1015 5647 nurum
1069 5608 1221 5649 suam
1254 5594 1469 5650 duxerit
1497 5613 1513 5651 :
1542 5599 1587 5653 si
1625 5599 1750 5670 quis
1850 5602 1986 5672 ejus,
2014 5603 2067 5657 in
2098 5603 2322 5659 Domino
2351 5605 2598 5662 salutem.

179 5686 517 5742 consobrina:
544 5702 654 5743 sua:
699 5686 965 5752 impudice
990 5704 1049 5742 se
1084 5690 1396 5749 sociaverit.
1430 5692 1514 5747 vel
1547 5692 1749 5749 relicta:
1924 5692 2117 5749 Notum
2144 5694 2215 5749 sit
2249 5694 2521 5750 dilectioni
2549 5706 2741 5753 vestrae
2782 5697 2923 5768 quod
2946 5697 3163 5768 quidam
3192 5712 3420 5770 gyrova-

258 5807 285 5837 ι
324 5794 447 5852 Haec
500 5809 624 5851 sunt
662 5814 726 5853 ex
771 5798 1065 5865 leestini,
1122 5801 1277 5869 epist.
1342 5801 1406 5855 ad
1456 5804 1735 5873 episcopos
1773 5804 1967 5860 Vienn.
2000 5814 2053 5859 et
2087 5802 2320 5857 Narbon.
2366 5803 2532 5858 thn.
