3938 6334
505 360 642 419 15τῦ

1133 355 1194 413 Β,
1233 353 1486 411 ΒΑΒΑΝΙ
1524 350 1746 411 MAURI
1785 347 2105 408 ARCHIEP.
2144 343 2454 408 MOGUNT.
2495 341 2781 402 OPERUM
2817 337 3000 400 PARS
3037 337 3129 396 IIl.

3645 334 3778 391 ωηο

505 485 604 541 gus
629 467 946 529 monachus,
974 462 1192 519 nomine
1218 463 1558 527 Gothescalc,
1586 463 1678 532 qui
1700 477 1758 518 se
1779 461 1976 516 asserit
2001 476 2083 515 sa-
2107 466 2158 525 Α
2183 461 2440 515 seducere
2476 457 2730 528 populum
2758 455 3124 511 Christianum
3151 466 3169 507 :
3219 452 3348 510 quia
3393 452 3520 522 jam
3561 453 3776 514 multos.

505 559 778 616 eerdotem
821 557 878 634 in
906 565 1091 612 vestra
1143 555 1400 626 parochia
1444 555 1782 620 ordinatum,
1837 555 1902 610 de
1933 551 2085 608 Italia

504 649 654 704 venit
697 648 764 703 ad
810 663 910 704 nos
961 646 1310 719 Moguntiam,
1361 663 1526 702 novas
1579 645 1987 716 superstitiones
2031 651 2087 699 et

506 740 724 795 noxiam
775 738 1074 796 doctrinam
1103 739 1169 794 de
1198 739 1672 808 praedestinatione
1717 737 1810 793 Dei
1839 737 2084 791 introdu-

508 843 660 895 cens,
707 837 762 885 et
805 830 1030 900 populos
1075 830 1129 884 in
1159 844 1399 884 errorem
1441 830 1691 884 mittens:
1732 828 1916 884 dicens
1945 827 2088 897 quod

507 919 910 990 praedestinatio
935 921 1054 986 Dei,
1084 920 1223 974 sicut
1252 921 1306 974 in
1332 922 1492 986 bono,
1527 921 1596 975 sit
1623 920 1697 974 ita
1725 929 1781 975 et
1806 920 1860 974 in
1902 917 2042 974 malo
2069 936 2082 972 :

509 1021 564 1068 et
591 1013 726 1070 tales
745 1014 855 1068 sint
882 1013 936 1067 in
966 1013 1066 1068 hoc
1097 1015 1300 1070 mundo
1320 1014 1563 1084 quidam,
1592 1013 1683 1084 qui
1706 1020 1925 1084 prOpter
1951 1027 2088 1082 pra:-

509 1106 921 1164 destinationem
957 1105 1086 1172 Dei,
1119 1123 1237 1176 quae
1282 1123 1376 1163 eos
1402 1116 1560 1178 cogat
1603 1107 1659 1162 in
1706 1117 1938 1162 mortem
1987 1106 2084 1170 ire,

511 1216 616 1255 non
647 1199 853 1270 possint
879 1201 947 1255 ab
969 1216 1156 1256 errore
1178 1209 1232 1256 et
1257 1209 1478 1269 peccato
1506 1215 1563 1254 se
1589 1200 1862 1270 corrigere
1887 1214 1902 1261 ;
1934 1197 2088 1265 quasi

512 1291 653 1346 Deus
698 1307 792 1348 eos
836 1290 1054 1347 fecisset
1099 1291 1166 1346 ab
1215 1292 1366 1348 initio
1411 1289 1803 1361 incorrigibiles
1846 1301 1988 1352 esse,
2036 1296 2092 1342 et

510 1397 683 1452 pmnae
709 1383 968 1438 obnoxios
1000 1383 1054 1437 in
1085 1383 1361 1438 interitum
1405 1383 1502 1439 ire.
1535 1382 1686 1436 Hanc
1725 1397 1852 1453 ergo
1879 1379 2090 1450 opinio-

511 1487 634 1527 nem
665 1489 836 1543 nuper
875 1474 929 1528 in
959 1475 1164 1545 synodo
1200 1475 1340 1546 apud
1370 1474 1696 1545 Moguntiam
1729 1473 1910 1528 habita
1939 1474 2008 1528 ab
2027 1487 2092 1526 eo

513 1563 808 1629 audientes,
857 1573 912 1618 et
964 1565 1381 1636 incorrigibilem
1424 1580 1546 1619 eum
1579 1564 1947 1633 reperientes,
1999 1579 2095 1616 an-

513 1661 710 1708 nuente
753 1662 915 1725 atque
951 1652 1175 1723 jubente
1227 1655 1471 1725 piissimo
1514 1670 1640 1726 rege
1687 1665 1872 1710 nostro
1920 1653 2094 1709 Ludo-

512 1744 650 1809 vico,
683 1746 1020 1802 decrevimus
1067 1763 1190 1802 eum
1218 1763 1342 1803 cum
1389 1747 1690 1817 perniciosa
1721 1762 1818 1801 sua
1849 1746 2093 1802 doctrina
2153 1799 2156 1802 .

514 1836 824 1892 damnatum
853 1840 1067 1894 mittere
1097 1841 1166 1894 ad
1193 1855 1307 1904 vos,
1339 1849 1607 1910 quatenus
1631 1855 1755 1896 eum
1804 1839 2096 1894 recludatis
2125 1863 2175 1926 Β

513 1927 569 1982 in
597 1939 776 1985 vestra
821 1931 1096 2002 parochia,
1128 1932 1268 1988 unde
1305 1933 1540 2002 primum
1579 1931 1887 1987 inordinate
1916 1946 2092 1986 reces-

513 2021 586 2077 sit
611 2039 624 2075 :
670 2033 726 2079 et
755 2039 862 2080 non
884 2024 1073 2080 sinatis
1097 2040 1222 2080 eum
1249 2025 1480 2095 amplius
1504 2040 1747 2082 errorem
1771 2023 1990 2089 docere,
2040 2029 2096 2077 et

2185 558 2244 604 ut
2273 549 2474 614 audivi,
2519 548 2769 603 seductos
2818 545 3019 611 habet,
3074 553 3130 600 et
3158 544 3335 599 minus
3375 543 3622 598 devotos
3659 559 3781 614 erga

2185 658 2336 697 suam
2365 639 2610 705 salutem,
2643 640 2732 709 qui
2775 639 3002 694 dicunt:
3052 636 3154 704 Qui
3182 636 3314 692 mihi
3352 635 3617 707 proderit
3645 635 3780 691 labo-

2185 747 2312 788 rare
2348 733 2402 787 in
2432 721 2654 788 servitio
2682 730 2776 785 Dei
2800 730 2824 783 ?
2853 729 2980 800 quia
3005 730 3052 784 si
3081 723 3512 798 praidestinatus
3553 743 3678 782 sum
3720 728 3781 780 ad

2187 834 2440 889 mortem,
2495 837 2767 893 nunquam
2817 821 2963 877 illam
3007 823 3274 876 evadam:
3324 820 3377 875 si
3417 827 3615 873 autem
3655 819 3780 874 male

2186 933 2366 988 egero,
2410 925 2466 972 et
2489 915 2904 988 praedestinatus
2933 930 3052 969 sum
3083 913 3150 968 ad
3172 913 3368 976 vitam,
3396 912 3526 966 sine
3549 909 3662 964 ulla
3689 912 3779 964 du-

2186 1009 2447 1064 bitatione
2485 1009 2551 1063 ad
2572 1018 2831 1062 :cternam
2875 1007 3117 1075 requiem
3136 1005 3295 1060 vado.
3329 1003 3466 1058 Haec
3491 1017 3632 1074 ergo
3661 1018 3782 1072 pau-

2189 1103 2268 1158 cis
2294 1103 2447 1157 vobis
2474 1101 2814 1172 scripsimus,
2847 1099 3159 1155 intimantes
3187 1098 3409 1169 qualem
3439 1096 3566 1166 ejus
3597 1097 3785 1150 (lorari-

2189 1211 2312 1250 nam
2336 1195 2653 1266 reperimus.
2687 1193 2796 1248 Vos
2818 1193 2982 1248 etiam
3011 1192 3262 1247 valebitis
3289 1192 3359 1246 de
3385 1207 3486 1246 ore
3505 1191 3634 1260 ejus
3655 1191 3783 1259 quod

2191 1291 2354 1352 sentit
2378 1291 2591 1361 plenius
2613 1291 2819 1356 audire,
2846 1299 2901 1347 et
2927 1291 3057 1362 quid
3079 1289 3202 1344 inde
3222 1290 3500 1360 agendum
3534 1290 3633 1353 sit,
3653 1289 3784 1358 just:

2191 1393 2503 1449 decernere.
2570 1391 2830 1446 Dominus
2873 1390 3213 1458 omnipotens
3279 1389 3642 1444 sanctitatem
3699 1401 3784 1439 ve—

2193 1491 2360 1538 stram
2409 1484 2547 1538 bene
2596 1482 2863 1537 valentem
2888 1522 2902 1546 ,
2945 1488 2999 1536 et
3038 1495 3139 1551 pro
3183 1479 3342 1535 nobis
3386 1486 3686 1540 orantem,
3739 1476 3782 1528 in

2193 1581 2456 1629 aeternum
2481 1587 2804 1629 conservare
2833 1572 3101 1644 dignetur.

2750 1702 3089 1759 EPISTOLA
3125 1703 3218 1758 IX.

2617 1834 2682 1872 AD
2719 1832 3050 1874 HUHBERTDI
3085 1831 3380 1872 EPISCOPIII

2365 1910 2538 1976 Quota
2561 1910 2893 1980 generatione
2921 1909 3124 1963 licitum
3155 1909 3218 1962 sit
3262 1908 3622 1962 connubia“.

2484 2021 2642 2094 (Vide
2675 2038 2858 2092 supra,
2888 2030 3018 2078 tom.
3051 2019 3139 2085 IV,
3168 2020 3273 2076 cui.
3315 2017 3512 2088 1085.)
3533 2034 3550 2055 ι

1753 2335 1893 2461 Β.
1996 2329 2524 2462 RABAN
2533 2335 2584 2458 Ι

871 2576 1196 2640 GLOSSE
1238 2577 2062 2640 LATINO-BARBARICJE
2103 2579 2210 2640 DE
2247 2575 2633 2640 PARTIBUS
2672 2576 2991 2640 HUMANI
3032 2575 3456 2653 CORPORIS.

1993 2719 2316 2736 *ιι

1387 2805 1850 2864 WALAFRIDUS
1889 2805 2208 2864 STRABUS
2245 2804 2466 2862 MAURI
2504 2771 2925 2861 DlSCIPULUS.

1275 2942 1376 3006 Sic
1404 2943 1602 3006 homo
1641 2941 1966 3014 consistit,
2007 2941 2102 3002 sic
2136 2942 2424 3020 corporis
2453 2940 2632 3002 illius
2668 2947 2843 3002 artus

1273 3023 1615 3103 Expositos
1646 3023 1871 3084 Mauro
1900 3020 2164 3083 Strabus
2193 3027 2590 3084 monstrante
2622 3021 2873 3083 tenebo.

590 3144 764 3200 Homo
789 3143 856 3199 ab
887 3143 1054 3200 humo
1075 3143 1250 3199 dictus
1269 3152 1370 3199 est.

590 3241 780 3294 Anima
807 3256 837 3294 a
867 3239 1044 3295 ventis
1064 3253 1259 3294 nomen
1303 3238 1469 3293 traxit
1495 3257 1507 3294 :
1534 3239 1674 3294 unde
1699 3245 1754 3292 et
1779 3235 1967 3292 Graece
1993 3231 2102 3293 ἂνα-

519 3351 618 3402 μος
639 3339 828 3386 ventus
858 3331 1073 3394 dicitur,
1109 3329 1249 3398 quod
1283 3343 1377 3383 ore
1409 3329 1574 3384 trahit
1601 3343 1780 3384 aerem
1815 3329 1996 3384 homo.

593 3424 792 3494 Corpus
822 3440 853 3478 a
881 3424 1225 3492 corruptione
1249 3423 1463 3477 dicitur.

543 3534 559 3552 ο
593 3515 763 3586 Caput
793 3532 822 3569 a
845 3515 1125 3584 capiendo,
1154 3529 1219 3568 eo
1246 3514 1390 3583 quod
1431 3529 1618 3572 omnes
1648 3531 1840 3571 sensus
1865 3515 2105 3585 corporis

523 3607 718 3680 capiat.
747 3614 802 3660 et
827 3605 969 3674 quod
1001 3606 1173 3674 prima
1204 3620 1332 3675 pars
1361 3609 1608 3677 corporis
1637 3609 1729 3664 sit.

610 3695 811 3762 Verlex,
833 3697 1096 3764 scheitila,
1123 3698 1308 3753 nuilla.

598 3788 928 3859 Occipilium,
955 3788 1062 3844 hail
1087 3787 1284 3845 andha.

596 3879 808 3950 Capilli,
841 3880 1033 3936 loccha
1063 3880 1202 3934 labs.

597 3970 870 4034 Cmsaries,
897 3971 1201 4042 gisehoram
1225 3971 1366 4028 labs.

597 4061 792 4130 Comm,
817 4063 1175 4135 ungischoran
1205 4064 1347 4120 fahs.

597 4153 777 4209 Crines
815 4131 1030 4224 proprie
1055 4155 1346 4210 mulierum
1375 4154 1647 4222 dicuntur,
1669 4171 1734 4214 eo
1778 4158 1922 4228 quod
1957 4131 2107 4214 vittis

528 4246 985 4301 discriminantur.

601 4337 874 4407 Tempora,
907 4336 1294 4408 thunuuengiu.

603 4426 785 4481 Facies
809 4426 952 4480 dicta
982 4427 1050 4480 ab
1072 4424 1246 4495 elligie
1271 4446 1284 4481 :
1318 4427 1391 4484 ibi
1411 4436 1492 4483 est
1520 4429 1663 4484 enim
1685 4437 1798 4487 tota
1819 4430 1990 4503 ﬁgura
2016 4431 2111 4487 lio-

527 4517 689 4572 minis
717 4525 772 4571 et
803 4515 1223 4585 uniuscujusque
1257 4532 1502 4586 persona:
1525 4521 1746 4590 agnitio.

607 4607 792 4662 Vultus
815 4623 941 4664 vero
971 4607 1148 4663 dictus
1175 4622 1241 4663 eo
1271 4607 1413 4678 quod
1434 4623 1530 4678 per
1551 4624 1672 4665 eum
1709 4611 1954 4669 voluntas
1982 4615 2101 4669 ani-

529 4703 602 4757 mi
624 4704 945 4759 ostenditur.

603 4791 794 4860 From,
817 4794 938 4850 endi
961 4812 974 4848 :
998 4810 1031 4850 a
1055 4793 1408 4851 foraminibus
1433 4797 1710 4852 oculorum
1740 4799 1937 4855 dicitur
1956 4799 2104 4869 fron-

531 4886 811 4955 lispicium.

603 4975 753 5031 Oculi
790 4977 918 5033 dicti
959 4979 1112 5050 quasi
1151 4980 1301 5037 ocior
1345 4981 1459 5049 lux,
1485 4981 1629 5053 quod
1667 4982 1775 5038 cito
1804 4981 1977 5038 lucem
2015 4999 2107 5040 ca-

529 5071 698 5145 piant.

601 5160 838 5232 Pupilla,
859 5161 1006 5229 seha,
1039 5164 1250 5220 medius
1280 5174 1509 5235 punctus
1535 5166 1696 5223 oculi.

601 5254 838 5309 Circulus
879 5272 1006 5312 vero
1041 5273 1148 5327 quo
1173 5273 1202 5312 a
1230 5259 1429 5328 pupilla
1460 5260 1593 5316 alba:
1641 5267 1821 5330 partes
1847 5259 1988 5315 oculi
2018 5274 2104 5314 se-

531 5355 808 5418 parantur.
839 5348 1080 5402 Discreta
1105 5349 1381 5418 nigredine
1409 5367 1600 5403 corona
1639 5351 1852 5404 dicitur.

605 5436 877 5506 Palpebrae
923 5446 1050 5491 sunt
1076 5437 1226 5492 sinus
1249 5439 1526 5494 oculorum
1555 5458 1584 5492 a
1608 5440 1911 5508 palpatione
1953 5440 2108 5494 dictae

535 5526 869 5597 augbrauua.

606 5616 760 5682 Cilia,
797 5617 850 5672 id
871 5626 954 5673 est
993 5618 1250 5690 tegmina,
1279 5621 1476 5690 quibus
1515 5623 1831 5691 operiuntur
1863 5623 2024 5689 oculi,
2055 5631 2108 5678 et

538 5708 679 5762 dicta
709 5709 852 5776 quod
877 5709 1053 5764 celent
1073 5710 1274 5765 oculos.

612 5794 920 5864 Supercilia,
949 5798 1000 5852 id
1029 5807 1110 5853 est
1134 5801 1484 5855 windbrauna

2134 3149 2180 3212 ρ
2282 3141 2461 3210 Cenm,
2492 3145 2776 3200 inferiores
2800 3153 2980 3215 partes
2999 3116 3301 3213 oculorum,
3327 3147 3584 3205 biuﬁlon.

2279 3236 2456 3302 Malw,
2483 3238 2537 3293 id
2563 3247 2645 3294 est
2671 3237 2960 3295 braccbom
2991 3256 3004 3292 :
3034 3237 3114 3294 sic
3137 3245 3195 3294 et
3215 3239 3455 3295 maxillae
3483 3241 3611 3295 inde
3648 3241 3794 3295 dian-

2205 3330 2388 3384 nutive
2411 3330 2684 3385 dicuntur.

2275 3421 2440 3476 Aures
2480 3423 2548 3478 ab
2588 3421 2885 3479 hauriendo
2914 3424 3070 3480 diem
3093 3433 3238 3492 sunt,
3278 3424 3406 3496 quia
3439 3440 3632 3481 vocem
3664 3426 3792 3480 ban-

2207 3511 2374 3566 riunt.

2283 3602 2536 3671 Pinnula,
2567 3619 2775 3660 summa
2801 3621 2925 3677 pars
2949 3607 3116 3662 auris.

2279 3719 2472 3782 Nares,
2496 3734 2646 3774 uasa.
2673 3718 2897 3774 Narium
2923 3731 3072 3775 recta
3096 3737 3222 3791 pars
3240 3722 3495 3778 columna
3524 3733 3752 3780 matur
3775 3745 3790 3776 :

2206 3810 2525 3864 extremitas
2553 3808 2670 3877 ejus
2711 3809 2884 3880 pirula
2925 3821 3149 3866 vocatur
3182 3828 3215 3867 a
3255 3812 3435 3869 forma
3463 3817 3614 3884 pomi
3661 3818 3788 3884 piri:

2206 3917 2326 3970 quae
2367 3918 2498 3958 vero
2542 3902 2732 3956 dextra
2771 3903 3008 3973 laevaque
3048 3915 3210 3970 sunt,
3242 3907 3484 3977 pinnula:
3513 3910 3788 3970 dicuntur;

2204 3991 2440 4046 medium
2465 4002 2645 4046 autem
2668 3992 2990 4061 interﬁnium
3023 3994 3238 4049 dicitur.

2280 4101 2372 4167 Os,
2397 4104 2450 4158 id
2473 4114 2556 4159 est
2587 4106 2774 4171 mund,
2799 4107 2952 4175 quasi
2979 4108 3178 4164 ostium
3212 4110 3436 4178 dicitur,
3459 4113 3592 4183 quia
3621 4114 3692 4170 ibi
3713 4114 3788 4166 in-

2207 4196 2524 4267 grediuntur
2548 4198 2670 4262 cibi,
2699 4200 3047 4269 egrediuntur
3073 4218 3370 4260 sermones.

2277 4286 2453 4340 Labra
2481 4287 2721 4342 virorum
2753 4288 3025 4357 dicuntur,
3050 4292 3189 4347 labia
3213 4296 3526 4351 mulierum.

2276 4377 2482 4450 Lingua
2513 4395 2545 4434 a
2574 4378 2848 4450 lingendo,
2872 4383 3012 4438 sicut
3050 4383 3192 4441 labia
3222 4401 3254 4440 a
3289 4385 3583 4444 lambendo
3616 4387 3792 4444 dicun-

2130 4504 2184 4564 D
2212 4483 2318 4528 ιυν.

2277 4566 2494 4634 Dentes,
2524 4567 2644 4622 ceni
2671 4581 2686 4621 :
2715 4584 2943 4638 quorum
2993 4570 3153 4640 primi
3181 4573 3489 4641 prlrcisores
3520 4576 3786 4638 dicuntur,

2207 4660 2330 4729 quia
2376 4661 2677 4730 prmcidunt
2723 4662 2905 4726 cibos;
2954 4673 3242 4732 sequentes
3290 4667 3466 4719 canini
3509 4680 3786 4726 vocantur.

2206 4753 2332 4823 quia
2379 4753 2519 4809 sicut
2555 4767 2719 4809 canes
2764 4770 2887 4809 cum
2932 4755 3013 4810 eis
3060 4772 3183 4812 ossa
3222 4757 3594 4829 confringunt,
3630 4763 3704 4816 ita
3743 4772 3790 4815 et

2205 4844 2366 4899 homo
2396 4861 2516 4914 quae
2556 4860 2660 4900 non
2687 4856 2913 4916 possunt
2939 4848 3147 4917 priores
3175 4849 3470 4918 pmcidere
3501 4852 3608 4908 illis
3640 4856 3790 4907 tradit

2205 4944 2267 4990 ut
2308 4935 2648 5008 confringant
2687 4957 2698 4991 :
2743 4938 2917 4994 ultimi
2961 4950 3086 4997 sunt
3133 4944 3376 5008 morulas,
3417 4947 3612 5000 chinni
3659 4965 3784 5002 cent.

2206 5028 2456 5083 Dentium
2481 5044 2764 5084 numerum
2791 5031 3054 5086 discernit
3093 5033 3324 5102 qualitas
3351 5051 3519 5091 sexus
3543 5053 3557 5089 :
3590 5055 3715 5094 nam
3745 5041 3784 5090 in

2205 5121 2340 5176 viris
2368 5120 2567 5191 plures,
2594 5122 2647 5175 in
2669 5121 2886 5178 feminis
2913 5134 3039 5179 sunt
3061 5126 3362 5195 pauciores.

2279 5233 2533 5305 Gingivw,
2565 5234 2618 5288 id
2642 5244 2724 5290 est
2748 5236 2977 5291 bilorna.

2279 5321 2523 5388 Palalus,
2550 5325 2730 5394 giumo
2767 5326 2879 5380 sive
2907 5327 3179 5382 huruuua.

2281 5414 2508 5483 Fauces,
2533 5431 2565 5469 a
2588 5415 2873 5471 fundendis
2889 5418 3112 5474 vocibus
3136 5418 3440 5474 nominatae.

2280 5509 2522 5574 Arteriw,
2548 5509 2601 5564 id
2625 5518 2708 5564 est
2737 5509 2984 5565 weisunt.

2283 5617 2556 5690 Guryulio,
2589 5609 2811 5690 querca,
2854 5621 3026 5688 cliela,
3073 5637 3103 5676 a
3132 5625 3346 5693 guttune
3378 5637 3570 5678 nomen
3605 5623 3776 5685 traxit,

2212 5713 2364 5782 cujus
2387 5725 2596 5768 meatus
2621 5713 2688 5768 ad
2714 5730 2776 5770 os
2798 5723 2852 5770 et
2880 5729 3042 5770 nares
3068 5716 3422 5770 contenditur.

2283 5803 2487 5860 Pumen
2508 5803 2571 5877 [Ρ
2574 5813 2713 5870 orte,
2744 5804 2990 5876 Rumen],
3013 5806 3315 5876 proximum
3331 5805 3654 5873 gurgulioni.
3681 5817 3773 5868 quo
