3938 6334
175 359 308 414 1577
567 321 570 324 ’
1262 345 1551 402 etesse
1593 343 2312 401 l.A’l‘l-.\'0‘-BARBARIC/E.
3271 313 3430 406 1573'

171 473 323 527 cibus
369 479 424 525 et
467 467 613 540 potio
658 466 970 531 devoratur,
1019 463 1371 534 sublinguium
1417 469 1519 526 est,
1551 461 1602 515 id
1656 466 1740 514 est
1765 463 1814 521 Α
1910 459 2198 529 Aquilicus,
2231 457 2497 529 pinguedo
2526 458 2727 512 ventris
2751 459 2894 528 quod
2918 459 3114 515 deforis
3134 469 3238 516 est.

171 563 394 617 hraeho.
1219 550 1222 554 ’
1913 548 2133 615 Matrix,
2161 557 2244 604 est
2269 549 2417 604 locus
2446 549 2584 602 uteri
2616 563 2721 618 quo
2747 547 2888 604 fetus
2915 549 3168 620 gignitur.

239 643 496 717 uentum,
527 648 739 704 Chinni.
1921 637 2123 704 Vesica,
2151 640 2345 695 blatra.

237 738 468 806 Collum,
509 740 646 804 hals,
671 737 822 808 cujus
872 739 1114 792 anterior
1163 752 1289 806 pars
1329 734 1476 790 chela
1521 735 1735 801 dicitur,
1914 730 2104 796 Renes,
2131 731 2490 787 lendibraton.

166 833 434 904 posterior
462 834 657 887 cervix.
723 882 737 898 ,
857 833 866 842 ’
1441 873 1444 875 Α
1911 821 2118 888 Lumbi,
2141 823 2341 878 lendin.

238 922 293 976 Η
297 923 485 988 umeri,
517 921 806 992 scultyrra.
1913 913 2218 979 Umbilicus,
2256 914 2470 969 nabulo.

239 1012 503 1078 Cubitum,
536 1013 734 1068 helina.
1909 1002 2036 1068 Ilia,
2061 1003 2272 1058 lancba.

237 1101 390 1157 Ultus
414 1102 704 1158 secundum
738 1101 996 1171 quosdam
1032 1099 1311 1170 utriusque
1336 1114 1524 1155 manus
1547 1106 1738 1154 exten-
1909 1099 2100 1155 Clunes
2120 1101 2204 1155 vel
2223 1119 2388 1168 COI-(L’,
2412 1100 2620 1172 hufphi.

161 1194 248 1252 sio
273 1203 379 1258 est,
416 1193 713 1248 secundum
743 1192 882 1248 alios
911 1191 1179 1246 cubitum.
1817 1257 1819 1259 ι
1909 1190 2076 1254 Anus,
2108 1189 2342 1245 arsloch.

232 1282 538 1350 Brachium,
561 1299 699 1337 arm.
1911 1279 2097 1346 Nates,
2124 1281 2360 1335 arsbelli.

233 1374 464 1452 Lacerti,
505 1373 664 1428 musi.
1909 1371 2150 1438 Extales,
2175 1375 2478 1428 crozdarm.

235 1462 452 1527 Ascilla,
484 1463 775 1518 oahchasa.
1909 1462 2190 1530 Genitalia,
2233 1467 2474 1536 corporis
2500 1475 2690 1536 partes
2729 1482 2847 1538 qua:
2893 1481 3086 1523 nomen
3131 1467 3407 1538 gignenda:

192 1583 196 1586 ν
235 1557 445 1624 Palma,
476 1574 668 1614 manus
695 1567 937 1613 extensa.
1163 1591 1168 1596 -
1835 1557 2035 1612 sobolis
2081 1568 2421 1627 acceperunt.
2462 1557 2588 1614 Hae
2634 1568 2690 1614 et
2735 1561 2978 1630 pudenda
3012 1576 3042 1614 a
3086 1562 3405 1616 verecundia

232 1650 311 1714 Ir,
337 1651 594 1705 medietas
623 1642 812 1718 palmae
833 1649 1072 1720 spissior.
1837 1647 1950 1702 sive
1971 1663 2000 1700 a
2023 1648 2185 1716 pube,
2212 1650 2352 1703 unde
2376 1658 2432 1704 et
2454 1650 2764 1705 indumento
2789 1651 3122 1721 cperiuntur.
3144 1651 3411 1706 Dicuntur

229 1739 444 1794 Primus
489 1740 685 1808 digitus
728 1738 900 1810 pollex
937 1746 1048 1802 est;
1097 1737 1381 1798 secundus,
1429 1735 1585 1789 index
1622 1735 1735 1790 sive
1842 1745 2019 1792 autem
2046 1739 2148 1792 ista
2171 1747 2226 1792 et
2247 1729 2535 1805 inhonesta,
2566 1741 2689 1809 quia
2713 1757 2816 1795 non
2839 1742 3036 1796 habent
3057 1743 3291 1812 speciem
3320 1743 3409 1796 de-

159 1831 659 1894 demonstratorius;
695 1830 908 1894 tertius,
930 1829 1150 1899 pudicus
1181 1829 1292 1882 sive
1315 1827 1546 1904 medius;
1573 1842 1728 1896 quar—
1761 1811 1809 1872 Β
1835 1827 2002 1892 coris,
2029 1827 2169 1883 sicut
2195 1838 2388 1884 czetera
2415 1832 2677 1885 membra.
2709 1831 2852 1886 Idem
2900 1841 2955 1886 et
2983 1811 3260 1896 veretrnm,
3281 1835 3407 1902 quia

159 1930 270 1984 tus,
307 1920 579 1975 annularis
601 1921 713 1975 sive
735 1921 996 1983 medicus;
1021 1919 1262 1989 quintus,
1285 1917 1622 1972 auricularis.
1834 1917 1936 1972 viri
1973 1926 2056 1972 est
2081 1925 2310 1984 tantum,
2339 1918 2422 1974 vel
2445 1919 2570 1988 quia
2601 1935 2666 1974 ex
2689 1935 2754 1974 eo
2776 1921 2923 1975 virus
2949 1922 3235 1975 emittitur.

224 2009 461 2081 Ungula,
501 2011 677 2082 nagal.
1904 2007 2170 2074 Testicali,
2197 2009 2394 2073 hodon,
2421 2010 2509 2079 qui
2538 2025 2719 2070 semen
2743 2011 2882 2065 vecti
2911 2010 3215 2066 infundunt.

229 2102 506 2167 Mamillare,
533 2103 728 2173 prusti.
1907 2097 2114 2165 Viscus,
2141 2110 2222 2155 est
2249 2101 2404 2170 pellis
2432 2101 2486 2155 in
2523 2117 2628 2170 quo
2661 2103 2894 2157 testiculi
2920 2114 3042 2157 sunt
3068 2105 3250 2173 positi.

229 2191 472 2262 Papillte,
503 2193 676 2262 capita
699 2207 1074 2246 mammarum.
1902 2188 2150 2259 Femora,
2196 2193 2356 2260 deet),
2407 2209 2636 2264 quorum
2667 2195 2948 2252 interiores
2990 2207 3173 2266 partes
3203 2200 3409 2268 (ctrina:

139 2285 148 2290 ’
229 2283 442 2349 Pectus,
473 2285 573 2338 sub
603 2298 708 2353 quo
738 2283 965 2337 ﬁrmitas
988 2290 1071 2337 est
1095 2281 1349 2336 hominis.
1831 2290 2112 2336 vocantur.

225 2375 395 2442 Cutis,
424 2393 551 2447 pars
569 2377 806 2431 exterior
827 2377 1089 2444 corporis,
1117 2376 1258 2430 sicut
1284 2381 1341 2428 et
1363 2375 1533 2444 pellis.
1901 2371 2103 2430 Genua.
2131 2374 2316 2430 chniu.

224 2467 448 2532 Arvina,
473 2473 556 2520 est
585 2465 852 2535 pinguedo
875 2464 983 2518 cuti
1008 2464 1307 2518 adhaarens.
1899 2460 2092 2527 Crura,
2124 2462 2267 2517 bein.

226 2557 423 2628 Pulpa,
451 2572 579 2612 caro
602 2565 686 2611 est
707 2557 821 2610 sine
843 2554 1167 2626 pinguedine
1187 2553 1347 2609 dicta.
1899 2550 2071 2617 Sum,
2095 2554 2310 2609 wadon.

224 2649 462 2704 Membra
497 2656 621 2704 sunt
643 2655 824 2716 partes
845 2645 1106 2716 corporis.
1511 2670 1516 2674 ·
1901 2643 2158 2710 Medulla,
2183 2660 2350 2700 mare.

225 2742 410 2806 Artus,
448 2741 644 2811 quibus
665 2739 1004 2810 colligantur.
1902 2732 2038 2800 Tali,
2069 2735 2123 2790 id
2163 2745 2246 2790 est
2287 2736 2448 2800 aneli,
2491 2737 2558 2792 de
2599 2738 2792 2807 quibus
2835 2739 3020 2810 caliga:
3062 2744 3404 2800 nocuit-nales

233 2833 514 2888 Vertibulaz
536 2841 908 2898 sunt,summ:e
927 2829 1130 2885 ossium
1156 2837 1354 2898 partes.
1827 2827 2426 2894 subtalares'voeantur,
2456 2830 2583 2900 quia
2609 2833 2708 2886 sub
2737 2832 2856 2887 talis
2883 2843 3026 2888 sunt.

221 2927 590 2997 Cartilagines,
618 2925 796 2980 mollia
833 2932 887 2979 et
925 2923 1042 2976 sine
1085 2920 1337 2986 medulla,
1377 2917 1521 2989 quod
1557 2932 1732 2996 genus
1899 2917 2022 2986 Pes,
2046 2922 2245 2992 phuoz.

146 3019 406 3075 auriculae
431 3027 488 3073 et
515 3018 725 3072 narium
749 3015 1037 3071 discrimen
1071 3022 1132 3069 et
1168 3020 1439 3070 costarum
1476 3009 1732 3066 extremi-
1898 3009 2108 3067 Plantte
2133 3021 2258 3068 sunt
2285 3013 2582 3071 anteriores
2625 3015 2775 3086 pedis
2803 3025 3004 3086 partes,
3032 3033 3151 3092 qua:
3176 3017 3242 3072 de
3271 3019 3406 3072 mul-

148 3118 294 3166 tates
321 3107 540 3164 habent.
1764 3157 1800 3166 _
1829 3103 1901 3159 tis
1921 3105 2136 3160 ossibus
2169 3113 2439 3160 constant.

213 3157 606 3266 Et};
1751 3157 1802 3220 Ο
1852 3157 2452 3268 ’κἐαιὶεέφιῖίὲητῖῥξλιέε
2501 3197 2698 3268 plantae
2740 3200 2965 3256 inferior
2993 3201 3126 3272 pede
3158 3217 3265 3273 qua
3300 3210 3409 3257 ter-

217 3288 408 3357 Latus,
439 3289 562 3344 sita.
1829 3301 1947 3341 ram
1983 3287 2278 3343 calcamus.

220 3379 483 3451 Scapula,
511 3381 579 3435 ah
606 3379 740 3434 sala.
1897 3373 2235 3442 Calcaneum,
2261 3377 2484 3433 inferior
2505 3393 2630 3449 pars
2664 3381 2838 3450 pedis,
2861 3382 3060 3438 dictum
3090 3385 3216 3454 quia
3243 3385 3404 3440 vesti-

217 3469 448 3525 Dorsum
471 3470 558 3526 vel
583 3481 750 3540 terga,
790 3468 1058 3539 posterior
1102 3482 1230 3538 pars
1269 3467 1514 3538 corporis
1541 3483 1572 3523 a
1603 3483 1725 3525 cer-
1829 3466 1918 3539 gia
1943 3473 2102 3524 terrae
2129 3467 2506 3538 imprimimus.

138 3559 269 3615 vice
297 3573 468 3628 usque
493 3573 673 3613 renes.

219 3622 398 3718 Spina'
419 3655 503 3701 est
537 3647 788 3716 junctum
843 3647 1009 3713 dorsi,
1047 3655 1188 3703 mea
1239 3663 1304 3703 eo
1341 3648 1484 3719 quod
1528 3651 1728 3704 habeat
2005 3622 2238 3678 Nomina
2268 3625 2523 3680 mensium
2551 3627 2834 3681 secundum
2863 3625 3222 3683 Theodiscam.

135 3739 417 3800 radiculos
452 3749 638 3795 acutos
676 3749 730 3795 et
761 3738 1044 3807 iuncturas
1079 3747 1350 3794 costarqu
1392 3741 1448 3793 in
1488 3754 1584 3794 se:
1618 3739 1690 3795 fer

1518 3754 1548 3794 e
1571 3758 1584 3794 :
1618 3739 1728 3795 fer-
1825 3753 2134 3819 Ianuarius,
2603 3757 3073 3814 Vuintarmanoth.

137 3841 345 3900 turque
378 3844 474 3900 per
520 3844 639 3884 eam
686 3845 812 3899 pars
845 3827 1052 3884 cerebri
1088 3829 1246 3900 longo
1277 3839 1451 3885 tractu
1483 3846 1499 3883 :
1526 3831 1641 3886 haec
1671 3839 1727 3886 et
1825 3825 2170 3909 Februarius,
2600 3827 2880 3909 llornung.

136 3935 302 3975 sacra
347 3921 497 3990 spina
526 3919 743 3984 dicitur,
787 3919 1039 3989 quoniam
1079 3919 1314 3990 primum
1351 3919 1556 3976 infante
1601 3936 1691 3976 con

1542 3936 1556 3976 ξ
1601 3936 1727 3976 con-
1827 3896 2072 3976 Μεινρίμε.
2598 3895 3097 3966 Lengizinmanoth.

1666 4000 1696 4021 ;.
1825 3965 2042 4021 Aorihs.
2593 3966 2993 4021 Ostarmanoth.

136 4017 306 4079 cepto
329 3982 592 4075 nascitur,
615 3982 838 4078 ideo-que
866 4017 920 4065 et
951 3982 1126 4065 hostia
1156 4009 1208 4065 id
1241 4010 1474 4080 primum
1497 4027 1527 4066 a
1551 4000 1726 4082 genti-
1825 3982 2042 4100 $123.2?

138 4103 250 4157 bus
271 4101 374 4156 diis
407 4102 520 4156 suis
553 4102 800 4156 dabatur.
1824 4106 2038 4172 Junius,
2595 4107 2976 4162 Braemauoth.

226 4190 440 4227 νέηαι-η
491 4191 789 4227 ιιῖηηηηιιςιῖ
1067 4219 1075 4224 .
1825 4175 2016 4227 Julius.
2595 4176 2972 4227 Heuuimanotl

226 4190 464 4259 Viscera,
490 4191 810 4248 hinnuouili.
1067 4219 1075 4224 -
1825 4175 2016 4240 Julius,
2595 4176 2993 4233 Heuuimanoth

215 4281 342 4337 Cor.
367 4298 400 4336 a
431 4299 562 4337 cura
585 4283 806 4337 dictum.
1822 4246 2146 4337 gilggsllisL
3033 4291 3036 4298 '

265 4299 342 4384 or,
367 4298 400 4336 a
431 4299 562 4384 cu‘ra
585 4283 806 4337 dlClum-
1822 4283 2164 4384 $5.235},
2588 4283 2989 4372 ῧέιῖίιῖἶῖἶξὶἶιᾌὶϊέῖ

215 4371 468 4438 Pulmon,
493 4373 715 4443 lungun.
1824 4371 2079 4451 October,
2150 4371 2163 4382 ’
2587 4371 3084 4444 Vuindunmanoth.

221 4452 401 4525 Venia,
427 4463 581 4518 dictae
613 4465 737 4532 quia
764 4464 865 4520 viae
893 4474 1018 4521 sunt
1050 4466 1286 4523 natantis
1314 4467 1608 4538 sanguinis.
1743 4507 1776 4568 Ι

221 4554 393 4598 lennr,
427 4555 628 4598 Ιρινιριιη,
1577 4563 1594 4578 ⁸

1508 4469 1608 4524 nis,
1823 4455 2144 4522 November,
2582 4455 3063 4514 lleriuistmanoth.

1577 4563 1594 4578 .
1743 4507 1798 4568 Ῑ)
1824 4527 2139 4592 December,
2580 4524 3014 4598 Heilugmauoth.

1577 4563 1594 4578 ο
1745 4563 1785 4568 —
1824 4563 2109 4582 νυιυιιιυνι
2124 4567 2139 4592 ’
2582 4563 3014 4592 ιιυιιυδιιιαιιυιιιο

213 4554 398 4622 Jecor,
427 4555 630 4611 lebera.

215 4645 414 4713 Fibraz,
429 4646 632 4716 jecoris
659 4657 784 4704 sunt
807 4647 1194 4704 extremitates.

215 4739 397 4810 Splen,
426 4743 478 4796 id
507 4751 589 4798 est
611 4743 800 4799 miltzi.

1996 4679 2228 4734 Nomina
2254 4691 2521 4735 ventorum
2551 4682 2836 4737 secundum
2870 4682 3227 4739 Theodiscam.

216 4807 338 4890 Fel.
379 4835 431 4889 id
460 4843 544 4890 est
566 4836 722 4890 galla.
1824 4807 2178 4890 §ubsolanus,
2595 4810 2990 4890 Qstroniuuint.

322 4875 338 4899 ,
379 4852 431 4889 tu
460 4852 544 4890 εει
565 4852 722 4906 gaua.
1823 4852 2178 4934 ἕνην-κυεην,
2599 4852 2968 4896 vs...............

436 4925 448 4942 -
580 4926 629 4942 --
671 4941 679 4942 κ
725 4933 737 4942 λ
810 4941 813 4942 ν
1871 4892 2020 4942 "ms.
2594 4883 2968 4938 Ostsundrom.

214 4923 548 4990 Stomachus,
579 4926 632 4980 id
659 4933 744 4980 est
773 4941 949 4998 mago.

1824 4923 2178 5012 Euroauster,
2595 4951 2957 5008 Suntostroni.

218 5013 497 5080 Intestina,
525 5016 578 5070 id
601 5024 685 5071 est
711 5017 944 5072 tharma.
1820 5019 2042 5099 auster,
2062 5087 2083 5099 A
2111 5087 2123 5099 _
2595 5021 2885 5099 §uudroni.
2975 5095 2978 5098 .

218 5102 515 5170 Omentum,
547 5107 918 5161 membranam
962 5107 1103 5176 quod
1151 5108 1392 5163 continet
1437 5107 1721 5162 intestino-

1486 5107 1721 5162 ,wsmm-
1821 5087 2244 5151 Austerafricus,
2594 5091 3041 5149 Sunduuestroni.

1821 5158 2056 5217 Africus,
2591 5160 3037 5217 Vuestsundroni.

143 5195 850 5299 mea“
1005 5297 1009 5299 _
1084 5289 1095 5299 _
1501 5292 1514 5299 ,
1821 5177 2122 5298 agnis.
2590 5177 3037 5288 ιεξξξῖξξςξτοεη·

225 5283 433 5353 Venter,
466 5288 630 5342 idest
653 5289 922 5353 buuanba,
963 5297 1017 5344 et
1042 5289 1186 5344 alvus
1213 5299 1266 5346 et
1295 5300 1471 5345 uterus
1501 5292 1642 5347 inter
1663 5307 1721 5346 se
1824 5283 2054 5362 Chorus,
2111 5283 2121 5292 ’
2373 5305 2378 5312 ’
2587 5283 3029 5359 Virestnordroni.

145 5374 419 5430 differunt.
462 5375 645 5432 Venter
666 5387 750 5432 est
774 5380 864 5449 qui
894 5389 1143 5449 acceptos
1171 5381 1320 5436 cibos
1345 5383 1534 5452 digerit
1555 5391 1610 5436 et
1629 5398 1716 5453 ap-
1824 5366 2054 5453 Elicius;
2083 5439 2094 5450 ,
2585 5369 3016 5453 ἔοι-ιμιιεθξινοηί.

143 5476 302 5539 paret
345 5470 702 5525 extrinsecus.
742 5471 898 5526 Alvus
945 5484 1030 5528 est
1077 5474 1170 5543 qui
1197 5437 1628 5544 ‘cibumvrecipit
1663 5437 1725 5529 et
1825 5437 2154 5575 ἓξξιξῗὲξηθν
2583 5439 2916 5566 ξειᾞὶᾃῗὲοῃῑ

147 5561 368 5632 purgari
406 5563 560 5618 solet.
593 5560 806 5617 Uterum
835 5564 960 5619 solm
986 5565 1240 5621 mulieres
1267 5565 1483 5632 habent,
1525 5567 1576 5620 in
1605 5566 1724 5636 qui-
2442 5567 2444 5569 ’

148 5657 252 5712 bus
277 5658 586 5728 concipiunt
608 5657 864 5718 infantes.

472 5844 740 5904 ParnOL.
775 5842 980 5923 CXII.
2329 5897 2339 5904 .
2926 5845 3004 5906 50

3914 2092 3918 2202 1

3914 2673 3918 2774 λ
