3938 6334
145 439 171 494 Ι
181 437 294 495 589'

141 565 172 597 ι
203 553 400 610 Urbem
434 545 733 621 Regensem
760 546 1066 603 minitantia
1096 545 1292 600 moenia
1322 543 1478 608 cmlo,

214 643 331 710 Qua
358 642 552 697 ﬂuvius
574 638 760 712 Began
787 637 984 692 labitur
1013 652 1141 692 arva
1172 635 1372 706 rigans.

143 731 410 792 lllustrém
440 735 635 802 bicque
657 731 833 785 virum
863 727 1190 788 Batoricum,
1222 740 1426 795 quaeso,
1449 724 1696 794 require,

224 823 253 865 δ
274 822 371 878 Cui
399 823 588 878 domus
615 829 669 878 et
697 821 868 891 patria
903 818 1096 873 Norica
1125 817 1280 871 tellus
1304 825 1449 870 ovat.

146 915 303 970 Hunc
328 914 400 969 ibi
431 915 476 968 si
501 913 762 976 invenias,
793 911 1015 981 supplex
1043 910 1091 964 ei
1115 908 1297 973 dicito,
1323 907 1484 962 Salve
1502 947 1516 971 ,

219 1004 423 1061 Pmsul
453 1006 680 1059 honeste
707 1003 821 1066 Dei,
853 1003 1026 1072 plebis
1049 1010 1104 1056 et
1133 1000 1274 1055 altus
1296 1001 1490 1054 honor.

146 1095 228 1152 Te
255 1095 456 1151 celsum
483 1093 699 1148 humilis
733 1092 1052 1153 monachus,
1080 1100 1152 1154 te,
1177 1097 1362 1144 sancte
1382 1086 1654 1149 sacerdos,

221 1183 516 1254 Compellat
543 1182 782 1252 scriptis,
813 1181 954 1236 dona
983 1195 1215 1249 superna
1247 1188 1458 1249 petens,

152 1274 374 1329 Viribus
397 1282 457 1326 ut
476 1286 673 1340 corpus
698 1271 904 1340 vigeat,
927 1269 1189 1339 sapientia
1218 1277 1448 1324 mentem

222 1363 452 1424 Imbuat,
483 1369 540 1418 et
565 1369 706 1417 totus
735 1374 920 1431 sospes
949 1361 1148 1430 ubique
1175 1361 1356 1430 degas.

151 1456 347 1512 Grates
374 1461 567 1524 sponte
593 1451 771 1518 otl'ert,
795 1451 979 1506 laudat
999 1451 1302 1523 largissima
1329 1451 1510 1512 corda,

224 1543 494 1599 Praedicat
513 1552 568 1599 et
587 1544 727 1598 dona
756 1558 876 1613 qua:
900 1544 1000 1598 sibi
1032 1542 1361 1598 contuleras.

153 1633 517 1688 Altithronum
541 1632 735 1702 poscit,
762 1631 857 1700 qui
883 1632 1032 1686 dives
1055 1639 1246 1700 regnat
1267 1630 1486 1699 ubique,

229 1723 530 1780 Mercedem
559 1722 767 1778 meritis
793 1723 983 1778 reddat
1008 1732 1068 1777 ut
1093 1723 1208 1792 ipse
1233 1721 1358 1777 tuis.

154 1816 390 1888 Accipe,
425 1823 612 1871 sancte
653 1813 835 1878 Pater,
863 1813 1018 1868 labiis
1041 1811 1186 1884 quod
1217 1819 1440 1884 praestat
1463 1810 1732 1877 alumnus,

230 1907 397 1966 Oﬂ'ert
415 1907 729 1978 suppliciter
757 1906 900 1977 quod
931 1905 1026 1961 tibi
1054 1913 1234 1960 mente
1260 1919 1444 1958 manu.

159 1998 370 2055 Nomen
393 2011 623 2067 namque
647 2004 797 2050 tuum
823 1994 1156 2064 perpendas,
1173 1993 1359 2063 sicque
1380 2000 1630 2047 verenter

232 2087 474 2145 Otiicium
502 2095 720 2150 tractes,
749 2086 891 2154 quod
925 2083 1072 2140 dedit
1095 2083 1464 2140 Omnitenens,

160 2181 243 2236 Tu
274 2181 436 2236 decus
456 2194 516 2234 es
538 2176 738 2248 populi,
766 2175 1021 2231 vocitaris
1048 2174 1333 2244 episcopus
1355 2174 1490 2242 ipse,

235 2271 302 2325 Et
329 2268 794 2339 superintendens,
820 2265 929 2321 dux
956 2265 1070 2321 eris
1091 2273 1252 2334 atque
1280 2263 1476 2335 gregis.

165 2359 258 2416 Bal
285 2369 462 2424 terrae,
497 2357 679 2412 mundi
705 2357 796 2410 lux
825 2370 1154 2424 accensaque
1187 2353 1411 2409 lucerna
1448 2367 1532 2417 es,

237 2448 379 2504 Urbs
405 2446 582 2511 ﬁrma,
605 2455 661 2500 et
689 2443 819 2500 celsi
847 2443 1044 2498 montis
1072 2443 1126 2496 in
1155 2457 1281 2497 arce
1307 2441 1432 2497 sita.

167 2543 386 2610 Ducque
413 2539 498 2592 via
521 2535 748 2608 populos
769 2542 1020 2606 angusta,
1049 2541 1106 2588 et
1132 2532 1364 2602 praevius
1393 2531 1491 2595 ite,

249 2629 511 2686 Vexillnm
541 2638 764 2700 portans
785 2627 991 2698 primus
1019 2626 1074 2680 in
1101 2640 1252 2680 arma
1277 2634 1418 2696 pete.

174 2722 360 2778 Victor
385 2721 622 2776 victores
649 2717 956 2790 superando
981 2717 1198 2773 hostilia
1224 2725 1426 2780 castra,

243 2812 481 2882 Exponis
509 2811 642 2882 Regi
670 2811 889 2882 praemia
919 2809 1066 2878 larga
1093 2816 1322 2864 metens.

173 2902 458 2957 Pastorum
485 2914 728 2956 summus
753 2906 1023 2968 pastorem
1056 2897 1338 2953 constituit
1366 2905 1442 2962 te,

243 2991 412 3049 Pasce
434 3005 648 3062 gregem
675 2989 894 3053 Christi,
926 2988 1205 3060 proximus
1232 2999 1362 3044 ecce
1395 2986 1556 3042 venit.

922 429 1251 488 CARMINA.
1293 458 1363 470 --
1397 423 1641 482 SECTIO
1679 421 1724 478 l.
1767 419 2088 482 ΡΟΕΜᾹΤΑ
2129 421 2218 480 DE
2253 417 2588 478 DIV'ERSIS.

1759 1910 1806 1969 Β
1905 1897 2050 1952 Misit
2074 1905 2356 1967 congesta;
2392 1895 2573 1964 accipe
2600 1902 2780 1948 mente
2805 1892 2913 1962 pia.

3256 417 3276 469 l
3288 411 3394 470 590

1753 548 1799 604 Α
1827 541 1919 598 Sic
1945 549 2099 597 catus
2118 550 2172 596 et
2200 551 2389 596 cautus
2417 537 2648 594 attendis
2676 536 2836 592 ovilia
2867 536 3092 601 circum,

1894 632 1974 688 Ne
1995 633 2151 702 lupus
2174 631 2460 700 irrumpat,
2493 645 2561 684 ne
2593 629 2678 684 leo
2712 627 2989 683 dilaceret.

1825 721 1935 777 Dec
1959 721 2046 776 fur
2063 718 2319 776 etl'odiens
2344 720 2552 773 intrans
2579 716 2890 773 mactaverit
2918 730 3136 785 agnum.

1897 812 2006 867 Sed
2032 811 2225 866 Pastor
2248 809 2470 864 veniens
2496 821 2656 864 omne
2689 823 2852 877 pecus
2881 806 3096 861 habeat.

1826 899 1999 956 Iudex
2025 899 2346 970 pracinctus
2370 897 2608 968 migrans
2632 895 2727 950 tibi
2757 895 2859 950 rite
2886 894 3184 958 ministret,

1898 993 1965 1048 Et
1993 990 2359 1061 superexaltet
2383 989 2561 1045 omnia
2591 989 2727 1044 dona
2755 1002 2871 1051 sua,

1828 1084 2054 1156 Agmina
2081 1100 2188 1154 quo
2208 1084 2328 1138 beta
2353 1081 2647 1148 exsultant,
2670 1095 2777 1150 quo
2800 1078 3032 1151 Virginis
3057 1076 3246 1149 Agnus

1900 1175 2078 1231 Pascit
2106 1190 2228 1230 cum
2259 1182 2371 1229 toto
2391 1181 2447 1228 et
2475 1188 2639 1243 grege
2664 1172 2766 1226 rite
2789 1185 2909 1225 suo.

1831 1263 1969 1328 Huc,
1996 1265 2101 1318 hnc
2132 1273 2186 1317 tu
2216 1276 2512 1332 properans
2537 1260 2732 1316 festina
2755 1273 3000 1330 pergere,
3027 1265 3252 1328 pastor,

1903 1353 2126 1423 H‘ucqne
2153 1361 2272 1408 tuos
2301 1360 2478 1406 tecum
2507 1351 2704 1415 insere,
2723 1359 2912 1405 sancte
2935 1348 3096 1403 Pater
3121 1367 3134 1402 :

1835 1445 2032 1514 Sicque
2059 1445 2135 1499 tui
2155 1442 2278 1514 jure
2306 1441 2546 1499 censeris
2573 1441 2804 1497 nominis
2829 1447 3068 1504 auctor,.

1904 1534 1962 1590 Si
1985 1534 2234 1588 Batorich
2263 1542 2451 1604 pateas
2474 1547 2569 1587 ore
2596 1530 2863 1586 monendo
2887 1537 3030 1584 tuos.

1835 1624 1894 1682 Si
1920 1625 2121 1681 Christi
2156 1639 2377 1694 regnum
2402 1621 2685 1688 caelorum,
2714 1622 2760 1678 si
2791 1621 2988 1676 annuis
3015 1633 3195 1674 arcem
3216 1659 3232 1683 ,

1905 1715 2099 1772 Aufers
2129 1715 2172 1771 si
2198 1715 2358 1778 vitia,
2388 1714 2433 1769 si
2467 1728 2623 1769 sacra
2651 1712 2790 1768 dona
2815 1711 2988 1768 dabis.

1837 1809 1963 1865 Haec
2002 1821 2215 1878 quoque
2257 1821 2460 1877 pauper
2514 1805 2696 1874 inops,
2749 1802 2998 1873 quamvis
3049 1817 3124 1857 sus
3172 1814 3430 1855 summus.

3079 1889 3308 1962 [honore
3326 1929 3339 1952 ,

1867 1985 1953 2041 lec
1983 2001 2208 2056 spernas
2228 1985 2412 2053 vilem,
2435 1999 2558 2039 cum
2585 1999 2746 2054 gazas
2775 1989 2950 2054 gestet
2980 1981 3033 2036 in
3064 1997 3214 2044 arca,

1913 2079 2063 2135 Mens
2083 2079 2179 2134 tibi
2206 2081 2394 2135 devota
2423 2094 2646 2134 munera
2678 2086 2830 2150 grata
2855 2076 3011 2134 ferat.

1845 2169 2086 2227 Nominis
2110 2185 2238 2241 ergo
2261 2171 2389 2234 mei,
2422 2170 2468 2226 si
2497 2169 2605 2224 ulla
2633 2179 2684 2226 te
2713 2185 2843 2225 cura
2873 2169 3184 2233 momordit,

1915 2260 2120 2316 Nomen
2145 2261 2478 2316 lsanbertum
2513 2276 2600 2316 me
2627 2261 2858 2316 retinere
2882 2260 3042 2316 scias.

1848 2352 1929 2408 Tu
1957 2352 2094 2422 lapis
2123 2351 2332 2417 altaris,
2361 2358 2418 2405 tu
2442 2364 2652 2421 gemma
2679 2351 2735 2405 in
2765 2359 3050 2407 stemmate
3080 2352 3272 2424 regis,.

1915 2443 1996 2498 Tu
2023 2441 2187 2497 clavis
2211 2441 2360 2511 regni
2384 2455 2464 2506 es,
2501 2440 2686 2496 limina
2721 2442 2896 2511 pande
2924 2441 3047 2511 poli.

1846 2532 1982 2587 'l‘um
2011 2532 2106 2586 tibi
2131 2531 2372 2595 devotus,
2405 2530 2574 2596 salvet
2603 2538 2655 2585 te
2683 2532 2856 2600 gratia
2879 2529 3104 2596 Christi,

1919 2624 2052 2680 Sum
2080 2623 2177 2678 tibi
2206 2632 2386 2678 mente
2419 2623 2566 2692 pius,
2593 2622 2743 2677 audit
2769 2624 2837 2678 ab
2865 2637 2989 2677 arce
3013 2623 3176 2678 Deus.

1850 2714 1893 2770 0
1924 2712 2086 2768 Pater
2113 2712 2251 2767 alme
2272 2711 2404 2782 poli,
2428 2713 2637 2768 custodi
2669 2728 2880 2782 semper
2906 2713 3139 2768 amicum
3156 2753 3192 2779 ,.

1929 2804 2043 2860 Hoc
2064 2811 2208 2869 ueto,
2238 2802 2373 2857 Nate
2395 2802 2513 2868 Dei,
2543 2801 2775 2870 Spiritus
2801 2811 2962 2873 atque
2987 2803 3103 2858 Dei.

1859 2906 1882 2934 ε
1905 2894 2007 2962 Qui
2037 2893 2233 2963 triplex
2263 2892 2488 2962 simplex
2517 2892 2781 2947 cmlorum
2806 2901 3014 2962 sceptra
3030 2893 3319 2963 gubernas,

1929 2983 2183 3040 Mundum
2217 2981 2324 3036 ﬁne
2354 2981 2523 3051 capis,
2549 2980 2729 3036 lumen
2751 2989 2806 3037 et
2828 2996 2954 3038 arce
2977 2983 3150 3039 dabis.

1196 3119 1490 3181 SCHOLIA
1525 3117 2039 3178 CHRISTOPHORI
2075 3115 2426 3174 BROWERI.

175 3245 356 3328 gives,
385 3240 570 3322 multis
596 3237 955 3328 commodam
1002 3235 1756 3328 rutilisque,nepiscopus_fuit
1781 3265 1824 3328 Ο
1857 3234 2280 3328 Reginoﬁtsrqttm
2310 3248 2456 3328 :kego
2505 3249 2536 3288 a
2575 3233 2808 3328 diu-mine
2857 3235 3003 3305 Rego
3053 3234 3166 3316 (hic
3207 3233 3432 3309 Regan),

177 3312 602 3367 Batisbonensis.
648 3309 919 3364 Prodiisse
957 3323 1024 3362 ex
1067 3305 1239 3361 sancti
1283 3305 1753 3376 Wigbertiidisci-

215 3383 343 3445 lina,
366 3390 420 3433 et
451 3378 777 3434 Friteslariaz
803 3379 901 3433 sub
934 3378 1167 3432 Albnino
1192 3375 1419 3444 praesule
1457 3375 1756 3430 adolevisse

217 3398 343 3445 una,
366 3398 420 3433 Εῐ
452 3398 478 3433 I‘
497 3398 777 3434 Γιιθδιόῐιίὲ
803 3398 901 3433 Slll)
934 3398 1167 3432 Alnlllﬂo
1193 3398 1419 3444 pnesme
1457 3398 1756 3430 illlUlCVISSC

175 3398 359 3521 {upus
401 3449 691 3521 Servatus,
733 3447 912 3520 gravis
935 3457 1160 3521 auctor,
1202 3447 1255 3500 in
1289 3447 1459 3501 sancti
1479 3446 1760 3521 _Wig_b_erti

177 3516 304 3575 Vita
336 3519 574 3574 indicare
595 3516 824 3580 videtur,
858 3517 948 3586 qui
985 3519 1128 3572 inter
1157 3532 1251 3572 eos
1286 3517 1579 3586 monachos
1607 3516 1755 3570 illum

178 3590 426 3652 nominat
470 3588 668 3657 quibus
711 3587 884 3641 sancti
925 3587 1169 3657 corporis
1210 3586 1348 3657 clam
1399 3585 1757 3657 Hersieldiam

182 3655 546 3715 transferendi
588 3657 841 3710 mandata
886 3656 1184 3725 provincia.
1233 3655 1461 3724 Reperio
1491 3665 1546 3709 et
1591 3656 1644 3708 in
1676 3669 1761 3725 sy-

179 3727 363 3809 nodali
399 3725 626 3809 epistola
663 3725 872 3809 liabatti
895 3724 1250 3809 .Baturaturn.
1296 3733 1364 3809 ut
1398 3725 1470 3778 ibi
1507 3724 1762 3809 mendose

183 3797 352 3856 scribi
398 3793 654 3862 videtur,
694 3793 1000 3850 interfuisse
1058 3795 1262 3864 synodo
1315 3793 1758 3864 Magontiacensi,

185 3884 347 3940 quem
377 3867 631 3940 Datianus
666 3879 810 3940 anno
843 3863 1283 3940 816_celebrav_it.
1311 3863 1764 3940 _E_t"licet__Ratis-

187 3933 446 3996 bonensis
478 3935 716 3991 Ecclesia
742 3933 1064 4004 Moguntina;
1086 3933 1433 4002 provincialis
1466 3934 1626 3988 hodie
1655 3949 1762 3989 non

188 4011 282 4074 sit,
326 4006 742 4076 metropolitano
789 4004 1251 4076 tamen-Francia:
1301 4005 1582 4076 orientalis
1637 4012 1766 4076 tunc

189 4077 477 4150 subiacuit.
503 4074 824 4150 inlustravit
878 4074 1112 4150 Baturici
1147 4074 1394 4150 prmsnlis
1448 4075 1764 4150 memoriam

189 4143 574 4220 Wiguleins_in
587 4216 597 4220 Α
611 4145 1005 4220 Salisburgensi
1029 4143 1338 4220 Metropoli,
1389 4145 1480 4215 qui
1513 4153 1764 4220 quartum

188 4213 445 4296 numerat
480 4213 886 4296 Ratisbonensis
919 4214 1186 4296 Ecclesia.
1210 4213 1520 4296 episcopum
1531 4213 1562 4296 ἐ
1587 4213 1764 4296 .Adal-

190 4289 302 4346 bini
327 4301 718 4349 successorem,
741 4294 796 4340 et
817 4287 885 4341 ab
899 4300 1040 4340 anno
1062 4284 1260 4339 Christi
1283 4285 1407 4346 814,
1435 4293 1529 4338 aut
1549 4284 1768 4340 biennio

192 4359 408 4422 serius,
452 4357 641 4426 viginti
698 4364 860 4419 octo,
915 4354 999 4426 vel
1055 4355 1274 4426 triginta
1329 4355 1484 4426 annis
1540 4353 1765 4426 sedisse.

193 4430 255 4484 S.
299 4423 606 4482 Emmerani
656 4425 1074 4495 monasterium,
1107 4423 1209 4494 q‘ua
1251 4425 1392 4495 apud
1439 4423 1768 4495 Ludovicum

191 4512 378 4568 regem
421 4495 742 4568 Germaniaa,
785 4493 1156 4568 Piiibndovici
1200 4493 1391 4558 tilium,
1436 4493 1633 4568 eximia
1671 4493 1771 4548 fuit

192 4564 372 4640 gratia
388 4575 442 4620 et
463 4565 806 4628 auctoritate,
829 4565 930 4619 sibi
946 4565 1303 4640 Ecclesiaeque
1325 4565 1588 4640 asseruit;
1619 4564 1770 4640 isque

192 4632 294 4693 re:
319 4636 466 4690 illum
482 4651 749 4690 summum
775 4650 929 4688 suum
949 4632 1284 4703 capellannm
1300 4633 1500 4690 tabulis
1518 4632 1769 4688 donatio-
1801 4645 1848 4704 υ

192 4721 324 4761 num
344 4706 590 4774 scripsit;
617 4719 839 4774 munera
865 4705 913 4758 ei
937 4706 1003 4759 ad
1027 4705 1362 4774 splendorem
1387 4713 1442 4759 et
1470 4704 1771 4774 incremene

191 4786 309 4832 tum
330 4773 473 4830 sedis
496 4774 710 4843 regiliea
725 4773 1072 4828 multifariam
1089 4774 1371 4843 impertiit,
1395 4775 1459 4828 de
1473 4774 1668 4842 quibus
1682 4773 1770 4828 adi

191 4845 506 4916 praedictam
561 4843 894 4916 Metropolim
949 4843 1082 4898 illud
1114 4844 1213 4916 iin_
1241 4843 1472 4916 Baturici
1517 4844 1771 4916 laudibus

193 4912 365 4970 imum
398 4915 666 4970 antecellit
702 4915 951 4970 omnibus
988 4915 1128 4983 quod
1158 4913 1478 4969 Christiana:
1506 4912 1630 4968 ﬁdei
1657 4928 1772 4967 am-

195 4984 499 5056 plectenda:
527 4984 829 5056 Bobentica:
858 4983 1002 5056 genti
1037 4984 1176 5056 viam
1207 4983 1476 5056 munivit,
1513 4993 1772 5056 quatuor-

196 5053 377 5126 ilecim
401 5055 641 5124 dynastis
668 5054 738 5109 ab
765 5069 824 5109 se
853 5053 1098 5116 initiatis,
1131 5062 1187 5108 et
1219 5063 1406 5108 sancto
1432 5053 1776 5122 baptismatis

198 5123 422 5178 lavacro
438 5123 644 5180 tinctis.

277 5205 316 5265 l_
340 5192 529 5265 Urbem
554 5193 855 5265 Regemem,
894 5201 1001 5248 etc.
1021 5191 1152 5265 ANon
1176 5193 1397 5265 urhs_in
1428 5193 1645 5265 Europa
1682 5209 1775 5250 su-

201 5263 423 5334 perbior
445 5264 614 5320 titulis
633 5262 936 5318 'Ratisbona
957 5303 971 5326 ,
1002 5263 1067 5317 de
1093 5279 1197 5332 qua
1225 5262 1290 5318 G.
1311 5262 1600 5334 Ligurians
1628 5279 1644 5318 :

328 5362 739 5427 lpdeilatisbonaa
765 5369 906 5427 vetus
928 5376 992 5412 ex
1019 5363 1109 5427 hoc
1134 5377 1310 5414 nomen
1337 5364 1563 5427 habenti,

332 5425 468 5487 Quod
494 5426 617 5474 bona
639 5427 704 5475 sit
724 5425 940 5487 ratibus,
957 5424 1182 5487 vel_quod
1207 5430 1459 5475 consuevit
1482 5429 1531 5475 in
1547 5424 1639 5475 illa

334 5485 529 5535 Ponere
553 5497 694 5535 nauta
717 5495 869 5536 rates.
896 5485 998 5535 Hac
1019 5484 1226 5537 Noricus
1246 5489 1371 5537 urbe
1394 5490 1599 5538 ducatus

332 5546 582 5608 Precipua
603 5547 806 5610 gaudet,
826 5554 922 5596 etc.

209 5627 314 5704 Ubi
345 5631 697 5688 scholiastes:
734 5649 753 5683 ι
783 5631 928 5686 inter
951 5631 1294 5704 Danubianas
1321 5637 1482 5690 urbes
1509 5634 1777 5704 quondam

207 5700 402 5778 opibus
433 5709 594 5778 atque
621 5711 872 5778 potentia
895 5701 1226 5778 celebris,_t_:t
1250 5700 1776 5778 qua;_imperatortin1

208 5771 260 5844 vi
270 5785 356 5823 res
375 5787 479 5825 non
501 5771 835 5844 formidaret.
856 5771 1118 5844 lrenicns,
1141 5771 1435 5844 Ηὶαέρηιὶιη
1453 5771 1772 5838 ξΑνθιιῑίιιδ,

211 5839 500 5909 Augustam
541 5839 731 5896 Tiberii
765 5841 932 5898 fuisse
970 5842 1200 5910 indicat;
1246 5839 1436 5901 Petrus
1478 5845 1772 5916 Appianus,

1856 3304 2015 3372 quem
2041 3304 2447 3375 illicADanubius
2471 3305 2689 3374 excipit,
2717 3320 2913 3361 nomen
2933 3304 3204 3375 accepisse
3219 3304 3368 3374 puto.
3387 3304 3432 3360 ⁷»

1855 3374 2112 3456 llmeille.
2143 3373 2305 3456 Plura
2322 3389 2554 3456 quoque
2587 3373 2642 3428 in
2676 3375 2954 3456 Thesauro
2995 3373 3352 3456 geographico
3377 3386 3456 3434 et.

1856 3447 1912 3500 in
1964 3444 2287 3517 Synonymis
2318 3443 2553 3517 Ortelius
2600 3443 2817 3517 nomina
2859 3443 3146 3517 congessit.
3194 3443 3336 3517 Quin
3375 3457 3454 3504 et:

1857 3515 2111 3587 pervetus
2159 3515 2394 3587 scriptor
2431 3515 2565 3587 Vitae
2589 3515 2668 3587 _S.
2697 3515 3029 3587 Emmerani,
3075 3515 3437 3587 Meginfredus

1857 3584 2013 3658 (tom.
2045 3584 2284 3658 llantiqi
2302 3584 2510 3658 μεως
2544 3605 2560 3636 ι
2589 3584 3464 3658 Ratisbonamnrbemfagnoscit.

1860 3655 2028 3727 totius
2039 3655 2364 3727 Cermanite
2389 3664 2444 3708 et
2476 3657 2691 3727 nomine
2729 3665 2784 3710 et
2822 3657 3084 3727 dignitate
3110 3655 3458 3727 principem,.

1859 3735 1914 3781 et
1966 3725 2144 3798 adhuc
2195 3725 2666 3798 ejusdem__gentis
2712 3725 3065 3798 metropolin1
3103 3725 3157 3780 et
3205 3725 3440 3798 antiqua:

1860 3795 2126 3866 prosapia:
2161 3805 2340 3866 caput.
2382 3815 2400 3846 ι
2445 3793 2547 3848 Ubi
2589 3804 2643 3849 et
2672 3793 3472 3866 sgholiuin,WGermanislzeim»

1862 3863 1894 3918 a
1921 3863 2245 3920 Germanico
2273 3864 2494 3925 dictam,
2537 3873 2592 3918 et
2633 3880 2663 3918 a
2693 3865 2965 3921 Romanis
2981 3865 3282 3919 Tiburniam
3322 3882 3438 3921 me-

1862 3934 2040 4006 minit.
2072 3934 2289 4006 _\_lernm
2316 3934 2662 4006 limatissimi
2707 3934 2897 4002 jndieii
2941 3935 3174 4005 scriptor
3215 3935 3306 4006 (ct.
3357 3938 3474 3992 vir‘

1867 4003 2038 4088 Marc.
2072 4002 2358 4088 Yelserus).
2383 4019 2647 4088 suspensa
2667 4019 2836 4086 omanu
2865 4016 2921 4088 et
2945 4002 3248 4088 animo,
3277 4006 3439 4088 Regi-

1865 4073 2186 4158 nobur’gium
2222 4073 2470 4158 Angusta.
2502 4074 2722 4138 Tiberii,
2761 4092 2828 4158 an
2864 4076 3121 4158 Eugyppii
3159 4073 3464 4158 Tiburniar

1865 4143 2230 4214 velr'l‘igurina
2250 4185 2264 4210 ,
2296 4143 2348 4198 in
2379 4144 2660 4200 Boicarnm
2693 4154 2830 4200 inet
2857 4161 2908 4200 ιν
2939 4143 3079 4200 libro
3099 4187 3111 4210 ,
3143 4155 3199 4201 et
3221 4145 3454 4202 scholiis

1867 4215 1920 4270 in
1953 4213 2127 4285 Vitam
2157 4216 2329 4269 sancti
2357 4213 2630 4278 Severini,
2658 4215 2930 4285 disquirit.
2960 4216 3097 4282 Quin
3123 4217 3227 4272 huc
3251 4217 3442 4272 sutl'ra-

1868 4283 2339 4367 gionlnibero‘vadit
2385 4286 2566 4367 potius
2606 4296 2664 4339 ut
2712 4283 3162 4367 castranﬂegina,
3205 4302 3442 4367 quorum

1869 4353 1924 4428 in
1952 4353 2130 4408 libello
2157 4353 2370 4428 Notitiae
2388 4353 2676 4428 utriusque
2712 4357 2922 4427 imperii
2954 4353 3185 4428 mentio,
3205 4353 3444 4428 Regina-

1870 4425 2044 4498 lmrgo
2084 4439 2286 4479 nomen.
2306 4425 2569 4482 dederint.
2609 4425 2805 4498 Regen'
2829 4427 3026 4498 quippe
3067 4425 3448 4498 ﬂuvium'ejus

1869 4493 1970 4548 loci
1986 4493 2050 4548 in
2078 4503 2382 4567 castrorum
2416 4512 2626 4567 nomen
2639 4493 2976 4567 adoptatum,
2986 4547 2988 4550 ,
3001 4505 3062 4567 nt
3083 4493 3448 4564 Quintanaab

1874 4581 2033 4619 amne
2062 4566 2402 4632 Quintanica.
2434 4565 2688 4621 Arnolfus
2720 4565 2774 4622 in
2805 4569 2975 4622 sancti
2999 4565 3304 4622 Emmerani
3341 4567 3443 4622 mi-

1876 4634 2077 4708 raculis
2103 4647 2250 4690 certe
2277 4636 2539 4708 Reginum
2576 4638 2716 4692 hanc
2747 4638 2920 4708 ipsam
2955 4637 3228 4692 civitatem
3266 4635 3446 4708 appel-

1876 4704 1973 4768 lat,
2005 4705 2098 4760 lib.
2128 4722 2166 4768 ι,
2201 4723 2248 4760 c.
2279 4706 2312 4760 5
2342 4704 2396 4760 et
2417 4705 2563 4762 alibi.

1947 4775 1976 4814 δ
2010 4774 2108 4830 Cui
2137 4775 2322 4829 domus
2367 4785 2416 4830 et
2445 4777 2619 4842 patria
2658 4774 2857 4830 Norica
2891 4775 3047 4831 tellus
3083 4786 3220 4832 ovat.
3270 4775 3442 4836 Scho-

1875 4842 2061 4900 liastes
2090 4846 2143 4899 in
2182 4844 2358 4909 Vitam
2397 4846 2566 4900 sancti
2609 4845 2878 4910 Severini,
2916 4847 3008 4901 ubi
3043 4847 3237 4902 veteris
3265 4846 3448 4904 Norici

1876 4915 2043 4986 situm
2062 4916 2361 4986 describit,
2391 4925 2690 4986 Opportune
2714 4925 2902 4986 monet
2927 4918 3312 4986 posterioribus
3342 4934 3450 4975 sa:-

1877 4984 2014 5056 culis
2061 4985 2322 5056 barbaros
2370 4984 2666 5054 scriptores
2709 4985 2903 5040 Norico
2929 4984 3150 5042 homini
3189 4987 3451 5056 adiecisse

1879 5054 2135 5128 quidquid
2150 5053 2398 5128 _B_avari:e
2419 5053 2622 5128 ditione
2642 5056 2966 5120 continetur,
2994 5053 3292 5128 testemque
3316 5061 3450 5114 citat

1880 5123 2121 5196 _Panl_nmr
2147 5125 2467 5196 Diaconnm,
2521 5126 2660 5180 libro
2707 5142 2788 5190 Ill,
2835 5127 3009 5196 capite
3039 5129 3105 5183 l9
3137 5144 3150 5181 :
3179 5123 3450 5196 quomodo

1881 5194 1970 5270 hic
2000 5193 2180 5270 Norici
2211 5195 2309 5250 soli
2322 5195 2652 5270 Datisbbna,
2680 5205 2792 5262 aut,
2822 5204 2882 5250 ut
2902 5193 3166 5254 Rabanus
3190 5193 3448 5270 loquitur,

1883 5263 2012 5318 urbs
2031 5273 2087 5337 et
2109 5266 2366 5337 ditecesis
2390 5266 2668 5337 Regensis.

1958 5345 1980 5373 ε
2016 5333 2118 5399 Qui
2159 5335 2349 5404 triplex
2381 5333 2616 5406 simplex.
2660 5334 2924 5406 Personas
2974 5347 3177 5394 sanctae
3217 5337 3456 5393 Trinita-

1887 5404 1958 5457 tis
1983 5413 2270 5477 postquam
2281 5414 2416 5477 _tres
2443 5404 2758 5460 nominatim
2795 5408 3094 5473 invocavit,
3127 5407 3292 5461 Deum
3324 5424 3452 5477 pro~

1889 5475 2099 5548 nuntiat
2148 5475 2431 5548 triplicem
2479 5494 2492 5530 :
2549 5492 2647 5548 an_
2682 5477 2820 5548 bona
2877 5493 3010 5547 pace
3060 5475 3460 5548 theologorum,

1886 5545 2082 5598 scbolm
2111 5545 2362 5600 viderint.
2399 5545 2597 5601 Sanam
2623 5545 2790 5602 fuisse
2825 5545 3062 5602 mentem
3100 5545 3322 5601 Rabano
3350 5563 3451 5603 nn-

1886 5614 2046 5684 diqne
2074 5615 2261 5684 liquet,
2295 5625 2351 5670 et
2377 5615 2433 5670 in
2464 5617 2708 5682 oratione
2731 5633 2828 5672 sua
2864 5615 3006 5671 illico
3034 5631 3176 5671 nunc
3198 5616 3340 5671 dixit
3365 5632 3380 5671 :

2190 5748 2324 5798 Unus
2345 5758 2534 5812 natura,
2562 5752 2781 5812 personis
2799 5750 2970 5798 trinus.

1884 5843 2008 5898 Scio
2038 5843 2124 5910 qui
2155 5843 2395 5897 tenacius
2438 5843 2666 5899 concilio
2694 5842 2951 5898 Toletano
2991 5859 3028 5897 ιι
3073 5841 3355 5907 inhaerent,
3399 5852 3454 5897 ct
