3944 6320
591 342 725 400 issi
1231 339 1291 393 Β.
1332 306 1587 393 mam
1623 330 1844 389 MAURI
1878 326 2196 388 ARCHIEP.
2239 326 2543 386 uocum.
2579 325 2860 385 OPERUM
2898 324 3081 385 rans
3114 325 3199 385 iv.
3606 339 3691 398 περς

582 462 741 518 Vivat
763 460 852 514 hic
870 472 1082 531 sospes,
1112 456 1280 511 vitam
1301 470 1464 526 super
1489 455 1692 508 aethera
1717 458 1944 521 quaerat,

655 550 934 606 Possideat
959 549 1126 603 vitam
1155 557 1366 616 semper
1393 547 1446 601 in
1477 559 1603 623 arce
1631 552 1799 598 tuam.

584 642 757 709 Quem
787 640 995 695 videam
1020 638 1222 704 laetum,
1254 638 1406 692 laetus
1433 635 1592 690 simul
1626 634 1744 704 ipse
1772 628 2040 686 manendo

656 733 714 786 ln
741 730 893 787 caelis
919 739 1093 785 tecum
1126 744 1369 784 summus
1396 729 1450 781 in
1478 740 1602 781 arce
1630 725 1793 779 Deus.

584 821 778 883 Amen,
814 820 916 874 hoc
944 818 1058 883 fiat,
1097 816 1313 872 Osanna
1344 813 1573 869 fideliter
1595 814 1697 868 hoc
1731 812 1822 876 sit,

656 911 948 967 Poscamus
971 910 1130 964 ambo
1159 909 1285 973 hoc,
1309 906 1481 962 dulcis
1503 905 1698 969 amice,
1726 901 1867 957 vale.

2186 453 2234 507 Α
2336 445 2393 501 1η
2430 447 2592 501 terris
2616 446 2828 516 positus
2848 445 3085 515 claviger
3103 446 3354 502 aetherias.

2261 539 2337 595 Te
2366 534 2616 594 accendit
2637 539 2915 605 Christus,
2952 540 3233 610 posuitque
3258 540 3305 595 in
3327 540 3456 612 plebe
3482 542 3689 617 lucentia,

2329 631 2592 688 Omnibus
2624 639 2687 687 ut
2712 630 2888 686 nitens
2914 632 3184 702 dogmate,
3212 647 3349 700 pace,
3376 633 3477 688 fide.

2259 721 2441 777 Pande
2466 721 2608 776 viam
2638 721 2852 776 cunctis
2874 736 2971 790 per
2997 721 3243 793 dogmata
3264 737 3397 778 sam
3419 724 3579 790 salutis,

2334 813 2406 869 Ut
2429 813 2505 867 sis
2524 821 2799 883 perpetua:
2819 813 2955 868 lucis
2983 813 3090 868 iter
3112 814 3312 885 populo.

2263 903 2531 974 Tempora
2560 913 2687 959 sunt
2710 903 2872 974 hujus
2902 903 3029 958 vita:
3062 919 3203 959 nunc
3223 904 3363 974 plena
3385 908 3579 976 periclis,

2332 993 2486 1049 Nunc
2504 993 2617 1048 ruit
2638 993 2786 1048 orbis
2812 994 3008 1060 honor,
3045 992 3223 1049 deﬁcit
3243 995 3346 1064 ipse
3365 996 3509 1050 simul.

2264 1083 2397 1152 Quae
2415 1092 2641 1139 ventura
2666 1085 2812 1140 Deus
2832 1083 3087 1154 praedixit
3104 1093 3310 1140 sanctus
3331 1084 3379 1140 in
3398 1087 3558 1152 orbem,

2336 1178 2543 1249 Saepius
2565 1176 2858 1233 adveniunt
2880 1178 3035 1248 signa
3064 1179 3330 1233 tremenda
3347 1180 3495 1236 nimis.

2263 1271 2510 1327 Frondea
2536 1286 2681 1326 nunc
2704 1270 2838 1327 ficus
2859 1270 3026 1327 flores
3053 1286 3084 1326 e
3108 1272 3301 1328 cortice
3330 1273 3488 1341 mittit,

2334 1359 2576 1416 IEstivos
2605 1360 2828 1431 signans
2856 1361 3169 1417 accelerare
3192 1361 3322 1418 dies.

2269 1453 2361 1510 Sic
2388 1454 2504 1509 haec
2529 1454 2683 1525 signa
2711 1452 2853 1508 diem
2874 1452 3094 1508 Domini
3123 1461 3374 1509 testantur
3391 1456 3563 1523 adeste,

2336 1543 2451 1612 Qua
2480 1542 2605 1615 pius
2623 1551 2679 1598 et
2702 1541 2883 1612 justus
2909 1542 3029 1597 Rex
3056 1543 3198 1600 Deus
3219 1545 3453 1600 adveniet.

2267 1633 2429 1704 Eripe
2463 1643 2652 1689 sancte
2673 1632 2778 1703 piis
2801 1633 3031 1689 monitis
3049 1634 3386 1704 precibusque
3406 1636 3601 1699 sacratis,

2336 1725 2696 1783 Commissum
2725 1724 2937 1781 tibimet
2961 1734 3153 1796 pastor
3169 1725 3235 1781 ab
3258 1726 3393 1780 hoste
3414 1740 3580 1796 gregem

2192 1798 2246 1861 Β
2268 1815 2415 1872 Illius
2439 1824 2525 1872 est
2543 1815 2799 1881 studium,
2828 1831 2951 1872 cum
2978 1815 3161 1887 pergit
3176 1814 3327 1870 ovilia
3348 1815 3513 1870 circum

2342 1905 2414 1962 Ut
2435 1914 2655 1973 mactet,
2683 1908 2897 1979 perdat,
2924 1906 3156 1977 dissipet
3179 1921 3241 1961 ac
3260 1915 3442 1961 noceat.

2270 1999 2473 2070 Nempe
2492 2007 2617 2055 tuus
2641 1998 2793 2054 nisus
2823 2012 3042 2068 semper
3062 1997 3135 2053 sit
3154 1997 3221 2052 de
3241 2010 3386 2067 grege
3402 1994 3573 2059 Christi,

2338 2089 2567 2146 lllzesum
2598 2095 2661 2143 ut
2686 2103 2890 2153 serves,
2918 2084 3488 2156 consociansquejuves.

2271 2177 2364 2234 Ille
2391 2185 2607 2235 tumens
2631 2177 2828 2234 cecidit
2851 2177 2996 2234 celsa
3019 2177 3089 2234 de
3114 2176 3240 2232 sede
3259 2175 3502 2245 superbus,

2342 2268 2424 2325 Tu
2455 2268 2674 2325 humilis
2696 2269 2898 2325 scande
2922 2284 3096 2340 regna
3120 2282 3337 2338 superna
3354 2266 3462 2339 poli.

2271 2362 2364 2419 [lle
2387 2362 2497 2417 ima
2525 2361 2739 2428 suadet,
2768 2368 2826 2416 at
2848 2369 2907 2416 tu
2932 2360 3181 2417 celestis
3201 2374 3410 2430 semper,

2342 2455 2538 2512 Plenus
2567 2462 2622 2512 et
2650 2454 2740 2511 ille
2767 2454 2910 2521 dolo,
2941 2464 3111 2527 tuque
3134 2469 3309 2511 amore
3330 2454 3430 2509 Dei.

2274 2545 2388 2600 Hoc
2412 2560 2549 2616 opus
2572 2544 2783 2615 antiqui
2806 2544 2999 2601 Patres
3030 2544 3206 2601 fecere
3234 2558 3326 2613 per
3347 2542 3517 2605 orbem,

2346 2635 2587 2705 Quorum
2615 2636 2759 2693 dicta
2783 2636 2945 2693 modo
2962 2637 3164 2707 pagina
3185 2649 3330 2692 sacra
3352 2632 3488 2690 canit.

2275 2729 2344 2785 Et
2374 2729 2592 2785 virtutis
2619 2730 2793 2786 honor
2814 2729 2924 2784 lato
2951 2729 3260 2786 celebratur
3286 2727 3335 2781 in
3357 2724 3466 2780 orbe

2345 2817 2595 2874 Caelestis
2620 2832 2851 2888 quorum
2882 2818 3107 2874 nomina
3128 2818 3308 2873 charta
3329 2820 3467 2870 tenet.

2277 2910 2392 2966 Hoc
2414 2925 2549 2981 opus
2565 2950 2581 2977 ,
2607 2909 2711 2966 hoc
2741 2909 2977 2966 studium
3010 2907 3191 2981 magni
3220 2918 3299 2963 est
3318 2904 3508 2977 pastoris
3536 2901 3575 2955 in
3600 2900 3685 2956 orbe.

2348 3002 2553 3073 Nempe
2578 3001 2779 3057 talenta
2800 3001 2902 3058 sibi
2932 3000 3290 3070 multiplicare
3318 2999 3440 3054 data.

1027 1043 1119 1097 ‘Vl.
1143 1056 1433 1097 —oaario
1466 1055 1534 1096 an
1571 1052 1736 1094 DEBI.

591 1180 639 1237 O
665 1180 808 1237 Deus
832 1184 1053 1243 aeterne,
1077 1176 1265 1232 mundi
1289 1174 1627 1232 sanctissime
1654 1173 1890 1237 Rector,
1973 1170 1978 1174 ’

592 1270 669 1325 Te
697 1284 817 1324 mea
848 1283 1000 1323 mens
1024 1266 1216 1332 ambit,
1239 1266 1538 1336 animaeque
1558 1280 1623 1320 ac
1648 1261 1825 1318 vivida
1853 1261 2043 1325 virtus,

590 1360 754 1426 Laus,
783 1374 937 1414 amor
962 1366 1126 1428 atque
1147 1358 1343 1424 decus,
1366 1356 1546 1413 cordis
1569 1363 1625 1410 tu
1646 1354 1829 1409 lumen
1855 1352 2165 1414 honestum,

592 1450 956 1506 Membrorum
983 1458 1215 1520 gestum,
1243 1458 1302 1504 tu
1322 1447 1602 1505 oculorum
1629 1445 1811 1502 reddis
1837 1451 1893 1499 et
1914 1455 2094 1508 usum,

590 1542 830 1598 Auribus
863 1542 1126 1608 auditum,
1153 1540 1404 1597 manibus
1428 1555 1564 1611 opus
1591 1539 1734 1595 indis
1755 1545 2014 1593 amatum.
2190 1598 2196 1606 ι

593 1632 866 1703 Quidquid
885 1630 1044 1687 tellus
1063 1632 1247 1698 habet,
1271 1640 1464 1703 pontus
1484 1640 1646 1701 atque
1664 1632 1868 1689 aethera
1888 1617 2168 1700 claudunt,

594 1722 664 1778 Et
683 1721 943 1794 quidquid
966 1723 1152 1789 sentit,
1176 1723 1335 1792 sapit,
1360 1731 1464 1789 est,
1490 1732 1547 1776 et
1566 1721 1699 1777 vivit
1724 1722 1945 1793 ubique.

594 1813 789 1870 Omnia
813 1828 1007 1884 nempe
1029 1823 1120 1870 tua
1140 1813 1405 1884 sapientia
1428 1813 1645 1869 condita
1676 1812 1828 1869 fulsit

595 1902 860 1968 Viviiicat,
892 1910 1091 1969 servat,
1119 1902 1299 1960 valido
1323 1911 1379 1958 et
1404 1903 1545 1974 regit
1568 1903 1747 1959 omnia
1775 1912 1933 1971 nutu,

596 1995 707 2051 Fac
733 2010 840 2061 me,
873 2010 1083 2052 summe
1108 1996 1252 2066 pius,
1280 2002 1396 2052 toto
1431 2005 1484 2052 te
1508 1997 1671 2053 corde
1694 1995 1854 2052 fateri

597 2083 674 2139 Te
698 2098 948 2142 sermone
974 2084 1143 2157 loqui,
1172 2092 1227 2141 te
1246 2086 1455 2142 discere
1478 2087 1727 2157 dogmate
1758 2094 1930 2155 recto,

597 2176 855 2243 Qumrere
886 2184 939 2232 te
967 2177 1237 2244 manibus,
1269 2192 1403 2247 pura
1428 2185 1484 2232 te
1512 2185 1569 2232 et
1597 2185 1778 2233 mente
1802 2178 2034 2249 precari.
2076 2220 2079 2223 ν

599 2269 680 2323 Tn
708 2269 816 2335 via,
841 2277 897 2324 tu
925 2270 1121 2336 virtus,
1155 2278 1208 2325 tu
1232 2270 1345 2324 vita
1371 2278 1426 2326 et
1442 2269 1609 2341 janua
1635 2270 1782 2336 vitae,

600 2360 680 2417 Tu
714 2377 922 2417 merces
948 2363 1148 2433 operis,
1180 2370 1236 2418 tu
1267 2361 1458 2429 factor,
1489 2371 1543 2417 tu
1565 2378 1780 2435 quoque
1800 2363 2009 2420 doctor.

601 2455 678 2509 Da
710 2454 843 2510 mihi
872 2469 1016 2510 nunc
1043 2455 1255 2509 veniam
1280 2455 1501 2522 misero,
1524 2464 1581 2511 et
1606 2471 1726 2511 mea
1747 2456 1978 2512 crimina
2004 2456 2125 2512 laxa
2153 2475 2168 2511 :

598 2545 710 2600 Fac
737 2559 824 2599 me
852 2543 983 2600 velle
1017 2544 1242 2610 bonum,
1270 2545 1410 2599 scire
1438 2553 1583 2610 actu,
1611 2554 1665 2601 et
1690 2546 1794 2601 rite
1816 2547 2070 2616 probare,

601 2636 801 2706 Sicque
833 2645 982 2692 tuum
1006 2634 1186 2690 laetum
1215 2634 1425 2691 tribuas
1452 2645 1584 2692 tunc
1611 2650 1834 2692 cernere
1862 2638 2068 2694 vultum
2085 2679 2100 2703 ,

600 2728 889 2797 Perpetuo,
911 2735 965 2782 et
992 2741 1120 2782 vera
1148 2740 1234 2781 me
1255 2727 1450 2798 gaudia
1475 2741 1699 2798 carpere
1723 2727 1920 2783 fructu.

868 2862 977 2919 Vll.
1000 2893 1071 2903 —
1087 2878 1158 2917 an
1179 2875 1207 2905 ι
1238 2877 1569 2920 rucunun
1598 2878 1904 2921 eriscorou.

601 2998 846 3054 Antistes
873 2997 1086 3054 Domini
1116 2998 1324 3055 meritis
1354 2999 1406 3055 in
1434 2998 1629 3056 saecula
1656 2998 1863 3063 vivens,

672 3090 873 3146 Doctor
901 3091 954 3145 in
976 3090 1107 3147 orbe
1130 3092 1277 3162 pius,
1311 3107 1539 3163 magnus
1562 3106 1713 3147 amor
1737 3093 1964 3163 populis.

604 3180 834 3238 Nomine
860 3181 1180 3249 Praeclarus,
1206 3182 1501 3254 praeclarus
1523 3192 1579 3238 et
1601 3193 1720 3239 arte
1745 3185 2001 3255 magister
2018 3226 2033 3251 ,

676 3274 868 3330 Clarus
888 3282 943 3329 et
968 3275 1217 3346 imperio,
1247 3275 1425 3330 clarus
1452 3285 1507 3330 et
1531 3273 1725 3332 oﬂicio.

608 3367 842 3421 Sanctus
867 3367 1161 3436 apostolica
1191 3365 1516 3439 priefulgens
1542 3375 1723 3423 mente
1750 3368 2005 3424 sacerdos
2023 3407 2038 3433 ,

678 3460 885 3516 Gaudia
906 3460 998 3531 qui
1023 3459 1223 3515 Christi
1253 3460 1320 3514 de
1348 3474 1510 3529 grege
1532 3466 1719 3530 pastor
1742 3457 1930 3513 habes.

607 3550 838 3606 Justitize
865 3550 1065 3615 cultor,
1084 3560 1285 3606 sanctae
1305 3560 1360 3606 et
1384 3551 1600 3621 pietatis
1619 3557 1858 3616 amator,

678 3640 894 3696 Firmus
922 3641 974 3695 in
1003 3639 1209 3707 ciliciis,
1233 3656 1393 3696 verus
1418 3641 1472 3697 in
1498 3641 1745 3712 eloquiis.

609 3731 688 3786 Tu
720 3731 887 3786 decus
914 3729 1183 3798 Ecclesiae,
1214 3731 1387 3801 plebis
1419 3731 1556 3796 laus,
1592 3732 1760 3804 gloria
1788 3733 1942 3801 cieri,

680 3823 994 3893 Exemplum
1021 3824 1171 3889 vitae,
1197 3822 1370 3879 forma
1395 3823 1583 3879 salutis
1608 3840 1729 3894 ope.

610 3916 701 3973 Sal
724 3926 909 3981 terrae,
931 3930 1024 3970 seu
1046 3914 1138 3969 lux
1160 3913 1379 3978 mundi,
1413 3923 1576 3985 atque
1598 3915 1728 3970 urbs
1748 3914 1948 3987 inclyta
1977 3913 2181 3973 Christi

563 4058 576 4069 ,
680 4006 888 4061 Αῐιθηιὶ
917 4004 1081 4076 Regis
1107 4011 1392 4060 stemmate
1419 4019 1629 4075 gemma
1654 4005 1851 4060 nitens.

610 4096 689 4151 Te
714 4096 856 4150 Deus
883 4102 1119 4149 teternus
1146 4091 1328 4147 multis
1354 4090 1587 4148 feliciter
1606 4093 1765 4148 annis

682 4186 953 4257 Concedat
981 4198 1194 4240 sacrum
1225 4183 1580 4253 multiplicare
1606 4198 1840 4255 gregem.

2278 3096 2415 3151 Nam
2437 3094 2603 3166 judex
2624 3092 2816 3164 vigilat
2839 3092 3127 3148 hominum
3155 3104 3308 3161 super
3326 3095 3427 3142 acta
3453 3094 3653 3154 supernus.

2204 3185 2249 3246 C
2351 3184 2425 3242 Ut
2446 3190 2669 3241 cunctos
2688 3183 2921 3255 propriis
2936 3183 3148 3255 iudicet
3171 3198 3234 3237 ex
3261 3178 3454 3236 meritis.

2280 3279 2670 3336 Flammivoma
2700 3277 2880 3333 veniet
2909 3277 3173 3333 Dominus
3206 3288 3318 3330 cum
3348 3271 3465 3326 nube
3492 3274 3687 3323 eorum

2349 3371 2595 3439 Actaque
2621 3383 2747 3424 cum
2778 3368 2960 3424 verbis
2989 3367 3241 3423 discutiet
3258 3362 3504 3419 hominum.

2282 3462 2435 3518 Tunc
2462 3459 2696 3516 famulus
2725 3469 2902 3516 sumet
2929 3460 3245 3515 meritorum
3268 3457 3390 3511 dona
3414 3447 3557 3507 ﬁdelis.

2354 3553 2531 3607 Laetus
2557 3561 2613 3606 et
2637 3551 2859 3606 intrabit
2879 3550 3079 3623 gaudia
3103 3562 3301 3605 summa
3324 3543 3421 3600 Dei.

2287 3643 2359 3701 Ut
2383 3652 2510 3700 tunc
2535 3626 2655 3700 esse
2676 3642 2839 3699 bonis
2860 3641 2995 3698 felix
3014 3640 3269 3698 merearis
3291 3639 3338 3693 in
3359 3636 3471 3695 istis.

2356 3733 2511 3790 Nunc
2539 3734 2705 3790 durus
2736 3733 2832 3788 tibi
2860 3734 2933 3789 sit
2964 3733 3145 3788 nullus
3170 3732 3223 3786 in
3248 3729 3365 3784 orbe
3387 3724 3520 3779 labor.
3562 3806 3573 3814 ι
3609 3803 3619 3814 ο

2286 3825 2384 3882 Est
2418 3824 2566 3881 rudis
2590 3825 2681 3881 hic
2705 3823 2963 3895 pepulus,
3005 3832 3094 3879 est
3128 3822 3319 3885 durus,
3344 3830 3476 3887 quem
3494 3806 3593 3879 regis
3609 3806 3687 3870 ἱρεει

2359 3917 2467 3974 Sed
2490 3918 2782 3974 miserante
2801 3917 2892 3986 pio
2914 3916 3065 3971 mitis
3090 3914 3196 3970 erit
3214 3909 3432 3967 Domino.

2289 4007 2439 4062 Mitia
2462 4006 2744 4062 tradantur
2761 4005 2939 4075 primo
2962 4011 3229 4074 praecepta
3255 3998 3434 4059 salutis,
3782 4010 3783 4079 1

2246 4094 2253 4099 “
2356 4095 2625 4152 Mentibus
2652 4095 2856 4167 ignaris
2885 4093 2938 4149 in
2962 4094 3201 4149 novitate
3220 4089 3348 4145 fidei.

486 4750 507 4771 ·
615 4750 740 4789 cum
777 4731 1001 4801 simplex
1043 4728 1132 4801 hic
1162 4729 1256 4782 Dei
1300 4737 1490 4801 natura
1530 4728 1872 4801 pmdicetnr,
1918 4737 1974 4783 et
2008 4729 2186 4786 omnis

2289 4188 2362 4244 Ut
2387 4197 2542 4244 tener
2567 4188 2622 4243 in
2650 4187 2791 4243 lacte
2812 4188 3009 4259 gaudet
3033 4184 3282 4242 infantilis
3305 4187 3437 4243 aetas,

610 4279 805 4335 Vestra
832 4277 973 4332 valet
1000 4276 1196 4333 malum
1223 4290 1467 4331 reserare
1489 4283 1543 4329 et
1567 4275 1818 4332 claudere
1843 4275 2039 4350 lingua,
2361 4279 2544 4336 Fortis
2571 4279 2650 4335 sic
2677 4278 2835 4334 fortis
2857 4279 3001 4334 dicta
3026 4288 3208 4333 tenere
3236 4272 3379 4328 valet.

1628 4403 1917 4469 SCHOLIA
1953 4405 2465 4469 CHRISTOPHOR!
2499 4410 2848 4467 BROWERI.

615 4542 737 4580 cum
767 4524 826 4579 S.
849 4520 1168 4594 Augustino,
1198 4525 1254 4594 e_t
1281 4518 1344 4572 D.
1373 4516 1579 4594 Thema
1608 4526 1802 4594 negant
1828 4517 1997 4594 Doum
2026 4534 2185 4590 posse
2214 4524 2265 4585 D
2288 4523 2384 4594 sed
2431 4537 2639 4594 γει-ιιωῇ
2657 4531 2839 4594 tamen
2886 4520 3142 4592 pondere,
3165 4518 3236 4594 _si
3276 4504 3680 4594 nonupoftifom

613 4597 718 4651 dici
746 4583 1351 4664 triplicemnirgulam'
1362 4588 1665 4664 censoriam
1681 4583 1782 4642 'hic
1802 4583 2089 4664 stringere,
2129 4599 2186 4646 et
2217 4583 2244 4585 ἡ
2293 4593 2552 4664 victuros.
2598 4583 2919 4664 Episcopum
2958 4583 3313 4664 auternhunc,
3340 4583 3539 4664 ξιξεξῆξιξξ

614 4637 720 4720 iis.“
748 4637 1333 4734 ῑδξςῑίίῑςῑιῖῑεῖέέίιιιξξξεά
1361 4637 2186 4734 ίῑῑιβῖ-δξίᾱιίί,,δδίιῑέέῑᾱῖεξεεευξις
2295 4637 3313 4734 sxgn‘gsnzt'istznssaginatas
3336 4637 3683 4708 damm-

2293 4730 2615 4804 pra-tulisse,
2640 4733 2840 4788 indicio
2859 4730 3109 4787 versiculi
3145 4746 3159 4782 :

615 4797 935 4861 excludatur
957 4800 1186 4871 plurium
1212 4797 1552 4871 compositio,
1589 4797 1781 4871 triplex
1804 4798 1897 4852 hic
1921 4814 2020 4868 pro
2043 4802 2185 4856 trino

616 4884 671 4929 et
718 4867 1360 4943 personarum__ternario
1408 4867 1535 4922 licet
1593 4868 1857 4943 accipias;
1912 4867 2185 4940 quomodo

617 4937 837 5000 Gabriel
869 4949 1051 4995 noster
1075 4937 1343 5008 Vasquez,
1369 4945 1631 5007 praestans
1652 4937 1961 5008 theologus,
1988 4955 2184 4995 nomen

618 5014 827 5085 triplex,
861 5026 983 5066 cum
1012 5009 1243 5085 refertur
1266 5008 1338 5085 ad
1352 5022 1637 5085 personas,
1663 5008 1889 5085 omnino
1912 5008 1965 5063 in
1989 5010 2188 5085 divinis

618 5076 699 5141 uti
715 5083 795 5139 fas
815 5076 937 5153 esse
952 5077 1294 5153 pntat_(D_isp.
1317 5077 1440 5141 i5l,
1466 5077 1537 5131 ad
1558 5077 1631 5153 fit
1655 5094 1708 5149 q.
1732 5078 1799 5132 D.
1826 5076 2008 5153 Thom.
2037 5081 2180 5153 ζμ),

622 5163 875 5224 recteque
921 5142 1275 5224 Mirandulani
1318 5162 1535 5224 versum
1558 5142 1697 5224 Strn
1736 5148 1970 5224 carbone
2011 5142 2180 5220 signa;

619 5224 719 5289 vit,
750 5218 840 5294 qui
871 5223 926 5276 in
956 5219 1203 5285 nomine,
1234 5218 1377 5288 quod
1402 5219 1471 5274 ad
1499 5218 1791 5274 essentiam
1818 5218 2083 5288 pertinet;
2116 5229 2168 5275 te

622 5310 772 5350 tuere
794 5294 931 5349 dixit
963 5309 977 5344 :

2338 4878 2343 4883 '
2422 4861 2501 4915 Est
2520 4863 2652 4912 rudis
2668 4862 2749 4913 hic
2770 4861 2996 4924 papulas,
3020 4866 3098 4911 est
3114 4860 3259 4909 dum
3275 4862 3401 4917 quem
3425 4841 3619 4907 ηείείμεο

2290 4948 2347 5022 et
2372 4965 2530 5030 alter,
2557 4963 2624 5019 de
2641 4961 2844 5047 amoris
2872 4961 3046 5017 mutui
3066 4958 3296 5016 foedere:

2421 5096 2519 5151 \‘ee
2541 5110 2695 5159 mare,
2723 5110 2818 5146 nec
2838 5095 3011 5156 tellus,
3033 5105 3237 5156 montes,
3262 5100 3344 5141 nec
3358 5083 3455 5136 silva
3473 5073 3529 5130 rel
3543 5068 3636 5132 ψει

2477 5160 2605 5210 Huic
2624 5162 2819 5209 obstare
2839 5163 3047 5222 queunt.

2303 5266 2459 5347 Venit
2482 5268 2536 5320 in
2581 5275 2817 5348 mentem
2844 5264 3130 5357 aliquando
3157 5273 3213 5317 ut
3234 5242 3678 5357 rnmnsnb‘amzm‘t

2298 5337 2503 5425 minuin
2558 5339 2791 5419 usus.in
2844 5322 3603 5425 baptismo-apn‘d“

2301 5420 2444 5488 saepe
2482 5414 2661 5488 tamen
2686 5406 2775 5488 Δἱη¹
2798 5394 3050 5488 propriis,
3095 5394 3673 5488 ξίγὲᾲρεξλυξξξξξινξῇξ

2299 5441 2950 5563 gigantas?
3782 5484 3783 5555 ψ

2300 5517 2456 5614 ουίῗιδ
2481 5561 2588 5600 non
2624 5546 2777 5626 valde
2805 5517 3673 5630 clara.alioqui‘gttftngﬁahﬂzﬂﬁ
3782 5517 3783 5575 ἒ

2302 5596 2705 5685 nauigatione
2712 5596 2797 5668 5.1.
2813 5596 2847 5677 ξί
2859 5596 3137 5685 urbem;
3157 5610 3305 5685 {Vitta
3322 5612 3367 5658 et
3386 5596 3604 5685 Ψξξίξξῗὲ

2301 5654 2797 5745 ἰέἶὶξῖι¹ί¹εἴιίζνὰῖῆ¹ζ³
2808 5654 3137 5739 ὲιἼόὲΓιῦἶὲἔ
3166 5654 3533 5741 ὲηιίεδυτεεηεεω
3552 5654 3671 5721 om
3782 5688 3783 5745 γ

2301 5772 2427 5827 pum
2453 5755 2710 5810 Alcuinus
2736 5754 2988 5824 Aquilam
3020 5751 3239 5809 vocavit.

810 5401 963 5451 linum
989 5402 1047 5479 ἱιι⁴
1057 5398 1235 5460 triplici
1253 5395 1464 5448 Numine
1486 5409 1669 5448 nomen
1688 5397 1895 5448 habens.

664 5490 722 5555 ἰ
744 5515 1011 5569 Praeclaro
1045 5512 1298 5582 episcopo
1334 5524 1524 5582 versns
1563 5509 1675 5582 d_a_t,
1719 5509 2052 5582 monitorios
2079 5508 2196 5581 ple-

630 5600 823 5654 rosque
856 5593 912 5637 et
957 5579 1328 5654 paréneticos,
1373 5580 1559 5654 invitis
1594 5579 1867 5654 Musarum
1884 5579 2120 5654 gratiis,
2143 5588 2201 5634 et

630 5649 773 5724 quod
801 5654 865 5707 de
893 5649 1146 5706 Romanae
1177 5649 1495 5720 eloquentia:
1521 5660 1745 5717 parente
1769 5649 1989 5721 quidam
2012 5651 2149 5706 dixit
2179 5668 2194 5704 :

1027 5762 1175 5812 Musis
1199 5772 1249 5815 tt
1272 5762 1496 5825 Apolline
1517 5762 1670 5823 nullo,
