3944 6320
197 357 330 414 1503
995 356 1323 417 CARMINA.
1366 391 1433 403 -ά
1476 363 1720 419 SECTIO
1757 365 1796 418 l.
1839 366 2164 422 POEMATA
2207 371 2292 426 DE
2334 371 2669 429 DlYERSlS.
3293 377 3425 432 15M

189 475 274 529 Sit
309 475 427 543 pius
455 483 509 528 et
536 473 768 543 prudens
790 476 1102 546 pepulorum
1124 479 1312 534 doctor
1343 479 1562 548 ubique,
1782 489 1830 544 Α
1859 481 2102 554 Optimus
2126 497 2210 541 est
2236 488 2439 542 amicus
2468 487 2666 544 Christi
2696 489 2918 544 vestitus
2941 505 3144 554 amore,

260 565 508 619 Personae
537 583 832 636 agnoscens
863 571 992 639 quid
1020 571 1106 624 cui
1137 573 1438 626 conveniat.
1931 574 2156 643 Semper
2184 577 2388 631 amicus
2407 585 2570 639 amat,
2602 593 2816 648 semper
2835 580 3093 634 amandus
3123 580 3244 635 erit.

186 653 354 711 Lacte
381 656 514 725 riget
537 673 760 726 parvos,
787 659 966 714 foveat
997 671 1050 713 et
1076 675 1213 728 pane
1244 661 1512 726 valentes,
1861 667 2042 740 Diligit
2071 668 2420 738 Omnipotens
2454 671 2693 739 sophiam
2727 685 2849 724 nam
2886 687 3100 739 semper
3134 679 3425 737 amantem,

257 746 390 800 Cum
419 749 615 816 pietate
640 767 829 805 omnes
847 760 1020 816 curet,
1049 753 1175 813 alat,
1205 753 1411 808 doceat.
1931 759 2062 813 Cum
2095 761 2280 829 SOphia
2303 761 2450 830 gazis
2477 761 2725 816 omnibus
2755 771 2836 816 est
2866 761 3074 814 melior.

186 834 420 892 llorrida
446 839 588 892 nulla
612 847 759 893 tuam
787 836 1007 912 frangat
1023 844 1246 898 tentatio
1270 853 1526 910 mentem,
1862 849 2086 919 Semper
2121 851 2348 906 amanda
2389 852 2602 920 quidem
2643 861 2726 905 est
2757 867 2936 905 rerum
2978 850 3220 906 doctrina
3255 850 3428 906 bona-

257 930 423 987 Fixus
449 933 540 986 sed
572 949 813 998 maneas,
843 935 1058 991 vincere
1080 938 1264 1006 sicque
1290 939 1456 995 vales.
1931 941 2164 996 Devotus
2186 943 2372 996 doctor
2398 943 2594 996 charus
2617 943 2721 995 erit
2745 942 2990 996 Domino.
3085 985 3095 994 .
3172 940 3314 1011 [rum
3339 981 3355 1006 ,

185 1021 391 1076 Aurum
415 1023 627 1080 flamma
657 1026 864 1094 probat,
883 1025 1062 1094 justos
1089 1029 1314 1084 tentatio
1349 1029 1594 1094 mundat,
1811 1103 1816 1108 _
1859 1028 1975 1085 Non
2009 1039 2078 1095 te,
2109 1047 2214 1084 non
2241 1032 2519 1094 mundum,
2544 1030 2816 1085 Christum
2848 1031 2939 1085 sed
2970 1030 3131 1101 dilige
3161 1029 3352 1091 solum,

259 1113 452 1169 Purior
478 1125 640 1186 utque
675 1119 854 1172 anima
881 1120 1059 1174 sidera
1091 1121 1230 1175 celsa
1255 1131 1421 1191 petat.
1929 1119 2112 1176 Nullus
2145 1129 2196 1177 te
2225 1122 2401 1177 verbis
2429 1121 2693 1190 vituperet
2719 1121 2928 1175 merito.

185 1206 312 1264 1132c
341 1219 423 1264 est
446 1209 554 1264 vita
579 1211 694 1264 viro
712 1211 858 1280 justo
880 1213 1106 1266 tentatio
1133 1222 1263 1278 tota,
1667 1195 1676 1200 ’
1859 1205 1974 1266 Non
2003 1212 2193 1280 opibus
2218 1213 2354 1266 bona
2377 1212 2520 1265 fama
2546 1212 2727 1278 datur,
2750 1213 2842 1267 sed
2868 1211 3108 1266 moribus
3137 1209 3320 1274 almis,

259 1298 364 1352 Sed
391 1301 602 1368 patiens
633 1300 826 1354 tolerat
853 1309 1045 1355 cuncta
1075 1317 1171 1370 pro
1201 1318 1382 1356 amore
1411 1301 1526 1355 Dei.
1930 1301 2238 1372 Non-perdit
2261 1303 2434 1372 pietas
2459 1318 2686 1372 qumque
2708 1303 2854 1357 dabit
2876 1303 3092 1357 misero.

186 1389 316 1457 Quis
339 1390 454 1445 sine
479 1391 561 1444 vel
592 1391 740 1445 miles
768 1393 944 1461 capiet
971 1393 1263 1446 certamine
1291 1391 1547 1460 palmam,
1859 1393 1944 1449 Nil
1963 1395 2114 1449 'oculi
2142 1403 2366 1464 prosunt
2395 1395 2590 1463 quibus
2619 1403 2700 1448 est
2729 1407 2878 1447 mens
2901 1407 3042 1447 caeca
3065 1389 3301 1452 videndi,

254 1482 400 1538 Bella
424 1482 655 1536 nefanda
686 1484 888 1538 dabunt
915 1484 1137 1554 praemia
1169 1499 1358 1553 magna
1388 1483 1517 1537 suis.
1931 1487 2174 1542 Luminis
2201 1487 2404 1556 experti
2435 1487 2584 1541 devia
2612 1501 2751 1540 caeca
2781 1493 2984 1555 petunt.

187 1573 483 1629 Stemmate
499 1573 613 1642 jam
644 1576 856 1646 gaudet,
887 1575 1012 1629 belli
1038 1575 1128 1643 qui
1159 1585 1456 1629 scammatc
1481 1573 1669 1628 vincit.
1860 1580 2072 1646 Quanto
2101 1577 2271 1646 major
2291 1578 2418 1641 eris,
2449 1586 2598 1631 tanto
2627 1577 2960 1631 moderatior
2982 1583 3119 1637 esto,

254 1665 440 1718 Prmlia
468 1674 589 1735 post
619 1674 773 1720 terra!
799 1674 988 1736 regnat
1015 1665 1070 1719 in
1100 1681 1224 1719 arce
1243 1665 1375 1730 poli.
1930 1668 2191 1725 Omnibus
2220 1668 2295 1723 sis
2321 1684 2526 1736 aequus,
2561 1676 2739 1721 rector
2765 1667 2962 1736 ubique
2989 1666 3131 1735 pius.

186 1755 318 1810 Cum
351 1755 564 1810 Christo
594 1764 653 1809 ut
679 1771 870 1826 regnes
898 1755 1156 1811 concedat
1179 1756 1349 1826 gratia
1376 1756 1611 1820 Christi,
1861 1761 1993 1818 Vive
2017 1762 2151 1827 Deo,
2179 1761 2290 1814 vita
2317 1759 2464 1824 felix,
2497 1768 2551 1815 et
2573 1760 2694 1814 vive
2723 1775 2819 1829 per
2848 1775 3042 1824 arvum,

258 1848 476 1904 Summe
497 1849 676 1915 Pater,
702 1859 885 1919 pastor
909 1857 1117 1918 tempus
1147 1851 1198 1902 in
1226 1865 1384 1904 omne
1413 1848 1592 1904 simul.
1784 1833 1833 1892 Β
1930 1852 2090 1917 Vera,
2119 1851 2299 1917 beata,
2325 1853 2466 1907 bona
2493 1859 2578 1905 est
2603 1850 2784 1904 vivere
2816 1851 2921 1904 vita
2947 1850 3078 1904 Deo.

187 1940 254 1993 Et
279 1947 366 1992 tua
395 1939 508 1994 laus
533 1949 766 2004 maneat,
796 1955 1002 1994 merces
1029 1949 1084 1994 et
1111 1940 1278 2010 gloria
1304 1954 1541 2010 semper,
1858 1944 2038 2002 Latus
2059 1946 2111 2000 in
2141 1953 2399 2000 aeternum
2425 1942 2640 1999 Christo
2666 1942 2944 2014 sociabere
2969 1941 3124 2007 civis,

255 2029 387 2084 Cum
413 2029 616 2085 sanctis
638 2030 793 2092 coelo,
820 2039 874 2083 et
895 2031 1013 2084 sine
1039 2030 1144 2083 ﬁne
1165 2030 1303 2084 vale.
1327 2056 1333 2061 -
1927 2036 2020 2092 llle
2042 2044 2224 2092 manet
2247 2050 2476 2104 semper,
2505 2042 2563 2089 tu
2594 2047 2806 2104 quoque
2835 2048 3050 2103 semper
3073 2033 3202 2088 eris.

189 2121 274 2175 Sis
301 2136 506 2176 memor
531 2123 644 2190 ipse
673 2121 801 2184 mei,
833 2129 1096 2174 memoret
1119 2129 1168 2174 te
1197 2119 1367 2190 gratia
1396 2117 1616 2184 Christi,

254 2169 496 2267 istm“:
531 2169 641 2190 'r"
834 2169 1093 2224 ”ῖ’“’““”
1120 2169 1367 2224 "ST—"ﬁ
1406 2169 1616 2224 Ϊ”’“““’
2259 2169 2326 2226 Χ.
2350 2200 2422 2209 -
2445 2183 2571 2222 mnu
2597 2184 2664 2222 an
2692 2182 3042 2222 pnazcunuu.

299 2213 457 2268 resul
478 2230 532 2267 ιη
553 2215 667 2269 aede
693 2213 808 2278 Dei,
837 2228 912 2267 srs
937 2227 1145 2267 memor
1170 2228 1285 2282 ipse
1313 2226 1440 2266 mei.
2584 2279 2614 2282 _
2867 2279 2898 2282 __
2925 2278 2936 2282 Δ
3028 2279 3039 2282 _

1862 2294 1888 2323 ι
1916 2281 2174 2338 Conditor
2195 2282 2556 2351 omnipotens,
2583 2279 2782 2334 Rector
2808 2278 2937 2332 mihi
2969 2277 3118 2333 mitis
3143 2277 3331 2332 adesto
3349 2317 3365 2341 ,

590 2347 721 2402 Vill.
750 2379 820 2388 —
843 2363 969 2403 toan
1006 2364 1075 2404 an
1112 2362 1351 2404 neuneu.

1931 2370 2152 2426 Munera
2178 2371 2243 2426 da
2275 2347 2447 2435 verbi,
2477 2368 2735 2424 Conditor
2761 2369 3134 2437 omnipotens,

187 2480 444 2536 Omnibus
468 2481 522 2535 in
548 2481 698 2536 horis
722 2496 934 2550 semper
964 2489 1036 2547 te,
1063 2490 1246 2537 sancte
1273 2462 1546 2544 sacerdos.

1860 2465 2051 2520 Dicere
2076 2464 2221 2534 quod
2247 2462 2723 2531 valeam,'signent
2750 2460 2879 2530 quid
2907 2460 3086 2528 prisca
3113 2458 3296 2528 ﬁguris
3313 2497 3328 2521 ,

257 2551 519 2625 Devotum
550 2581 772 2625 cernent
797 2571 1000 2626 lumina
1027 2580 1210 2627 sancta
1241 2572 1357 2628 Dei,
1931 2555 2070 2622 Quid
2100 2562 2306 2610 reseret
2335 2552 2600 2618 Christus,
2633 2552 2811 2606 dicere
2838 2551 2980 2620 quod
3008 2550 3234 2604 valeam.

187 2662 268 2717 Sit
298 2663 392 2717 tibi
423 2662 506 2718 lex
542 2662 755 2718 Domini
791 2663 961 2718 dulcis
988 2678 1150 2732 super
1183 2664 1364 2718 omnia
1398 2665 1578 2732 mella,

1864 2644 2065 2700 Unicus
2096 2645 2210 2714 ipse
2237 2650 2364 2698 tuus
2395 2651 2574 2696 tecum
2599 2641 2690 2710 qui
2722 2652 2915 2696 cuncta
2942 2640 3169 2704 creavit,

254 2754 483 2811 Charior
511 2765 671 2825 atque
699 2745 816 2810 auri
843 2755 1008 2810 millia
1040 2731 1205 2810 multa
1232 2771 1410 2825 super.
1566 2731 1570 2732 ν
1693 2803 1695 2806 .

1931 2735 2137 2790 (iuncta
2166 2733 2324 2789 modo
2356 2741 2587 2796 recreat,
2614 2731 2816 2787 Unicus
2841 2732 2954 2799 ipse
2975 2738 3122 2785 tuus.

186 2841 378 2898 Mentis
405 2845 710 2912 praecedant
736 2844 915 2912 operis
938 2859 1061 2898 nam
1088 2844 1287 2898 lumina
1319 2861 1556 2916 gressus,

1861 2828 2135 2897 Principio
2160 2825 2423 2880 Dominus
2446 2823 2755 2893 paradisum
2789 2822 2997 2892 plantat
3019 2820 3150 2876 Eoo.

257 2911 493 2988 Consilio
520 2934 690 2988 facias
717 2911 944 3004 quaeque
974 2933 1079 2989 tuis
1097 2911 1345 3004 iubeas:
1934 2917 2232 2973 Εοοὶθεὶίιιῐι
2256 2914 2454 2970 format
2480 2913 2747 2984 prinCiPiO
2771 2911 3044 3004 Dominus-

188 3027 275 3081 Sis
312 3035 489 3082 rector
515 3027 777 3097 placidus,
811 3003 1144 3094 mansuetus,
1169 3025 1350 3095 justus
1375 3028 1592 3098 ubique,
1862 3009 2108 3064 Flumina
2139 3004 2706 3098 αυεάτίῦἀδίρπξιιίεὶ
2739 3019 2769 3057 ³
2795 3003 2974 3098 Γξᾯῐξιξε
3002 3003 3020 3021 ’
3050 3008 3360 3063 manarum.

257 3093 572 3188 Exemplum
603 3119 813 3174 cunctis
842 3117 1082 3173 moribus
1112 3093 1359 3188 egregiis,
1484 3093 1503 3098 “
1933 3100 2010 3155 De
2032 3098 2247 3154 Christo
2274 3097 2420 3186 fonte
2443 3096 2661 3150 ﬁumina
2688 3093 3012 3164 quadriﬁda.

189 3209 318 3276 Quae
344 3210 559 3278 culpare
586 3209 748 3276 soles,
780 3210 894 3264 haec
919 3217 976 3262 tu
999 3224 1069 3264 ne
1097 3209 1289 3264 feceris
1319 3209 1456 3280 ipse,

1863 3190 2085 3260 Virgine
2107 3183 2441 3260 progenitum
2483 3197 2628 3242 terra
2659 3187 2801 3241 Deus
2827 3184 3019 3239 extulit
3045 3181 3237 3238 Adam.

257 3277 553 3368 Sermoque
581 3298 653 3353 sit
678 3286 884 3367 sophiae
905 3299 1156 3353 conditus
1177 3277 1488 3368 atque—sale.
1787 3303 1792 3308 ε
1877 3371 1905 3376 _
1933 3280 2118 3376 Jeguyl
2146 3280 2210 3334 de
2232 3286 2411 3376 {nam
2436 3277 2642 3346 virgine
2668 3277 3028 3376 progenitum.-
3067 3362 3099 3376 “
3149 3361 3189 3376 Π

189 3390 427 3446 Sufﬁciat
447 3361 626 3446 rerum
659 3361 880 3446 dederat
905 3390 1000 3446 tibi
1030 3391 1172 3460 quod
1203 3361 1346 3446 Deus
1376 3390 1490 3460 ipse
1517 3433 1528 3443 .
1815 3417 1828 3432 -
1866 3369 2116 3427 ῧοηάίάίί
2141 3385 2208 3424 ex
2232 3369 2419 3432 Ῐθιθτθν
2451 3381 2812 3460 Sponsam???
2839 3362 3128 3460 Vil‘0_dedii
3149 3361 3348 3423 Ενίιηιο
3401 3419 3408 3426 .

263 3481 358 3536 Sat
382 3482 530 3536 dives
553 3489 636 3536 est
660 3481 913 3545 famulus,
945 3455 1145 3550 quique
1165 3482 1329 3535 habet
1354 3455 1661 3537 Dominum.
1902 3555 1913 3556 ί
1938 3461 2029 3516 Sic
2046 3459 2272 3556 Christo
2301 3474 2555 3556 sponsam
2591 3457 2831 3556 condidit
2853 3471 2928 3556 lex

185 3573 379 3629 Omnia
404 3573 524 3627 ﬁnis
547 3573 686 3627 edax
721 3542 1187 3642 devastat-ga-udia
1217 3574 1425 3638 mundi,
1866 3555 2010 3610 Mors
2037 3554 2152 3609 fera
2180 3555 2244 3608 de
2271 3552 2451 3622 stipite
2475 3551 2738 3606 miserum
2767 3548 2867 3603 sibi
2895 3545 3132 3646 subdidit
3159 3542 3342 3598 orbem
3364 3581 3379 3607 ,

260 3665 459 3734 Pauper
498 3673 610 3718 'um
630 3665 807 3733 justus
834 3636 1258 3733 regna'superna
1287 3636 1452 3732 capit.
1864 3733 1885 3737 _
1934 3644 2087 3737 ῙΪῘΨιο
2113 3651 2382 3713 Ρΐοείηῑδ
2412 3641 2558 3737 ἱειξει
2580 3655 2730 3737 mors
2753 3638 2866 3737 fera
2898 3636 3187 3737 destipite.

186 3757 287 3823 Qui
325 3726 577 3810 venturus
601 3726 706 3808 erit
731 3726 977 3808 Christus
1007 3726 1130 3807 Re;
1148 3726 1378 3823 inclytus
1406 3752 1549 3818 orbi,

1864 3733 2080 3788 Invidus
2107 3747 2236 3802 ergo
2263 3746 2450 3786 necem
2475 3730 2642 3784 frater
2664 3729 2810 3798 justo
2837 3727 3016 3781 intulit
3041 3726 3194 3789 olim,

262 3847 328 3903 Ut
349 3847 560 3902 cunctis
587 3845 776 3901 reddat
801 3860 923 3898 nam
952 3844 1169 3914 propria
1195 3817 1387 3898 merita

1939 3821 2031 3877 Sic
2052 3819 2219 3876 Judas
2248 3819 2465 3875 Christo
2486 3817 2699 3872 invidus
2725 3831 2854 3886 ergo
2876 3831 3084 3871 necem.

187 3941 368 4010 Teque
392 3949 616 4009 tuosque
645 3939 804 3994 simul
832 3951 1081 4008 superam
1109 3935 1366 4006 perducat
1385 3934 1453 3990 ad
1475 3949 1655 3990 arcem
1675 3975 1688 3999 ,
1868 3912 2143 4010 Τε-ηέίιιξε
2178 3927 2276 3982 Per
2303 3909 2578 4010 hominem
2614 3907 2887 4010 maledic“
2916 3906 3116 4010 fami“
3143 3906 3337 3969 δθηδί¹ν

259 3998 326 4086 Ut
355 4032 504 4086 vivas
525 3998 680 4085 laetus
711 4044 874 4100 regna
895 3998 1052 4082 beata
1085 4034 1292 4082 tenens.
1677 3998 1682 3999 γ

1934 4003 2146 4058 Invenit
2168 4017 2357 4072 pacem
2393 4008 2643 4068 terraque
2669 4014 2766 4068 per
2787 3998 3083 4052 hominem.

1837 4139 1840 4142 .
1865 4095 2005 4149 Area
2031 4095 2149 4164 pios
2175 4093 2401 4159 revehit,
2432 4091 2697 4146 tumidum
2733 4105 2802 4144 ne
2827 4089 3115 4144 absorbeat
3145 4103 3351 4157 aequor,

392 4163 481 4218 ιχ·
512 4193 582 4202 “““
612 4177 742 4216 ¹τε²ί
782 4178 849 4216 λθ
887 4173 1215 4215 νηοίδησκ
1248 4172 1556 4215 "ﬂow"
1935 4184 2015 4240 Ne
2034 4163 2098 4238 in
2126 4183 2327 4239 mundo
2355 4189 2604 4253 pereant,
2632 4196 2760 4235 arca
2790 4181 2907 4250 pios
2933 4179 3157 4235 revehit.

183 4275 354 4345 Perge
383 4290 502 4330 mea
528 4275 686 4330 citius
712 4273 982 4330 Pracclaro
1006 4273 1250 4328 chartula
1275 4281 1486 4340 nostro,
1865 4278 2059 4333 Frater
2084 4279 2300 4348 iniquus
2328 4277 2473 4330 enim
2498 4276 2702 4330 nudum
2724 4282 2934 4343 patrem
2962 4271 3205 4340 improbe
3227 4267 3378 4334 risit,

255 4366 518 4436 Prospere
542 4365 766 4435 paciﬁce
789 4380 928 4420 nunc
959 4365 1299 4419 ministrante
1334 4364 1447 4419 Deo
1935 4368 1993 4423 In
2021 4383 2182 4423 cruce
2207 4367 2530 4438 pendentem
2553 4364 2722 4419 frater
2749 4364 2964 4433 iniquus
2995 4361 3139 4415 enim

183 4458 254 4512 Et
276 4465 398 4526 pete
425 4457 675 4511 Praeclari
703 4456 961 4526 praeclara
991 4464 1131 4510 tecta
1157 4456 1438 4525 magistri,
1866 4459 2054 4528 Hostia
2080 4466 2232 4530 grata
2256 4458 2436 4512 Patris
2465 4457 2640 4511 fuerat
2665 4455 2810 4510 senis
2841 4453 3032 4507 unicus
3063 4453 3260 4514 lateres,

257 4546 361 4603 Fer
383 4557 621 4602 sanctam
649 4563 837 4617 pacem
865 4547 1108 4618 praesulis
1137 4557 1299 4617 atque
1330 4550 1492 4605 bone.
1787 4559 1842 4617 1)
1938 4549 2187 4605 Salvator
2213 4548 2399 4604 mundi
2429 4547 2603 4602 hostia
2633 4554 2787 4617 grata
2809 4545 3006 4598 Patris.

182 4638 382 4693 Pectus
409 4654 562 4693 amor
587 4647 829 4694 nostrum
858 4641 1158 4706 penetravit
1181 4649 1403 4710 perpete
1436 4640 1652 4695 flamma
1671 4681 1687 4706 ,
1866 4641 2058 4710 Nupsit
2083 4649 2136 4694 et
2159 4640 2273 4708 ipsa
2305 4639 2421 4692 viro
2445 4635 2642 4707 insigni
2674 4650 2800 4689 nam
2825 4633 2925 4688 rite
2949 4633 3191 4687 Rebecca
3208 4671 3223 4696 ,

256 4728 372 4798 Ipse
401 4729 578 4784 calore
607 4744 744 4783 novo
769 4744 980 4798 seraper
1007 4730 1216 4785 inardet
1241 4745 1414 4786 amor.
1547 4745 1554 4753 ·
1936 4733 2174 4788 Ecclesia
2199 4731 2414 4786 Christo
2439 4729 2619 4799 nupsit
2640 4737 2696 4783 et
2719 4728 2832 4798 ipsa
2862 4727 2998 4782 viro.

183 4818 297 4874 Nec
319 4834 486 4882 mare,
519 4835 618 4874 nec
651 4819 824 4882 tellus.
857 4827 1088 4884 montes.
1119 4835 1218 4875 nec
1243 4820 1395 4887 Silva.
1431 4821 1518 4876 νει
1544 4821 1690 4892 alpes
1865 4826 2134 4883 Przevenit
2158 4837 2284 4879 ecce
2309 4823 2486 4876 minor
2511 4820 2776 4875 seniorem
2806 4831 3027 4872 munere
3049 4815 3270 4869 fratrem

258 4909 393 4964 Huic
414 4911 631 4964 obstare
654 4916 878 4978 queunt,
901 4919 996 4963 aut
1019 4909 1263 4966 inhibere
1287 4911 1451 4965 viam.
1936 4916 2230 4985 Antiquam
2254 4911 2509 4982 populum
2539 4909 2798 4978 praevenit
2818 4923 2946 4963 ecce
2965 4906 3161 4961 minor.

179 4997 304 5066 Quo
337 4999 531 5062 minus,
569 4999 707 5053 alme
743 4999 922 5064 Pater,
955 5014 1169 5068 semper
1194 5009 1283 5054 tua
1317 5001 1527 5056 viscera
1556 5002 1759 5074 cingat,
1867 5006 2122 5077 Reppulit
2151 5003 2238 5058 ille
2265 5003 2461 5056 famem
2492 4999 2726 5070 Egypto
2753 5007 2878 5053 tunc
2905 5004 3118 5066 emptus
3141 4993 3366 5064 Ioseph,

260 5089 358 5145 Hic
389 5105 541 5144 amor
561 5106 624 5145 ac
652 5099 897 5160 penetret
917 5100 1124 5160 pectus,
1150 5101 1346 5158 amate,
1374 5103 1546 5149 tuum.
1935 5093 2196 5149 Vcnditus
2214 5098 2297 5145 est
2321 5089 2494 5150 Jesus,
2527 5087 2758 5158 reppulit
2780 5087 2866 5142 ille
2893 5086 3112 5140 famem.

186 5182 450 5239 Omnibus
469 5192 556 5239 est
579 5183 834 5252 locuples,
860 5184 951 5253 qui
988 5185 1146 5239 rebus
1174 5186 1413 5242 abundat
1442 5188 1652 5254 amicis,
1871 5186 2125 5256 Repperit
2151 5185 2205 5238 in
2239 5182 2400 5236 fluvio
2423 5179 2723 5236 Pharaonis
2753 5179 2860 5233 ﬁlia
2888 5178 3087 5232 Mosem
3108 5218 3124 5241 ,

257 5277 444 5333 Plures
476 5293 635 5347 quam
662 5281 909 5350 expediat
937 5279 1112 5335 nullus
1141 5282 1341 5336 habere
1365 5289 1557 5350 potest.
1675 5305 1680 5308 -
1943 5274 2175 5329 Barbara
2197 5288 2328 5343 gens
2349 5271 2622 5326 Christum
2651 5268 2883 5338 repperit
2905 5268 2960 5321 in
2987 5267 3169 5321 ﬂuvio.

1201 5429 1491 5487 SCHOLIA
1530 5426 2038 5486 CHRISTOPHORI
2080 5421 2429 5479 BROWEBI.

258 5582 284 5609 ι
314 5567 368 5622 ln
400 5570 501 5621 hoc
539 5574 818 5638 poemate,
843 5573 1089 5638 typorum
1120 5566 1172 5620 in
1194 5565 1378 5638 Yeteri
1399 5564 1748 5638 Testamento
1857 5562 2030 5638 aiunt,
2083 5557 2404 5638 inconcinno
2449 5553 2677 5638 quidem
2705 5562 2760 5608 et
2795 5557 2983 5638 coacto
3006 5560 3432 5638 Stepcutiumeru.

184 5615 1391 5709 mnidﬁhiiféxi’xﬁidﬁEsi,‘é§§é§i8uiciniae
1410 5615 1754 5709 bbigiiiibiiigl
1860 5632 1952 5709 sed
1989 5615 2594 5709 ingeniosaﬁgurarum
2631 5632 2684 5678 et
2723 5623 3001 5683 varietate,
3045 5615 3101 5672 et
3139 5627 3257 5688 apta
3303 5615 3440 5671 rela‘

185 5698 389 5779 ﬁletuiu
421 5707 678 5771 ostendit,
713 5698 1025 5779 serpentino
1048 5708 1345 5779 schemate,
1376 5721 1484 5774 quo
1509 5705 1752 5779 hemisti-
1861 5704 2003 5756 tione
2033 5698 2418 5754 similitudinis.

190 5776 333 5844 chia,
386 5795 503 5848 qua:
547 5780 916 5834 hexametrum
961 5776 1213 5832 inchoant
1261 5784 1654 5846 peutametrum
1699 5776 1755 5826 ti-
