3944 6320
605 331 738 389 1595
791 343 796 348 ’

1260 330 1320 384 Β.
1367 330 1619 386 RABANI
1662 328 1882 387 MAURl
1919 327 2239 386 ARCHIEP.
2279 327 2588 387 HOGUNT.
2627 327 2918 386 OPERUH
2949 325 3122 386 PARS
3159 327 3241 384 Π.
3617 344 3707 401 mg

600 443 784 513 Agnus
810 441 878 495 ab
909 451 1062 496 ueste
1090 455 1243 496 sacer
1276 446 1290 462 '
1323 442 1552 498 redemit
1581 443 1634 496 in
1675 441 1937 512 sanguine
1965 449 2170 510 patres,
2200 448 2248 508 Α
2346 441 2564 498 Siccum
2591 451 2701 499 tota
2728 443 2951 501 madens
2973 458 3096 499 area
3120 444 3284 500 vellus
3307 445 3459 502 habet.

569 573 580 582 .
669 531 884 601 Nosque
903 546 1098 587 cruore
1123 531 1246 586 tulit
1270 530 1455 603 Agnus
1478 534 1546 588 ab
1575 533 1730 588 hoste
1764 547 1940 588 sacer.

599 621 792 678 Obruit
816 621 956 677 unda
987 621 1161 685 nefas,
1185 621 1383 691 populo
1413 623 1690 691 gradiente
1718 638 1816 692 per
1840 637 2044 692 aequor,

669 715 822 770 Nunc
847 715 1012 770 totius
1035 715 1218 769 mundi
1246 715 1427 770 obruit
1451 715 1592 770 unda
1620 714 1791 780 nefas,

597 805 742 860 Fons
767 805 916 859 Mara
942 803 1114 859 dulcis
1142 813 1285 869 erat,
1317 804 1444 874 ligni
1475 805 1759 860 dulcedine
1781 819 1980 870 mersa,

669 895 760 952 Sic
785 896 966 951 crucis
989 911 1057 961 ex
1086 895 1231 964 ligno
1269 895 1388 951 fons
1413 895 1559 951 Mara
1590 897 1763 952 dulcis
1787 906 1925 952 erat.

599 985 898 1041 Murmurat
923 986 1173 1054 impietas
1198 1001 1395 1040 manna
1425 988 1676 1043 veniente
1709 987 1936 1053 refecta,

666 1075 830 1132 Panis
857 1077 1010 1132 adest
1034 1076 1300 1141 Christus,
1334 1088 1637 1133 murmurat
1659 1079 1924 1150 impietas.

596 1167 724 1223 Post
745 1177 895 1237 petra
925 1167 1226 1237 protulerat
1253 1168 1401 1238 virga
1426 1169 1510 1224 bis
1539 1168 1756 1224 ﬂumina
1779 1184 1918 1224 Caesa
1943 1209 1957 1230 ,

667 1258 735 1313 Et
756 1273 947 1328 passus
975 1258 1224 1314 Christus
1244 1268 1366 1329 post
1395 1269 1546 1330 petra
1572 1261 1891 1330 protulerat.

597 1349 866 1406 Scribitur
891 1367 919 1404 a
949 1351 1178 1407 Domino
1203 1352 1400 1408 tabulis
1422 1351 1509 1407 lex
1536 1354 1708 1423 prima
1737 1354 1996 1424 petrinis,

666 1438 819 1493 Nunc
851 1438 1046 1494 tabulis
1074 1440 1256 1495 cordis
1285 1442 1542 1496 scribitur
1567 1457 1597 1496 a
1625 1442 1872 1498 Domino.

595 1527 708 1582 Lex
734 1527 883 1583 dedit
913 1528 1169 1584 indicium
1204 1538 1386 1584 sontes
1413 1529 1722 1599 persolvere
1748 1544 1971 1601 pmnas,

664 1617 884 1684 Quodve
905 1618 1052 1674 salus
1078 1619 1276 1682 veniat,
1307 1619 1390 1674 lex
1421 1619 1570 1674 dedit
1594 1619 1875 1674 indicium.

595 1706 878 1776 Sceuaque
905 1708 1050 1762 clara
1075 1707 1170 1763 Dei
1198 1708 1252 1763 in
1281 1709 1480 1779 populo
1509 1717 1822 1764 constructa
1855 1709 2066 1780 priore,-

665 1796 907 1852 Ecclesia
930 1805 1009 1853 est
1037 1797 1260 1864 Christi,
1289 1814 1558 1869 scenaque
1587 1800 1732 1856 clara
1753 1799 1872 1855 Dei.

593 1888 720 1944 Haec
761 1903 976 1960 quoque
1015 1889 1396 1945 candelabrum
1438 1898 1523 1946 est
1557 1898 1765 1960 septem
1800 1890 2056 1946 distincta
2085 1890 2170 1942 lu-

1853 1979 1872 2053 ι
1887 1981 2066 2036 cernis
2083 2020 2098 2046 ,

664 2067 818 2134 Quod
843 2067 1020 2124 luceat
1038 2067 1258 2132 mundo,
1282 2067 1398 2124 haec
1419 2083 1636 2139 quoque
1657 2069 2040 2124 candelabrum
2065 2077 2168 2124 est.

597 2173 625 2201 ι
651 2159 794 2215 Area
831 2160 925 2215 Dei
953 2159 1154 2228 tegitur
1181 2174 1306 2213 nam
1329 2160 1656 2230 propitiante
1680 2159 1896 2226 tabella,

665 2249 926 2314 Ecclesia,
953 2256 1010 2303 et
1037 2248 1255 2303 Christo
1281 2264 1406 2304 arca
1435 2249 1530 2304 Dei
1558 2250 1780 2320 tegitur.

591 2338 844 2393 Continct
875 2340 991 2393 haec
1019 2339 1247 2405 tabulas,
1271 2354 1462 2392 urnam
1485 2348 1867 2410 sceptrumque
1890 2340 2168 2412 triumphi,

662 2426 798 2482 Cum
828 2428 1046 2482 Christo
1073 2429 1228 2484 binas
1257 2429 1502 2484 continet
1529 2431 1643 2485 haec
1672 2431 1881 2487 tabulas

592 2520 824 2575 Victima
851 2522 938 2576 hic
966 2521 1164 2591 placita
1186 2529 1288 2588 est,
1319 2537 1540 2592 araque,
1565 2523 1656 2580 ille
1681 2524 1795 2595 ipse
1824 2525 2107 2592 Sacerdos,

661 2614 766 2669 Pro
792 2615 976 2669 mundi
1003 2614 1222 2671 offensis
1250 2615 1469 2671 victima
1496 2615 1584 2670 hic
1607 2615 1804 2686 placita
1831 2626 1936 2673 est.

590 2701 875 2759 Fratribus
900 2704 1015 2773 ipse
1041 2704 1261 2774 quidem
1287 2705 1499 2760 cunctis
1532 2706 1818 2774 praefertur
1845 2709 2050 2764 honore

662 2793 1006 2859 Cbrismatis,
1037 2804 1092 2850 et
1111 2785 1253 2851 dono
1279 2795 1537 2851 fratribus
1563 2797 1678 2866 ipse
1703 2799 1944 2868 quidem.

591 2884 832 2956 Virginis
858 2887 1001 2942 hunc
1028 2887 1298 2943 thalamus
1327 2888 1532 2954 habuit,
1571 2890 1862 2945 meretrice
1886 2899 2108 2962 negata,

663 2977 917 3033 Ecclesia
941 2993 1153 3048 sponsae
1177 2979 1402 3050 virginis
1428 2981 1571 3035 hunc
1603 2979 1893 3036 thalamus.

590 3068 732 3124 Ecce
763 3069 869 3123 duo
896 3069 1139 3125 referunt
1161 3079 1406 3126 vectores
1427 3071 1623 3126 arbore
1646 3072 1884 3137 botrum,

661 3159 731 3214 Et
754 3161 935 3230 populi
961 3161 1238 3216 Christum
1265 3176 1392 3217 ecce
1422 3163 1528 3217 duo
1552 3160 1816 3217 referunt.

588 3250 844 3322 Carpitur
867 3253 991 3323 igne
1016 3268 1172 3308 sacro
1200 3268 1394 3308 munus
1421 3261 1713 3322 votumque
1739 3253 2010 3322 priorum,

662 3341 932 3396 Seditiosa
963 3342 1134 3396 tribus
1161 3342 1401 3412 carpitur
1425 3343 1547 3412 igne
1576 3357 1752 3398 sacro.

590 3431 776 3502 Regna
806 3432 959 3486 beata
986 3432 1166 3486 Patris
1195 3432 1328 3502 legis
1357 3447 1463 3486 non
1489 3433 1718 3504 contigit
1741 3435 1938 3499 haeres,

657 3522 816 3578 Jesus
841 3522 1120 3593 dispensat
1149 3537 1313 3594 regna
1337 3523 1492 3578 beata
1519 3523 1714 3579 Patris.

593 3613 820 3670 Pellitur
841 3621 1006 3684 atque
1031 3614 1178 3670 foras
1197 3616 1392 3686 pugnis
1415 3630 1694 3686 possessor
1715 3615 1953 3686 iniquus,

660 3707 690 3746 ιδ
714 3704 847 3761 Cum
877 3705 1024 3761 vitiis
1044 3706 1264 3761 zabulus
1291 3707 1506 3777 pellitur
1529 3716 1693 3777 atque
1718 3706 1885 3762 foras.

592 3795 834 3852 Destruit
857 3813 983 3852 arca
1013 3797 1108 3854 Dei
1145 3813 1328 3854 muros
1357 3798 1483 3854 dum
1512 3799 1707 3854 circuit
1728 3799 1918 3854 urbem
1937 3838 1954 3865 ,

663 3887 753 3943 Sic
782 3888 970 3943 urbem
1000 3889 1184 3944 mundi
1215 3890 1444 3945 destruit
1471 3905 1598 3946 arca
1628 3889 1743 3944 Dei.

591 3977 772 4033 Hostis
792 3979 938 4033 enim
964 3980 1157 4036 mulier
1180 3980 1416 4051 perfodit
1439 3989 1680 4052 tempora
1715 3981 1856 4050 palo,

663 4069 729 4123 Et
757 4071 934 4126 crucis
964 4071 1016 4128 in
1038 4072 1212 4136 clavo,
1254 4073 1423 4127 hostis
1447 4073 1590 4128 enim
1619 4072 1832 4127 mulier.

593 4160 735 4215 Area
761 4162 926 4218 vellus
957 4164 1140 4232 habet,
1170 4165 1385 4221 madido
1411 4165 1506 4221 sed
1535 4164 1733 4220 vellere
1759 4165 1901 4222 sicca
1927 4173 2034 4231 est,

2274 529 2490 586 Hostica
2513 541 2692 588 castra
2720 531 2892 604 fugat,
2925 533 3129 602 lagena,
3159 533 3400 605 lampade,
3422 537 3566 604 sistro,

2343 620 2528 676 Victor
2551 623 2818 678 victorum
2845 623 3054 678 hostica
3083 632 3256 679 castra
3279 624 3423 698 fugat.

2274 712 2454 768 Vincit
2479 713 2684 769 honore
2719 714 2814 770 Dei
2843 715 3108 785 promisso
3137 715 3190 769 in
3216 732 3413 773 munere
3432 716 3581 791 Iephte

2341 803 2607 860 Ail'ectum
2642 813 2784 860 nata:
2814 805 2978 859 vincit
3009 806 3210 861 honore
3238 805 3346 862 Dei.

2270 895 2496 966 Agmina
2527 896 2646 966 plus
2671 897 2910 952 moriens
2937 897 3129 951 stravit
3159 899 3353 953 hostilia
3374 899 3572 956 Samson.

2343 983 2592 1039 Salvator
2617 995 2800 1040 noster
2829 985 3043 1056 agmina
3067 988 3190 1056 plus
3217 988 3443 1042 moriens.

2273 1071 2351 1126 Tu
2378 1073 2542 1128 decus
2563 1088 2724 1128 omne
2756 1073 2882 1137 tuis,
2911 1074 3002 1143 qui
3029 1076 3226 1130 sternis
3251 1076 3383 1131 caade
3403 1076 3592 1144 Goliam,

2344 1162 2444 1228 Qu’i
2473 1162 2646 1217 vincis
2676 1163 2953 1228 mundum,
2985 1171 3042 1218 tu
3075 1163 3239 1220 decus
3263 1182 3406 1222 omne
3427 1171 3527 1224 tuis.

2272 1250 2450 1306 Fortis
2476 1260 2530 1306 et
2563 1252 2678 1321 ipse
2702 1267 2861 1306 manu
2880 1294 2893 1317 ,
2923 1253 3014 1321 qui
3049 1256 3288 1309 conteris
3303 1271 3386 1310 ora
3411 1258 3569 1326 leonis,

2342 1343 2596 1398 Immanis
2621 1343 2790 1398 belua:
2815 1342 2970 1398 fortis
2997 1353 3052 1398 et
3081 1345 3194 1415 ipse
3217 1362 3385 1401 manu.

2273 1433 2384 1489 Rex
2417 1450 2630 1505 quoque
2651 1434 2908 1504 pacificus
2931 1437 3236 1491 construxit
3256 1439 3431 1492 mtenia
3448 1442 3610 1512 templi,

2343 1523 2639 1579 Ecclesiam
2665 1523 2914 1579 Christus
2939 1524 3054 1579 Rex
3085 1540 3294 1596 quoque
3315 1528 3542 1598 paciﬁcus.

2271 1612 2433 1668 Astra
2459 1614 2655 1684 petivit
2674 1629 2841 1669 ovans
2871 1616 3013 1669 vatis
3039 1618 3307 1686 quondam
3334 1633 3474 1673 aurea
3493 1635 3628 1684 curru,

2341 1704 2547 1760 Cuncta
2581 1720 2745 1776 super
2774 1705 3020 1760 Christus
3045 1715 3192 1760 astra
3216 1707 3389 1777 petivit
3413 1724 3558 1764 ovans.

2200 1798 2250 1858 Β
2275 1795 2444 1852 Ilorte
2467 1796 2729 1866 propheta
2761 1795 2930 1851 refert
2958 1811 3210 1866 puerum,
3247 1799 3379 1866 quod
3397 1799 3516 1867 virga
3535 1799 3705 1869 nequivit

2341 1879 2497 1948 Quod
2523 1879 2609 1936 lex
2636 1897 2742 1936 non
2766 1880 2958 1947 valuit,
2987 1891 3166 1936 morte
3191 1884 3426 1954 propheta
3449 1883 3589 1940 refert.

2273 1971 2474 2026 Ventre
2505 1969 2714 2026 foratus
2739 1970 2883 2025 enim
2913 1971 3076 2026 latuit
3097 1982 3160 2026 ut
3186 1975 3343 2043 piscis
3363 1974 3507 2040 Ionas,

2343 2060 2435 2116 Sic
2461 2069 2622 2116 terrae
2652 2060 2898 2117 Christus
2925 2071 3118 2118 ventre
3140 2074 3350 2118 voratus
3372 2066 3509 2120 enim.

2271 2154 2386 2209 Dux
2415 2155 2588 2210 bonus
2613 2155 2703 2211 ille
2729 2156 2946 2226 quidem
2967 2157 3200 2213 redeunt
3219 2174 3321 2228 quo
3339 2174 3366 2212 a
3387 2175 3560 2216 carcere
3577 2160 3706 2230 plebes,

2342 2245 2462 2313 Quo
2492 2247 2560 2300 ad
2584 2247 2749 2300 vitam
2771 2247 2902 2318 justi
2924 2248 3031 2302 dux
3062 2249 3238 2304 bonus
3269 2249 3349 2304 ille
3373 2250 3561 2318 quidem.

2270 2337 2504 2394 Maxima
2535 2337 2676 2393 dona
2703 2339 2800 2393 Dei
2825 2339 3003 2394 cuncti
3032 2340 3282 2395 cecinere
3308 2340 3552 2410 propheta,

2340 2429 2592 2498 Implevit
2613 2429 2864 2485 Christus
2889 2431 3129 2484 maxima
3152 2431 3288 2487 dona
3319 2429 3422 2485 Dei.

2272 2517 2436 2588 Virgo
2465 2519 2632 2573 Deum
2662 2520 2868 2591 genuit,
2895 2536 3084 2576 verum
3117 2522 3468 2592 hominemque
3488 2519 3618 2583 Maria.

2341 2607 2474 2662 Nam
2502 2617 2778 2681 praegnata
2806 2609 2918 2664 Deo
2945 2611 3112 2681 Virgo
3141 2611 3302 2666 Deum
3329 2611 3496 2683 genuit.

2271 2697 2430 2754 Casta
2461 2700 2646 2770 virago
2676 2702 2813 2755 nitet
2841 2700 2987 2756 nullo
3012 2709 3309 2758 temerante
3330 2705 3556 2773 pudorem,

2343 2789 2470 2844 Post
2495 2798 2710 2860 partum
2738 2790 2898 2845 Pueri
2929 2800 3080 2846 casta
3110 2793 3293 2864 virago
3313 2794 3449 2848 nitet.

2272 2883 2480 2939 Unicus
2509 2883 2804 2938 adveniens
2835 2883 3130 2954 complevit
3153 2897 3276 2940 veta
3297 2886 3516 2956 priorum,

2342 2973 2607 3028 Firmavit
2631 2982 2815 3028 nostra
2846 2974 3042 3029 unicus
3063 2977 3367 3032 adveniens.

2273 3061 2364 3117 Sic
2393 3063 2579 3127 homo,
2613 3063 2703 3131 qui
2729 3062 2871 3117 Deus
2899 3072 3002 3129 est,
3029 3079 3158 3135 spes
3187 3065 3372 3122 dudum
3398 3073 3540 3135 optata
3558 3063 3697 3132 piorum

2196 3145 2242 3207 C
2346 3150 2482 3220 Spes
2510 3151 2564 3204 in
2592 3150 2698 3206 line
2725 3152 2849 3221 piis,
2884 3153 2970 3208 hic
2996 3154 3184 3220 homo,
3216 3155 3303 3225 qu’i
3326 3157 3445 3210 Deus
3463 3164 3539 3208 est.

2274 3240 2457 3295 Gloria
2484 3250 2677 3296 cuncta
2706 3243 2860 3297 bouis
2891 3253 2979 3298 tua
3005 3243 3067 3298 fit
3094 3245 3394 3316 prmsentia,
3427 3243 3600 3304 Christe,

2346 3329 2695 3386 Tormentum
2723 3347 2883 3386 omne
2910 3334 3088 3400 malis,
3118 3335 3285 3406 gloria
3312 3345 3474 3390 cuncta
3496 3332 3618 3387 bonis.

2271 3420 2451 3474 Gloria
2484 3436 2677 3491 magna
2702 3422 2796 3477 tibi
2826 3423 3000 3478 trinus
3027 3440 3159 3480 vere
3185 3433 3239 3480 et
3261 3425 3390 3480 Deus
3408 3438 3532 3486 unus,

2346 3511 2608 3566 Conditor
2637 3513 3005 3583 omnipotens,
3033 3516 3209 3586 gloria
3232 3533 3405 3588 magna
3433 3515 3522 3571 tibi.

2541 3651 2632 3708 XI.
2661 3681 2733 3692 —
2757 3670 2826 3709 an
2855 3665 2880 3694 ο
2907 3670 3232 3713 ratnsntcuu
3259 3669 3522 3712 EPISCOHJI.

2275 3797 2510 3868 Spiritus
2537 3797 2681 3854 alme
2703 3798 2848 3864 veni,
2875 3798 3060 3854 dulces
3091 3801 3224 3855 mihi
3252 3797 3456 3854 condere
3479 3806 3626 3856 versui.

2346 3888 2552 3944 Dilecto
2575 3896 2635 3942 ut
2661 3897 2886 3960 praestes
2914 3889 3130 3946 mittere
3159 3890 3295 3945 dona
3318 3887 3462 3942 Patri.

2275 3980 2376 4049 Qui
2410 3996 2534 4035 mox
2563 3988 2625 4034 ut
2648 3988 2830 4045 notus,
2857 3980 2996 4036 fidus
3025 3981 3158 4036 mihi
3189 3980 3398 4035 adhaesit
3423 3975 3600 4032 amicus.

2225 4116 2230 4120 .
2345 4072 2462 4128 Non
2488 4071 2660 4127 nostri
2684 4073 2898 4135 merito,
2925 4071 3019 4127 sed
3049 4073 3286 4127 bonitate
3311 4086 3396 4125 sua

2276 4164 2511 4234 Spiritus
2536 4163 2679 4219 hunc
2700 4178 2932 4219 cernens
2951 4164 3174 4235 pietatis
3199 4175 3406 4219 munere
3429 4158 3603 4229 plenum.

1600 4295 1892 4353 senem
1927 4279 2440 4354 cumsroruom
2473 4294 2820 4352 nnowsm.

662 4424 690 4453 ι
729 4410 866 4467 Area
917 4411 1014 4504 ρεί
1058 4414 1278 4504 tlcgt'tLur,
1311 4421 1440 4504 ιρις..
1495 4411 1753 4504 Superior
1817 4429 1973 4504 arae.
2003 4430 2163 4504 pars,
2192 4444 2244 4504 Β

592 4483 706 4554 sive
716 4483 1043 4554 operculum,
1062 4483 1364 4554 Caphereth
1379 4484 1630 4554 dixerunt
1643 4483 1874 4554 Hebrzei,
1889 4500 1918 4536 a
1932 4483 2163 4554 Cap/tat,

592 4553 680 4608 cui
700 4562 754 4606 et
773 4553 1046 4623 operieudi
1070 4563 1123 4608 et
1140 4553 1460 4622 propitiandi
1484 4553 1633 4607 notio
1655 4553 1896 4622 subjecta
1931 4573 1944 4608 :
1973 4553 2166 4609 tabella

593 4623 684 4704 hic
711 4623 925 4705 dicitur,
959 4623 1080 4677 aliis
1103 4623 1413 4705 oraculum,‘
1437 4623 1869 4705 propitiatorium
1890 4666 1904 4688 ,
1935 4625 2020 4680 cui
2052 4637 2166 4705 ma-

593 4694 672 4747 ris
696 4693 985 4774 etfeminze
1018 4694 1196 4774 specie
1229 4693 1510 4774 cherubini
1537 4693 1948 4774 insidebant,_s_e
1978 4703 2166 4774 mutuo

595 4763 948 4831 aspicientes:
978 4763 1131 4833 cujus
1152 4764 1562 4834 descriptionem
1593 4764 1711 4834 vide
1743 4765 1881 4833 apud
1905 4765 1964 4818 Β.
1996 4764 2165 4818 Aria:-

595 4840 929 4897 tuontanum,
960 4835 1010 4888 in
1035 4835 1171 4890 libro
1201 4836 1264 4888 de
1290 4833 1460 4888 sacris
1487 4833 1748 4887 Fabricis.

668 4902 702 4972 Ιξ
749 4899 877 4972 cum
927 4905 1064 4958 vitiis
1107 4904 1342 4967 zabulus,
1388 4913 1492 4958 etc.
1522 4903 1753 4957 Zabulus
1794 4918 1892 4972 pro
1949 4903 2164 4957 diabolo

595 4971 872 5026 multoties
917 4987 948 5025 a
991 4974 1193 5030 sanctis
1237 4974 1486 5028 Patribus
1529 4971 1839 5042 usurpatur,
1883 4989 1974 5028 seu
2025 4995 2168 5028 κακοο

597 5043 775 5117 ϐουλξᾳ
824 5043 1158 5117 versipellis,
1193 5045 1487 5117 _malisque
1547 5043 1806 5117 consultis
1864 5043 2017 5097 vafer
2041 5083 2076 5117 ,γ
2110 5054 2165 5098 et

594 5113 1155 5188 qualis__compo_sitio
1192 5114 1244 5168 in
1287 5115 1516 5188 _§a€6ro;,
1584 5114 1824 5179 ζάκοτος,
1886 5116 2162 5188 ,ζαγρεύςρ

596 5184 650 5255 iu
713 5182 909 5255 quibus
965 5185 1030 5255 ⁸τὸ
1102 5187 1166 5249 ζά
1195 5225 1212 5250 ,
1287 5184 1560 5255 llesychio
1639 5190 1774 5237 teste
1791 5182 2165 5255 ,__imi-'a-r_tx6v

593 5243 696 5307 est.
730 5243 1210 5308 -Animadvertunt'
1251 5243 1429 5308 tamen
1476 5253 1564 5307 alii
1607 5256 1666 5308 τὸ
1704 5256 1767 5318 {ei
1794 5243 1946 5307 idem
1998 5253 2161 5307 etiam

594 5322 734 5394 apud
761 5321 949 5378 :Eoles
973 5332 1026 5378 et
1051 5325 1254 5378 Atticos
1286 5325 1553 5394 interdum
1578 5323 1756 5394 valere
1781 5324 1924 5394 quod
1951 5322 2033 5378 διά
2052 5361 2068 5386 ,
2105 5331 2165 5376 ιιι

596 5393 933 5470 ξΙΙΔς-ὁςηορος,
984 5394 1423 5470 quod__n;dituus,
1467 5393 1757 5470 Plutarcho
1806 5393 2038 5470 diuinam.-
2066 5410 2078 5445 :
2109 5402 2164 5446 et

592 5462 876 5528 ζαϐάλλιὶν,
905 5474 1002 5518 aut
1027 5465 1322 5529 ζιαϐἀλλιιν,
1351 5478 1448 5531 pro
1477 5462 1764 5518 διαϐάλλειν
1797 5479 1808 5515 ε
1845 5462 2008 5527 (Ιιὶᾶθ,
2041 5478 2165 5532 pro-

592 5533 1098 5604 clivior-igiuatione
1123 5575 1136 5598 ,
1174 5534 1268 5586 flat
1291 5533 1516 5596 ζάϐολος,
1545 5533 1659 5604 sive
1686 5533 1938 5594 διάϐολος.
1977 5533 2094 5604 Quo
2110 5540 2164 5585 et

591 5600 640 5654 ι.
681 5600 922 5670 Lipsius,
957 5604 1080 5658 libr.
1113 5606 1179 5659 de
1209 5611 1355 5657 recta
1394 5602 1862 5668 pronuntiatione,
1896 5619 1946 5658 c.
1977 5602 2076 5666 16,
2107 5612 2162 5658 et

596 5671 856 5743 Martialis
895 5674 1162 5743 interpres
1205 5671 1488 5743 spectavit,
1537 5674 1753 5743 quando
1796 5675 1862 5726 ad
1893 5674 2158 5743 epigram.

595 5739 687 5804 ιδ,
713 5739 802 5794 lib.
828 5756 889 5806 ιι,
926 5738 1133 5807 dictas,
1161 5741 1224 5797 ad
1238 5738 1384 5795 hanc
1414 5738 1661 5808 formam,
1692 5738 2010 5812 Lampridio
2029 5751 2160 5798 tetas

2273 4412 2480 4489 @olica
2506 4412 2752 4489 dialecto
2768 4423 3108 4486 nuncupatas
3129 4415 3368 4489 observat
3392 4430 3408 4468 :
3430 4417 3646 4489 ει-ῐιξιειξιιε
3659 4399 3692 4489 _5;

2269 4467 2311 4538 Η
2320 4467 2582 4554 ieronymi
2627 4467 2981 4547 eiiiiéhgiér'f
2992 4467 3157 4541 “cum'
3167 4467 3222 4541 in
3233 4467 3369 4554 7,55.
3461 4467 3634 4551 Epistohf
3654 4467 3693 4546 td

2269 4554 2461 4623 Ephes.
2475 4552 2566 4628 iis
2577 4554 2744 4628 tradit
2765 4555 3069 4628 diabolum,
3083 4552 3364 4628 secundum
3387 4552 3692 4628 Grzecosrfmj

2269 4620 2506 4678 ueterem
2524 4623 2857 4693 significare,
2873 4627 3167 4680 secundum
3191 4624 3424 4679 Hebraeos
3441 4620 3692 4693 καταβρῥσττξὲ

2266 4694 2402 4764 quia
2432 4679 2629 4764 habeat
2651 4679 2950 4762 quamdam
2988 4679 3380 4764 similitudinem
3418 4704 3514 4745 cum
3535 4679 3690 4764 ᾁὴιιυιξξιξτ

2266 4755 2408 4832 quod
2436 4755 2704 4841 significat
2728 4765 3096 4841 καωρῤέοντα,
3121 4763 3468 4841 accusathanf
3488 4755 3690 4841 9ri_£i['f,"_‘_’_'

2267 4816 2390 4887 dein
2439 4816 3148 4913 ἰιῖνῑοιὲηιξῶῗξὶᾶιὶρὀᾷἐέέ
3162 4816 3385 4913 sine.
3418 4816 3574 4913 dictaui

2265 4918 2587 4976 agnoscens,
2620 4896 2843 4976 qualem
2885 4905 2939 4960 in
2968 4896 3083 4959 ἱεπᾶ
3127 4919 3228 4976 pro
3251 4904 3404 4976 diem
3437 4896 3688 4976 valgtlsuliﬂg'

2266 4949 2951 5044 133i'fEéiTﬁrii'iEéiﬁnEﬁ
2968 4949 3224 5030 ἶῗὲιῖπῗῖὶιῖ
3244 4949 3485 5044 statim
3505 4949 3685 5044 ὃοιίρξξξ

2267 5044 2627 5117 tirmat,_qu:e
2671 5043 2944 5108 zabulum,
2983 5046 3137 5114 quasi
3177 5060 3207 5098 a
3245 5043 3405 5117 βουλή,
3430 5046 3578 5092 noun

2266 5113 2539 5182 exprimit.
3002 5113 3016 5114 ί
3246 5113 3255 5117 ⁷
3485 5173 3496 5182 ε
3597 5157 3680 5182 Μ

2342 5160 2760 5254 ἷ-’ᾗῖἷίιβι-ἰοηηι
2793 5183 3101 5254 episcopum
3130 5197 3195 5239 ex
3241 5177 3412 5254 humili
3445 5173 3496 5254 ad

2267 5252 2517 5327 cuiminis
2547 5243 3171 5327 fastigium-ascendisse,
3201 5266 3296 5306 uec
3325 5243 3678 5327 ωιῂεεΙἯΡ-ῗῗξξ

2404 5323 2645 5415 sedent-it,
2673 5307 3250 5415 "meminitaﬁtjyﬁ'loln
3296 5315 3492 5415 ξξθᾞίξξξ
3508 5307 3680 5415 ξ,θῖ

2267 5390 2574 5446 Friederich
2622 5383 2896 5462 geminum
2951 5383 3147 5456 reddit,
3178 5401 3235 5446 ut
3273 5392 3334 5444 sit
3368 5383 3679 5463 initar‘pat'ﬁ’lu

2269 5460 2485 5491 θαλίης..
2534 5473 2722 5491 Mm“...
2784 5472 2833 5491 Α.
2859 5463 3042 5491 ..ιηιηη
3091 5461 3275 5491 "tua..-
3340 5456 3528 5491 υοηιιηιι
3559 5433 3679 5491 Blile

2268 5442 3298 5538 mea;suam;"decurrisset;
3340 5442 3656 5538 itemtqi'LRfj:

2268 5533 2406 5602 phus
2453 5533 2507 5586 iu
2556 5534 2781 5588 elencho
2812 5534 3071 5588 librorum
3098 5530 3317 5591 Rabani,
3363 5529 3560 5602 ipson“?

2268 5589 2523 5657 teuehum
2553 5605 2970 5659 commentarios
2997 5602 3268 5672 scripsisse
3285 5589 3676 5710 ,τορῖιιιῌὲδεαῗνθ

2269 5689 2388 5710 mm
2415 5671 2676 5710 procliuit}
2726 5674 3022 5710 ιῖρίΑιιιάριις
3051 5685 3097 5710 ιιι
3130 5670 3405 5710 ιιιηηιιρτίι.
3425 5675 3496 5710 aut
3547 5648 3678 5710 erbtl'o'

2268 5689 2402 5796 rum.
2415 5671 2700 5796 Fpeetholti,
2725 5674 3025 5730 Fridurichi
3051 5662 3405 5729 et'Humberti,
3425 5662 3496 5731 qui
3514 5662 3636 5710 hermi

2289 5757 2438 5796 eum
2488 5759 2540 5796 ut
2573 5779 2586 5795 .

2289 5743 2438 5798 ensis
2469 5742 2586 5797 fuit.
