3944 6320
191 335 331 392 1597
976 331 1303 390 εΑΒΜιΝΑ.
1341 362 1414 375 --
1452 331 1696 388 SECTIO
1735 333 1748 388 1

1874 332 2150 389 ΟΕΜΑΤΔ
2191 332 2280 388 DE
2319 331 2654 392 DIV'ERSIS.
3290 337 3431 393 1598

253 451 332 506 Ex
367 449 555 505 humili
594 450 647 505 in
679 450 885 506 celsum
913 451 1107 506 extulit
1136 453 1248 522 ipse
1279 450 1475 504 locum.
1783 452 1833 510 Α
1931 447 2116 502 Dulcis
2140 462 2292 503 amor
2319 451 2548 513 cunctis,
2573 447 2766 520 dignus
2799 463 2986 503 amore
3012 449 3125 504 Dei.

165 542 239 603 Jn
271 557 380 610 quo
407 540 683 610 Evangelii
711 543 978 597 sententia
1011 559 1138 597 vera
1168 543 1387 610 probata
1417 548 1520 604 est,
1857 538 2037 593 Pande
2064 539 2204 593 viam
2227 540 2438 594 cunctis
2459 554 2555 610 per
2580 540 2829 611 dogmata
2857 553 3006 593 sacra
3035 539 3242 602 salutis,

253 632 383 698 Qua:
407 630 703 686 Salvatoris
724 632 867 687 edita
896 648 1028 688 voce
1059 641 1274 688 manet:
1931 629 2000 682 Ut
2029 629 2104 682 sis
2135 638 2409 699 perpetua:
2435 627 2570 685 lucis
2596 631 2699 684 iter
2723 629 2937 700 populo.

180 722 285 789 Qui
321 738 380 776 se
403 722 660 777 humilem
686 725 907 792 praebet,
934 725 1147 780 s'ursum
1176 725 1502 780 exaltabitur
1528 723 1646 788 ille,
1856 717 2121 787 Tempora
2157 726 2283 772 sunt
2309 716 2469 786 hujus
2496 719 2618 772 vita:
2647 734 2790 772 nunc
2815 718 2970 788 plena
2992 718 3206 788 periclis

255 815 464 884 Quique
484 816 713 886 superba
736 817 887 886 petit,
914 833 1115 886 pronus
1144 819 1196 870 in
1227 817 1332 870 ima
1359 817 1519 872 cadit.

1926 805 2080 860 Nunc
2106 806 2213 860 ruit
2236 806 2384 861 orbis
2414 807 2608 871 honor,
2634 817 2852 862 corruet
2883 807 2999 878 ipse
3021 809 3149 863 cito.

183 905 278 960 Sic
303 913 377 975 te,
403 907 577 962 chare
603 904 782 972 Pater,
810 907 1038 962 antistes
1066 915 1271 970 sancte,
1303 909 1576 970 sacerdos,

1855 896 1986 964 Qua!
2007 907 2235 952 ventura
2267 896 2408 952 Deus
2437 898 2682 966 praedixit
2706 898 2954 954 Christus
2983 899 3036 954 in
3064 900 3249 954 orbem
3268 939 3284 964 .

256 995 442 1050 Ει-θχίι
464 996 718 1052 Domi-nus
750 996 913 1051 mima
945 996 1112 1052 ηιυιιη
1143 1013 1324 1067 super,
1927 985 2136 1056 Saepius
2161 987 2456 1041 adveniunt
2477 989 2629 1059 signa
2660 991 2937 1045 tremenda
2961 990 3144 1045 nimis.

184 1083 256 1139 Ut
278 1086 502 1140 verbum
527 1085 630 1141 fide
657 1087 801 1143 claro
827 1096 880 1141 tu
912 1086 1109 1142 famine
1135 1103 1348 1152 narres,

1853 1075 2115 1132 Gentibus
2135 1093 2202 1132 en
2228 1087 2435 1148 gentes,
2465 1093 2628 1150 regna
2657 1083 2927 1136 contraria
2951 1081 3129 1153 regnis

254 1174 343 1228 Sis
363 1175 473 1237 via.
502 1175 609 1229 dux
643 1177 814 1244 plebis
840 1177 907 1231 ad
938 1192 1088 1232 sacra
1117 1193 1279 1247 regna
1312 1176 1428 1231 Dei.
1927 1167 2181 1222 EXiSlUﬂl
2210 1168 2368 1232 bello.
2397 1185 2503 1240 pax
2529 1169 2694 1241 peril;
2719 1172 2891 1228 hostis
2911 1183 3070 1239 ovat.
3434 1182 3454 1230 ξ

183 1261 294 1318 Vos
315 1263 450 1318 dixit
476 1264 726 1320 Christus
754 1267 840 1320 lux
868 1268 1071 1332 mundi,
1101 1283 1299 1336 vosque
1323 1267 1618 1332 lucernam,
1853 1255 2048 1312 Fames
2072 1274 2194 1312 cum
2218 1269 2371 1329 Peste
2397 1262 2641 1317 crueiant
2667 1279 2732 1319 ac
2757 1263 2970 1320 fortiter
2993 1276 3185 1337 urgent

256 1353 364 1411 Vos
393 1372 609 1426 quoque
633 1357 711 1412 sal
742 1367 917 1422 terrae,
949 1359 1050 1413 hoc
1075 1375 1376 1414 memorare
1405 1358 1510 1428 pie.
1923 1347 1980 1402 Ιη
2005 1351 2183 1415 “nisi
2218 1351 2443 1422 ροριιιοε
2473 1369 2620 1408 mors
2644 1363 2700 1409 ει
2727 1371 2908 1410 amara
2937 1357 3154 1426 premit-

178 1442 380 1501 Luceat
405 1463 471 1502 en
502 1458 678 1503 vestra
703 1449 792 1503 lux
821 1464 917 1504 ceu
947 1450 1026 1503 sol
1057 1451 1366 1518 splendidus
1387 1447 1536 1512 orbi,
1855 1436 1947 1492 Sic
1973 1439 2088 1493 [me
2109 1440 2264 1511 signa
2294 1441 2437 1497 diem
2463 1442 2676 1499 Domini
2709 1454 2980 1502 ῑθειθηιυΐ
3007 1448 3217 1512 adesse.

250 1535 371 1591 Fiat
395 1553 529 1608 opus
557 1549 794 1593 vestrum
822 1541 989 1610 gloria
1019 1556 1207 1611 magna
1240 1541 1370 1595 Deo.
1922 1529 2037 1596 Qua
2069 1531 2190 1600 Ρίυε
2209 1541 2266 1587 ει
2285 1531 2464 1600 Ῑυεῑυε
2490 1534 2605 1589 Rex
2631 1535 2772 1592 Deus
2799 1537 3068 1592 adveniet.

176 1626 389 1682 Condat
413 1628 604 1698 dogma
631 1629 829 1682 bonum
861 1628 1124 1683 fluitantia
1155 1630 1317 1684 corda
1347 1643 1584 1694 reorum,

1852 1617 2035 1689 Eripe.
2061 1629 2269 1686 sancte,
2295 1624 2398 1692 piis
2422 1625 2642 1681 monitis
2667 1627 3026 1697 precibusque
3055 1630 3281 1684 sacratis

252 1715 328 1772 Ne
354 1719 496 1772 male
517 1727 832 1787 putrescant
859 1736 958 1774 nec
980 1735 1042 1774 ea
1073 1721 1270 1774 vermis
1293 1721 1433 1776 edat.
1921 1709 2280 1766 CommiSS‘lm
2310 1713 2521 1770 ῑίδίῐηθι
2549 1725 2736 1786 Pastor
2761 1719 2830 1773 ab
2859 1719 3014 1774 hoste
3038 1735 3281 1791 gregem.

173 1807 383 1862 Nomen
415 1823 577 1878 posco
603 1821 777 1874 tuum,
804 1810 988 1865 videas
1010 1811 1136 1880 quid
1159 1811 1400 1865 continet
1425 1811 1622 1882 ipsum,
1776 1795 1823 1856 Β
1851 1800 1930 1856 Ne
1957 1816 2130 1858 εωνυε
2155 1804 2346 1872 Ρθτάεῑ
2367 1819 2530 1874 quem
2555 1807 2862 1877 “"13le?
2890 1810 3121 1866 Pedem“

247 1897 313 1951 Et
339 1898 417 1953 sic
451 1899 718 1970 extemplo
745 1899 956 1955 discere
986 1899 1127 1955 facta
1151 1909 1324 1970 ροιεε,
1919 1891 2089 1948 Filius
2117 1893 2412 1950 Altithroni
2444 1899 2703 1968 sanguine
2728 1913 2923 1970 nempe
2945 1916 3064 1958 suo.

172 1985 270 2042 Sic
297 1997 478 2044 monet
502 2005 631 2059 ergo
657 1991 763 2060 pie.
800 2006 1083 2057 resonans,
1115 1992 1376 2048 ulciscere
1401 2001 1641 2064 pactum,

1528 2009 1641 2060 um,
1848 1981 1928 2036 En
1959 1997 2179 2038 servare
2201 1983 2356 2054 jubet
2381 2001 2475 2041 rex
2503 1997 2660 2042 terrae
2684 1988 2890 2046 foedera
2918 2002 3085 2059 certa,

247 2077 398 2146 Quod
423 2081 636 2150 gemino
662 2097 824 2136 sensu
849 2091 1061 2138 vertere
1088 2083 1186 2139 rite
1213 2083 1372 2137 valet.
1919 2073 2224 2144 Legemque
2247 2091 2310 2131 ac
2324 2076 2476 2145 iussa
2501 2079 2615 2134 vult
2643 2083 2877 2138 retinere
2901 2099 3022 2140 sua.

169 2168 371 2224 Fmdus
395 2186 516 2224 eum
544 2172 690 2226 vitiis
717 2173 988 2227 hominum
1017 2183 1104 2228 tua
1132 2185 1190 2228 ut
1217 2175 1348 2230 ultio
1377 2174 1603 2240 scindat,
1849 2165 1941 2222 Sic
1968 2166 2086 2222 Rex
2119 2168 2357 2225 Cwleslis
2385 2173 2605 2227 mandat
2632 2174 2810 2228 divina
2837 2175 3032 2231 docere

243 2259 309 2314 Et
335 2261 532 2315 Christi
564 2270 776 2331 pactum
812 2263 986 2318 firmet
1016 2265 1212 2334 ubique
1238 2266 1342 2336 pie.
1916 2259 2215 2330 Ρηεεερια,
2253 2271 2416 2332 atque
2443 2265 2596 2332 sequi
2625 2265 2729 2319 rite
2751 2281 2846 2320 sua
2876 2268 3102 2322 monita.

167 2345 306 2401 Nam
332 2349 477 2404 dedit
507 2351 606 2407 hoc
632 2369 823 2410 nomen
850 2357 1048 2412 dudum
1081 2359 1174 2413 tibi
1209 2375 1338 2414 cura
1369 2371 1671 2430 parentum,
1846 2348 1958 2405 Nec
1983 2351 2114 2406 δίηίῑ
2141 2353 2376 2408 humana
2407 2356 2645 2425 Ρνπροηί
2681 2356 2834 2413 lance
2857 2357 3090 2416 nefanda

243 2438 574 2510 Baptismum
601 2447 818 2515 quando
839 2457 984 2504 sorte
1009 2459 1095 2503 tua
1120 2451 1336 2506 tuleras.

1917 2439 2124 2496 Divinis
2146 2443 2346 2512 potius,
2373 2447 2467 2500 sed
2494 2461 2776 2516 superesse
2797 2449 2981 2517 cupit:

165 2529 326 2586 Nunc
353 2549 564 2604 quoque
597 2537 752 2592 valde
773 2539 867 2593 tibi
897 2556 1090 2596 nomen
1117 2542 1207 2598 hic
1233 2543 1477 2598 conferat
1503 2544 1671 2611 ordo,

1655 2585 1671 2611 ,
1844 2532 2047 2604 Iusque
2071 2536 2178 2605 poli
2201 2537 2406 2592 mavult
2429 2539 2663 2608 prazcelli
2694 2549 2748 2594 et
2781 2542 2834 2596 in
2866 2555 2994 2598 arce
3023 2545 3194 2599 teneri

243 2622 581 2693 Perpendeus
603 2627 751 2683 disce
779 2631 1000 2701 mystica
1033 2633 1173 2686 dona
1201 2633 1318 2688 Dei.
1917 2627 2306 2698 Mundanojuri
2335 2633 2660 2703 negotioque
2683 2634 2864 2688 simul.

171 2709 309 2766 Nam
335 2716 780 2784 superintendens
806 2721 892 2790 pie
917 2722 1200 2792 episcopus
1233 2723 1346 2793 ipse
1371 2739 1602 2788 vocans,
1845 2717 1955 2771 Lex
1984 2726 2194 2774 terrena
2225 2719 2440 2788 quidem
2467 2721 2556 2775 hic
2578 2722 2630 2775 iu
2662 2722 2846 2777 multis
2868 2723 3015 2779 utilis
3039 2732 3239 2790 exstat,

243 2803 397 2870 Quod
429 2817 609 2862 monet
633 2817 692 2864 ut
718 2820 873 2864 caute
893 2799 1089 2868 omnia
1115 2830 1328 2885 semper
1357 2831 1508 2884 agas.
1916 2805 2021 2860 Sed
2050 2806 2136 2861 le!
2156 2807 2392 2862 οωιθεῑίε
2418 2808 2529 2863 5013
2561 2809 2792 2865 salilhl'is
2821 2811 2942 2866 erit.

166 2891 283 2956 Sic,
310 2894 471 2950 Pater
494 2897 652 2962 alme,
685 2901 844 2955 modo
871 2901 1038 2957 facias
1062 2912 1122 2958 ut
1149 2905 1342 2960 diceris
1373 2906 1505 2974 ipse,

1845 2890 1904 2946 In
1929 2893 2031 2949 hac
2061 2910 2191 2949 verae
2208 2895 2424 2964 quidem
2459 2895 2626 2967 fulget
2647 2897 2912 2966 sapientia
2943 2906 3172 2967 tantum,

241 2984 464 3041 Nomine
490 2996 545 3042 et
572 2999 798 3059 utroque
823 2993 962 3047 actio
984 2993 1144 3064 digna
1169 3002 1257 3050 tua
1287 3005 1390 3051 εει,
1915 2984 1974 3038 In
1996 3000 2102 3054 qua
2125 2995 2210 3040 est
2233 2985 2352 3042 laus
2377 3001 2607 3052 merces,
2637 2988 2766 3050 vita,
2805 2989 2949 3044 salus
2977 2992 3273 3047 hominum.

162 3073 349 3130 Solers
373 3076 619 3133 intendas
649 3095 810 3148 super
836 3096 1024 3137 omnes
1053 3093 1238 3153 pastor
1266 3084 1544 3152 honestus,

1844 3069 1998 3127 Hanc
2027 3082 2082 3127 tu
2111 3088 2222 3142 prze
2245 3075 2456 3130 cunctis
2480 3075 2673 3144 opibus
2699 3078 2954 3148 gazisque
2973 3080 3191 3136 caducis

239 3165 460 3220 Pactum
490 3177 546 3222 et
569 3167 820 3225 defendat
849 3172 982 3227 ultio
1007 3174 1166 3244 digna
1193 3175 1312 3242 Dei,
1765 3166 1810 3230 C
1911 3161 2144 3235 semper
2167 3173 2368 3231 ama“):
2396 3163 2572 3230 Pater:
2599 3166 2828 3222 θηηίίθτ
2855 3177 3018 3237 θιαιιθ
3043 3178 3184 3224 tene-

161 3254 362 3325 Sisque
386 3273 594 3314 memor
621 3262 812 3327 nostri,
842 3264 1093 3333 precibus
1125 3265 1313 3322 insiste
1342 3268 1598 3335 sacratis,

1847 3251 1972 3308 Haec
1995 3263 2047 3308 te
2071 3254 2298 3310 illa'sum
2321 3255 2545 3320 exaltat,
2570 3265 2767 3320 servat,
2799 3266 3043 3329 proteget
3067 3266 3247 3330 atqu’e,

237 3345 341 3400 Pro
370 3347 461 3402 tibi
485 3348 689 3406 devotis
716 3366 928 3421 semper
948 3353 1148 3424 ubique
1175 3355 1279 3424 pie.

1914 3342 1983 3397 Et
2009 3343 2217 3398 cunctis
2251 3344 2506 3414 placitum
2530 3345 2644 3415 ipsa
2674 3345 2988 3402 satisfaciet.

161 3432 302 3489 Nam
334 3437 584 3505 precibus
610 3439 882 3496 Christum
913 3443 1187 3512 pulsamus
1215 3455 1435 3516 perpete
1459 3455 1602 3513 volo,
1842 3434 1944 3503 Qui
1974 3435 2218 3506 sequitur
2238 3434 2532 3502 Christum,
2563 3437 2815 3507 gaudebit
2836 3438 2890 3492 in
2923 3453 3049 3492 arce
3073 3453 3325 3510 superna,

239 3524 309 3579 Ut
341 3535 427 3579 tua
453 3527 520 3582 de
549 3529 700 3584 caelis
727 3538 970 3601 tempora
993 3535 1097 3588 rite
1124 3544 1294 3604 regat.
1911 3526 2045 3582 Cum
2075 3527 2277 3583 sanctis
2299 3529 2504 3597 pariter
2533 3543 2697 3598 regna
2725 3529 2952 3584 tenendo
2978 3529 3104 3600 poli.

151 3613 280 3668 lloc
313 3629 525 3685 quoque
555 3634 654 3674 nos
678 3637 866 3678 omnes
894 3623 1232 3693 deposcimus
1252 3641 1348 3681 ore
1376 3627 1536 3692 ﬁdeli,

1841 3618 2012 3684 Quem
2041 3627 2165 3688 peto
2194 3618 2294 3672 rite
2315 3631 2548 3686 sequens
2577 3627 2633 3672 tu
2661 3619 2779 3688 ejus
2801 3620 3024 3691 vestigia
3054 3635 3232 3686 serva,

235 3705 349 3764 Hoc
378 3709 653 3767 Friderich
679 3729 892 3784 semper
917 3715 1105 3771 Raban
1133 3725 1188 3773 et
1212 3718 1327 3788 ipse
1357 3728 1504 3788 peto,
1913 3707 2139 3777 semper
2160 3708 2212 3762 Ῐη
2240 3708 2343 3763 hac
2375 3709 2505 3773 "ita:
2535 3710 2853 3787 Sicﬂuoque
2877 3711 3050 3765 νῖοῑοτ
3079 3711 3208 3766 eris-

157 3795 236 3853 Ut
259 3800 411 3855 vivas
431 3817 616 3872 sospes
643 3804 694 3858 in
724 3807 885 3861 terris
915 3819 1156 3877 tempore
1182 3809 1350 3864 πηυιιο
1370 3849 1385 3876 ,
1839 3797 2078 3855 Proteris
2102 3809 2264 3869 atque
2285 3801 2486 3865 hostes,
2511 3800 2706 3856 emtum
2729 3801 3036 3871 penetrabis
3055 3809 3109 3856 et
3135 3803 3269 3872 ipse,

233 3889 301 3944 Ει
328 3901 449 3960 post
473 3893 588 3948 tunc
618 3896 844 3950 scandas
871 3913 1033 3968 regna
1061 3914 1294 3968 superna
1324 3902 1451 3970 poli.
1910 3890 2072 3946 Liber
2100 3906 2231 3946 ovas
2257 3907 2471 3961 semper
2499 3891 2637 3946 lucis
2667 3892 2720 3946 in
2747 3907 2873 3947 arce
2901 3906 3142 3947 manens.

156 3978 314 4045 Quod
337 3992 486 4050 peto,
516 3992 571 4038 tu
603 3984 768 4041 facias
796 3989 964 4042 sacris
993 3988 1255 4046 altaribus
1286 4001 1470 4048 astans
1489 4032 1504 4057 ,

1839 3979 1991 4046 Quod
2026 3980 2169 4034 Deus
2193 3987 2449 4045 aeternus,
2477 3979 2662 4034 mundi
2688 3979 3006 4034 mitissimus
3034 3987 3244 4045 auctor,

232 4071 316 4128 Me
344 4082 404 4129 ut
427 4074 640 4133 Christo
670 4079 887 4145 reddas,
919 4091 1105 4136 sancte
1128 4081 1306 4146 Pater,
1333 4083 1605 4154 precibus,
1908 4071 2154 4128 Christus
2183 4071 2437 4127 δ³¹ν³ῑοι¹
2463 4070 2709 4126 conferat
2738 4071 2851 4142 ipse
2883 4070 3000 4124 “bi-

156 4159 412 4218 Christus
436 4180 530 4220 rex
563 4167 708 4232 coeli,
733 4176 889 4224 terra:
917 4171 1050 4237 Rex,
1076 4173 1327 4229 conditor
1354 4175 1525 4240 orbis,

1836 4161 2091 4233 Protegat
2120 4170 2285 4232 atque
2320 4169 2474 4231 regat
2502 4161 2741 4230 longaevo
2770 4169 3013 4230 tempore
3035 4173 3245 4224 sanum,

232 4251 315 4308 Me
341 4261 518 4309 tecum
551 4253 714 4312 faciat
743 4258 877 4314 lucis
905 4260 1105 4317 habere
1140 4261 1336 4318 locum.
1910 4251 2180 4306 Virtutum
2205 4251 2373 4307 ιῖῑιιΙὶε
2404 4262 2595 4322 augeat
2615 4260 2671 4307 ει
2700 4251 2926 4316 meritis.

1838 4344 1910 4400 Ut
1938 4353 2027 4399 tua
2057 4344 2339 4414 multiplici
2369 4353 2685 4399 concrescat
2713 4343 2882 4414 gloria
2906 4342 3062 4398 laude

689 4391 696 4398 .
1845 4391 1910 4400 ν-
1939 4391 2027 4399 -__
2057 4391 2339 4414 ---__--,-.e-
2373 4391 2684 4399 --...-----_-
2713 4391 2882 4414 οη---
2906 4391 3060 4398 η---

376 4391 487 4447 xu'
515 4424 585 4434 —
607 4413 674 4450 AD
697 4409 721 4436 ⁸
746 4412 1020 4455 omnm"
1044 4417 1514 4458 “cmgms‘mwn’
1909 4437 2044 4493 Cum
2073 4437 2303 4491 Domino
2327 4443 2382 4490 et
2409 4435 2612 4491 sanctis
2639 4451 2852 4505 semper
2877 4435 2930 4490 in
2954 4450 3079 4490 arce
3102 4434 3234 4505 poli.

156 4519 394 4592 Spiritus
420 4524 581 4592 alme,
611 4527 755 4593 veni,
786 4544 978 4599 supera
1011 4531 1249 4587 directus
1277 4533 1346 4588 ab
1369 4548 1495 4589 arce
1757 4515 1810 4576 Ῑ)
1836 4529 2025 4588 Sexies
2053 4545 2118 4585 cn
2148 4529 2302 4585 denis
2328 4530 2499 4584 cecini
2531 4529 2628 4584 has
2649 4529 2896 4584 versibus
2923 4528 3080 4592 odos,

231 4611 301 4667 Ut
334 4624 556 4682 praestes
580 4617 780 4672 famulo
803 4620 940 4674 dona
967 4631 1179 4675 sacrata
1211 4629 1322 4676 tuo.
1907 4621 2128 4675 Summa
2155 4619 2297 4674 bona
2327 4627 2612 4688 exoptans,
2643 4627 2829 4673 sancte
2858 4617 3038 4682 Pater,
3069 4615 3300 4670 tibimet.

150 4701 402 4758 Pectoris
423 4721 684 4762 arcanum
717 4709 948 4780 comple,
975 4711 1041 4765 da
1071 4727 1296 4766 munera
1317 4712 1534 4784 lingua},
1833 4711 2090 4767 Doctrina
2114 4717 2176 4764 ut
2197 4709 2272 4764 sis
2307 4725 2492 4775 sanus,
2521 4708 2794 4780 perfectus
2820 4709 3061 4762 moribus
3085 4715 3268 4777 atque,

227 4797 434 4853 Dilecto
461 4807 521 4852 ut
548 4799 696 4854 Patri
724 4803 961 4857 carmina
988 4813 1140 4873 grata
1167 4820 1377 4859 canam.
1902 4801 2206 4857 Perfectum
2234 4801 2520 4856 Dominum
2546 4801 2648 4855 rite
2675 4814 2906 4869 sequens
2931 4792 3182 4852 famulus.

149 4890 326 4956 Quem
351 4890 584 4959 primum
615 4903 672 4946 ut
697 4893 824 4960 vidi,
855 4895 1015 4949 dilexi
1046 4911 1277 4964 semper,
1308 4897 1516 4962 amavi,
1831 4893 1967 4948 Vive
1993 4893 2104 4947 Deo
2127 4900 2297 4962 grate,
2325 4891 2449 4947 felix
2481 4891 2560 4946 sic
2581 4891 2716 4945 vivis
2745 4891 2799 4944 in
2827 4905 3024 4954 arvum,

221 4978 322 5034 Cui
347 4979 486 5035 bona
513 4982 600 5037 hie
628 4992 754 5053 opto
785 4983 903 5038 laeta
932 4994 988 5040 et
1011 4987 1062 5040 in
1091 5000 1216 5040 arce
1244 4985 1372 5056 poli.
1901 4983 2044 5052 Ergo
2068 4983 2225 5038 beata
2256 4983 2392 5036 bona
2414 4988 2496 5036 est
2517 4979 2699 5034 vivere
2719 4979 2830 5034 vita
2861 4981 2992 5034 Deo.

145 5071 195 5128 Ο
227 5072 408 5138 Pater,
439 5089 472 5129 o
498 5085 703 5146 pastor,
736 5077 820 5132 cui
846 5077 1092 5132 Christus
1119 5078 1258 5133 dona
1288 5093 1518 5147 superna
1833 5073 1952 5128 \‘ita
1983 5083 2071 5128 tua
2097 5074 2275 5128 valeat
2301 5087 2506 5142 sospes,
2537 5071 2880 5126 sanctissime
2909 5080 3109 5140 pastor,

219 5161 340 5218 Jam
372 5166 518 5220 dedit
543 5175 596 5221 et
626 5168 833 5237 plebem
858 5183 1078 5239 pascere
1109 5169 1226 5224 vice
1253 5185 1346 5224 sua
1613 5187 1616 5192 ·
1904 5164 2130 5238 Semper
2156 5167 2210 5221 in
2237 5174 2498 5220 :eternum
2529 5164 2641 5218 vita
2669 5173 2756 5218 tua
2786 5163 2979 5217 valeat.

146 5255 232 5309 Tu
255 5265 544 5312 renovator
571 5258 700 5314 ades
725 5259 931 5323 patriae,
960 5273 1100 5322 sues,
1131 5268 1308 5314 rector
1335 5261 1631 5331 honorque,
1833 5259 2022 5330 Meque
2045 5259 2197 5330 juvet
2221 5259 2472 5331 precibus
2495 5260 2698 5314 orando
2725 5265 2937 5328 sceptra
2961 5270 3190 5327 superna

1156 5404 1446 5460 SCHOLIA
1483 5405 1991 5464 CHRISTOPHORI
2033 5408 2378 5466 BROWERI.

220 5512 494 5602 a‘Quintus
521 5515 609 5570 hic
642 5530 686 5602 ‘a
724 5526 908 5598 sancto
956 5515 1717 5602 ﬁonifacionllloguntiacensis
1824 5537 1924 5591 pro
1951 5522 2188 5602 amicitia
2229 5537 2348 5602 quae
2385 5520 2458 5573 illi
2489 5535 2610 5602 cum
2650 5521 2848 5602 eximio
2874 5515 3258 5602 praesule-fuit,
3292 5530 3396 5602 non

147 5585 586 5660 archiepiscopus
625 5586 912 5660 de‘q‘IIoAiAn
955 5585 1193 5660 Mogunt.
1237 5585 1606 5660 Berumlihro
1637 5605 1713 5654 Iv,
1824 5585 2014 5646 versus
2053 5593 2151 5646 hos
2193 5585 2351 5646 tnodo
2381 5600 2431 5644 et
2477 5591 2808 5660 epitaphium
2846 5585 2894 5643 ei
2943 5589 3178 5660 scripsit,
3223 5586 3314 5642 sed
3341 5592 3396 5639 et

147 5655 238 5730 ubi
279 5654 760 5730 ab_anno_Domini
793 5657 913 5730 89.6
937 5657 1194 5730 usque_ad
1219 5658 1330 5730 r847
1374 5659 1578 5730 sedisse
1609 5666 1718 5713 tra-
1823 5661 2280 5714 Commentarium
2312 5662 2364 5714 in
2394 5654 2745 5730 Sapientiam.
2789 5670 2966 5728 atque,
3007 5654 3067 5712 ut
3101 5658 3166 5712 ad
3192 5670 3426 5730 annum,

150 5727 316 5782 ditur.
346 5725 576 5782 Consule
608 5734 662 5781 et
697 5726 1062 5798 Antiquitates
1099 5727 1411 5784 Fuldeuses.
1438 5728 1711 5796 ilabauus,
1823 5731 1924 5786 827
1952 5731 2110 5787 tradit
2149 5725 2482 5802 Sigibertus,
2517 5731 2569 5788 in
2604 5725 3072 5797 Ecclesiasticum,
3107 5725 3391 5784 dedicavit.
