  <div class='ocr_page' id='page_1' title='image "/cluster/home/n/w/nwhite01/storage/ocr_20150623/112/hvd.32044015685407/806.png"; bbox 0 0 3944 6320; ppageno 0'>
   <div class='ocr_carea' id='block_1_1' title="bbox 190 361 399 447">
    <p class='ocr_par' dir='ltr' id='par_1_1' title="bbox 190 361 399 447">
     <span class='ocr_line' id='line_1_1' title="bbox 190 361 399 447; baseline -0.019 0"><span class='ocrx_word' id='word_1_1' title='bbox 190 388 333 447; x_wconf 75' lang='lat' dir='ltr'><strong>toot</strong></span> <span class='ocrx_word' id='word_1_2' title='bbox 391 361 399 367; x_wconf 81' lang='grc'><em>’</em></span> 
     </span>
    </p>
   </div>
   <div class='ocr_carea' id='block_1_2' title="bbox 992 377 2661 443">
    <p class='ocr_par' dir='ltr' id='par_1_2' title="bbox 992 377 2661 443">
     <span class='ocr_line' id='line_1_2' title="bbox 992 377 2661 443; baseline -0.005 -2"><span class='ocrx_word' id='word_1_3' title='bbox 992 384 1318 442; x_wconf 68' lang='lat' dir='ltr'><strong>CARMINA.</strong></span> <span class='ocrx_word' id='word_1_4' title='bbox 1359 415 1430 428; x_wconf 88' lang='lat'><strong>—-</strong></span> <span class='ocrx_word' id='word_1_5' title='bbox 1468 383 1712 443; x_wconf 78' lang='lat' dir='ltr'><strong>SECTIO</strong></span> <span class='ocrx_word' id='word_1_6' title='bbox 1753 384 1771 439; x_wconf 86' lang='grc'><strong>1</strong></span> <span class='ocrx_word' id='word_1_7' title='bbox 1837 378 2159 439; x_wconf 72' lang='grc' dir='ltr'><strong>ΡΟΕΜΑΤΛ</strong></span> <span class='ocrx_word' id='word_1_8' title='bbox 2197 379 2286 435; x_wconf 79' lang='lat' dir='ltr'><strong>DE</strong></span> <span class='ocrx_word' id='word_1_9' title='bbox 2325 377 2661 435; x_wconf 73' lang='lat' dir='ltr'><strong>DIVEBSIS.</strong></span> 
     </span>
    </p>
   </div>
   <div class='ocr_carea' id='block_1_3' title="bbox 3309 382 3448 438">
    <p class='ocr_par' dir='ltr' id='par_1_3' title="bbox 3309 382 3448 438">
     <span class='ocr_line' id='line_1_3' title="bbox 3309 382 3448 438; baseline 0.014 -2"><span class='ocrx_word' id='word_1_10' title='bbox 3309 382 3448 438; x_wconf 71' lang='grc'><strong>1602</strong></span> 
     </span>
    </p>
   </div>
   <div class='ocr_carea' id='block_1_4' title="bbox 183 487 3075 579">
    <p class='ocr_par' dir='ltr' id='par_1_4' title="bbox 183 487 3075 579">
     <span class='ocr_line' id='line_1_4' title="bbox 183 487 3075 579; baseline -0.006 -19"><span class='ocrx_word' id='word_1_11' title='bbox 183 503 306 560; x_wconf 81' lang='lat' dir='ltr'><strong>Nec</strong></span> <span class='ocrx_word' id='word_1_12' title='bbox 331 500 462 559; x_wconf 89' lang='lat' dir='ltr'><strong>mibi</strong></span> <span class='ocrx_word' id='word_1_13' title='bbox 490 499 833 579; x_wconf 59' lang='lat' dir='ltr'><strong>wropria</strong></span> <span class='ocrx_word' id='word_1_14' title='bbox 857 499 1106 570; x_wconf 83' lang='lat' dir='ltr'><strong>petulans</strong></span> <span class='ocrx_word' id='word_1_15' title='bbox 1141 500 1255 555; x_wconf 73' lang='lat' dir='ltr'><strong>haec</strong></span> <span class='ocrx_word' id='word_1_16' title='bbox 1279 498 1491 555; x_wconf 84' lang='lat' dir='ltr'><strong>vindico</strong></span> <span class='ocrx_word' id='word_1_17' title='bbox 1519 499 1718 568; x_wconf 87' lang='lat' dir='ltr'><strong>scripta</strong></span> <span class='ocrx_word' id='word_1_18' title='bbox 1738 535 1754 561; x_wconf 89' lang='lat'><strong>,</strong></span> <span class='ocrx_word' id='word_1_19' title='bbox 1786 500 1832 558; x_wconf 78' lang='grc' dir='ltr'><strong>Α</strong></span> <span class='ocrx_word' id='word_1_20' title='bbox 1859 489 1978 560; x_wconf 85' lang='lat' dir='ltr'><strong>Ipse</strong></span> <span class='ocrx_word' id='word_1_21' title='bbox 2003 490 2384 560; x_wconf 79' lang='lat' dir='ltr'><strong>prophetarum</strong></span> <span class='ocrx_word' id='word_1_22' title='bbox 2404 503 2501 544; x_wconf 79' lang='lat' dir='ltr'><strong>ore</strong></span> <span class='ocrx_word' id='word_1_23' title='bbox 2524 487 2626 544; x_wconf 88' lang='lat' dir='ltr'><strong>fuit</strong></span> <span class='ocrx_word' id='word_1_24' title='bbox 2653 487 2828 544; x_wconf 78' lang='lat' dir='ltr'><strong>electa</strong></span> <span class='ocrx_word' id='word_1_25' title='bbox 2848 488 3041 561; x_wconf 76' lang='lat' dir='ltr'><strong>sagitta</strong></span> <span class='ocrx_word' id='word_1_26' title='bbox 3058 529 3075 557; x_wconf 87' lang='lat'><strong>,</strong></span> 
     </span>
    </p>
   </div>
   <div class='ocr_carea' id='block_1_5' title="bbox 258 588 1241 659">
    <p class='ocr_par' dir='ltr' id='par_1_5' title="bbox 258 588 1241 659">
     <span class='ocr_line' id='line_1_5' title="bbox 258 588 1241 659; baseline -0.007 -10"><span class='ocrx_word' id='word_1_27' title='bbox 258 591 458 650; x_wconf 88' lang='lat' dir='ltr'><strong>Defero</strong></span> <span class='ocrx_word' id='word_1_28' title='bbox 486 593 581 649; x_wconf 88' lang='lat' dir='ltr'><strong>sed</strong></span> <span class='ocrx_word' id='word_1_29' title='bbox 611 601 790 648; x_wconf 83' lang='lat' dir='ltr'><strong>vestro</strong></span> <span class='ocrx_word' id='word_1_30' title='bbox 818 590 999 647; x_wconf 82' lang='lat' dir='ltr'><strong>omnia</strong></span> <span class='ocrx_word' id='word_1_31' title='bbox 1016 588 1241 659; x_wconf 82' lang='lat' dir='ltr'><strong>judicio.</strong></span> 
     </span>
    </p>
   </div>
   <div class='ocr_carea' id='block_1_6' title="bbox 186 677 1769 750">
    <p class='ocr_par' dir='ltr' id='par_1_6' title="bbox 186 677 1769 750">
     <span class='ocr_line' id='line_1_6' title="bbox 186 677 1769 750; baseline -0.005 -9"><span class='ocrx_word' id='word_1_32' title='bbox 186 683 300 741; x_wconf 85' lang='lat' dir='ltr'><strong>Seu</strong></span> <span class='ocrx_word' id='word_1_33' title='bbox 325 683 457 739; x_wconf 90' lang='lat' dir='ltr'><strong>mihi</strong></span> <span class='ocrx_word' id='word_1_34' title='bbox 478 683 593 739; x_wconf 82' lang='lat' dir='ltr'><strong>haec</strong></span> <span class='ocrx_word' id='word_1_35' title='bbox 615 684 851 748; x_wconf 87' lang='lat' dir='ltr'><strong>tribuas,</strong></span> <span class='ocrx_word' id='word_1_36' title='bbox 881 696 974 737; x_wconf 89' lang='lat' dir='ltr'><strong>seu</strong></span> <span class='ocrx_word' id='word_1_37' title='bbox 1005 695 1111 735; x_wconf 93' lang='lat' dir='ltr'><strong>non</strong></span> <span class='ocrx_word' id='word_1_38' title='bbox 1131 720 1147 747; x_wconf 88' lang='lat'><strong>,</strong></span> <span class='ocrx_word' id='word_1_39' title='bbox 1168 690 1349 736; x_wconf 88' lang='lat' dir='ltr'><strong>tamen</strong></span> <span class='ocrx_word' id='word_1_40' title='bbox 1373 677 1769 750; x_wconf 89' lang='lat' dir='ltr'><strong>Omnipotentis</strong></span> 
     </span>
    </p>
   </div>
   <div class='ocr_carea' id='block_1_7' title="bbox 257 769 1416 844">
    <p class='ocr_par' dir='ltr' id='par_1_7' title="bbox 257 769 1416 844">
     <span class='ocr_line' id='line_1_7' title="bbox 257 769 1416 844; baseline -0.003 -17"><span class='ocrx_word' id='word_1_41' title='bbox 257 772 526 829; x_wconf 79' lang='lat' dir='ltr'><strong>Divinitas</strong></span> <span class='ocrx_word' id='word_1_42' title='bbox 548 788 762 844; x_wconf 83' lang='lat' dir='ltr'><strong>semper</strong></span> <span class='ocrx_word' id='word_1_43' title='bbox 788 773 879 827; x_wconf 89' lang='lat' dir='ltr'><strong>det</strong></span> <span class='ocrx_word' id='word_1_44' title='bbox 908 772 1004 826; x_wconf 91' lang='lat' dir='ltr'><strong>tibi</strong></span> <span class='ocrx_word' id='word_1_45' title='bbox 1027 780 1221 826; x_wconf 88' lang='lat' dir='ltr'><strong>cuncta</strong></span> <span class='ocrx_word' id='word_1_46' title='bbox 1247 769 1416 832; x_wconf 89' lang='lat' dir='ltr'><strong>bona,</strong></span> 
     </span>
    </p>
   </div>
   <div class='ocr_carea' id='block_1_8' title="bbox 184 859 1632 933">
    <p class='ocr_par' dir='ltr' id='par_1_8' title="bbox 184 859 1632 933">
     <span class='ocr_line' id='line_1_8' title="bbox 184 859 1632 933; baseline -0.003 -16"><span class='ocrx_word' id='word_1_47' title='bbox 184 862 584 933; x_wconf 87' lang='lat' dir='ltr'><strong>Certamenque</strong></span> <span class='ocrx_word' id='word_1_48' title='bbox 605 863 802 917; x_wconf 91' lang='lat' dir='ltr'><strong>bonum</strong></span> <span class='ocrx_word' id='word_1_49' title='bbox 823 876 983 917; x_wconf 85' lang='lat' dir='ltr'><strong>cursu</strong></span> <span class='ocrx_word' id='word_1_50' title='bbox 1008 868 1348 914; x_wconf 89' lang='lat' dir='ltr'><strong>consummet</strong></span> <span class='ocrx_word' id='word_1_51' title='bbox 1373 859 1602 914; x_wconf 87' lang='lat' dir='ltr'><strong>honesto</strong></span> <span class='ocrx_word' id='word_1_52' title='bbox 1616 898 1632 924; x_wconf 86' lang='lat'><strong>,</strong></span> 
     </span>
    </p>
   </div>
   <div class='ocr_carea' id='block_1_9' title="bbox 257 953 1583 1024">
    <p class='ocr_par' dir='ltr' id='par_1_9' title="bbox 257 953 1583 1024">
     <span class='ocr_line' id='line_1_9' title="bbox 257 953 1583 1024; baseline -0.005 -12"><span class='ocrx_word' id='word_1_53' title='bbox 257 955 394 1012; x_wconf 91' lang='lat' dir='ltr'><strong>Cum</strong></span> <span class='ocrx_word' id='word_1_54' title='bbox 422 955 636 1013; x_wconf 88' lang='lat' dir='ltr'><strong>Christo</strong></span> <span class='ocrx_word' id='word_1_55' title='bbox 656 964 716 1010; x_wconf 92' lang='lat' dir='ltr'><strong>ut</strong></span> <span class='ocrx_word' id='word_1_56' title='bbox 742 969 961 1010; x_wconf 90' lang='lat' dir='ltr'><strong>maneas</strong></span> <span class='ocrx_word' id='word_1_57' title='bbox 982 968 1196 1024; x_wconf 82' lang='lat' dir='ltr'><strong>semper</strong></span> <span class='ocrx_word' id='word_1_58' title='bbox 1225 954 1279 1008; x_wconf 90' lang='lat' dir='ltr'><strong>in</strong></span> <span class='ocrx_word' id='word_1_59' title='bbox 1308 969 1433 1008; x_wconf 80' lang='lat' dir='ltr'><strong>arce</strong></span> <span class='ocrx_word' id='word_1_60' title='bbox 1458 953 1583 1024; x_wconf 88' lang='lat' dir='ltr'><strong>poli.</strong></span> 
     </span>
    </p>
   </div>
   <div class='ocr_carea' id='block_1_10' title="bbox 257 1069 1694 1133">
    <p class='ocr_par' dir='ltr' id='par_1_10' title="bbox 257 1069 1694 1133">
     <span class='ocr_line' id='line_1_10' title="bbox 257 1069 1694 1133; baseline -0.003 -7"><span class='ocrx_word' id='word_1_61' title='bbox 257 1069 376 1127; x_wconf 83' lang='lat' dir='ltr'><strong>XV.</strong></span> <span class='ocrx_word' id='word_1_62' title='bbox 408 1102 481 1114; x_wconf 96' lang='lat'><strong>—</strong></span> <span class='ocrx_word' id='word_1_63' title='bbox 518 1088 584 1127; x_wconf 73' lang='lat' dir='ltr'><strong>an</strong></span> <span class='ocrx_word' id='word_1_64' title='bbox 620 1086 837 1128; x_wconf 71' lang='grc' dir='ltr'><strong>ειειιυιι</strong></span> <span class='ocrx_word' id='word_1_65' title='bbox 867 1082 914 1133; x_wconf 82' lang='grc' dir='ltr'><strong>ι,</strong></span> <span class='ocrx_word' id='word_1_66' title='bbox 954 1086 1020 1124; x_wconf 75' lang='lat' dir='ltr'><strong>ne</strong></span> <span class='ocrx_word' id='word_1_67' title='bbox 1058 1085 1216 1127; x_wconf 78' lang='lat' dir='ltr'><strong>LIDBO</strong></span> <span class='ocrx_word' id='word_1_68' title='bbox 1251 1085 1392 1133; x_wconf 73' lang='lat' dir='ltr'><strong>ausu</strong></span> <span class='ocrx_word' id='word_1_69' title='bbox 1436 1085 1694 1126; x_wconf 76' lang='lat' dir='ltr'><strong>SCRIPSIT.</strong></span> 
     </span>
    </p>
   </div>
   <div class='ocr_carea' id='block_1_11' title="bbox 185 1182 1695 1254">
    <p class='ocr_par' dir='ltr' id='par_1_11' title="bbox 185 1182 1695 1254">
     <span class='ocr_line' id='line_1_11' title="bbox 185 1182 1695 1254; baseline -0.002 -16"><span class='ocrx_word' id='word_1_70' title='bbox 185 1183 298 1239; x_wconf 73' lang='lat' dir='ltr'><strong>Lex</strong></span> <span class='ocrx_word' id='word_1_71' title='bbox 322 1184 409 1254; x_wconf 89' lang='lat' dir='ltr'><strong>pia</strong></span> <span class='ocrx_word' id='word_1_72' title='bbox 437 1197 669 1254; x_wconf 89' lang='lat' dir='ltr'><strong>cumque</strong></span> <span class='ocrx_word' id='word_1_73' title='bbox 695 1182 786 1237; x_wconf 91' lang='lat' dir='ltr'><strong>Dei</strong></span> <span class='ocrx_word' id='word_1_74' title='bbox 809 1183 975 1236; x_wconf 85' lang='lat' dir='ltr'><strong>latum</strong></span> <span class='ocrx_word' id='word_1_75' title='bbox 1005 1182 1290 1237; x_wconf 89' lang='lat' dir='ltr'><strong>dominans</strong></span> <span class='ocrx_word' id='word_1_76' title='bbox 1315 1182 1452 1253; x_wconf 83' lang='lat' dir='ltr'><strong>regit</strong></span> <span class='ocrx_word' id='word_1_77' title='bbox 1475 1182 1661 1236; x_wconf 88' lang='lat' dir='ltr'><strong>orbem</strong></span> <span class='ocrx_word' id='word_1_78' title='bbox 1680 1221 1695 1244; x_wconf 84' lang='lat'><strong>,</strong></span> 
     </span>
    </p>
   </div>
   <div class='ocr_carea' id='block_1_12' title="bbox 259 1272 1672 1344">
    <p class='ocr_par' dir='ltr' id='par_1_12' title="bbox 259 1272 1672 1344">
     <span class='ocr_line' id='line_1_12' title="bbox 259 1272 1672 1344; baseline -0.001 -15"><span class='ocrx_word' id='word_1_79' title='bbox 259 1274 432 1342; x_wconf 85' lang='lat' dir='ltr'><strong>Quam</strong></span> <span class='ocrx_word' id='word_1_80' title='bbox 461 1283 708 1330; x_wconf 89' lang='lat' dir='ltr'><strong>sanctum</strong></span> <span class='ocrx_word' id='word_1_81' title='bbox 735 1282 819 1329; x_wconf 90' lang='lat' dir='ltr'><strong>est</strong></span> <span class='ocrx_word' id='word_1_82' title='bbox 846 1272 1019 1344; x_wconf 86' lang='lat' dir='ltr'><strong>legem</strong></span> <span class='ocrx_word' id='word_1_83' title='bbox 1044 1274 1282 1328; x_wconf 85' lang='lat' dir='ltr'><strong>scribere</strong></span> <span class='ocrx_word' id='word_1_84' title='bbox 1304 1288 1535 1344; x_wconf 81' lang='lat' dir='ltr'><strong>namque</strong></span> <span class='ocrx_word' id='word_1_85' title='bbox 1558 1275 1672 1328; x_wconf 88' lang='lat' dir='ltr'><strong>Dei.</strong></span> 
     </span>
    </p>
   </div>
   <div class='ocr_carea' id='block_1_13' title="bbox 186 1363 1554 1435">
    <p class='ocr_par' dir='ltr' id='par_1_13' title="bbox 186 1363 1554 1435">
     <span class='ocr_line' id='line_1_13' title="bbox 186 1363 1554 1435; baseline -0.002 -16"><span class='ocrx_word' id='word_1_86' title='bbox 186 1364 284 1421; x_wconf 84' lang='lat' dir='ltr'><strong>Est</strong></span> <span class='ocrx_word' id='word_1_87' title='bbox 312 1365 433 1435; x_wconf 87' lang='lat' dir='ltr'><strong>pius</strong></span> <span class='ocrx_word' id='word_1_88' title='bbox 450 1365 541 1420; x_wconf 89' lang='lat' dir='ltr'><strong>ille</strong></span> <span class='ocrx_word' id='word_1_89' title='bbox 560 1365 734 1431; x_wconf 88' lang='lat' dir='ltr'><strong>labor,</strong></span> <span class='ocrx_word' id='word_1_90' title='bbox 758 1364 952 1420; x_wconf 89' lang='lat' dir='ltr'><strong>merito</strong></span> <span class='ocrx_word' id='word_1_91' title='bbox 978 1365 1062 1419; x_wconf 92' lang='lat' dir='ltr'><strong>cui</strong></span> <span class='ocrx_word' id='word_1_92' title='bbox 1089 1378 1192 1419; x_wconf 93' lang='lat' dir='ltr'><strong>non</strong></span> <span class='ocrx_word' id='word_1_93' title='bbox 1214 1364 1357 1418; x_wconf 89' lang='lat' dir='ltr'><strong>valet</strong></span> <span class='ocrx_word' id='word_1_94' title='bbox 1396 1363 1554 1425; x_wconf 87' lang='lat' dir='ltr'><strong>alter.</strong></span> 
     </span>
    </p>
   </div>
   <div class='ocr_carea' id='block_1_14' title="bbox 259 1454 1479 1527">
    <p class='ocr_par' dir='ltr' id='par_1_14' title="bbox 259 1454 1479 1527">
     <span class='ocr_line' id='line_1_14' title="bbox 259 1454 1479 1527; baseline -0.002 -17"><span class='ocrx_word' id='word_1_95' title='bbox 259 1457 619 1527; x_wconf 78' lang='lat' dir='ltr'><strong>.Equiparare</strong></span> <span class='ocrx_word' id='word_1_96' title='bbox 638 1471 828 1511; x_wconf 89' lang='lat' dir='ltr'><strong>manus</strong></span> <span class='ocrx_word' id='word_1_97' title='bbox 848 1470 1008 1525; x_wconf 84' lang='lat' dir='ltr'><strong>quem</strong></span> <span class='ocrx_word' id='word_1_98' title='bbox 1039 1454 1199 1510; x_wconf 84' lang='lat' dir='ltr'><strong>faciat</strong></span> <span class='ocrx_word' id='word_1_99' title='bbox 1226 1454 1479 1510; x_wconf 80' lang='lat' dir='ltr'><strong>hominis.</strong></span> 
     </span>
    </p>
   </div>
   <div class='ocr_carea' id='block_1_15' title="bbox 184 1546 1417 1619">
    <p class='ocr_par' dir='ltr' id='par_1_15' title="bbox 184 1546 1417 1619">
     <span class='ocr_line' id='line_1_15' title="bbox 184 1546 1417 1619; baseline -0.002 -17"><span class='ocrx_word' id='word_1_100' title='bbox 184 1546 320 1602; x_wconf 75' lang='lat' dir='ltr'><strong>Nam</strong></span> <span class='ocrx_word' id='word_1_101' title='bbox 349 1549 501 1619; x_wconf 93' lang='lat' dir='ltr'><strong>digiti</strong></span> <span class='ocrx_word' id='word_1_102' title='bbox 531 1547 737 1619; x_wconf 83' lang='lat' dir='ltr'><strong>scripto</strong></span> <span class='ocrx_word' id='word_1_103' title='bbox 763 1546 1015 1602; x_wconf 69' lang='lat' dir='ltr'><strong>laetantur</strong></span> <span class='ocrx_word' id='word_1_104' title='bbox 1036 1547 1238 1601; x_wconf 90' lang='lat' dir='ltr'><strong>lumina</strong></span> <span class='ocrx_word' id='word_1_105' title='bbox 1266 1546 1383 1600; x_wconf 87' lang='lat' dir='ltr'><strong>visu</strong></span> <span class='ocrx_word' id='word_1_106' title='bbox 1401 1587 1417 1611; x_wconf 91' lang='lat'><strong>,</strong></span> 
     </span>
    </p>
   </div>
   <div class='ocr_carea' id='block_1_16' title="bbox 260 1635 1392 1708">
    <p class='ocr_par' dir='ltr' id='par_1_16' title="bbox 260 1635 1392 1708">
     <span class='ocr_line' id='line_1_16' title="bbox 260 1635 1392 1708; baseline -0.004 -16"><span class='ocrx_word' id='word_1_107' title='bbox 260 1637 411 1693; x_wconf 80' lang='lat' dir='ltr'><strong>Mens</strong></span> <span class='ocrx_word' id='word_1_108' title='bbox 438 1638 617 1694; x_wconf 79' lang='lat' dir='ltr'><strong>volvet</strong></span> <span class='ocrx_word' id='word_1_109' title='bbox 642 1652 802 1694; x_wconf 87' lang='lat' dir='ltr'><strong>sensu</strong></span> <span class='ocrx_word' id='word_1_110' title='bbox 827 1637 1056 1708; x_wconf 82' lang='lat' dir='ltr'><strong>mystica</strong></span> <span class='ocrx_word' id='word_1_111' title='bbox 1091 1637 1253 1691; x_wconf 84' lang='lat' dir='ltr'><strong>verba</strong></span> <span class='ocrx_word' id='word_1_112' title='bbox 1274 1635 1392 1690; x_wconf 86' lang='lat' dir='ltr'><strong>Dei.</strong></span> 
     </span>
    </p>
   </div>
   <div class='ocr_carea' id='block_1_17' title="bbox 188 1725 1664 1798">
    <p class='ocr_par' dir='ltr' id='par_1_17' title="bbox 188 1725 1664 1798">
     <span class='ocr_line' id='line_1_17' title="bbox 188 1725 1664 1798; baseline -0.002 -18"><span class='ocrx_word' id='word_1_113' title='bbox 188 1725 407 1781; x_wconf 85' lang='lat' dir='ltr'><strong>Nullum</strong></span> <span class='ocrx_word' id='word_1_114' title='bbox 434 1741 570 1798; x_wconf 88' lang='lat' dir='ltr'><strong>opus</strong></span> <span class='ocrx_word' id='word_1_115' title='bbox 596 1727 871 1797; x_wconf 81' lang='lat' dir='ltr'><strong>exsurgit,</strong></span> <span class='ocrx_word' id='word_1_116' title='bbox 900 1726 1044 1796; x_wconf 90' lang='lat' dir='ltr'><strong>quod</strong></span> <span class='ocrx_word' id='word_1_117' title='bbox 1068 1740 1174 1780; x_wconf 91' lang='lat' dir='ltr'><strong>non</strong></span> <span class='ocrx_word' id='word_1_118' title='bbox 1197 1739 1400 1779; x_wconf 89' lang='lat' dir='ltr'><strong>annosa</strong></span> <span class='ocrx_word' id='word_1_119' title='bbox 1423 1731 1664 1779; x_wconf 87' lang='lat' dir='ltr'><strong>vetustas</strong></span> 
     </span>
    </p>
   </div>
   <div class='ocr_carea' id='block_1_18' title="bbox 259 1812 1445 1887">
    <p class='ocr_par' dir='ltr' id='par_1_18' title="bbox 259 1812 1445 1887">
     <span class='ocr_line' id='line_1_18' title="bbox 259 1812 1445 1887; baseline -0.001 -19"><span class='ocrx_word' id='word_1_120' title='bbox 259 1817 564 1887; x_wconf 68' lang='lat' dir='ltr'><strong>livpugnet,</strong></span> <span class='ocrx_word' id='word_1_121' title='bbox 593 1816 738 1887; x_wconf 86' lang='lat' dir='ltr'><strong>quod</strong></span> <span class='ocrx_word' id='word_1_122' title='bbox 766 1830 873 1870; x_wconf 89' lang='lat' dir='ltr'><strong>non</strong></span> <span class='ocrx_word' id='word_1_123' title='bbox 898 1823 1075 1871; x_wconf 79' lang='lat' dir='ltr'><strong>vertat</strong></span> <span class='ocrx_word' id='word_1_124' title='bbox 1098 1814 1281 1884; x_wconf 90' lang='lat' dir='ltr'><strong>iniqua</strong></span> <span class='ocrx_word' id='word_1_125' title='bbox 1309 1812 1445 1869; x_wconf 89' lang='lat' dir='ltr'><strong>dies.</strong></span> 
     </span>
    </p>
   </div>
   <div class='ocr_carea' id='block_1_19' title="bbox 187 1902 1746 1974">
    <p class='ocr_par' dir='ltr' id='par_1_19' title="bbox 187 1902 1746 1974">
     <span class='ocr_line' id='line_1_19' title="bbox 187 1902 1746 1974; baseline -0.004 -13"><span class='ocrx_word' id='word_1_126' title='bbox 187 1906 502 1962; x_wconf 86' lang='lat' dir='ltr'><strong>Grammata</strong></span> <span class='ocrx_word' id='word_1_127' title='bbox 528 1907 641 1967; x_wconf 85' lang='lat' dir='ltr'><strong>sola</strong></span> <span class='ocrx_word' id='word_1_128' title='bbox 665 1914 856 1965; x_wconf 84' lang='lat' dir='ltr'><strong>carent</strong></span> <span class='ocrx_word' id='word_1_129' title='bbox 895 1904 1006 1961; x_wconf 85' lang='lat' dir='ltr'><strong>fato</strong></span> <span class='ocrx_word' id='word_1_130' title='bbox 1025 1945 1041 1972; x_wconf 91' lang='lat'><strong>,</strong></span> <span class='ocrx_word' id='word_1_131' title='bbox 1085 1913 1426 1974; x_wconf 90' lang='lat' dir='ltr'><strong>mortemque</strong></span> <span class='ocrx_word' id='word_1_132' title='bbox 1455 1902 1746 1973; x_wconf 87' lang='lat' dir='ltr'><strong>repellunt,</strong></span> 
     </span>
    </p>
   </div>
   <div class='ocr_carea' id='block_1_20' title="bbox 256 1992 1491 2065">
    <p class='ocr_par' dir='ltr' id='par_1_20' title="bbox 256 1992 1491 2065">
     <span class='ocr_line' id='line_1_20' title="bbox 256 1992 1491 2065; baseline -0.005 -13"><span class='ocrx_word' id='word_1_133' title='bbox 256 1998 536 2053; x_wconf 71' lang='lat' dir='ltr'><strong>Prteterita</strong></span> <span class='ocrx_word' id='word_1_134' title='bbox 568 2004 831 2053; x_wconf 81' lang='lat' dir='ltr'><strong>renovant</strong></span> <span class='ocrx_word' id='word_1_135' title='bbox 850 2003 1147 2065; x_wconf 84' lang='lat' dir='ltr'><strong>grammata</strong></span> <span class='ocrx_word' id='word_1_136' title='bbox 1169 1993 1284 2049; x_wconf 89' lang='lat' dir='ltr'><strong>sola</strong></span> <span class='ocrx_word' id='word_1_137' title='bbox 1312 1992 1491 2048; x_wconf 88' lang='lat' dir='ltr'><strong>biblis.</strong></span> 
     </span>
    </p>
   </div>
   <div class='ocr_carea' id='block_1_21' title="bbox 184 2084 1571 2158">
    <p class='ocr_par' dir='ltr' id='par_1_21' title="bbox 184 2084 1571 2158">
     <span class='ocr_line' id='line_1_21' title="bbox 184 2084 1571 2158; baseline -0.005 -15"><span class='ocrx_word' id='word_1_138' title='bbox 184 2088 498 2143; x_wconf 87' lang='lat' dir='ltr'><strong>Grammata</strong></span> <span class='ocrx_word' id='word_1_139' title='bbox 528 2102 719 2158; x_wconf 84' lang='lat' dir='ltr'><strong>nempe</strong></span> <span class='ocrx_word' id='word_1_140' title='bbox 745 2087 838 2142; x_wconf 87' lang='lat' dir='ltr'><strong>Dei</strong></span> <span class='ocrx_word' id='word_1_141' title='bbox 866 2086 1066 2157; x_wconf 75' lang='lat' dir='ltr'><strong>digitus</strong></span> <span class='ocrx_word' id='word_1_142' title='bbox 1087 2085 1340 2141; x_wconf 81' lang='lat' dir='ltr'><strong>sulcabat</strong></span> <span class='ocrx_word' id='word_1_143' title='bbox 1363 2084 1419 2139; x_wconf 90' lang='lat' dir='ltr'><strong>in</strong></span> <span class='ocrx_word' id='word_1_144' title='bbox 1444 2092 1571 2153; x_wconf 89' lang='lat' dir='ltr'><strong>apta</strong></span> 
     </span>
    </p>
   </div>
   <div class='ocr_carea' id='block_1_22' title="bbox 262 2174 1419 2249">
    <p class='ocr_par' dir='ltr' id='par_1_22' title="bbox 262 2174 1419 2249">
     <span class='ocr_line' id='line_1_22' title="bbox 262 2174 1419 2249; baseline -0.003 -17"><span class='ocrx_word' id='word_1_145' title='bbox 262 2180 438 2248; x_wconf 76' lang='lat' dir='ltr'><strong>Itupe,</strong></span> <span class='ocrx_word' id='word_1_146' title='bbox 468 2193 566 2232; x_wconf 90' lang='lat' dir='ltr'><strong>suo</strong></span> <span class='ocrx_word' id='word_1_147' title='bbox 585 2177 760 2249; x_wconf 80' lang='lat' dir='ltr'><strong>legem</strong></span> <span class='ocrx_word' id='word_1_148' title='bbox 789 2192 911 2232; x_wconf 90' lang='lat' dir='ltr'><strong>cum</strong></span> <span class='ocrx_word' id='word_1_149' title='bbox 936 2175 1161 2231; x_wconf 84' lang='lat' dir='ltr'><strong>dederat</strong></span> <span class='ocrx_word' id='word_1_150' title='bbox 1186 2174 1419 2247; x_wconf 87' lang='lat' dir='ltr'><strong>populo,</strong></span> 
     </span>
    </p>
   </div>
   <div class='ocr_carea' id='block_1_23' title="bbox 190 2252 1644 2336">
    <p class='ocr_par' dir='ltr' id='par_1_23' title="bbox 190 2252 1644 2336">
     <span class='ocr_line' id='line_1_23' title="bbox 190 2252 1644 2336; baseline -0.006 -11"><span class='ocrx_word' id='word_1_151' title='bbox 190 2269 362 2333; x_wconf 88' lang='lat' dir='ltr'><strong>Sunt,</strong></span> <span class='ocrx_word' id='word_1_152' title='bbox 389 2252 601 2324; x_wconf 82' lang='lat' dir='ltr'><strong>fuerant</strong></span> <span class='ocrx_word' id='word_1_153' title='bbox 622 2309 638 2334; x_wconf 93' lang='lat'><strong>,</strong></span> <span class='ocrx_word' id='word_1_154' title='bbox 659 2267 859 2336; x_wconf 86' lang='lat' dir='ltr'><strong>mundo</strong></span> <span class='ocrx_word' id='word_1_155' title='bbox 886 2266 1105 2322; x_wconf 79' lang='lat' dir='ltr'><strong>venient</strong></span> <span class='ocrx_word' id='word_1_156' title='bbox 1127 2281 1247 2335; x_wconf 83' lang='lat' dir='ltr'><strong>quae</strong></span> <span class='ocrx_word' id='word_1_157' title='bbox 1267 2264 1407 2321; x_wconf 88' lang='lat' dir='ltr'><strong>forte</strong></span> <span class='ocrx_word' id='word_1_158' title='bbox 1428 2262 1607 2319; x_wconf 91' lang='lat' dir='ltr'><strong>futura</strong></span> <span class='ocrx_word' id='word_1_159' title='bbox 1627 2302 1644 2328; x_wconf 85' lang='lat'><strong>,</strong></span> 
     </span>
    </p>
   </div>
   <div class='ocr_carea' id='block_1_24' title="bbox 257 2358 1611 2420">
    <p class='ocr_par' dir='ltr' id='par_1_24' title="bbox 257 2358 1611 2420">
     <span class='ocr_line' id='line_1_24' title="bbox 257 2358 1611 2420; baseline -0.004 -1"><span class='ocrx_word' id='word_1_160' title='bbox 257 2364 572 2420; x_wconf 85' lang='lat' dir='ltr'><strong>Crammata</strong></span> <span class='ocrx_word' id='word_1_161' title='bbox 595 2364 710 2418; x_wconf 70' lang='lat' dir='ltr'><strong>tunc</strong></span> <span class='ocrx_word' id='word_1_162' title='bbox 730 2368 1034 2417; x_wconf 85' lang='lat' dir='ltr'><strong>monstrant</strong></span> <span class='ocrx_word' id='word_1_163' title='bbox 1053 2358 1252 2416; x_wconf 89' lang='lat' dir='ltr'><strong>famine</strong></span> <span class='ocrx_word' id='word_1_164' title='bbox 1271 2369 1465 2416; x_wconf 89' lang='lat' dir='ltr'><strong>cuncta</strong></span> <span class='ocrx_word' id='word_1_165' title='bbox 1492 2373 1611 2414; x_wconf 89' lang='lat' dir='ltr'><strong>suo.</strong></span> 
     </span>
    </p>
   </div>
   <div class='ocr_carea' id='block_1_25' title="bbox 575 2472 1368 2527">
    <p class='ocr_par' dir='ltr' id='par_1_25' title="bbox 575 2472 1368 2527">
     <span class='ocr_line' id='line_1_25' title="bbox 575 2472 1368 2527; baseline -0.005 0"><span class='ocrx_word' id='word_1_166' title='bbox 575 2472 712 2527; x_wconf 76' lang='lat' dir='ltr'><strong>XVI.</strong></span> <span class='ocrx_word' id='word_1_167' title='bbox 751 2501 822 2512; x_wconf 90' lang='lat'>—</span> <span class='ocrx_word' id='word_1_168' title='bbox 855 2486 988 2526; x_wconf 75' lang='grc' dir='ltr'><strong>ιτειι</strong></span> <span class='ocrx_word' id='word_1_169' title='bbox 1025 2486 1094 2525; x_wconf 70' lang='lat' dir='ltr'><strong>an</strong></span> <span class='ocrx_word' id='word_1_170' title='bbox 1129 2484 1368 2526; x_wconf 74' lang='grc' dir='ltr'><strong>εωιυει.</strong></span> 
     </span>
    </p>
   </div>
   <div class='ocr_carea' id='block_1_26' title="bbox 184 2583 1482 2661">
    <p class='ocr_par' dir='ltr' id='par_1_26' title="bbox 184 2583 1482 2661">
     <span class='ocr_line' id='line_1_26' title="bbox 184 2583 1482 2661; baseline -0.004 -17"><span class='ocrx_word' id='word_1_171' title='bbox 184 2589 473 2661; x_wconf 82' lang='lat' dir='ltr'><strong>Presbyter</strong></span> <span class='ocrx_word' id='word_1_172' title='bbox 494 2595 684 2653; x_wconf 77' lang='lat' dir='ltr'><strong>:etate,</strong></span> <span class='ocrx_word' id='word_1_173' title='bbox 715 2585 924 2640; x_wconf 88' lang='lat' dir='ltr'><strong>meritis</strong></span> <span class='ocrx_word' id='word_1_174' title='bbox 952 2593 1006 2640; x_wconf 91' lang='lat' dir='ltr'><strong>et</strong></span> <span class='ocrx_word' id='word_1_175' title='bbox 1030 2583 1312 2655; x_wconf 77' lang='lat' dir='ltr'><strong>presbyter</strong></span> <span class='ocrx_word' id='word_1_176' title='bbox 1339 2583 1482 2639; x_wconf 88' lang='lat' dir='ltr'><strong>alme</strong></span> 
     </span>
    </p>
   </div>
   <div class='ocr_carea' id='block_1_27' title="bbox 258 2668 1398 2752">
    <p class='ocr_par' dir='ltr' id='par_1_27' title="bbox 258 2668 1398 2752">
     <span class='ocr_line' id='line_1_27' title="bbox 258 2668 1398 2752; baseline -0.005 -17"><span class='ocrx_word' id='word_1_177' title='bbox 258 2680 424 2752; x_wconf 87' lang='lat' dir='ltr'><strong>Eigil,</strong></span> <span class='ocrx_word' id='word_1_178' title='bbox 451 2688 502 2735; x_wconf 86' lang='lat' dir='ltr'><strong>te</strong></span> <span class='ocrx_word' id='word_1_179' title='bbox 529 2668 776 2734; x_wconf 76' lang='lat' dir='ltr'><strong>Christus</strong></span> <span class='ocrx_word' id='word_1_180' title='bbox 800 2676 969 2731; x_wconf 88' lang='lat' dir='ltr'><strong>salvet</strong></span> <span class='ocrx_word' id='word_1_181' title='bbox 998 2675 1052 2729; x_wconf 90' lang='lat' dir='ltr'><strong>in</strong></span> <span class='ocrx_word' id='word_1_182' title='bbox 1081 2676 1211 2729; x_wconf 87' lang='lat' dir='ltr'><strong>orbe</strong></span> <span class='ocrx_word' id='word_1_183' title='bbox 1236 2675 1398 2729; x_wconf 90' lang='lat' dir='ltr'><strong>Deus.</strong></span> 
     </span>
    </p>
   </div>
   <div class='ocr_carea' id='block_1_28' title="bbox 188 2764 1768 2840">
    <p class='ocr_par' dir='ltr' id='par_1_28' title="bbox 188 2764 1768 2840">
     <span class='ocr_line' id='line_1_28' title="bbox 188 2764 1768 2840; baseline -0.003 -16"><span class='ocrx_word' id='word_1_184' title='bbox 188 2768 279 2824; x_wconf 89' lang='lat' dir='ltr'><strong>Sis</strong></span> <span class='ocrx_word' id='word_1_185' title='bbox 300 2769 433 2825; x_wconf 90' lang='lat' dir='ltr'><strong>mihi</strong></span> <span class='ocrx_word' id='word_1_186' title='bbox 460 2768 602 2840; x_wconf 88' lang='lat' dir='ltr'><strong>quod</strong></span> <span class='ocrx_word' id='word_1_187' title='bbox 648 2782 844 2838; x_wconf 91' lang='lat' dir='ltr'><strong>posco,</strong></span> <span class='ocrx_word' id='word_1_188' title='bbox 896 2766 1147 2839; x_wconf 86' lang='lat' dir='ltr'><strong>quodque</strong></span> <span class='ocrx_word' id='word_1_189' title='bbox 1190 2773 1344 2836; x_wconf 91' lang='lat' dir='ltr'><strong>opto,</strong></span> <span class='ocrx_word' id='word_1_190' title='bbox 1381 2766 1485 2821; x_wconf 88' lang='lat' dir='ltr'><strong>hoc</strong></span> <span class='ocrx_word' id='word_1_191' title='bbox 1510 2772 1629 2820; x_wconf 85' lang='lat' dir='ltr'><strong>esto</strong></span> <span class='ocrx_word' id='word_1_192' title='bbox 1672 2764 1768 2819; x_wconf 85' lang='lat' dir='ltr'><strong>be-</strong></span> 
     </span>
    </p>
   </div>
   <div class='ocr_carea' id='block_1_29' title="bbox 1480 2854 1699 2929">
    <p class='ocr_par' dir='ltr' id='par_1_29' title="bbox 1480 2854 1699 2929">
     <span class='ocr_line' id='line_1_29' title="bbox 1480 2854 1699 2929; baseline 0.005 -19"><span class='ocrx_word' id='word_1_193' title='bbox 1480 2854 1699 2929; x_wconf 87' lang='lat' dir='ltr'><strong>[nignus</strong></span> 
     </span>
    </p>
   </div>
   <div class='ocr_carea' id='block_1_30' title="bbox 257 2946 1559 3020">
    <p class='ocr_par' dir='ltr' id='par_1_30' title="bbox 257 2946 1559 3020">
     <span class='ocr_line' id='line_1_30' title="bbox 257 2946 1559 3020; baseline -0.005 -15"><span class='ocrx_word' id='word_1_194' title='bbox 257 2950 581 3020; x_wconf 59' lang='lat' dir='ltr'><strong>Praeceptor,</strong></span> <span class='ocrx_word' id='word_1_195' title='bbox 615 2948 831 3014; x_wconf 83' lang='lat' dir='ltr'><strong>Pastor,</strong></span> <span class='ocrx_word' id='word_1_196' title='bbox 860 2961 1075 3018; x_wconf 88' lang='lat' dir='ltr'><strong>semper</strong></span> <span class='ocrx_word' id='word_1_197' title='bbox 1102 2947 1335 3013; x_wconf 91' lang='lat' dir='ltr'><strong>amicus,</strong></span> <span class='ocrx_word' id='word_1_198' title='bbox 1364 2946 1559 3003; x_wconf 84' lang='lat' dir='ltr'><strong>honor.</strong></span> 
     </span>
    </p>
   </div>
   <div class='ocr_carea' id='block_1_31' title="bbox 191 3036 1437 3108">
    <p class='ocr_par' dir='ltr' id='par_1_31' title="bbox 191 3036 1437 3108">
     <span class='ocr_line' id='line_1_31' title="bbox 191 3036 1437 3108; baseline -0.006 -9"><span class='ocrx_word' id='word_1_199' title='bbox 191 3044 299 3099; x_wconf 76' lang='lat' dir='ltr'><strong>Nec</strong></span> <span class='ocrx_word' id='word_1_200' title='bbox 318 3058 405 3098; x_wconf 89' lang='lat' dir='ltr'><strong>me</strong></span> <span class='ocrx_word' id='word_1_201' title='bbox 430 3041 752 3097; x_wconf 89' lang='lat' dir='ltr'><strong>contristant</strong></span> <span class='ocrx_word' id='word_1_202' title='bbox 783 3048 872 3094; x_wconf 89' lang='lat' dir='ltr'><strong>tua</strong></span> <span class='ocrx_word' id='word_1_203' title='bbox 901 3037 1248 3108; x_wconf 89' lang='lat' dir='ltr'><strong>corripientia</strong></span> <span class='ocrx_word' id='word_1_204' title='bbox 1272 3036 1437 3091; x_wconf 87' lang='lat' dir='ltr'><strong>verba</strong></span> 
     </span>
    </p>
   </div>
   <div class='ocr_carea' id='block_1_32' title="bbox 259 3118 1591 3211">
    <p class='ocr_par' dir='ltr' id='par_1_32' title="bbox 259 3118 1591 3211">
     <span class='ocr_line' id='line_1_32' title="bbox 259 3118 1591 3211; baseline -0.006 -22"><span class='ocrx_word' id='word_1_205' title='bbox 259 3134 391 3189; x_wconf 90' lang='lat' dir='ltr'><strong>Cum</strong></span> <span class='ocrx_word' id='word_1_206' title='bbox 420 3133 534 3190; x_wconf 91' lang='lat' dir='ltr'><strong>scio</strong></span> <span class='ocrx_word' id='word_1_207' title='bbox 562 3133 704 3202; x_wconf 91' lang='lat' dir='ltr'><strong>quod</strong></span> <span class='ocrx_word' id='word_1_208' title='bbox 737 3146 950 3200; x_wconf 90' lang='lat' dir='ltr'><strong>semper</strong></span> <span class='ocrx_word' id='word_1_209' title='bbox 972 3118 1193 3211; x_wconf 79' lang='lat' dir='ltr'><strong>pectora</strong></span> <span class='ocrx_word' id='word_1_210' title='bbox 1217 3143 1389 3183; x_wconf 73' lang='lat' dir='ltr'><strong>amica</strong></span> <span class='ocrx_word' id='word_1_211' title='bbox 1420 3135 1591 3183; x_wconf 84' lang='lat' dir='ltr'><strong>tenes.</strong></span> 
     </span>
    </p>
   </div>
   <div class='ocr_carea' id='block_1_33' title="bbox 128 3218 1421 3291">
    <p class='ocr_par' dir='ltr' id='par_1_33' title="bbox 128 3218 1421 3291">
     <span class='ocr_line' id='line_1_33' title="bbox 128 3218 1421 3291; baseline -0.006 -11"><span class='ocrx_word' id='word_1_212' title='bbox 128 3278 147 3291; x_wconf 74' lang='grc'><em>,</em></span> <span class='ocrx_word' id='word_1_213' title='bbox 194 3225 390 3281; x_wconf 86' lang='lat' dir='ltr'><strong>Verum</strong></span> <span class='ocrx_word' id='word_1_214' title='bbox 417 3226 538 3281; x_wconf 88' lang='lat' dir='ltr'><strong>dico</strong></span> <span class='ocrx_word' id='word_1_215' title='bbox 561 3224 689 3291; x_wconf 90' lang='lat' dir='ltr'><strong>tibi,</strong></span> <span class='ocrx_word' id='word_1_216' title='bbox 717 3237 817 3278; x_wconf 90' lang='lat' dir='ltr'><strong>nec</strong></span> <span class='ocrx_word' id='word_1_217' title='bbox 842 3236 931 3276; x_wconf 92' lang='lat' dir='ltr'><strong>me</strong></span> <span class='ocrx_word' id='word_1_218' title='bbox 958 3221 1222 3276; x_wconf 89' lang='lat' dir='ltr'><strong>sententia</strong></span> <span class='ocrx_word' id='word_1_219' title='bbox 1250 3218 1421 3284; x_wconf 88' lang='lat' dir='ltr'><strong>fallit,</strong></span> 
     </span>
    </p>
   </div>
   <div class='ocr_carea' id='block_1_34' title="bbox 259 3311 1437 3388">
    <p class='ocr_par' dir='ltr' id='par_1_34' title="bbox 259 3311 1437 3388">
     <span class='ocr_line' id='line_1_34' title="bbox 259 3311 1437 3388; baseline -0.008 -15"><span class='ocrx_word' id='word_1_220' title='bbox 259 3317 336 3373; x_wconf 92' lang='lat' dir='ltr'><strong>Te</strong></span> <span class='ocrx_word' id='word_1_221' title='bbox 360 3333 528 3373; x_wconf 89' lang='lat' dir='ltr'><strong>unum</strong></span> <span class='ocrx_word' id='word_1_222' title='bbox 552 3332 664 3388; x_wconf 71' lang='lat' dir='ltr'><strong>prte</strong></span> <span class='ocrx_word' id='word_1_223' title='bbox 688 3313 873 3370; x_wconf 87' lang='lat' dir='ltr'><strong>multis</strong></span> <span class='ocrx_word' id='word_1_224' title='bbox 899 3313 1060 3369; x_wconf 89' lang='lat' dir='ltr'><strong>corde</strong></span> <span class='ocrx_word' id='word_1_225' title='bbox 1093 3321 1274 3369; x_wconf 87' lang='lat' dir='ltr'><strong>tenere</strong></span> <span class='ocrx_word' id='word_1_226' title='bbox 1296 3311 1437 3367; x_wconf 87' lang='lat' dir='ltr'><strong>volo.</strong></span> 
     </span>
    </p>
   </div>
   <div class='ocr_carea' id='block_1_35' title="bbox 189 3399 1765 3478">
    <p class='ocr_par' dir='ltr' id='par_1_35' title="bbox 189 3399 1765 3478">
     <span class='ocr_line' id='line_1_35' title="bbox 189 3399 1765 3478; baseline -0.006 -16"><span class='ocrx_word' id='word_1_227' title='bbox 189 3406 278 3462; x_wconf 86' lang='lat' dir='ltr'><strong>Sis</strong></span> <span class='ocrx_word' id='word_1_228' title='bbox 302 3407 435 3462; x_wconf 88' lang='lat' dir='ltr'><strong>mibi</strong></span> <span class='ocrx_word' id='word_1_229' title='bbox 456 3420 669 3478; x_wconf 88' lang='lat' dir='ltr'><strong>semper</strong></span> <span class='ocrx_word' id='word_1_230' title='bbox 693 3405 834 3460; x_wconf 92' lang='lat' dir='ltr'><strong>idem</strong></span> <span class='ocrx_word' id='word_1_231' title='bbox 853 3444 869 3470; x_wconf 92' lang='lat'><strong>,</strong></span> <span class='ocrx_word' id='word_1_232' title='bbox 894 3403 1018 3474; x_wconf 83' lang='lat' dir='ltr'><strong>quia</strong></span> <span class='ocrx_word' id='word_1_233' title='bbox 1039 3419 1157 3459; x_wconf 89' lang='lat' dir='ltr'><strong>sum</strong></span> <span class='ocrx_word' id='word_1_234' title='bbox 1179 3403 1274 3457; x_wconf 91' lang='lat' dir='ltr'><strong>tibi</strong></span> <span class='ocrx_word' id='word_1_235' title='bbox 1301 3408 1579 3473; x_wconf 86' lang='lat' dir='ltr'><strong>semperet</strong></span> <span class='ocrx_word' id='word_1_236' title='bbox 1600 3399 1765 3464; x_wconf 80' lang='lat' dir='ltr'><strong>idem,</strong></span> 
     </span>
    </p>
   </div>
   <div class='ocr_carea' id='block_1_36' title="bbox 261 3490 1601 3567">
    <p class='ocr_par' dir='ltr' id='par_1_36' title="bbox 261 3490 1601 3567">
     <span class='ocr_line' id='line_1_36' title="bbox 261 3490 1601 3567; baseline -0.006 -15"><span class='ocrx_word' id='word_1_237' title='bbox 261 3496 487 3567; x_wconf 87' lang='lat' dir='ltr'><strong>Semper</strong></span> <span class='ocrx_word' id='word_1_238' title='bbox 514 3497 721 3551; x_wconf 90' lang='lat' dir='ltr'><strong>amicus</strong></span> <span class='ocrx_word' id='word_1_239' title='bbox 747 3503 935 3559; x_wconf 89' lang='lat' dir='ltr'><strong>amat,</strong></span> <span class='ocrx_word' id='word_1_240' title='bbox 959 3508 1170 3564; x_wconf 91' lang='lat' dir='ltr'><strong>semper</strong></span> <span class='ocrx_word' id='word_1_241' title='bbox 1189 3492 1453 3547; x_wconf 88' lang='lat' dir='ltr'><strong>amandus</strong></span> <span class='ocrx_word' id='word_1_242' title='bbox 1477 3490 1601 3545; x_wconf 90' lang='lat' dir='ltr'><strong>erit.</strong></span> 
     </span>
    </p>
   </div>
   <div class='ocr_carea' id='block_1_37' title="bbox 188 3580 1660 3657">
    <p class='ocr_par' dir='ltr' id='par_1_37' title="bbox 188 3580 1660 3657">
     <span class='ocr_line' id='line_1_37' title="bbox 188 3580 1660 3657; baseline -0.006 -14"><span class='ocrx_word' id='word_1_243' title='bbox 188 3587 542 3657; x_wconf 76' lang='lat' dir='ltr'><strong>Omnipdtens</strong></span> <span class='ocrx_word' id='word_1_244' title='bbox 562 3584 821 3640; x_wconf 89' lang='lat' dir='ltr'><strong>Dominus</strong></span> <span class='ocrx_word' id='word_1_245' title='bbox 844 3584 1119 3653; x_wconf 83' lang='lat' dir='ltr'><strong>Regnator</strong></span> <span class='ocrx_word' id='word_1_246' title='bbox 1142 3598 1386 3637; x_wconf 86' lang='lat' dir='ltr'><strong>summus</strong></span> <span class='ocrx_word' id='word_1_247' title='bbox 1413 3580 1660 3652; x_wconf 80' lang='lat' dir='ltr'><strong>Olympi,</strong></span> 
     </span>
    </p>
   </div>
   <div class='ocr_carea' id='block_1_38' title="bbox 260 3673 1417 3743">
    <p class='ocr_par' dir='ltr' id='par_1_38' title="bbox 260 3673 1417 3743">
     <span class='ocr_line' id='line_1_38' title="bbox 260 3673 1417 3743; baseline -0.003 -14"><span class='ocrx_word' id='word_1_248' title='bbox 260 3674 522 3731; x_wconf 84' lang='lat' dir='ltr'><strong>Omnibus</strong></span> <span class='ocrx_word' id='word_1_249' title='bbox 550 3675 697 3729; x_wconf 90' lang='lat' dir='ltr'><strong>horis</strong></span> <span class='ocrx_word' id='word_1_250' title='bbox 729 3682 781 3727; x_wconf 92' lang='lat' dir='ltr'><strong>te</strong></span> <span class='ocrx_word' id='word_1_251' title='bbox 801 3680 1048 3743; x_wconf 83' lang='lat' dir='ltr'><strong>protegat</strong></span> <span class='ocrx_word' id='word_1_252' title='bbox 1074 3673 1417 3726; x_wconf 91' lang='lat' dir='ltr'><strong>incolumem.</strong></span> 
     </span>
    </p>
   </div>
   <div class='ocr_carea' id='block_1_39' title="bbox 189 3763 1428 3833">
    <p class='ocr_par' dir='ltr' id='par_1_39' title="bbox 189 3763 1428 3833">
     <span class='ocr_line' id='line_1_39' title="bbox 189 3763 1428 3833; baseline -0.006 -10"><span class='ocrx_word' id='word_1_253' title='bbox 189 3768 245 3823; x_wconf 91' lang='lat' dir='ltr'><strong>In</strong></span> <span class='ocrx_word' id='word_1_254' title='bbox 274 3767 433 3821; x_wconf 85' lang='lat' dir='ltr'><strong>terris</strong></span> <span class='ocrx_word' id='word_1_255' title='bbox 456 3775 664 3830; x_wconf 88' lang='lat' dir='ltr'><strong>servet,</strong></span> <span class='ocrx_word' id='word_1_256' title='bbox 691 3764 812 3819; x_wconf 65' lang='lat' dir='ltr'><strong>caeli</strong></span> <span class='ocrx_word' id='word_1_257' title='bbox 834 3764 1092 3833; x_wconf 87' lang='lat' dir='ltr'><strong>perducat</strong></span> <span class='ocrx_word' id='word_1_258' title='bbox 1117 3763 1184 3817; x_wconf 92' lang='lat' dir='ltr'><strong>ad</strong></span> <span class='ocrx_word' id='word_1_259' title='bbox 1208 3778 1386 3817; x_wconf 89' lang='lat' dir='ltr'><strong>arcem</strong></span> <span class='ocrx_word' id='word_1_260' title='bbox 1413 3804 1428 3828; x_wconf 90' lang='lat'><strong>,</strong></span> 
     </span>
    </p>
   </div>
   <div class='ocr_carea' id='block_1_40' title="bbox 262 3851 1384 3925">
    <p class='ocr_par' dir='ltr' id='par_1_40' title="bbox 262 3851 1384 3925">
     <span class='ocr_line' id='line_1_40' title="bbox 262 3851 1384 3925; baseline -0.005 -14"><span class='ocrx_word' id='word_1_261' title='bbox 262 3854 343 3911; x_wconf 75' lang='lat' dir='ltr'><strong>Me</strong></span> <span class='ocrx_word' id='word_1_262' title='bbox 373 3864 549 3911; x_wconf 88' lang='lat' dir='ltr'><strong>tecum</strong></span> <span class='ocrx_word' id='word_1_263' title='bbox 580 3854 802 3925; x_wconf 83' lang='lat' dir='ltr'><strong>pariter,</strong></span> <span class='ocrx_word' id='word_1_264' title='bbox 830 3851 999 3907; x_wconf 87' lang='lat' dir='ltr'><strong>dulcis</strong></span> <span class='ocrx_word' id='word_1_265' title='bbox 1022 3852 1216 3917; x_wconf 89' lang='lat' dir='ltr'><strong>amice,</strong></span> <span class='ocrx_word' id='word_1_266' title='bbox 1250 3851 1384 3906; x_wconf 83' lang='lat' dir='ltr'><strong>vale.</strong></span> 
     </span>
    </p>
   </div>
   <div class='ocr_carea' id='block_1_41' title="bbox 377 3962 1574 4021">
    <p class='ocr_par' dir='ltr' id='par_1_41' title="bbox 377 3962 1574 4021">
     <span class='ocr_line' id='line_1_41' title="bbox 377 3962 1574 4021; baseline -0.005 0"><span class='ocrx_word' id='word_1_267' title='bbox 377 3964 537 4021; x_wconf 81' lang='lat' dir='ltr'><strong>XVII.</strong></span> <span class='ocrx_word' id='word_1_268' title='bbox 573 3995 647 4006; x_wconf 93' lang='lat'><strong>—</strong></span> <span class='ocrx_word' id='word_1_269' title='bbox 678 3979 746 4019; x_wconf 69' lang='lat' dir='ltr'><strong>an</strong></span> <span class='ocrx_word' id='word_1_270' title='bbox 784 3962 814 4004; x_wconf 69' lang='grc' dir='ltr'><strong>ι)</strong></span> <span class='ocrx_word' id='word_1_271' title='bbox 850 3977 1135 4020; x_wconf 74' lang='lat' dir='ltr'><strong>cannounu</strong></span> <span class='ocrx_word' id='word_1_272' title='bbox 1175 3977 1574 4017; x_wconf 67' lang='lat' dir='ltr'><strong>rnssnv‘rnnuu.</strong></span> 
     </span>
    </p>
   </div>
   <div class='ocr_carea' id='block_1_42' title="bbox 188 4078 1622 4151">
    <p class='ocr_par' dir='ltr' id='par_1_42' title="bbox 188 4078 1622 4151">
     <span class='ocr_line' id='line_1_42' title="bbox 188 4078 1622 4151; baseline -0.001 -15"><span class='ocrx_word' id='word_1_273' title='bbox 188 4079 529 4151; x_wconf 84' lang='lat' dir='ltr'><strong>Clavipotens</strong></span> <span class='ocrx_word' id='word_1_274' title='bbox 557 4079 723 4135; x_wconf 89' lang='lat' dir='ltr'><strong>frater</strong></span> <span class='ocrx_word' id='word_1_275' title='bbox 742 4078 899 4135; x_wconf 90' lang='lat' dir='ltr'><strong>simul</strong></span> <span class='ocrx_word' id='word_1_276' title='bbox 929 4079 1391 4149; x_wconf 85' lang='lat' dir='ltr'><strong>homonymusque</strong></span> <span class='ocrx_word' id='word_1_277' title='bbox 1413 4080 1622 4151; x_wconf 72' lang='lat' dir='ltr'><strong>sagitta:</strong></span> 
     </span>
    </p>
   </div>
   <div class='ocr_carea' id='block_1_43' title="bbox 261 4167 1405 4234">
    <p class='ocr_par' dir='ltr' id='par_1_43' title="bbox 261 4167 1405 4234">
     <span class='ocr_line' id='line_1_43' title="bbox 261 4167 1405 4234; baseline -0.001 -10"><span class='ocrx_word' id='word_1_278' title='bbox 261 4168 489 4224; x_wconf 87' lang='lat' dir='ltr'><strong>Parvula</strong></span> <span class='ocrx_word' id='word_1_279' title='bbox 519 4170 632 4224; x_wconf 56' lang='lat' dir='ltr'><strong>hate</strong></span> <span class='ocrx_word' id='word_1_280' title='bbox 659 4169 817 4225; x_wconf 86' lang='lat' dir='ltr'><strong>liceat</strong></span> <span class='ocrx_word' id='word_1_281' title='bbox 840 4168 1081 4223; x_wconf 89' lang='lat' dir='ltr'><strong>carmina</strong></span> <span class='ocrx_word' id='word_1_282' title='bbox 1109 4167 1251 4224; x_wconf 90' lang='lat' dir='ltr'><strong>ferre</strong></span> <span class='ocrx_word' id='word_1_283' title='bbox 1279 4169 1405 4234; x_wconf 87' lang='lat' dir='ltr'><strong>tibi,</strong></span> 
     </span>
    </p>
   </div>
   <div class='ocr_carea' id='block_1_44' title="bbox 191 4257 1518 4330">
    <p class='ocr_par' dir='ltr' id='par_1_44' title="bbox 191 4257 1518 4330">
     <span class='ocr_line' id='line_1_44' title="bbox 191 4257 1518 4330; baseline 0.002 -18"><span class='ocrx_word' id='word_1_284' title='bbox 191 4257 322 4327; x_wconf 66' lang='lat' dir='ltr'><strong>Quae</strong></span> <span class='ocrx_word' id='word_1_285' title='bbox 356 4259 535 4330; x_wconf 87' lang='lat' dir='ltr'><strong>rapuit</strong></span> <span class='ocrx_word' id='word_1_286' title='bbox 559 4261 800 4315; x_wconf 90' lang='lat' dir='ltr'><strong>calamus</strong></span> <span class='ocrx_word' id='word_1_287' title='bbox 828 4259 1007 4315; x_wconf 90' lang='lat' dir='ltr'><strong>subito</strong></span> <span class='ocrx_word' id='word_1_288' title='bbox 1026 4257 1278 4313; x_wconf 90' lang='lat' dir='ltr'><strong>dictantis</strong></span> <span class='ocrx_word' id='word_1_289' title='bbox 1300 4261 1368 4315; x_wconf 88' lang='lat' dir='ltr'><strong>ab</strong></span> <span class='ocrx_word' id='word_1_290' title='bbox 1389 4275 1485 4315; x_wconf 91' lang='lat' dir='ltr'><strong>ore</strong></span> <span class='ocrx_word' id='word_1_291' title='bbox 1501 4300 1518 4326; x_wconf 88' lang='lat'><strong>,</strong></span> 
     </span>
    </p>
   </div>
   <div class='ocr_carea' id='block_1_45' title="bbox 265 4349 1458 4420">
    <p class='ocr_par' dir='ltr' id='par_1_45' title="bbox 265 4349 1458 4420">
     <span class='ocr_line' id='line_1_45' title="bbox 265 4349 1458 4420; baseline 0.001 -17"><span class='ocrx_word' id='word_1_292' title='bbox 265 4349 522 4419; x_wconf 82' lang='lat' dir='ltr'><strong>Musaque</strong></span> <span class='ocrx_word' id='word_1_293' title='bbox 547 4350 688 4405; x_wconf 85' lang='lat' dir='ltr'><strong>lassa</strong></span> <span class='ocrx_word' id='word_1_294' title='bbox 717 4351 862 4405; x_wconf 88' lang='lat' dir='ltr'><strong>dedit</strong></span> <span class='ocrx_word' id='word_1_295' title='bbox 886 4359 1126 4420; x_wconf 88' lang='lat' dir='ltr'><strong>tempore</strong></span> <span class='ocrx_word' id='word_1_296' title='bbox 1150 4364 1256 4404; x_wconf 89' lang='lat' dir='ltr'><strong>non</strong></span> <span class='ocrx_word' id='word_1_297' title='bbox 1280 4350 1458 4406; x_wconf 88' lang='lat' dir='ltr'><strong>solito.</strong></span> 
     </span>
    </p>
   </div>
   <div class='ocr_carea' id='block_1_46' title="bbox 192 4441 1591 4512">
    <p class='ocr_par' dir='ltr' id='par_1_46' title="bbox 192 4441 1591 4512">
     <span class='ocr_line' id='line_1_46' title="bbox 192 4441 1591 4512; baseline 0 -11"><span class='ocrx_word' id='word_1_298' title='bbox 192 4441 441 4501; x_wconf 81' lang='lat' dir='ltr'><strong>Carmina</strong></span> <span class='ocrx_word' id='word_1_299' title='bbox 459 4458 612 4498; x_wconf 89' lang='lat' dir='ltr'><strong>sacra</strong></span> <span class='ocrx_word' id='word_1_300' title='bbox 636 4444 729 4499; x_wconf 90' lang='lat' dir='ltr'><strong>tibi</strong></span> <span class='ocrx_word' id='word_1_301' title='bbox 760 4452 1036 4508; x_wconf 87' lang='lat' dir='ltr'><strong>resonent,</strong></span> <span class='ocrx_word' id='word_1_302' title='bbox 1059 4444 1375 4500; x_wconf 75' lang='lat' dir='ltr'><strong>charissima</strong></span> <span class='ocrx_word' id='word_1_303' title='bbox 1401 4444 1591 4512; x_wconf 80' lang='lat' dir='ltr'><strong>frater,</strong></span> 
     </span>
    </p>
   </div>
   <div class='ocr_carea' id='block_1_47' title="bbox 264 4522 1415 4607">
    <p class='ocr_par' dir='ltr' id='par_1_47' title="bbox 264 4522 1415 4607">
     <span class='ocr_line' id='line_1_47' title="bbox 264 4522 1415 4607; baseline 0.002 -18"><span class='ocrx_word' id='word_1_304' title='bbox 264 4534 346 4590; x_wconf 88' lang='lat' dir='ltr'><strong>Sit</strong></span> <span class='ocrx_word' id='word_1_305' title='bbox 366 4522 577 4607; x_wconf 87' lang='lat' dir='ltr'><strong>semper</strong></span> <span class='ocrx_word' id='word_1_306' title='bbox 597 4534 845 4593; x_wconf 86' lang='lat' dir='ltr'><strong>Christus</strong></span> <span class='ocrx_word' id='word_1_307' title='bbox 865 4552 1082 4592; x_wconf 88' lang='lat' dir='ltr'><strong>carmen</strong></span> <span class='ocrx_word' id='word_1_308' title='bbox 1109 4537 1159 4591; x_wconf 90' lang='lat' dir='ltr'><strong>in</strong></span> <span class='ocrx_word' id='word_1_309' title='bbox 1186 4554 1280 4592; x_wconf 87' lang='lat' dir='ltr'><strong>ore</strong></span> <span class='ocrx_word' id='word_1_310' title='bbox 1306 4547 1415 4593; x_wconf 86' lang='lat' dir='ltr'><strong>tuo.</strong></span> 
     </span>
    </p>
   </div>
   <div class='ocr_carea' id='block_1_48' title="bbox 1794 3204 1986 3304">
    <p class='ocr_par' dir='ltr' id='par_1_48' title="bbox 1794 3204 1986 3304">
     <span class='ocr_line' id='line_1_48' title="bbox 1794 3204 1986 3304; baseline 0 0"><span class='ocrx_word' id='word_1_311' title='bbox 1794 3204 1839 3268; x_wconf 75' lang='grc' dir='ltr'>ο</span> <span class='ocrx_word' id='word_1_312' title='bbox 1875 3204 1986 3304; x_wconf 68' lang='lat' dir='ltr'><strong>&quot;&#39;u</strong></span> 
     </span>
    </p>
   </div>
   <div class='ocr_carea' id='block_1_49' title="bbox 1941 579 3042 651">
    <p class='ocr_par' dir='ltr' id='par_1_49' title="bbox 1941 579 3042 651">
     <span class='ocr_line' id='line_1_49' title="bbox 1941 579 3042 651; baseline -0.002 -14"><span class='ocrx_word' id='word_1_313' title='bbox 1941 581 2039 638; x_wconf 83' lang='lat' dir='ltr'><strong>Hic</strong></span> <span class='ocrx_word' id='word_1_314' title='bbox 2056 581 2228 651; x_wconf 77' lang='lat' dir='ltr'><strong>clavis</strong></span> <span class='ocrx_word' id='word_1_315' title='bbox 2257 580 2455 647; x_wconf 81' lang='lat' dir='ltr'><strong>David,</strong></span> <span class='ocrx_word' id='word_1_316' title='bbox 2486 580 2672 651; x_wconf 85' lang='lat' dir='ltr'><strong>sophia</strong></span> <span class='ocrx_word' id='word_1_317' title='bbox 2696 588 2754 636; x_wconf 90' lang='lat' dir='ltr'><strong>et</strong></span> <span class='ocrx_word' id='word_1_318' title='bbox 2781 579 2889 636; x_wconf 87' lang='lat' dir='ltr'><strong>alta</strong></span> <span class='ocrx_word' id='word_1_319' title='bbox 2926 582 3042 638; x_wconf 86' lang='lat' dir='ltr'><strong>Dei.</strong></span> 
     </span>
    </p>
   </div>
   <div class='ocr_carea' id='block_1_50' title="bbox 1876 671 3212 744">
    <p class='ocr_par' dir='ltr' id='par_1_50' title="bbox 1876 671 3212 744">
     <span class='ocr_line' id='line_1_50' title="bbox 1876 671 3212 744; baseline 0.003 -18"><span class='ocrx_word' id='word_1_320' title='bbox 1876 671 1979 741; x_wconf 83' lang='lat' dir='ltr'><strong>Qui</strong></span> <span class='ocrx_word' id='word_1_321' title='bbox 2014 681 2066 728; x_wconf 90' lang='lat' dir='ltr'><strong>te</strong></span> <span class='ocrx_word' id='word_1_322' title='bbox 2089 672 2366 744; x_wconf 87' lang='lat' dir='ltr'><strong>perpetuis</strong></span> <span class='ocrx_word' id='word_1_323' title='bbox 2386 671 2626 728; x_wconf 83' lang='lat' dir='ltr'><strong>clemens</strong></span> <span class='ocrx_word' id='word_1_324' title='bbox 2648 680 2935 729; x_wconf 83' lang='lat' dir='ltr'><strong>conservet</strong></span> <span class='ocrx_word' id='word_1_325' title='bbox 2954 673 3013 729; x_wconf 87' lang='lat' dir='ltr'><strong>in</strong></span> <span class='ocrx_word' id='word_1_326' title='bbox 3035 674 3212 735; x_wconf 86' lang='lat' dir='ltr'><strong>annis.</strong></span> 
     </span>
    </p>
   </div>
   <div class='ocr_carea' id='block_1_51' title="bbox 1938 762 3095 834">
    <p class='ocr_par' dir='ltr' id='par_1_51' title="bbox 1938 762 3095 834">
     <span class='ocr_line' id='line_1_51' title="bbox 1938 762 3095 834; baseline 0 -15"><span class='ocrx_word' id='word_1_327' title='bbox 1938 762 2273 820; x_wconf 79' lang='lat' dir='ltr'><strong>Gaudentem</strong></span> <span class='ocrx_word' id='word_1_328' title='bbox 2296 777 2480 819; x_wconf 85' lang='lat' dir='ltr'><strong>secum</strong></span> <span class='ocrx_word' id='word_1_329' title='bbox 2503 778 2716 833; x_wconf 83' lang='lat' dir='ltr'><strong>semper</strong></span> <span class='ocrx_word' id='word_1_330' title='bbox 2740 764 2797 818; x_wconf 86' lang='lat' dir='ltr'><strong>in</strong></span> <span class='ocrx_word' id='word_1_331' title='bbox 2821 779 2947 820; x_wconf 89' lang='lat' dir='ltr'><strong>arce</strong></span> <span class='ocrx_word' id='word_1_332' title='bbox 2966 765 3095 834; x_wconf 92' lang='lat' dir='ltr'><strong>poli.</strong></span> 
     </span>
    </p>
   </div>
   <div class='ocr_carea' id='block_1_52' title="bbox 1873 852 3278 924">
    <p class='ocr_par' dir='ltr' id='par_1_52' title="bbox 1873 852 3278 924">
     <span class='ocr_line' id='line_1_52' title="bbox 1873 852 3278 924; baseline 0.004 -18"><span class='ocrx_word' id='word_1_333' title='bbox 1873 852 2060 909; x_wconf 90' lang='lat' dir='ltr'><strong>Dicere</strong></span> <span class='ocrx_word' id='word_1_334' title='bbox 2082 853 2211 923; x_wconf 87' lang='lat' dir='ltr'><strong>quid</strong></span> <span class='ocrx_word' id='word_1_335' title='bbox 2238 867 2457 924; x_wconf 86' lang='lat' dir='ltr'><strong>possum</strong></span> <span class='ocrx_word' id='word_1_336' title='bbox 2484 853 2552 907; x_wconf 91' lang='lat' dir='ltr'><strong>de</strong></span> <span class='ocrx_word' id='word_1_337' title='bbox 2576 868 2769 923; x_wconf 86' lang='lat' dir='ltr'><strong>magna</strong></span> <span class='ocrx_word' id='word_1_338' title='bbox 2799 854 2955 910; x_wconf 70' lang='lat' dir='ltr'><strong>Laude</strong></span> <span class='ocrx_word' id='word_1_339' title='bbox 2982 854 3245 911; x_wconf 90' lang='lat' dir='ltr'><strong>librorum</strong></span> <span class='ocrx_word' id='word_1_340' title='bbox 3261 897 3278 921; x_wconf 87' lang='lat'><strong>,</strong></span> 
     </span>
    </p>
   </div>
   <div class='ocr_carea' id='block_1_53' title="bbox 1939 946 3165 1017">
    <p class='ocr_par' dir='ltr' id='par_1_53' title="bbox 1939 946 3165 1017">
     <span class='ocr_line' id='line_1_53' title="bbox 1939 946 3165 1017; baseline 0.004 -16"><span class='ocrx_word' id='word_1_341' title='bbox 1939 946 2085 1014; x_wconf 86' lang='lat' dir='ltr'><strong>Quos</strong></span> <span class='ocrx_word' id='word_1_342' title='bbox 2105 947 2206 1002; x_wconf 89' lang='lat' dir='ltr'><strong>sub</strong></span> <span class='ocrx_word' id='word_1_343' title='bbox 2228 947 2380 1002; x_wconf 87' lang='lat' dir='ltr'><strong>clave</strong></span> <span class='ocrx_word' id='word_1_344' title='bbox 2403 954 2554 1003; x_wconf 85' lang='lat' dir='ltr'><strong>tenes</strong></span> <span class='ocrx_word' id='word_1_345' title='bbox 2579 986 2594 1012; x_wconf 89' lang='lat'><strong>,</strong></span> <span class='ocrx_word' id='word_1_346' title='bbox 2622 947 2790 1004; x_wconf 84' lang='lat' dir='ltr'><strong>frater</strong></span> <span class='ocrx_word' id='word_1_347' title='bbox 2808 958 2988 1005; x_wconf 80' lang='lat' dir='ltr'><strong>amate</strong></span> <span class='ocrx_word' id='word_1_348' title='bbox 3003 991 3017 1017; x_wconf 93' lang='lat'><strong>,</strong></span> <span class='ocrx_word' id='word_1_349' title='bbox 3045 962 3136 1006; x_wconf 89' lang='lat' dir='ltr'><strong>tuo</strong></span> <span class='ocrx_word' id='word_1_350' title='bbox 3150 993 3165 1016; x_wconf 93' lang='lat'><strong>,</strong></span> 
     </span>
    </p>
   </div>
   <div class='ocr_carea' id='block_1_54' title="bbox 1868 1037 3251 1110">
    <p class='ocr_par' dir='ltr' id='par_1_54' title="bbox 1868 1037 3251 1110">
     <span class='ocr_line' id='line_1_54' title="bbox 1868 1037 3251 1110; baseline 0.005 -18"><span class='ocrx_word' id='word_1_351' title='bbox 1868 1037 2137 1109; x_wconf 81' lang='lat' dir='ltr'><strong>Quidquid</strong></span> <span class='ocrx_word' id='word_1_352' title='bbox 2159 1039 2228 1094; x_wconf 90' lang='lat' dir='ltr'><strong>ab</strong></span> <span class='ocrx_word' id='word_1_353' title='bbox 2252 1054 2379 1095; x_wconf 85' lang='lat' dir='ltr'><strong>arce</strong></span> <span class='ocrx_word' id='word_1_354' title='bbox 2406 1041 2549 1095; x_wconf 85' lang='lat' dir='ltr'><strong>Deus</strong></span> <span class='ocrx_word' id='word_1_355' title='bbox 2577 1040 2700 1097; x_wconf 67' lang='lat' dir='ltr'><strong>coeli</strong></span> <span class='ocrx_word' id='word_1_356' title='bbox 2735 1042 2932 1097; x_wconf 74' lang='lat' dir='ltr'><strong>direxit</strong></span> <span class='ocrx_word' id='word_1_357' title='bbox 2953 1044 3006 1097; x_wconf 93' lang='lat' dir='ltr'><strong>in</strong></span> <span class='ocrx_word' id='word_1_358' title='bbox 3031 1045 3216 1101; x_wconf 88' lang='lat' dir='ltr'><strong>orbem</strong></span> <span class='ocrx_word' id='word_1_359' title='bbox 3235 1085 3251 1110; x_wconf 94' lang='lat'><strong>,</strong></span> 
     </span>
    </p>
   </div>
   <div class='ocr_carea' id='block_1_55' title="bbox 1941 1129 3072 1201">
    <p class='ocr_par' dir='ltr' id='par_1_55' title="bbox 1941 1129 3072 1201">
     <span class='ocr_line' id='line_1_55' title="bbox 1941 1129 3072 1201; baseline 0.004 -16"><span class='ocrx_word' id='word_1_360' title='bbox 1941 1129 2241 1199; x_wconf 71' lang='lat' dir='ltr'><strong>Scriptum</strong></span> <span class='ocrx_word' id='word_1_361' title='bbox 2264 1139 2467 1186; x_wconf 74' lang='lat' dir='ltr'><strong>sancta:</strong></span> <span class='ocrx_word' id='word_1_362' title='bbox 2491 1145 2592 1199; x_wconf 89' lang='lat' dir='ltr'><strong>per</strong></span> <span class='ocrx_word' id='word_1_363' title='bbox 2616 1132 2700 1201; x_wconf 91' lang='lat' dir='ltr'><strong>pia</strong></span> <span class='ocrx_word' id='word_1_364' title='bbox 2730 1133 2893 1187; x_wconf 85' lang='lat' dir='ltr'><strong>verba</strong></span> <span class='ocrx_word' id='word_1_365' title='bbox 2923 1135 3072 1189; x_wconf 88' lang='lat' dir='ltr'><strong>viris.</strong></span> 
     </span>
    </p>
   </div>
   <div class='ocr_carea' id='block_1_56' title="bbox 1867 1218 3060 1290">
    <p class='ocr_par' dir='ltr' id='par_1_56' title="bbox 1867 1218 3060 1290">
     <span class='ocr_line' id='line_1_56' title="bbox 1867 1218 3060 1290; baseline 0.006 -19"><span class='ocrx_word' id='word_1_366' title='bbox 1867 1218 1981 1273; x_wconf 92' lang='lat' dir='ltr'><strong>Illic</strong></span> <span class='ocrx_word' id='word_1_367' title='bbox 2004 1219 2276 1281; x_wconf 89' lang='lat' dir='ltr'><strong>invenies,</strong></span> <span class='ocrx_word' id='word_1_368' title='bbox 2304 1219 2563 1290; x_wconf 88' lang='lat' dir='ltr'><strong>quidquid</strong></span> <span class='ocrx_word' id='word_1_369' title='bbox 2589 1221 2851 1290; x_wconf 87' lang='lat' dir='ltr'><strong>sapientia</strong></span> <span class='ocrx_word' id='word_1_370' title='bbox 2876 1225 3060 1279; x_wconf 88' lang='lat' dir='ltr'><strong>mundi</strong></span> 
     </span>
    </p>
   </div>
   <div class='ocr_carea' id='block_1_57' title="bbox 1940 1311 3083 1384">
    <p class='ocr_par' dir='ltr' id='par_1_57' title="bbox 1940 1311 3083 1384">
     <span class='ocr_line' id='line_1_57' title="bbox 1940 1311 3083 1384; baseline 0.003 -19"><span class='ocrx_word' id='word_1_371' title='bbox 1940 1311 2169 1371; x_wconf 87' lang='lat' dir='ltr'><strong>Protulit</strong></span> <span class='ocrx_word' id='word_1_372' title='bbox 2194 1314 2248 1367; x_wconf 94' lang='lat' dir='ltr'><strong>in</strong></span> <span class='ocrx_word' id='word_1_373' title='bbox 2280 1313 2512 1368; x_wconf 88' lang='lat' dir='ltr'><strong>medium</strong></span> <span class='ocrx_word' id='word_1_374' title='bbox 2542 1315 2870 1384; x_wconf 84' lang='lat' dir='ltr'><strong>temporibus</strong></span> <span class='ocrx_word' id='word_1_375' title='bbox 2894 1315 3083 1371; x_wconf 89' lang='lat' dir='ltr'><strong>variis.</strong></span> 
     </span>
    </p>
   </div>
   <div class='ocr_carea' id='block_1_58' title="bbox 1868 1400 2953 1473">
    <p class='ocr_par' dir='ltr' id='par_1_58' title="bbox 1868 1400 2953 1473">
     <span class='ocr_line' id='line_1_58' title="bbox 1868 1400 2953 1473; baseline 0.003 -19"><span class='ocrx_word' id='word_1_376' title='bbox 1868 1400 1962 1455; x_wconf 65' lang='lat' dir='ltr'><strong>Hae</strong></span> <span class='ocrx_word' id='word_1_377' title='bbox 1995 1409 2047 1456; x_wconf 88' lang='lat' dir='ltr'><strong>te</strong></span> <span class='ocrx_word' id='word_1_378' title='bbox 2072 1401 2276 1457; x_wconf 68' lang='lat' dir='ltr'><strong>delicia:</strong></span> <span class='ocrx_word' id='word_1_379' title='bbox 2304 1401 2449 1473; x_wconf 85' lang='lat' dir='ltr'><strong>larga</strong></span> <span class='ocrx_word' id='word_1_380' title='bbox 2480 1402 2678 1472; x_wconf 86' lang='lat' dir='ltr'><strong>pietate</strong></span> <span class='ocrx_word' id='word_1_381' title='bbox 2702 1402 2953 1459; x_wconf 82' lang='lat' dir='ltr'><strong>ﬂuentem</strong></span> 
     </span>
    </p>
   </div>
   <div class='ocr_carea' id='block_1_59' title="bbox 1938 1493 3186 1563">
    <p class='ocr_par' dir='ltr' id='par_1_59' title="bbox 1938 1493 3186 1563">
     <span class='ocr_line' id='line_1_59' title="bbox 1938 1493 3186 1563; baseline 0.002 -17"><span class='ocrx_word' id='word_1_382' title='bbox 1938 1493 2249 1557; x_wconf 89' lang='lat' dir='ltr'><strong>Delectent,</strong></span> <span class='ocrx_word' id='word_1_383' title='bbox 2279 1493 2543 1559; x_wconf 83' lang='lat' dir='ltr'><strong>habeant,</strong></span> <span class='ocrx_word' id='word_1_384' title='bbox 2573 1494 2915 1563; x_wconf 84' lang='lat' dir='ltr'><strong>possideant,</strong></span> <span class='ocrx_word' id='word_1_385' title='bbox 2949 1503 3186 1549; x_wconf 87' lang='lat' dir='ltr'><strong>teneant.</strong></span> 
     </span>
    </p>
   </div>
   <div class='ocr_carea' id='block_1_60' title="bbox 1866 1582 3452 1656">
    <p class='ocr_par' dir='ltr' id='par_1_60' title="bbox 1866 1582 3452 1656">
     <span class='ocr_line' id='line_1_60' title="bbox 1866 1582 3452 1656; baseline 0.003 -18"><span class='ocrx_word' id='word_1_386' title='bbox 1866 1582 1953 1638; x_wconf 80' lang='lat' dir='ltr'><strong>Nil</strong></span> <span class='ocrx_word' id='word_1_387' title='bbox 1977 1584 2075 1639; x_wconf 87' lang='lat' dir='ltr'><strong>tibi</strong></span> <span class='ocrx_word' id='word_1_388' title='bbox 2100 1600 2223 1640; x_wconf 91' lang='lat' dir='ltr'><strong>cum</strong></span> <span class='ocrx_word' id='word_1_389' title='bbox 2263 1584 2496 1651; x_wconf 86' lang='lat' dir='ltr'><strong>mundo,</strong></span> <span class='ocrx_word' id='word_1_390' title='bbox 2534 1586 2763 1640; x_wconf 89' lang='lat' dir='ltr'><strong>mundus</strong></span> <span class='ocrx_word' id='word_1_391' title='bbox 2798 1586 2925 1640; x_wconf 89' lang='lat' dir='ltr'><strong>dum</strong></span> <span class='ocrx_word' id='word_1_392' title='bbox 2964 1587 3208 1656; x_wconf 59' lang='lat' dir='ltr'><strong>praeterit</strong></span> <span class='ocrx_word' id='word_1_393' title='bbox 3237 1587 3452 1656; x_wconf 85' lang='lat' dir='ltr'><strong>omnis,</strong></span> 
     </span>
    </p>
   </div>
   <div class='ocr_carea' id='block_1_61' title="bbox 1939 1674 3040 1748">
    <p class='ocr_par' dir='ltr' id='par_1_61' title="bbox 1939 1674 3040 1748">
     <span class='ocr_line' id='line_1_61' title="bbox 1939 1674 3040 1748; baseline 0.002 -18"><span class='ocrx_word' id='word_1_394' title='bbox 1939 1674 2093 1731; x_wconf 86' lang='lat' dir='ltr'><strong>Illius</strong></span> <span class='ocrx_word' id='word_1_395' title='bbox 2119 1691 2182 1731; x_wconf 90' lang='lat' dir='ltr'><strong>ac</strong></span> <span class='ocrx_word' id='word_1_396' title='bbox 2204 1678 2413 1748; x_wconf 89' lang='lat' dir='ltr'><strong>pariter</strong></span> <span class='ocrx_word' id='word_1_397' title='bbox 2429 1674 2493 1731; x_wconf 75' lang='lat' dir='ltr'><strong>et&#39;</strong></span> <span class='ocrx_word' id='word_1_398' title='bbox 2506 1677 2673 1732; x_wconf 80' lang='lat' dir='ltr'><strong>decus</strong></span> <span class='ocrx_word' id='word_1_399' title='bbox 2688 1718 2704 1742; x_wconf 91' lang='lat'><strong>,</strong></span> <span class='ocrx_word' id='word_1_400' title='bbox 2730 1685 2786 1732; x_wconf 89' lang='lat' dir='ltr'><strong>et</strong></span> <span class='ocrx_word' id='word_1_401' title='bbox 2809 1678 3040 1748; x_wconf 89' lang='lat' dir='ltr'><strong>species.</strong></span> 
     </span>
    </p>
   </div>
   <div class='ocr_carea' id='block_1_62' title="bbox 1868 1765 3389 1837">
    <p class='ocr_par' dir='ltr' id='par_1_62' title="bbox 1868 1765 3389 1837">
     <span class='ocr_line' id='line_1_62' title="bbox 1868 1765 3389 1837; baseline 0.004 -17"><span class='ocrx_word' id='word_1_402' title='bbox 1868 1765 2106 1821; x_wconf 84' lang='lat' dir='ltr'><strong>Verbum</strong></span> <span class='ocrx_word' id='word_1_403' title='bbox 2136 1782 2371 1837; x_wconf 82' lang='lat' dir='ltr'><strong>namque</strong></span> <span class='ocrx_word' id='word_1_404' title='bbox 2391 1767 2518 1833; x_wconf 89' lang='lat' dir='ltr'><strong>Dei,</strong></span> <span class='ocrx_word' id='word_1_405' title='bbox 2545 1776 2602 1823; x_wconf 88' lang='lat' dir='ltr'><strong>et</strong></span> <span class='ocrx_word' id='word_1_406' title='bbox 2626 1769 2775 1823; x_wconf 87' lang='lat' dir='ltr'><strong>verbi</strong></span> <span class='ocrx_word' id='word_1_407' title='bbox 2800 1777 3073 1825; x_wconf 87' lang='lat' dir='ltr'><strong>scrutator</strong></span> <span class='ocrx_word' id='word_1_408' title='bbox 3094 1770 3353 1827; x_wconf 85' lang='lat' dir='ltr'><strong>honestus</strong></span> <span class='ocrx_word' id='word_1_409' title='bbox 3370 1811 3389 1837; x_wconf 86' lang='lat'><strong>,</strong></span> 
     </span>
    </p>
   </div>
   <div class='ocr_carea' id='block_1_63' title="bbox 1796 1841 3022 1929">
    <p class='ocr_par' dir='ltr' id='par_1_63' title="bbox 1796 1841 3022 1929">
     <span class='ocr_line' id='line_1_63' title="bbox 1796 1841 3022 1929; baseline 0.002 -19"><span class='ocrx_word' id='word_1_410' title='bbox 1796 1841 1843 1901; x_wconf 83' lang='grc' dir='ltr'><strong>Β</strong></span> <span class='ocrx_word' id='word_1_411' title='bbox 1940 1855 2245 1911; x_wconf 89' lang='lat' dir='ltr'><strong>Perdurant</strong></span> <span class='ocrx_word' id='word_1_412' title='bbox 2272 1871 2490 1927; x_wconf 90' lang='lat' dir='ltr'><strong>semper</strong></span> <span class='ocrx_word' id='word_1_413' title='bbox 2518 1857 2718 1912; x_wconf 90' lang='lat' dir='ltr'><strong>lumine</strong></span> <span class='ocrx_word' id='word_1_414' title='bbox 2742 1868 3022 1929; x_wconf 79' lang='lat' dir='ltr'><strong>perpetuo.</strong></span> 
     </span>
    </p>
   </div>
   <div class='ocr_carea' id='block_1_64' title="bbox 1870 1946 3040 2019">
    <p class='ocr_par' dir='ltr' id='par_1_64' title="bbox 1870 1946 3040 2019">
     <span class='ocr_line' id='line_1_64' title="bbox 1870 1946 3040 2019; baseline 0.002 -18"><span class='ocrx_word' id='word_1_415' title='bbox 1870 1946 2004 2002; x_wconf 89' lang='lat' dir='ltr'><strong>Vive</strong></span> <span class='ocrx_word' id='word_1_416' title='bbox 2028 1947 2138 2003; x_wconf 87' lang='lat' dir='ltr'><strong>Deo</strong></span> <span class='ocrx_word' id='word_1_417' title='bbox 2160 1949 2271 2002; x_wconf 89' lang='lat' dir='ltr'><strong>vita</strong></span> <span class='ocrx_word' id='word_1_418' title='bbox 2302 1947 2425 2003; x_wconf 78' lang='lat' dir='ltr'><strong>felix</strong></span> <span class='ocrx_word' id='word_1_419' title='bbox 2444 1989 2459 2012; x_wconf 89' lang='lat'><strong>,</strong></span> <span class='ocrx_word' id='word_1_420' title='bbox 2492 1956 2547 2003; x_wconf 87' lang='lat' dir='ltr'><strong>et</strong></span> <span class='ocrx_word' id='word_1_421' title='bbox 2577 1949 2697 2004; x_wconf 86' lang='lat' dir='ltr'><strong>vive</strong></span> <span class='ocrx_word' id='word_1_422' title='bbox 2721 1964 2819 2019; x_wconf 91' lang='lat' dir='ltr'><strong>per</strong></span> <span class='ocrx_word' id='word_1_423' title='bbox 2846 1964 3040 2004; x_wconf 64' lang='lat' dir='ltr'><strong>aevum.</strong></span> 
     </span>
    </p>
   </div>
   <div class='ocr_carea' id='block_1_65' title="bbox 1940 2037 3143 2109">
    <p class='ocr_par' dir='ltr' id='par_1_65' title="bbox 1940 2037 3143 2109">
     <span class='ocr_line' id='line_1_65' title="bbox 1940 2037 3143 2109; baseline 0.004 -16"><span class='ocrx_word' id='word_1_424' title='bbox 1940 2037 2145 2109; x_wconf 88' lang='lat' dir='ltr'><strong>Nempe</strong></span> <span class='ocrx_word' id='word_1_425' title='bbox 2171 2041 2330 2096; x_wconf 85' lang='lat' dir='ltr'><strong>beata</strong></span> <span class='ocrx_word' id='word_1_426' title='bbox 2356 2043 2496 2097; x_wconf 85' lang='lat' dir='ltr'><strong>bona</strong></span> <span class='ocrx_word' id='word_1_427' title='bbox 2527 2049 2613 2096; x_wconf 89' lang='lat' dir='ltr'><strong>est</strong></span> <span class='ocrx_word' id='word_1_428' title='bbox 2634 2041 2846 2107; x_wconf 86' lang='lat' dir='ltr'><strong>vivere,</strong></span> <span class='ocrx_word' id='word_1_429' title='bbox 2875 2041 2985 2095; x_wconf 88' lang='lat' dir='ltr'><strong>vita</strong></span> <span class='ocrx_word' id='word_1_430' title='bbox 3012 2042 3143 2098; x_wconf 91' lang='lat' dir='ltr'><strong>Deo.</strong></span> 
     </span>
    </p>
   </div>
   <div class='ocr_carea' id='block_1_66' title="bbox 1868 2129 3377 2207">
    <p class='ocr_par' dir='ltr' id='par_1_66' title="bbox 1868 2129 3377 2207">
     <span class='ocr_line' id='line_1_66' title="bbox 1868 2129 3377 2207; baseline 0.004 -22"><span class='ocrx_word' id='word_1_431' title='bbox 1868 2129 2050 2187; x_wconf 89' lang='lat' dir='ltr'><strong>Dulcis</strong></span> <span class='ocrx_word' id='word_1_432' title='bbox 2074 2147 2223 2187; x_wconf 85' lang='lat' dir='ltr'><strong>amor</strong></span> <span class='ocrx_word' id='word_1_433' title='bbox 2236 2131 2438 2189; x_wconf 87' lang='lat' dir='ltr'><strong>Christi</strong></span> <span class='ocrx_word' id='word_1_434' title='bbox 2456 2172 2471 2197; x_wconf 91' lang='lat'><strong>,</strong></span> <span class='ocrx_word' id='word_1_435' title='bbox 2486 2132 2767 2203; x_wconf 84' lang='lat' dir='ltr'><strong>dulcisque</strong></span> <span class='ocrx_word' id='word_1_436' title='bbox 2790 2133 3115 2189; x_wconf 89' lang='lat' dir='ltr'><strong>domuncula</strong></span> <span class='ocrx_word' id='word_1_437' title='bbox 3140 2149 3377 2207; x_wconf 85' lang='lat' dir='ltr'><strong>semper,</strong></span> 
     </span>
    </p>
   </div>
   <div class='ocr_carea' id='block_1_67' title="bbox 1941 2220 3165 2289">
    <p class='ocr_par' dir='ltr' id='par_1_67' title="bbox 1941 2220 3165 2289">
     <span class='ocr_line' id='line_1_67' title="bbox 1941 2220 3165 2289; baseline 0.002 -14"><span class='ocrx_word' id='word_1_438' title='bbox 1941 2220 2113 2277; x_wconf 88' lang='lat' dir='ltr'><strong>Dulce</strong></span> <span class='ocrx_word' id='word_1_439' title='bbox 2139 2222 2307 2278; x_wconf 87' lang='lat' dir='ltr'><strong>melos</strong></span> <span class='ocrx_word' id='word_1_440' title='bbox 2337 2223 2432 2278; x_wconf 89' lang='lat' dir='ltr'><strong>tibi</strong></span> <span class='ocrx_word' id='word_1_441' title='bbox 2453 2223 2542 2289; x_wconf 88' lang='lat' dir='ltr'><strong>sit,</strong></span> <span class='ocrx_word' id='word_1_442' title='bbox 2576 2222 2751 2279; x_wconf 86' lang='lat' dir='ltr'><strong>dulcis</strong></span> <span class='ocrx_word' id='word_1_443' title='bbox 2773 2224 2965 2289; x_wconf 90' lang='lat' dir='ltr'><strong>amice,</strong></span> <span class='ocrx_word' id='word_1_444' title='bbox 2989 2238 3165 2279; x_wconf 85' lang='lat' dir='ltr'><strong>suum.</strong></span> 
     </span>
    </p>
   </div>
   <div class='ocr_carea' id='block_1_68' title="bbox 1869 2310 3226 2382">
    <p class='ocr_par' dir='ltr' id='par_1_68' title="bbox 1869 2310 3226 2382">
     <span class='ocr_line' id='line_1_68' title="bbox 1869 2310 3226 2382; baseline 0.002 -15"><span class='ocrx_word' id='word_1_445' title='bbox 1869 2310 1958 2367; x_wconf 86' lang='lat' dir='ltr'><strong>Sis</strong></span> <span class='ocrx_word' id='word_1_446' title='bbox 1981 2327 2189 2368; x_wconf 88' lang='lat' dir='ltr'><strong>memor</strong></span> <span class='ocrx_word' id='word_1_447' title='bbox 2213 2322 2377 2382; x_wconf 83' lang='lat' dir='ltr'><strong>atque</strong></span> <span class='ocrx_word' id='word_1_448' title='bbox 2400 2313 2502 2369; x_wconf 89' lang='lat' dir='ltr'><strong>mei</strong></span> <span class='ocrx_word' id='word_1_449' title='bbox 2526 2313 2697 2369; x_wconf 88' lang='lat' dir='ltr'><strong>sacris</strong></span> <span class='ocrx_word' id='word_1_450' title='bbox 2727 2313 2988 2369; x_wconf 87' lang='lat' dir='ltr'><strong>altaribus</strong></span> <span class='ocrx_word' id='word_1_451' title='bbox 3013 2322 3226 2381; x_wconf 84' lang='lat' dir='ltr'><strong>astans,</strong></span> 
     </span>
    </p>
   </div>
   <div class='ocr_carea' id='block_1_69' title="bbox 1940 2403 3128 2480">
    <p class='ocr_par' dir='ltr' id='par_1_69' title="bbox 1940 2403 3128 2480">
     <span class='ocr_line' id='line_1_69' title="bbox 1940 2403 3128 2480; baseline 0.002 -20"><span class='ocrx_word' id='word_1_452' title='bbox 1940 2403 2024 2461; x_wconf 89' lang='lat' dir='ltr'><strong>Sit</strong></span> <span class='ocrx_word' id='word_1_453' title='bbox 2051 2420 2262 2461; x_wconf 87' lang='lat' dir='ltr'><strong>memor</strong></span> <span class='ocrx_word' id='word_1_454' title='bbox 2290 2416 2457 2478; x_wconf 89' lang='lat' dir='ltr'><strong>utque</strong></span> <span class='ocrx_word' id='word_1_455' title='bbox 2482 2408 2560 2462; x_wconf 88' lang='lat' dir='ltr'><strong>tui</strong></span> <span class='ocrx_word' id='word_1_456' title='bbox 2593 2408 2765 2478; x_wconf 82' lang='lat' dir='ltr'><strong>gratia</strong></span> <span class='ocrx_word' id='word_1_457' title='bbox 2788 2422 2981 2480; x_wconf 88' lang='lat' dir='ltr'><strong>magna</strong></span> <span class='ocrx_word' id='word_1_458' title='bbox 3008 2408 3128 2465; x_wconf 87' lang='lat' dir='ltr'><strong>Dei.</strong></span> 
     </span>
    </p>
   </div>
   <div class='ocr_carea' id='block_1_70' title="bbox 1869 2495 3143 2569">
    <p class='ocr_par' dir='ltr' id='par_1_70' title="bbox 1869 2495 3143 2569">
     <span class='ocr_line' id='line_1_70' title="bbox 1869 2495 3143 2569; baseline 0.004 -18"><span class='ocrx_word' id='word_1_459' title='bbox 1869 2495 1994 2552; x_wconf 75' lang='lat' dir='ltr'><strong>Hzec</strong></span> <span class='ocrx_word' id='word_1_460' title='bbox 2014 2498 2261 2569; x_wconf 86' lang='lat' dir='ltr'><strong>relegens</strong></span> <span class='ocrx_word' id='word_1_461' title='bbox 2282 2499 2464 2554; x_wconf 87' lang='lat' dir='ltr'><strong>valeas</strong></span> <span class='ocrx_word' id='word_1_462' title='bbox 2489 2499 2671 2557; x_wconf 87' lang='lat' dir='ltr'><strong>umltis</strong></span> <span class='ocrx_word' id='word_1_463' title='bbox 2696 2500 2925 2556; x_wconf 76' lang='lat' dir='ltr'><strong>feliciter</strong></span> <span class='ocrx_word' id='word_1_464' title='bbox 2953 2500 3110 2556; x_wconf 83' lang='lat' dir='ltr'><strong>armis</strong></span> <span class='ocrx_word' id='word_1_465' title='bbox 3126 2540 3143 2565; x_wconf 90' lang='lat'><strong>,</strong></span> 
     </span>
    </p>
   </div>
   <div class='ocr_carea' id='block_1_71' title="bbox 1936 2585 3279 2659">
    <p class='ocr_par' dir='ltr' id='par_1_71' title="bbox 1936 2585 3279 2659">
     <span class='ocr_line' id='line_1_71' title="bbox 1936 2585 3279 2659; baseline 0 -17"><span class='ocrx_word' id='word_1_466' title='bbox 1936 2585 2180 2658; x_wconf 81' lang='lat' dir='ltr'><strong>Cumque</strong></span> <span class='ocrx_word' id='word_1_467' title='bbox 2206 2588 2373 2645; x_wconf 86' lang='lat' dir='ltr'><strong>choro</strong></span> <span class='ocrx_word' id='word_1_468' title='bbox 2401 2588 2631 2645; x_wconf 79' lang='lat' dir='ltr'><strong>fratrum</strong></span> <span class='ocrx_word' id='word_1_469' title='bbox 2657 2588 2774 2645; x_wconf 68' lang='lat' dir='ltr'><strong>haec</strong></span> <span class='ocrx_word' id='word_1_470' title='bbox 2802 2588 3049 2659; x_wconf 85' lang='lat' dir='ltr'><strong>relegens</strong></span> <span class='ocrx_word' id='word_1_471' title='bbox 3074 2588 3279 2645; x_wconf 83' lang='lat' dir='ltr'><strong>valcas.</strong></span> 
     </span>
    </p>
   </div>
   <div class='ocr_carea' id='block_1_72' title="bbox 2230 2700 3071 2757">
    <p class='ocr_par' dir='ltr' id='par_1_72' title="bbox 2230 2700 3071 2757">
     <span class='ocr_line' id='line_1_72' title="bbox 2230 2700 3071 2757; baseline 0.001 -2"><span class='ocrx_word' id='word_1_472' title='bbox 2230 2700 2416 2756; x_wconf 80' lang='lat' dir='ltr'><strong>XVIII.</strong></span> <span class='ocrx_word' id='word_1_473' title='bbox 2455 2731 2526 2742; x_wconf 89' lang='lat'>—</span> <span class='ocrx_word' id='word_1_474' title='bbox 2562 2718 2691 2757; x_wconf 71' lang='lat' dir='ltr'><strong>I&#39;I&#39;Bll</strong></span> <span class='ocrx_word' id='word_1_475' title='bbox 2729 2717 2798 2757; x_wconf 75' lang='lat' dir='ltr'><strong>AD</strong></span> <span class='ocrx_word' id='word_1_476' title='bbox 2833 2718 3071 2757; x_wconf 72' lang='lat' dir='ltr'><strong>neuneu.</strong></span> 
     </span>
    </p>
   </div>
   <div class='ocr_carea' id='block_1_73' title="bbox 1869 2791 3273 2866">
    <p class='ocr_par' dir='ltr' id='par_1_73' title="bbox 1869 2791 3273 2866">
     <span class='ocr_line' id='line_1_73' title="bbox 1869 2791 3273 2866; baseline 0.003 -19"><span class='ocrx_word' id='word_1_477' title='bbox 1869 2791 1945 2848; x_wconf 87' lang='lat' dir='ltr'><strong>Te</strong></span> <span class='ocrx_word' id='word_1_478' title='bbox 1958 2793 2101 2849; x_wconf 89' lang='lat' dir='ltr'><strong>Deus</strong></span> <span class='ocrx_word' id='word_1_479' title='bbox 2122 2795 2462 2865; x_wconf 89' lang='lat' dir='ltr'><strong>omnipotens</strong></span> <span class='ocrx_word' id='word_1_480' title='bbox 2483 2809 2715 2866; x_wconf 91' lang='lat' dir='ltr'><strong>semper,</strong></span> <span class='ocrx_word' id='word_1_481' title='bbox 2741 2796 3059 2852; x_wconf 87' lang='lat' dir='ltr'><strong>charissime</strong></span> <span class='ocrx_word' id='word_1_482' title='bbox 3079 2795 3273 2863; x_wconf 88' lang='lat' dir='ltr'><strong>frater,</strong></span> 
     </span>
    </p>
   </div>
   <div class='ocr_carea' id='block_1_74' title="bbox 1936 2880 3175 2954">
    <p class='ocr_par' dir='ltr' id='par_1_74' title="bbox 1936 2880 3175 2954">
     <span class='ocr_line' id='line_1_74' title="bbox 1936 2880 3175 2954; baseline 0.003 -19"><span class='ocrx_word' id='word_1_483' title='bbox 1936 2880 2202 2952; x_wconf 87' lang='lat' dir='ltr'><strong>Prospere</strong></span> <span class='ocrx_word' id='word_1_484' title='bbox 2222 2892 2506 2937; x_wconf 83' lang='lat' dir='ltr'><strong>conservet</strong></span> <span class='ocrx_word' id='word_1_485' title='bbox 2537 2893 2776 2954; x_wconf 90' lang='lat' dir='ltr'><strong>tempora</strong></span> <span class='ocrx_word' id='word_1_486' title='bbox 2801 2894 2995 2940; x_wconf 92' lang='lat' dir='ltr'><strong>cuncta</strong></span> <span class='ocrx_word' id='word_1_487' title='bbox 3018 2887 3175 2941; x_wconf 92' lang='lat' dir='ltr'><strong>bene.</strong></span> 
     </span>
    </p>
   </div>
   <div class='ocr_carea' id='block_1_75' title="bbox 1868 2968 3164 3046">
    <p class='ocr_par' dir='ltr' id='par_1_75' title="bbox 1868 2968 3164 3046">
     <span class='ocr_line' id='line_1_75' title="bbox 1868 2968 3164 3046; baseline 0.008 -22"><span class='ocrx_word' id='word_1_488' title='bbox 1868 2968 1934 3024; x_wconf 86' lang='lat' dir='ltr'><strong>Et</strong></span> <span class='ocrx_word' id='word_1_489' title='bbox 1954 2985 2176 3026; x_wconf 88' lang='lat' dir='ltr'><strong>maneas</strong></span> <span class='ocrx_word' id='word_1_490' title='bbox 2197 2986 2385 3042; x_wconf 88' lang='lat' dir='ltr'><strong>sospes</strong></span> <span class='ocrx_word' id='word_1_491' title='bbox 2401 3013 2417 3037; x_wconf 90' lang='lat'><strong>,</strong></span> <span class='ocrx_word' id='word_1_492' title='bbox 2446 2974 2603 3029; x_wconf 87' lang='lat' dir='ltr'><strong>nobis</strong></span> <span class='ocrx_word' id='word_1_493' title='bbox 2623 2983 2678 3028; x_wconf 86' lang='lat' dir='ltr'><strong>et</strong></span> <span class='ocrx_word' id='word_1_494' title='bbox 2705 2976 2905 3046; x_wconf 87' lang='lat' dir='ltr'><strong>sospita</strong></span> <span class='ocrx_word' id='word_1_495' title='bbox 2932 2991 3126 3046; x_wconf 88' lang='lat' dir='ltr'><strong>poscas</strong></span> <span class='ocrx_word' id='word_1_496' title='bbox 3149 3017 3164 3043; x_wconf 90' lang='lat'><strong>,</strong></span> 
     </span>
    </p>
   </div>
   <div class='ocr_carea' id='block_1_76' title="bbox 1940 3063 3021 3137">
    <p class='ocr_par' dir='ltr' id='par_1_76' title="bbox 1940 3063 3021 3137">
     <span class='ocr_line' id='line_1_76' title="bbox 1940 3063 3021 3137; baseline 0.007 -20"><span class='ocrx_word' id='word_1_497' title='bbox 1940 3063 2147 3120; x_wconf 80' lang='lat' dir='ltr'><strong>Auctor</strong></span> <span class='ocrx_word' id='word_1_498' title='bbox 2163 3074 2222 3120; x_wconf 93' lang='lat' dir='ltr'><strong>ut</strong></span> <span class='ocrx_word' id='word_1_499' title='bbox 2250 3065 2363 3136; x_wconf 90' lang='lat' dir='ltr'><strong>ipse</strong></span> <span class='ocrx_word' id='word_1_500' title='bbox 2382 3065 2525 3121; x_wconf 90' lang='lat' dir='ltr'><strong>Deus</strong></span> <span class='ocrx_word' id='word_1_501' title='bbox 2547 3066 2769 3137; x_wconf 83' lang='lat' dir='ltr'><strong>paciﬁca</strong></span> <span class='ocrx_word' id='word_1_502' title='bbox 2798 3069 3021 3125; x_wconf 90' lang='lat' dir='ltr'><strong>tribuat.</strong></span> 
     </span>
    </p>
   </div>
   <div class='ocr_carea' id='block_1_77' title="bbox 1872 3152 3450 3235">
    <p class='ocr_par' dir='ltr' id='par_1_77' title="bbox 1872 3152 3450 3235">
     <span class='ocr_line' id='line_1_77' title="bbox 1872 3152 3450 3235; baseline 0.007 -25"><span class='ocrx_word' id='word_1_503' title='bbox 1872 3154 1963 3212; x_wconf 90' lang='lat' dir='ltr'><strong>Sic</strong></span> <span class='ocrx_word' id='word_1_504' title='bbox 1993 3155 2276 3212; x_wconf 88' lang='lat' dir='ltr'><strong>Psalmista</strong></span> <span class='ocrx_word' id='word_1_505' title='bbox 2298 3158 2453 3213; x_wconf 87' lang='lat' dir='ltr'><strong>docet</strong></span> <span class='ocrx_word' id='word_1_506' title='bbox 2480 3175 2494 3212; x_wconf 89' lang='lat'><strong>:</strong></span> <span class='ocrx_word' id='word_1_507' title='bbox 2529 3160 2657 3227; x_wconf 61' lang='lat' dir='ltr'><strong>Qum</strong></span> <span class='ocrx_word' id='word_1_508' title='bbox 2681 3158 2746 3214; x_wconf 91' lang='lat' dir='ltr'><strong>ad</strong></span> <span class='ocrx_word' id='word_1_509' title='bbox 2770 3152 2955 3231; x_wconf 81' lang='lat' dir='ltr'><strong>pacem</strong></span> <span class='ocrx_word' id='word_1_510' title='bbox 2997 3171 3151 3229; x_wconf 91' lang='lat' dir='ltr'><strong>sunt,</strong></span> <span class='ocrx_word' id='word_1_511' title='bbox 3186 3164 3450 3235; x_wconf 74' lang='lat' dir='ltr'><strong>rogitato,</strong></span> 
     </span>
    </p>
   </div>
   <div class='ocr_carea' id='block_1_78' title="bbox 1995 3245 3119 3319">
    <p class='ocr_par' dir='ltr' id='par_1_78' title="bbox 1995 3245 3119 3319">
     <span class='ocr_line' id='line_1_78' title="bbox 1995 3245 3119 3319; baseline 0.006 -19"><span class='ocrx_word' id='word_1_512' title='bbox 1995 3248 2089 3304; x_wconf 89' lang='lat' dir='ltr'><strong>rbe</strong></span> <span class='ocrx_word' id='word_1_513' title='bbox 2120 3248 2216 3307; x_wconf 90' lang='lat' dir='ltr'><strong>Dei</strong></span> <span class='ocrx_word' id='word_1_514' title='bbox 2244 3249 2395 3319; x_wconf 87' lang='lat' dir='ltr'><strong>copia</strong></span> <span class='ocrx_word' id='word_1_515' title='bbox 2418 3258 2502 3305; x_wconf 90' lang='lat' dir='ltr'><strong>est</strong></span> <span class='ocrx_word' id='word_1_516' title='bbox 2528 3251 2643 3307; x_wconf 62' lang='lat' dir='ltr'><strong>haec</strong></span> <span class='ocrx_word' id='word_1_517' title='bbox 2665 3260 2721 3307; x_wconf 89' lang='lat' dir='ltr'><strong>et</strong></span> <span class='ocrx_word' id='word_1_518' title='bbox 2738 3253 2969 3309; x_wconf 88' lang='lat' dir='ltr'><strong>amantis</strong></span> <span class='ocrx_word' id='word_1_519' title='bbox 2994 3245 3119 3309; x_wconf 82' lang='lat' dir='ltr'><strong>erit.</strong></span> 
     </span>
    </p>
   </div>
   <div class='ocr_carea' id='block_1_79' title="bbox 1871 3337 3288 3413">
    <p class='ocr_par' dir='ltr' id='par_1_79' title="bbox 1871 3337 3288 3413">
     <span class='ocr_line' id='line_1_79' title="bbox 1871 3337 3288 3413; baseline 0.006 -21"><span class='ocrx_word' id='word_1_520' title='bbox 1871 3337 2067 3394; x_wconf 83' lang='lat' dir='ltr'><strong>Pacem</strong></span> <span class='ocrx_word' id='word_1_521' title='bbox 2091 3339 2306 3395; x_wconf 89' lang='lat' dir='ltr'><strong>animus</strong></span> <span class='ocrx_word' id='word_1_522' title='bbox 2325 3339 2469 3394; x_wconf 87' lang='lat' dir='ltr'><strong>nulla</strong></span> <span class='ocrx_word' id='word_1_523' title='bbox 2499 3340 2737 3410; x_wconf 78' lang='lat' dir='ltr'><strong>trepidus</strong></span> <span class='ocrx_word' id='word_1_524' title='bbox 2764 3341 3049 3399; x_wconf 89' lang='lat' dir='ltr'><strong>formidine</strong></span> <span class='ocrx_word' id='word_1_525' title='bbox 3077 3354 3288 3413; x_wconf 88' lang='lat' dir='ltr'><strong>servet,</strong></span> 
     </span>
    </p>
   </div>
   <div class='ocr_carea' id='block_1_80' title="bbox 1940 3429 2992 3503">
    <p class='ocr_par' dir='ltr' id='par_1_80' title="bbox 1940 3429 2992 3503">
     <span class='ocr_line' id='line_1_80' title="bbox 1940 3429 2992 3503; baseline 0.007 -19"><span class='ocrx_word' id='word_1_526' title='bbox 1940 3429 2052 3485; x_wconf 85' lang='lat' dir='ltr'><strong>Nec</strong></span> <span class='ocrx_word' id='word_1_527' title='bbox 2080 3431 2270 3486; x_wconf 89' lang='lat' dir='ltr'><strong>timeat</strong></span> <span class='ocrx_word' id='word_1_528' title='bbox 2293 3447 2471 3503; x_wconf 68' lang='lat' dir='ltr'><strong>pravae</strong></span> <span class='ocrx_word' id='word_1_529' title='bbox 2490 3432 2718 3487; x_wconf 88' lang='lat' dir='ltr'><strong>crimina</strong></span> <span class='ocrx_word' id='word_1_530' title='bbox 2741 3434 2992 3491; x_wconf 76' lang='lat' dir='ltr'><strong>dissidite.</strong></span> 
     </span>
    </p>
   </div>
   <div class='ocr_carea' id='block_1_81' title="bbox 1871 3519 3265 3594">
    <p class='ocr_par' dir='ltr' id='par_1_81' title="bbox 1871 3519 3265 3594">
     <span class='ocr_line' id='line_1_81' title="bbox 1871 3519 3265 3594; baseline 0.005 -18"><span class='ocrx_word' id='word_1_531' title='bbox 1871 3519 1963 3576; x_wconf 91' lang='lat' dir='ltr'><strong>Sic</strong></span> <span class='ocrx_word' id='word_1_532' title='bbox 1986 3530 2041 3576; x_wconf 89' lang='lat' dir='ltr'><strong>et</strong></span> <span class='ocrx_word' id='word_1_533' title='bbox 2062 3537 2211 3578; x_wconf 88' lang='lat' dir='ltr'><strong>ames</strong></span> <span class='ocrx_word' id='word_1_534' title='bbox 2233 3562 2247 3588; x_wconf 89' lang='lat'><strong>,</strong></span> <span class='ocrx_word' id='word_1_535' title='bbox 2274 3522 2465 3590; x_wconf 86' lang='lat' dir='ltr'><strong>frater,</strong></span> <span class='ocrx_word' id='word_1_536' title='bbox 2493 3538 2707 3594; x_wconf 89' lang='lat' dir='ltr'><strong>semper</strong></span> <span class='ocrx_word' id='word_1_537' title='bbox 2726 3524 2804 3580; x_wconf 89' lang='lat' dir='ltr'><strong>sic</strong></span> <span class='ocrx_word' id='word_1_538' title='bbox 2824 3540 3012 3583; x_wconf 90' lang='lat' dir='ltr'><strong>rursus</strong></span> <span class='ocrx_word' id='word_1_539' title='bbox 3036 3528 3265 3594; x_wconf 85' lang='lat' dir='ltr'><strong>ameris,</strong></span> 
     </span>
    </p>
   </div>
   <div class='ocr_carea' id='block_1_82' title="bbox 1942 3611 3085 3685">
    <p class='ocr_par' dir='ltr' id='par_1_82' title="bbox 1942 3611 3085 3685">
     <span class='ocr_line' id='line_1_82' title="bbox 1942 3611 3085 3685; baseline 0.007 -22"><span class='ocrx_word' id='word_1_540' title='bbox 1942 3611 2157 3666; x_wconf 82' lang='lat' dir='ltr'><strong>Mutuus</strong></span> <span class='ocrx_word' id='word_1_541' title='bbox 2181 3622 2242 3667; x_wconf 92' lang='lat' dir='ltr'><strong>ut</strong></span> <span class='ocrx_word' id='word_1_542' title='bbox 2274 3612 2420 3669; x_wconf 87' lang='lat' dir='ltr'><strong>nullo</strong></span> <span class='ocrx_word' id='word_1_543' title='bbox 2450 3625 2692 3685; x_wconf 90' lang='lat' dir='ltr'><strong>tempore</strong></span> <span class='ocrx_word' id='word_1_544' title='bbox 2711 3625 2882 3672; x_wconf 80' lang='lat' dir='ltr'><strong>cesset</strong></span> <span class='ocrx_word' id='word_1_545' title='bbox 2914 3632 3085 3672; x_wconf 88' lang='lat' dir='ltr'><strong>amor.</strong></span> 
     </span>
    </p>
   </div>
   <div class='ocr_carea' id='block_1_83' title="bbox 1869 3699 3201 3771">
    <p class='ocr_par' dir='ltr' id='par_1_83' title="bbox 1869 3699 3201 3771">
     <span class='ocr_line' id='line_1_83' title="bbox 1869 3699 3201 3771; baseline 0.004 -17"><span class='ocrx_word' id='word_1_546' title='bbox 1869 3699 2135 3754; x_wconf 87' lang='lat' dir='ltr'><strong>lustantes</strong></span> <span class='ocrx_word' id='word_1_547' title='bbox 2166 3702 2416 3771; x_wconf 83' lang='lat' dir='ltr'><strong>precibus</strong></span> <span class='ocrx_word' id='word_1_548' title='bbox 2444 3703 2614 3757; x_wconf 89' lang='lat' dir='ltr'><strong>simus</strong></span> <span class='ocrx_word' id='word_1_549' title='bbox 2634 3704 2687 3756; x_wconf 89' lang='lat' dir='ltr'><strong>in</strong></span> <span class='ocrx_word' id='word_1_550' title='bbox 2721 3703 2879 3759; x_wconf 84' lang='lat' dir='ltr'><strong>laude</strong></span> <span class='ocrx_word' id='word_1_551' title='bbox 2900 3705 3159 3761; x_wconf 90' lang='lat' dir='ltr'><strong>Tonantis</strong></span> <span class='ocrx_word' id='word_1_552' title='bbox 3185 3745 3201 3770; x_wconf 92' lang='lat'><strong>,</strong></span> 
     </span>
    </p>
   </div>
   <div class='ocr_carea' id='block_1_84' title="bbox 1941 3790 3183 3861">
    <p class='ocr_par' dir='ltr' id='par_1_84' title="bbox 1941 3790 3183 3861">
     <span class='ocr_line' id='line_1_84' title="bbox 1941 3790 3183 3861; baseline 0.004 -17"><span class='ocrx_word' id='word_1_553' title='bbox 1941 3790 2212 3861; x_wconf 82' lang='lat' dir='ltr'><strong>Hesperus</strong></span> <span class='ocrx_word' id='word_1_554' title='bbox 2233 3792 2333 3846; x_wconf 85' lang='lat' dir='ltr'><strong>hoc</strong></span> <span class='ocrx_word' id='word_1_555' title='bbox 2356 3792 2563 3857; x_wconf 89' lang='lat' dir='ltr'><strong>videat,</strong></span> <span class='ocrx_word' id='word_1_556' title='bbox 2602 3793 2817 3848; x_wconf 80' lang='lat' dir='ltr'><strong>Lucifer</strong></span> <span class='ocrx_word' id='word_1_557' title='bbox 2843 3795 2945 3849; x_wconf 84' lang='lat' dir='ltr'><strong>hoc</strong></span> <span class='ocrx_word' id='word_1_558' title='bbox 2971 3794 3183 3859; x_wconf 84' lang='lat' dir='ltr'><strong>videat,</strong></span> 
     </span>
    </p>
   </div>
   <div class='ocr_carea' id='block_1_85' title="bbox 1869 3882 3247 3955">
    <p class='ocr_par' dir='ltr' id='par_1_85' title="bbox 1869 3882 3247 3955">
     <span class='ocr_line' id='line_1_85' title="bbox 1869 3882 3247 3955; baseline 0.001 -17"><span class='ocrx_word' id='word_1_559' title='bbox 1869 3882 2161 3939; x_wconf 85' lang='lat' dir='ltr'><strong>Poscamus</strong></span> <span class='ocrx_word' id='word_1_560' title='bbox 2185 3884 2396 3939; x_wconf 86' lang='lat' dir='ltr'><strong>veniam</strong></span> <span class='ocrx_word' id='word_1_561' title='bbox 2414 3924 2430 3949; x_wconf 91' lang='lat'><strong>,</strong></span> <span class='ocrx_word' id='word_1_562' title='bbox 2460 3898 2745 3955; x_wconf 88' lang='lat' dir='ltr'><strong>poscamus</strong></span> <span class='ocrx_word' id='word_1_563' title='bbox 2766 3901 2990 3940; x_wconf 88' lang='lat' dir='ltr'><strong>munera</strong></span> <span class='ocrx_word' id='word_1_564' title='bbox 3014 3884 3213 3941; x_wconf 83' lang='lat' dir='ltr'><strong>Christi</strong></span> <span class='ocrx_word' id='word_1_565' title='bbox 3230 3926 3247 3951; x_wconf 90' lang='lat'><strong>,</strong></span> 
     </span>
    </p>
   </div>
   <div class='ocr_carea' id='block_1_86' title="bbox 1939 3975 2986 4046">
    <p class='ocr_par' dir='ltr' id='par_1_86' title="bbox 1939 3975 2986 4046">
     <span class='ocr_line' id='line_1_86' title="bbox 1939 3975 2986 4046; baseline -0.001 -16"><span class='ocrx_word' id='word_1_566' title='bbox 1939 3975 2157 4031; x_wconf 87' lang='lat' dir='ltr'><strong>Liberet</strong></span> <span class='ocrx_word' id='word_1_567' title='bbox 2173 3990 2205 4030; x_wconf 94' lang='lat' dir='ltr'><strong>e</strong></span> <span class='ocrx_word' id='word_1_568' title='bbox 2224 3976 2399 4046; x_wconf 59' lang='lat' dir='ltr'><strong>poenis</strong></span> <span class='ocrx_word' id='word_1_569' title='bbox 2418 4015 2433 4041; x_wconf 91' lang='lat'><strong>,</strong></span> <span class='ocrx_word' id='word_1_570' title='bbox 2459 3984 2652 4044; x_wconf 77' lang='lat' dir='ltr'><strong>augeat</strong></span> <span class='ocrx_word' id='word_1_571' title='bbox 2678 3984 2733 4030; x_wconf 91' lang='lat' dir='ltr'><strong>et</strong></span> <span class='ocrx_word' id='word_1_572' title='bbox 2763 3976 2986 4032; x_wconf 88' lang='lat' dir='ltr'><strong>meritis.</strong></span> 
     </span>
    </p>
   </div>
   <div class='ocr_carea' id='block_1_87' title="bbox 1869 4068 3323 4140">
    <p class='ocr_par' dir='ltr' id='par_1_87' title="bbox 1869 4068 3323 4140">
     <span class='ocr_line' id='line_1_87' title="bbox 1869 4068 3323 4140; baseline -0.001 -17"><span class='ocrx_word' id='word_1_573' title='bbox 1869 4069 2129 4123; x_wconf 89' lang='lat' dir='ltr'><strong>Conditor</strong></span> <span class='ocrx_word' id='word_1_574' title='bbox 2144 4068 2484 4139; x_wconf 87' lang='lat' dir='ltr'><strong>omnipotens</strong></span> <span class='ocrx_word' id='word_1_575' title='bbox 2511 4068 2633 4123; x_wconf 72' lang='lat' dir='ltr'><strong>caeli</strong></span> <span class='ocrx_word' id='word_1_576' title='bbox 2661 4069 2954 4139; x_wconf 88' lang='lat' dir='ltr'><strong>mundique</strong></span> <span class='ocrx_word' id='word_1_577' title='bbox 2976 4068 3323 4140; x_wconf 85' lang='lat' dir='ltr'><strong>Redemptor,</strong></span> 
     </span>
    </p>
   </div>
   <div class='ocr_carea' id='block_1_88' title="bbox 1939 4159 3169 4229">
    <p class='ocr_par' dir='ltr' id='par_1_88' title="bbox 1939 4159 3169 4229">
     <span class='ocr_line' id='line_1_88' title="bbox 1939 4159 3169 4229; baseline -0.002 -14"><span class='ocrx_word' id='word_1_578' title='bbox 1939 4159 2237 4215; x_wconf 88' lang='lat' dir='ltr'><strong>Conservet</strong></span> <span class='ocrx_word' id='word_1_579' title='bbox 2264 4159 2512 4214; x_wconf 86' lang='lat' dir='ltr'><strong>Christus</strong></span> <span class='ocrx_word' id='word_1_580' title='bbox 2538 4174 2639 4213; x_wconf 84' lang='lat' dir='ltr'><strong>nos</strong></span> <span class='ocrx_word' id='word_1_581' title='bbox 2667 4174 2797 4229; x_wconf 87' lang='lat' dir='ltr'><strong>rogo</strong></span> <span class='ocrx_word' id='word_1_582' title='bbox 2824 4174 2954 4229; x_wconf 85' lang='lat' dir='ltr'><strong>pace</strong></span> <span class='ocrx_word' id='word_1_583' title='bbox 2980 4159 3169 4225; x_wconf 89' lang='lat' dir='ltr'><strong>simul;</strong></span> 
     </span>
    </p>
   </div>
   <div class='ocr_carea' id='block_1_89' title="bbox 1811 4224 3267 4318">
    <p class='ocr_par' dir='ltr' id='par_1_89' title="bbox 1811 4224 3267 4318">
     <span class='ocr_line' id='line_1_89' title="bbox 1811 4224 3267 4318; baseline -0.001 -13"><span class='ocrx_word' id='word_1_584' title='bbox 1811 4224 1817 4230; x_wconf 33' lang='grc' dir='ltr'><strong>Ι</strong></span> <span class='ocrx_word' id='word_1_585' title='bbox 1874 4250 1942 4305; x_wconf 74' lang='lat' dir='ltr'><strong>lit</strong></span> <span class='ocrx_word' id='word_1_586' title='bbox 1974 4250 2113 4304; x_wconf 93' lang='lat' dir='ltr'><strong>sicut</strong></span> <span class='ocrx_word' id='word_1_587' title='bbox 2135 4264 2350 4318; x_wconf 88' lang='lat' dir='ltr'><strong>semper</strong></span> <span class='ocrx_word' id='word_1_588' title='bbox 2375 4257 2501 4305; x_wconf 87' lang='lat' dir='ltr'><strong>sunt</strong></span> <span class='ocrx_word' id='word_1_589' title='bbox 2527 4264 2655 4305; x_wconf 87' lang='lat' dir='ltr'><strong>vere</strong></span> <span class='ocrx_word' id='word_1_590' title='bbox 2687 4224 2774 4303; x_wconf 68' lang='lat' dir='ltr'><strong>ille</strong></span> <span class='ocrx_word' id='word_1_591' title='bbox 2800 4224 2855 4304; x_wconf 78' lang='lat' dir='ltr'><strong>et</strong></span> <span class='ocrx_word' id='word_1_592' title='bbox 2884 4249 3042 4305; x_wconf 87' lang='lat' dir='ltr'><strong>Pater</strong></span> <span class='ocrx_word' id='word_1_593' title='bbox 3067 4224 3267 4315; x_wconf 84' lang='lat' dir='ltr'><strong>unum,</strong></span> 
     </span>
    </p>
   </div>
   <div class='ocr_carea' id='block_1_90' title="bbox 1945 4341 2862 4399">
    <p class='ocr_par' dir='ltr' id='par_1_90' title="bbox 1945 4341 2862 4399">
     <span class='ocr_line' id='line_1_90' title="bbox 1945 4341 2862 4399; baseline -0.004 0"><span class='ocrx_word' id='word_1_594' title='bbox 1945 4342 2119 4399; x_wconf 84' lang='lat' dir='ltr'><strong>Unum</strong></span> <span class='ocrx_word' id='word_1_595' title='bbox 2147 4343 2227 4398; x_wconf 89' lang='lat' dir='ltr'><strong>sic</strong></span> <span class='ocrx_word' id='word_1_596' title='bbox 2251 4343 2306 4398; x_wconf 91' lang='lat' dir='ltr'><strong>in</strong></span> <span class='ocrx_word' id='word_1_597' title='bbox 2334 4356 2393 4398; x_wconf 89' lang='lat' dir='ltr'><strong>se</strong></span> <span class='ocrx_word' id='word_1_598' title='bbox 2418 4357 2518 4397; x_wconf 87' lang='lat' dir='ltr'><strong>nos</strong></span> <span class='ocrx_word' id='word_1_599' title='bbox 2548 4341 2665 4396; x_wconf 84' lang='lat' dir='ltr'><strong>fieri</strong></span> <span class='ocrx_word' id='word_1_600' title='bbox 2695 4341 2862 4397; x_wconf 90' lang='lat' dir='ltr'><strong>faciat</strong></span> 
     </span>
    </p>
   </div>
   <div class='ocr_carea' id='block_1_91' title="bbox 2079 4455 3240 4512">
    <p class='ocr_par' dir='ltr' id='par_1_91' title="bbox 2079 4455 3240 4512">
     <span class='ocr_line' id='line_1_91' title="bbox 2079 4455 3240 4512; baseline 0.002 -2"><span class='ocrx_word' id='word_1_601' title='bbox 2079 4455 2222 4510; x_wconf 78' lang='lat' dir='ltr'><strong>XIX.</strong></span> <span class='ocrx_word' id='word_1_602' title='bbox 2261 4487 2330 4495; x_wconf 96' lang='lat'><strong><em>—</em></strong></span> <span class='ocrx_word' id='word_1_603' title='bbox 2363 4470 2431 4509; x_wconf 67' lang='lat' dir='ltr'><strong>an</strong></span> <span class='ocrx_word' id='word_1_604' title='bbox 2467 4466 2489 4494; x_wconf 78' lang='grc' dir='ltr'><strong>ο</strong></span> <span class='ocrx_word' id='word_1_605' title='bbox 2524 4471 2800 4511; x_wconf 63' lang='grc' dir='ltr'><strong>ελιιυειει</strong></span> <span class='ocrx_word' id='word_1_606' title='bbox 2839 4470 3240 4512; x_wconf 68' lang='grc' dir='ltr'><strong>ιιιιεειιγτεηυιι.</strong></span> 
     </span>
    </p>
   </div>
   <div class='ocr_carea' id='block_1_92' title="bbox 1802 4546 3227 4618">
    <p class='ocr_par' dir='ltr' id='par_1_92' title="bbox 1802 4546 3227 4618">
     <span class='ocr_line' id='line_1_92' title="bbox 1802 4546 3227 4618; baseline -0.001 -14"><span class='ocrx_word' id='word_1_607' title='bbox 1802 4558 1848 4618; x_wconf 82' lang='lat' dir='ltr'><strong>D</strong></span> <span class='ocrx_word' id='word_1_608' title='bbox 1876 4546 2006 4604; x_wconf 87' lang='lat' dir='ltr'><strong>Vive</strong></span> <span class='ocrx_word' id='word_1_609' title='bbox 2030 4564 2162 4603; x_wconf 73' lang='lat' dir='ltr'><strong>mea:</strong></span> <span class='ocrx_word' id='word_1_610' title='bbox 2192 4548 2339 4603; x_wconf 83' lang='lat' dir='ltr'><strong>vires</strong></span> <span class='ocrx_word' id='word_1_611' title='bbox 2366 4547 2734 4616; x_wconf 77' lang='lat' dir='ltr'><strong>lassarumque</strong></span> <span class='ocrx_word' id='word_1_612' title='bbox 2761 4548 2999 4602; x_wconf 84' lang='lat' dir='ltr'><strong>anchora</strong></span> <span class='ocrx_word' id='word_1_613' title='bbox 3024 4563 3227 4613; x_wconf 83' lang='lat' dir='ltr'><strong>rerum,</strong></span> 
     </span>
    </p>
   </div>
   <div class='ocr_carea' id='block_1_93' title="bbox 1202 4696 2422 4789">
    <p class='ocr_par' dir='ltr' id='par_1_93' title="bbox 1202 4696 2422 4789">
     <span class='ocr_line' id='line_1_93' title="bbox 1202 4696 2422 4789; baseline 0.002 -35"><span class='ocrx_word' id='word_1_614' title='bbox 1202 4696 1492 4754; x_wconf 82' lang='lat' dir='ltr'><strong>SCHOLIA</strong></span> <span class='ocrx_word' id='word_1_615' title='bbox 1531 4699 2041 4789; x_wconf 75' lang='lat' dir='ltr'><strong>CIIBISTOPHORI</strong></span> <span class='ocrx_word' id='word_1_616' title='bbox 2077 4702 2422 4760; x_wconf 80' lang='lat' dir='ltr'><strong>BROWERI.</strong></span> 
     </span>
    </p>
   </div>
   <div class='ocr_carea' id='block_1_94' title="bbox 266 4807 1772 4882">
    <p class='ocr_par' dir='ltr' id='par_1_94' title="bbox 266 4807 1772 4882">
     <span class='ocr_line' id='line_1_94' title="bbox 266 4807 1772 4882; baseline 0.003 -21"><span class='ocrx_word' id='word_1_617' title='bbox 266 4821 292 4850; x_wconf 83' lang='grc' dir='ltr'>ιι</span> <span class='ocrx_word' id='word_1_618' title='bbox 322 4807 483 4882; x_wconf 59' lang='grc' dir='ltr'>,Εεᾷιί</span> <span class='ocrx_word' id='word_1_619' title='bbox 524 4811 839 4882; x_wconf 88' lang='lat' dir='ltr'><strong>seu_adbuc</strong></span> <span class='ocrx_word' id='word_1_620' title='bbox 867 4809 1057 4882; x_wconf 67' lang='lat' dir='ltr'><strong>aequali</strong></span> <span class='ocrx_word' id='word_1_621' title='bbox 1101 4810 1217 4866; x_wconf 74' lang='lat' dir='ltr'><strong>bzec</strong></span> <span class='ocrx_word' id='word_1_622' title='bbox 1259 4811 1501 4882; x_wconf 78' lang='lat' dir='ltr'><strong>carmina</strong></span> <span class='ocrx_word' id='word_1_623' title='bbox 1545 4820 1772 4882; x_wconf 87' lang='lat' dir='ltr'><strong>apparet</strong></span> 
     </span>
    </p>
   </div>
   <div class='ocr_carea' id='block_1_95' title="bbox 194 4828 1770 4953">
    <p class='ocr_par' dir='ltr' id='par_1_95' title="bbox 194 4828 1770 4953">
     <span class='ocr_line' id='line_1_95' title="bbox 266 4828 1770 4882; baseline 0.002 -18"><span class='ocrx_word' id='word_1_624' title='bbox 266 4828 292 4850; x_wconf 83' lang='grc' dir='ltr'>ιι</span> <span class='ocrx_word' id='word_1_625' title='bbox 322 4828 483 4878; x_wconf 68' lang='lat' dir='ltr'><strong>mgni</strong></span> <span class='ocrx_word' id='word_1_626' title='bbox 524 4828 617 4866; x_wconf 90' lang='lat' dir='ltr'><strong>seu</strong></span> <span class='ocrx_word' id='word_1_627' title='bbox 663 4828 839 4867; x_wconf 83' lang='lat' dir='ltr'><strong>annue</strong></span> <span class='ocrx_word' id='word_1_628' title='bbox 867 4828 1057 4882; x_wconf 80' lang='lat' dir='ltr'><strong>tequau</strong></span> <span class='ocrx_word' id='word_1_629' title='bbox 1103 4828 1217 4866; x_wconf 74' lang='lat' dir='ltr'><strong>inec</strong></span> <span class='ocrx_word' id='word_1_630' title='bbox 1259 4828 1501 4866; x_wconf 75' lang='lat' dir='ltr'><strong>carmina</strong></span> <span class='ocrx_word' id='word_1_631' title='bbox 1545 4828 1572 4864; x_wconf 89' lang='lat' dir='ltr'><strong>a</strong></span> <span class='ocrx_word' id='word_1_632' title='bbox 1614 4828 1770 4881; x_wconf 88' lang='lat' dir='ltr'><strong>paret</strong></span> 
     </span>
     <span class='ocr_line' id='line_1_96' title="bbox 194 4828 1770 4953; baseline 0.001 -18"><span class='ocrx_word' id='word_1_633' title='bbox 194 4880 553 4953; x_wconf 72' lang='lat' dir='ltr'><strong>inscripsisse.</strong></span> <span class='ocrx_word' id='word_1_634' title='bbox 582 4879 776 4951; x_wconf 64' lang='lat' dir='ltr'><strong>)Egilis</strong></span> <span class='ocrx_word' id='word_1_635' title='bbox 808 4881 969 4953; x_wconf 84' lang='lat' dir='ltr'><strong>hujus</strong></span> <span class='ocrx_word' id='word_1_636' title='bbox 995 4880 1194 4953; x_wconf 72' lang='lat' dir='ltr'><strong>Vitam,</strong></span> <span class='ocrx_word' id='word_1_637' title='bbox 1231 4896 1261 4935; x_wconf 90' lang='lat' dir='ltr'><strong>a</strong></span> <span class='ocrx_word' id='word_1_638' title='bbox 1289 4879 1534 4937; x_wconf 87' lang='lat' dir='ltr'><strong>Candide</strong></span> <span class='ocrx_word' id='word_1_639' title='bbox 1571 4828 1770 4937; x_wconf 50' lang='lat' dir='ltr'><strong>litteris</strong></span> 
     </span>
    </p>
   </div>
   <div class='ocr_carea' id='block_1_96' title="bbox 191 4949 1765 5021">
    <p class='ocr_par' dir='ltr' id='par_1_96' title="bbox 191 4949 1765 5021">
     <span class='ocr_line' id='line_1_97' title="bbox 191 4949 1765 5021; baseline 0.001 -17"><span class='ocrx_word' id='word_1_640' title='bbox 191 4949 483 5021; x_wconf 66' lang='lat' dir='ltr'><strong>proditam,</strong></span> <span class='ocrx_word' id='word_1_641' title='bbox 501 4950 614 5021; x_wconf 87' lang='lat' dir='ltr'><strong>jam</strong></span> <span class='ocrx_word' id='word_1_642' title='bbox 643 4949 774 5007; x_wconf 86' lang='lat' dir='ltr'><strong>usus</strong></span> <span class='ocrx_word' id='word_1_643' title='bbox 810 4949 1011 5021; x_wconf 87' lang='lat' dir='ltr'><strong>publici</strong></span> <span class='ocrx_word' id='word_1_644' title='bbox 1031 4950 1278 5007; x_wconf 85' lang='lat' dir='ltr'><strong>fecimus.</strong></span> <span class='ocrx_word' id='word_1_645' title='bbox 1744 4954 1765 5000; x_wconf 82' lang='lat'><strong>&#39;.</strong></span> 
     </span>
    </p>
   </div>
   <div class='ocr_carea' id='block_1_97' title="bbox 268 5017 1771 5088">
    <p class='ocr_par' dir='ltr' id='par_1_97' title="bbox 268 5017 1771 5088">
     <span class='ocr_line' id='line_1_98' title="bbox 268 5017 1771 5088; baseline 0.001 -13"><span class='ocrx_word' id='word_1_646' title='bbox 268 5019 295 5059; x_wconf 69' lang='grc' dir='ltr'>δ</span> <span class='ocrx_word' id='word_1_647' title='bbox 327 5017 638 5077; x_wconf 81' lang='lat' dir='ltr'><strong>Gerhobum</strong></span> <span class='ocrx_word' id='word_1_648' title='bbox 666 5017 1130 5077; x_wconf 80' lang='lat' dir='ltr'><strong>bibliothecarium</strong></span> <span class='ocrx_word' id='word_1_649' title='bbox 1165 5022 1281 5076; x_wconf 88' lang='lat' dir='ltr'><strong>suis</strong></span> <span class='ocrx_word' id='word_1_650' title='bbox 1312 5021 1560 5076; x_wconf 90' lang='lat' dir='ltr'><strong>versibus</strong></span> <span class='ocrx_word' id='word_1_651' title='bbox 1589 5032 1771 5088; x_wconf 89' lang='lat' dir='ltr'><strong>ornat,</strong></span> 
     </span>
    </p>
   </div>
   <div class='ocr_carea' id='block_1_98' title="bbox 195 5088 1771 5163">
    <p class='ocr_par' dir='ltr' id='par_1_98' title="bbox 195 5088 1771 5163">
     <span class='ocr_line' id='line_1_99' title="bbox 195 5088 1771 5163; baseline 0.002 -19"><span class='ocrx_word' id='word_1_652' title='bbox 195 5096 251 5144; x_wconf 88' lang='lat' dir='ltr'><strong>et</strong></span> <span class='ocrx_word' id='word_1_653' title='bbox 275 5088 537 5163; x_wconf 48' lang='lat' dir='ltr'><strong>nomen}</strong></span> <span class='ocrx_word' id='word_1_654' title='bbox 570 5092 762 5163; x_wconf 86' lang='lat' dir='ltr'><strong>sagitta</strong></span> <span class='ocrx_word' id='word_1_655' title='bbox 788 5092 931 5163; x_wconf 87' lang='lat' dir='ltr'><strong>ferre</strong></span> <span class='ocrx_word' id='word_1_656' title='bbox 960 5100 1162 5163; x_wconf 80' lang='lat' dir='ltr'><strong>monet.</strong></span> <span class='ocrx_word' id='word_1_657' title='bbox 1205 5091 1400 5163; x_wconf 81' lang='lat' dir='ltr'><strong>Nescio</strong></span> <span class='ocrx_word' id='word_1_658' title='bbox 1441 5108 1509 5145; x_wconf 86' lang='lat' dir='ltr'><strong>an</strong></span> <span class='ocrx_word' id='word_1_659' title='bbox 1534 5090 1771 5148; x_wconf 80' lang='lat' dir='ltr'><strong>Gerhoclt</strong></span> 
     </span>
    </p>
   </div>
   <div class='ocr_carea' id='block_1_99' title="bbox 193 5158 1772 5232">
    <p class='ocr_par' dir='ltr' id='par_1_99' title="bbox 193 5158 1772 5232">
     <span class='ocr_line' id='line_1_100' title="bbox 193 5158 1772 5232; baseline 0.003 -19"><span class='ocrx_word' id='word_1_660' title='bbox 193 5158 432 5232; x_wconf 79' lang='lat' dir='ltr'><strong>antiquis</strong></span> <span class='ocrx_word' id='word_1_661' title='bbox 458 5158 744 5232; x_wconf 76' lang='lat' dir='ltr'><strong>Germanis</strong></span> <span class='ocrx_word' id='word_1_662' title='bbox 766 5162 957 5232; x_wconf 66' lang='lat' dir='ltr'><strong>sagitta</strong></span> <span class='ocrx_word' id='word_1_663' title='bbox 978 5160 1140 5217; x_wconf 90' lang='lat' dir='ltr'><strong>fuerit</strong></span> <span class='ocrx_word' id='word_1_664' title='bbox 1164 5177 1179 5225; x_wconf 89' lang='lat'><strong>;</strong></span> <span class='ocrx_word' id='word_1_665' title='bbox 1212 5160 1372 5232; x_wconf 82' lang='lat' dir='ltr'><strong>hujus</strong></span> <span class='ocrx_word' id='word_1_666' title='bbox 1387 5171 1552 5232; x_wconf 80' lang='lat' dir='ltr'><strong>certe</strong></span> <span class='ocrx_word' id='word_1_667' title='bbox 1575 5178 1772 5217; x_wconf 86' lang='lat' dir='ltr'><strong>verna-</strong></span> 
     </span>
    </p>
   </div>
   <div class='ocr_carea' id='block_1_100' title="bbox 194 5229 1771 5303">
    <p class='ocr_par' dir='ltr' id='par_1_100' title="bbox 194 5229 1771 5303">
     <span class='ocr_line' id='line_1_101' title="bbox 194 5229 1771 5303; baseline 0.001 -18"><span class='ocrx_word' id='word_1_668' title='bbox 194 5229 301 5303; x_wconf 79' lang='lat' dir='ltr'><strong>culi</strong></span> <span class='ocrx_word' id='word_1_669' title='bbox 323 5229 588 5303; x_wconf 71' lang='lat' dir='ltr'><strong>Sermonis</strong></span> <span class='ocrx_word' id='word_1_670' title='bbox 614 5246 716 5303; x_wconf 84' lang='lat' dir='ltr'><strong>usu</strong></span> <span class='ocrx_word' id='word_1_671' title='bbox 745 5229 995 5303; x_wconf 77' lang='lat' dir='ltr'><strong>eﬂ‘éctum</strong></span> <span class='ocrx_word' id='word_1_672' title='bbox 1021 5230 1560 5303; x_wconf 24' lang='lat' dir='ltr'><strong>sagittzej‘uculenter</strong></span> <span class='ocrx_word' id='word_1_673' title='bbox 1588 5233 1771 5302; x_wconf 68' lang='lat' dir='ltr'><strong>capri-</strong></span> 
     </span>
    </p>
   </div>
   <div class='ocr_carea' id='block_1_101' title="bbox 196 5298 1768 5371">
    <p class='ocr_par' dir='ltr' id='par_1_101' title="bbox 196 5298 1768 5371">
     <span class='ocr_line' id='line_1_102' title="bbox 196 5298 1768 5371; baseline 0.003 -19"><span class='ocrx_word' id='word_1_674' title='bbox 196 5298 315 5364; x_wconf 84' lang='lat' dir='ltr'><strong>tuit,</strong></span> <span class='ocrx_word' id='word_1_675' title='bbox 341 5298 593 5371; x_wconf 58' lang='lat' dir='ltr'><strong>ger-ltuit,</strong></span> <span class='ocrx_word' id='word_1_676' title='bbox 624 5301 807 5371; x_wconf 88' lang='lat' dir='ltr'><strong>idest,</strong></span> <span class='ocrx_word' id='word_1_677' title='bbox 846 5300 994 5371; x_wconf 81' lang='lat' dir='ltr'><strong>valde</strong></span> <span class='ocrx_word' id='word_1_678' title='bbox 1022 5298 1207 5354; x_wconf 72' lang='lat' dir='ltr'><strong>altam.</strong></span> <span class='ocrx_word' id='word_1_679' title='bbox 1239 5300 1393 5357; x_wconf 89' lang='lat' dir='ltr'><strong>Unde</strong></span> <span class='ocrx_word' id='word_1_680' title='bbox 1426 5310 1482 5356; x_wconf 89' lang='lat' dir='ltr'><strong>et</strong></span> <span class='ocrx_word' id='word_1_681' title='bbox 1517 5298 1768 5371; x_wconf 75' lang='lat' dir='ltr'><strong>sagittam</strong></span> 
     </span>
    </p>
   </div>
   <div class='ocr_carea' id='block_1_102' title="bbox 195 5369 1771 5445">
    <p class='ocr_par' dir='ltr' id='par_1_102' title="bbox 195 5369 1771 5445">
     <span class='ocr_line' id='line_1_103' title="bbox 195 5369 1771 5445; baseline 0.004 -23"><span class='ocrx_word' id='word_1_682' title='bbox 195 5369 434 5425; x_wconf 84' lang='lat' dir='ltr'><strong>nonnulli</strong></span> <span class='ocrx_word' id='word_1_683' title='bbox 456 5369 559 5425; x_wconf 92' lang='lat' dir='ltr'><strong>dici</strong></span> <span class='ocrx_word' id='word_1_684' title='bbox 582 5370 827 5437; x_wconf 89' lang='lat' dir='ltr'><strong>tradunt,</strong></span> <span class='ocrx_word' id='word_1_685' title='bbox 850 5370 995 5440; x_wconf 90' lang='lat' dir='ltr'><strong>quod</strong></span> <span class='ocrx_word' id='word_1_686' title='bbox 1017 5386 1184 5428; x_wconf 84' lang='lat' dir='ltr'><strong>nervo</strong></span> <span class='ocrx_word' id='word_1_687' title='bbox 1203 5386 1429 5427; x_wconf 81' lang='lat' dir='ltr'><strong>excussa</strong></span> <span class='ocrx_word' id='word_1_688' title='bbox 1452 5369 1771 5445; x_wconf 72' lang='lat' dir='ltr'><strong>satislonge</strong></span> 
     </span>
    </p>
   </div>
   <div class='ocr_carea' id='block_1_103' title="bbox 196 5446 1759 5494">
    <p class='ocr_par' dir='ltr' id='par_1_103' title="bbox 196 5446 1759 5494">
     <span class='ocr_line' id='line_1_104' title="bbox 196 5446 1759 5494; baseline 0.001 -2"><span class='ocrx_word' id='word_1_689' title='bbox 196 5446 407 5494; x_wconf 65' lang='lat' dir='ltr'><strong>agatur.</strong></span> <span class='ocrx_word' id='word_1_690' title='bbox 437 5480 445 5493; x_wconf 85' lang='lat'><strong>.</strong></span> <span class='ocrx_word' id='word_1_691' title='bbox 1280 5472 1283 5477; x_wconf 64' lang='grc' dir='ltr'><strong><em>ι</em></strong></span> <span class='ocrx_word' id='word_1_692' title='bbox 1752 5468 1759 5475; x_wconf 89' lang='grc'><strong>-</strong></span> 
     </span>
    </p>
   </div>
   <div class='ocr_carea' id='block_1_104' title="bbox 230 5455 1771 5582">
    <p class='ocr_par' dir='ltr' id='par_1_104' title="bbox 230 5455 1771 5582">
     <span class='ocr_line' id='line_1_105' title="bbox 230 5455 1771 5582; baseline 0.001 -16"><span class='ocrx_word' id='word_1_693' title='bbox 230 5455 532 5582; x_wconf 44' lang='lat' dir='ltr'><strong>8iugin‘em</strong></span> <span class='ocrx_word' id='word_1_694' title='bbox 568 5509 955 5582; x_wconf 84' lang='lat' dir='ltr'><strong>epigrammata</strong></span> <span class='ocrx_word' id='word_1_695' title='bbox 985 5526 1116 5582; x_wconf 56' lang='lat' dir='ltr'><strong>qua</strong></span> <span class='ocrx_word' id='word_1_696' title='bbox 1144 5517 1464 5582; x_wconf 84' lang='lat' dir='ltr'><strong>sequuntur,</strong></span> <span class='ocrx_word' id='word_1_697' title='bbox 1502 5510 1771 5567; x_wconf 89' lang='lat' dir='ltr'><strong>Samuelis</strong></span> 
     </span>
    </p>
   </div>
   <div class='ocr_carea' id='block_1_105' title="bbox 194 5578 1769 5701">
    <p class='ocr_par' dir='ltr' id='par_1_105' title="bbox 194 5578 1769 5701">
     <span class='ocr_line' id='line_1_106' title="bbox 194 5578 1769 5701; baseline 0.003 -69"><span class='ocrx_word' id='word_1_698' title='bbox 194 5578 494 5701; x_wconf 50' lang='lat' dir='ltr'><strong>presbf&#39;teri</strong></span> <span class='ocrx_word' id='word_1_699' title='bbox 547 5578 821 5635; x_wconf 71' lang='lat' dir='ltr'><strong>memorias</strong></span> <span class='ocrx_word' id='word_1_700' title='bbox 860 5589 916 5636; x_wconf 90' lang='lat' dir='ltr'><strong>et</strong></span> <span class='ocrx_word' id='word_1_701' title='bbox 963 5578 1238 5636; x_wconf 52' lang='lat' dir='ltr'><strong>amicitiai</strong></span> <span class='ocrx_word' id='word_1_702' title='bbox 1266 5583 1463 5649; x_wconf 82' lang='lat' dir='ltr'><strong>scr&#39;pta</strong></span> <span class='ocrx_word' id='word_1_703' title='bbox 1512 5591 1657 5645; x_wconf 83' lang='lat' dir='ltr'><strong>sunt,</strong></span> <span class='ocrx_word' id='word_1_704' title='bbox 1702 5582 1769 5636; x_wconf 89' lang='lat' dir='ltr'><strong>de</strong></span> 
     </span>
     <span class='ocr_line' id='line_1_107' title="bbox 196 5650 1769 5701; baseline 0 0"><span class='ocrx_word' id='word_1_705' title='bbox 196 5662 303 5701; x_wconf 84' lang='lat' dir='ltr'><strong>atto</strong></span> <span class='ocrx_word' id='word_1_706' title='bbox 327 5663 355 5701; x_wconf 91' lang='lat' dir='ltr'><strong>a</strong></span> <span class='ocrx_word' id='word_1_707' title='bbox 381 5650 468 5701; x_wconf 83' lang='lat' dir='ltr'><strong>iud</strong></span> <span class='ocrx_word' id='word_1_708' title='bbox 498 5650 626 5701; x_wconf 88' lang='lat' dir='ltr'><strong>hinc</strong></span> <span class='ocrx_word' id='word_1_709' title='bbox 647 5650 981 5701; x_wconf 77' lang='lat' dir='ltr'><strong>exnloratum</strong></span> <span class='ocrx_word' id='word_1_710' title='bbox 1018 5652 1190 5701; x_wconf 84' lang='lat' dir='ltr'><strong>habeo</strong></span> <span class='ocrx_word' id='word_1_711' title='bbox 1216 5651 1371 5701; x_wconf 89' lang='lat' dir='ltr'><strong>nihil.</strong></span> <span class='ocrx_word' id='word_1_712' title='bbox 1405 5651 1507 5701; x_wconf 83' lang='lat' dir='ltr'><strong>nisi</strong></span> <span class='ocrx_word' id='word_1_713' title='bbox 1533 5653 1676 5701; x_wconf 86' lang='lat' dir='ltr'><strong>nuod</strong></span> <span class='ocrx_word' id='word_1_714' title='bbox 1702 5652 1769 5701; x_wconf 83' lang='lat' dir='ltr'><strong>ab</strong></span> 
     </span>
    </p>
   </div>
   <div class='ocr_carea' id='block_1_106' title="bbox 196 5650 1770 5721">
    <p class='ocr_par' dir='ltr' id='par_1_106' title="bbox 196 5650 1770 5721">
     <span class='ocr_line' id='line_1_108' title="bbox 196 5650 1770 5721; baseline 0.002 -18"><span class='ocrx_word' id='word_1_715' title='bbox 196 5662 303 5721; x_wconf 79' lang='lat' dir='ltr'><strong>quo</strong></span> <span class='ocrx_word' id='word_1_716' title='bbox 327 5650 468 5721; x_wconf 64' lang='lat' dir='ltr'><strong>aliud</strong></span> <span class='ocrx_word' id='word_1_717' title='bbox 498 5650 626 5706; x_wconf 85' lang='lat' dir='ltr'><strong>hinc</strong></span> <span class='ocrx_word' id='word_1_718' title='bbox 647 5650 981 5721; x_wconf 78' lang='lat' dir='ltr'><strong>exploratum</strong></span> <span class='ocrx_word' id='word_1_719' title='bbox 1018 5652 1190 5706; x_wconf 89' lang='lat' dir='ltr'><strong>habeo</strong></span> <span class='ocrx_word' id='word_1_720' title='bbox 1216 5651 1371 5721; x_wconf 88' lang='lat' dir='ltr'><strong>nihil,</strong></span> <span class='ocrx_word' id='word_1_721' title='bbox 1405 5651 1507 5706; x_wconf 89' lang='lat' dir='ltr'><strong>nisi</strong></span> <span class='ocrx_word' id='word_1_722' title='bbox 1533 5653 1676 5721; x_wconf 89' lang='lat' dir='ltr'><strong>quod</strong></span> <span class='ocrx_word' id='word_1_723' title='bbox 1702 5652 1770 5706; x_wconf 86' lang='lat' dir='ltr'><strong>ab</strong></span> 
     </span>
    </p>
   </div>
   <div class='ocr_carea' id='block_1_107' title="bbox 197 5716 1767 5791">
    <p class='ocr_par' dir='ltr' id='par_1_107' title="bbox 197 5716 1767 5791">
     <span class='ocr_line' id='line_1_109' title="bbox 197 5716 1767 5791; baseline 0.003 -19"><span class='ocrx_word' id='word_1_724' title='bbox 197 5716 568 5791; x_wconf 29' lang='lat' dir='ltr'><strong>ipsoURabano</strong></span> <span class='ocrx_word' id='word_1_725' title='bbox 613 5716 862 5785; x_wconf 82' lang='lat' dir='ltr'><strong>traditur,</strong></span> <span class='ocrx_word' id='word_1_726' title='bbox 901 5721 1027 5776; x_wconf 92' lang='lat' dir='ltr'><strong>olim</strong></span> <span class='ocrx_word' id='word_1_727' title='bbox 1082 5721 1222 5791; x_wconf 89' lang='lat' dir='ltr'><strong>apud</strong></span> <span class='ocrx_word' id='word_1_728' title='bbox 1268 5720 1512 5777; x_wconf 89' lang='lat' dir='ltr'><strong>Turones</strong></span> <span class='ocrx_word' id='word_1_729' title='bbox 1551 5716 1767 5777; x_wconf 74' lang='lat' dir='ltr'><strong>Rabani</strong></span> 
     </span>
    </p>
   </div>
   <div class='ocr_carea' id='block_1_108' title="bbox 198 5788 1765 5860">
    <p class='ocr_par' dir='ltr' id='par_1_108' title="bbox 198 5788 1765 5860">
     <span class='ocr_line' id='line_1_110' title="bbox 198 5788 1765 5860; baseline 0.003 -16"><span class='ocrx_word' id='word_1_730' title='bbox 198 5788 620 5854; x_wconf 78' lang='lat' dir='ltr'><strong>condiscipulum</strong></span> <span class='ocrx_word' id='word_1_731' title='bbox 652 5800 705 5849; x_wconf 90' lang='lat' dir='ltr'><strong>ct</strong></span> <span class='ocrx_word' id='word_1_732' title='bbox 731 5791 968 5849; x_wconf 87' lang='lat' dir='ltr'><strong>sodalem</strong></span> <span class='ocrx_word' id='word_1_733' title='bbox 1010 5788 1305 5860; x_wconf 79' lang='lat' dir='ltr'><strong>exstitisse,</strong></span> <span class='ocrx_word' id='word_1_734' title='bbox 1334 5790 1588 5851; x_wconf 84' lang='lat' dir='ltr'><strong>Albinum</strong></span> <span class='ocrx_word' id='word_1_735' title='bbox 1613 5807 1765 5848; x_wconf 89' lang='lat' dir='ltr'><strong>com-</strong></span> 
     </span>
    </p>
   </div>
   <div class='ocr_carea' id='block_1_109' title="bbox 1870 4812 3452 4897">
    <p class='ocr_par' dir='ltr' id='par_1_109' title="bbox 1870 4812 3452 4897">
     <span class='ocr_line' id='line_1_111' title="bbox 1870 4812 3452 4897; baseline 0.003 -28"><span class='ocrx_word' id='word_1_736' title='bbox 1870 4831 2088 4897; x_wconf 76' lang='lat' dir='ltr'><strong>munem</strong></span> <span class='ocrx_word' id='word_1_737' title='bbox 2118 4812 2432 4897; x_wconf 78' lang='lat' dir='ltr'><strong>magistrum</strong></span> <span class='ocrx_word' id='word_1_738' title='bbox 2464 4815 2945 4897; x_wconf 37' lang='lat' dir='ltr'><strong>habuissekipsum</strong></span> <span class='ocrx_word' id='word_1_739' title='bbox 2977 4814 3224 4897; x_wconf 64' lang='lat' dir='ltr'><strong>denique,</strong></span> <span class='ocrx_word' id='word_1_740' title='bbox 3266 4831 3308 4897; x_wconf 81' lang='lat' dir='ltr'><strong>a_</strong></span> <span class='ocrx_word' id='word_1_741' title='bbox 3338 4825 3452 4878; x_wconf 78' lang='lat' dir='ltr'><strong>Ra-</strong></span> 
     </span>
    </p>
   </div>
   <div class='ocr_carea' id='block_1_110' title="bbox 1871 4885 3454 4957">
    <p class='ocr_par' dir='ltr' id='par_1_110' title="bbox 1871 4885 3454 4957">
     <span class='ocr_line' id='line_1_112' title="bbox 1871 4885 3454 4957; baseline 0.004 -18"><span class='ocrx_word' id='word_1_742' title='bbox 1871 4887 2016 4957; x_wconf 81' lang='lat' dir='ltr'><strong>bauo</strong></span> <span class='ocrx_word' id='word_1_743' title='bbox 2062 4885 2272 4957; x_wconf 86' lang='lat' dir='ltr'><strong>magnis</strong></span> <span class='ocrx_word' id='word_1_744' title='bbox 2315 4893 2582 4941; x_wconf 87' lang='lat' dir='ltr'><strong>terrarum</strong></span> <span class='ocrx_word' id='word_1_745' title='bbox 2628 4895 2683 4941; x_wconf 91' lang='lat' dir='ltr'><strong>et</strong></span> <span class='ocrx_word' id='word_1_746' title='bbox 2733 4885 3012 4957; x_wconf 70' lang='lat' dir='ltr'><strong>fluminum</strong></span> <span class='ocrx_word' id='word_1_747' title='bbox 3060 4886 3248 4955; x_wconf 87' lang='lat' dir='ltr'><strong>spatiis</strong></span> <span class='ocrx_word' id='word_1_748' title='bbox 3294 4885 3454 4957; x_wconf 83' lang='lat' dir='ltr'><strong>longe</strong></span> 
     </span>
    </p>
   </div>
   <div class='ocr_carea' id='block_1_111' title="bbox 1872 4906 3454 5024">
    <p class='ocr_par' dir='ltr' id='par_1_111' title="bbox 1872 4906 3454 5024">
     <span class='ocr_line' id='line_1_113' title="bbox 1872 4906 3454 4957; baseline 0.001 -18"><span class='ocrx_word' id='word_1_749' title='bbox 1872 4906 2016 4940; x_wconf 71' lang='lat' dir='ltr'><strong>Dillio</strong></span> <span class='ocrx_word' id='word_1_750' title='bbox 2062 4906 2272 4957; x_wconf 77' lang='lat' dir='ltr'><strong>magnis</strong></span> <span class='ocrx_word' id='word_1_751' title='bbox 2315 4906 2582 4941; x_wconf 84' lang='lat' dir='ltr'><strong>terrarum</strong></span> <span class='ocrx_word' id='word_1_752' title='bbox 2628 4906 2683 4941; x_wconf 71' lang='grc' dir='ltr'><strong>ει</strong></span> <span class='ocrx_word' id='word_1_753' title='bbox 2733 4906 3012 4940; x_wconf 79' lang='lat' dir='ltr'><strong>nummum</strong></span> <span class='ocrx_word' id='word_1_754' title='bbox 3060 4906 3248 4955; x_wconf 77' lang='lat' dir='ltr'><strong>spanis</strong></span> <span class='ocrx_word' id='word_1_755' title='bbox 3296 4906 3379 4941; x_wconf 87' lang='lat' dir='ltr'><strong>IOII</strong></span> <span class='ocrx_word' id='word_1_756' title='bbox 3420 4906 3454 4945; x_wconf 79' lang='grc' dir='ltr'>Θ</span> 
     </span>
     <span class='ocr_line' id='line_1_114' title="bbox 1872 4906 3454 5024; baseline 0.004 -16"><span class='ocrx_word' id='word_1_757' title='bbox 1872 4954 2225 5024; x_wconf 87' lang='lat' dir='ltr'><strong>disjunctum,</strong></span> <span class='ocrx_word' id='word_1_758' title='bbox 2253 4957 2492 5012; x_wconf 87' lang='lat' dir='ltr'><strong>doctoris</strong></span> <span class='ocrx_word' id='word_1_759' title='bbox 2533 4971 2731 5011; x_wconf 87' lang='lat' dir='ltr'><strong>munus</strong></span> <span class='ocrx_word' id='word_1_760' title='bbox 2759 4955 2954 5010; x_wconf 85' lang='lat' dir='ltr'><strong>alicubi</strong></span> <span class='ocrx_word' id='word_1_761' title='bbox 3001 4957 3339 5011; x_wconf 80' lang='lat' dir='ltr'><strong>sustinuisse.</strong></span> <span class='ocrx_word' id='word_1_762' title='bbox 3381 4906 3454 5014; x_wconf 54' lang='lat' dir='ltr'><strong>ﬁt</strong></span> 
     </span>
    </p>
   </div>
   <div class='ocr_carea' id='block_1_112' title="bbox 1873 5024 3452 5097">
    <p class='ocr_par' dir='ltr' id='par_1_112' title="bbox 1873 5024 3452 5097">
     <span class='ocr_line' id='line_1_115' title="bbox 1873 5024 3452 5097; baseline 0.001 -17"><span class='ocrx_word' id='word_1_763' title='bbox 1873 5025 2337 5097; x_wconf 12' lang='lat' dir='ltr'><strong>circu‘mspicienti</strong></span> <span class='ocrx_word' id='word_1_764' title='bbox 2367 5026 2676 5097; x_wconf 89' lang='lat' dir='ltr'><strong>diligentius</strong></span> <span class='ocrx_word' id='word_1_765' title='bbox 2700 5026 2938 5097; x_wconf 75' lang='lat' dir='ltr'><strong>occurrit</strong></span> <span class='ocrx_word' id='word_1_766' title='bbox 2973 5024 3279 5097; x_wconf 81' lang='lat' dir='ltr'><strong>Samuelem</strong></span> <span class='ocrx_word' id='word_1_767' title='bbox 3309 5028 3452 5082; x_wconf 90' lang='lat' dir='ltr'><strong>hunc</strong></span> 
     </span>
    </p>
   </div>
   <div class='ocr_carea' id='block_1_113' title="bbox 1876 5094 3454 5166">
    <p class='ocr_par' dir='ltr' id='par_1_113' title="bbox 1876 5094 3454 5166">
     <span class='ocr_line' id='line_1_116' title="bbox 1876 5094 3454 5166; baseline 0.002 -19"><span class='ocrx_word' id='word_1_768' title='bbox 1876 5094 2129 5166; x_wconf 75' lang='lat' dir='ltr'><strong>eumdem</strong></span> <span class='ocrx_word' id='word_1_769' title='bbox 2152 5096 2395 5166; x_wconf 76' lang='lat' dir='ltr'><strong>essequi</strong></span> <span class='ocrx_word' id='word_1_770' title='bbox 2428 5094 2619 5150; x_wconf 79' lang='lat' dir='ltr'><strong>deinde</strong></span> <span class='ocrx_word' id='word_1_771' title='bbox 2656 5111 2721 5151; x_wconf 79' lang='lat' dir='ltr'><strong>ex</strong></span> <span class='ocrx_word' id='word_1_772' title='bbox 2774 5094 3279 5166; x_wconf 82' lang='lat' dir='ltr'><strong>Laurisbeimeusis,</strong></span> <span class='ocrx_word' id='word_1_773' title='bbox 3316 5111 3454 5166; x_wconf 69' lang='lat' dir='ltr'><strong>prte-</strong></span> 
     </span>
    </p>
   </div>
   <div class='ocr_carea' id='block_1_114' title="bbox 1876 5164 3451 5221">
    <p class='ocr_par' dir='ltr' id='par_1_114' title="bbox 1876 5164 3451 5221">
     <span class='ocr_line' id='line_1_117' title="bbox 1876 5164 3451 5221; baseline 0.001 -3"><span class='ocrx_word' id='word_1_774' title='bbox 1876 5164 2075 5220; x_wconf 88' lang='lat' dir='ltr'><strong>nobilis</strong></span> <span class='ocrx_word' id='word_1_775' title='bbox 2111 5165 2238 5221; x_wconf 90' lang='lat' dir='ltr'><strong>olim</strong></span> <span class='ocrx_word' id='word_1_776' title='bbox 2278 5164 2581 5221; x_wconf 83' lang='lat' dir='ltr'><strong>Rhenensis</strong></span> <span class='ocrx_word' id='word_1_777' title='bbox 2610 5173 2815 5219; x_wconf 87' lang='lat' dir='ltr'><strong>tractus</strong></span> <span class='ocrx_word' id='word_1_778' title='bbox 2845 5165 2897 5218; x_wconf 89' lang='lat' dir='ltr'><strong>in</strong></span> <span class='ocrx_word' id='word_1_779' title='bbox 2927 5165 3231 5219; x_wconf 83' lang='lat' dir='ltr'><strong>Palatinam</strong></span> <span class='ocrx_word' id='word_1_780' title='bbox 3265 5164 3451 5219; x_wconf 78' lang='lat' dir='ltr'><strong>mona-</strong></span> 
     </span>
    </p>
   </div>
   <div class='ocr_carea' id='block_1_115' title="bbox 1875 5235 3520 5299">
    <p class='ocr_par' dir='ltr' id='par_1_115' title="bbox 1875 5235 3520 5299">
     <span class='ocr_line' id='line_1_118' title="bbox 1875 5235 3520 5299; baseline 0 -9"><span class='ocrx_word' id='word_1_781' title='bbox 1875 5236 2023 5290; x_wconf 89' lang='lat' dir='ltr'><strong>sterii</strong></span> <span class='ocrx_word' id='word_1_782' title='bbox 2050 5237 2265 5299; x_wconf 88' lang='lat' dir='ltr'><strong>abbate,</strong></span> <span class='ocrx_word' id='word_1_783' title='bbox 2306 5236 2374 5289; x_wconf 92' lang='lat' dir='ltr'><strong>ad</strong></span> <span class='ocrx_word' id='word_1_784' title='bbox 2404 5235 2856 5289; x_wconf 83' lang='lat' dir='ltr'><strong>Wormaliensem</strong></span> <span class='ocrx_word' id='word_1_785' title='bbox 2883 5235 3194 5289; x_wconf 65' lang='lat' dir='ltr'><strong>cathedram</strong></span> <span class='ocrx_word' id='word_1_786' title='bbox 3233 5244 3451 5290; x_wconf 83' lang='lat' dir='ltr'><strong>evectus</strong></span> <span class='ocrx_word' id='word_1_787' title='bbox 3504 5252 3520 5270; x_wconf 83' lang='lat'><strong>-</strong></span> 
     </span>
    </p>
   </div>
   <div class='ocr_carea' id='block_1_116' title="bbox 1873 5303 3559 5376">
    <p class='ocr_par' dir='ltr' id='par_1_116' title="bbox 1873 5303 3559 5376">
     <span class='ocr_line' id='line_1_119' title="bbox 1873 5303 3559 5376; baseline 0 -17"><span class='ocrx_word' id='word_1_788' title='bbox 1873 5313 1977 5376; x_wconf 86' lang='lat' dir='ltr'><strong>est,</strong></span> <span class='ocrx_word' id='word_1_789' title='bbox 2000 5314 2055 5359; x_wconf 93' lang='lat' dir='ltr'><strong>et</strong></span> <span class='ocrx_word' id='word_1_790' title='bbox 2083 5321 2223 5373; x_wconf 87' lang='lat' dir='ltr'><strong>anno</strong></span> <span class='ocrx_word' id='word_1_791' title='bbox 2244 5305 2347 5367; x_wconf 66' lang='lat'><strong>847</strong></span> <span class='ocrx_word' id='word_1_792' title='bbox 2370 5305 2571 5363; x_wconf 87' lang='lat' dir='ltr'><strong>celebri</strong></span> <span class='ocrx_word' id='word_1_793' title='bbox 2600 5306 2652 5359; x_wconf 87' lang='lat' dir='ltr'><strong>in</strong></span> <span class='ocrx_word' id='word_1_794' title='bbox 2675 5305 2877 5376; x_wconf 85' lang='lat' dir='ltr'><strong>synodo</strong></span> <span class='ocrx_word' id='word_1_795' title='bbox 2902 5304 3186 5376; x_wconf 66' lang='lat' dir='ltr'><strong>Moguntina</strong></span> <span class='ocrx_word' id='word_1_796' title='bbox 3204 5303 3450 5376; x_wconf 78' lang='lat' dir='ltr'><strong>Rabano,</strong></span> <span class='ocrx_word' id='word_1_797' title='bbox 3549 5343 3559 5353; x_wconf 88' lang='lat'><strong>.</strong></span> 
     </span>
    </p>
   </div>
   <div class='ocr_carea' id='block_1_117' title="bbox 1874 5374 3451 5447">
    <p class='ocr_par' dir='ltr' id='par_1_117' title="bbox 1874 5374 3451 5447">
     <span class='ocr_line' id='line_1_120' title="bbox 1874 5374 3451 5447; baseline 0.014 -20"><span class='ocrx_word' id='word_1_798' title='bbox 1874 5374 2017 5447; x_wconf 79' lang='lat' dir='ltr'><strong>inter</strong></span> <span class='ocrx_word' id='word_1_799' title='bbox 2043 5377 2407 5447; x_wconf 23' lang='lat' dir='ltr'><strong>‘coepiscopos</strong></span> <span class='ocrx_word' id='word_1_800' title='bbox 2451 5374 2774 5447; x_wconf 33' lang='lat' dir='ltr'><strong>assedit,‘ut</strong></span> <span class='ocrx_word' id='word_1_801' title='bbox 2803 5388 2875 5447; x_wconf 59' lang='lat' dir='ltr'><strong>ea</strong></span> <span class='ocrx_word' id='word_1_802' title='bbox 2922 5375 3149 5445; x_wconf 88' lang='lat' dir='ltr'><strong>epistola</strong></span> <span class='ocrx_word' id='word_1_803' title='bbox 3193 5374 3451 5447; x_wconf 45' lang='lat' dir='ltr'><strong>Syllo!!!“</strong></span> 
     </span>
    </p>
   </div>
   <div class='ocr_carea' id='block_1_118' title="bbox 1874 5442 3453 5515">
    <p class='ocr_par' dir='ltr' id='par_1_118' title="bbox 1874 5442 3453 5515">
     <span class='ocr_line' id='line_1_121' title="bbox 1874 5442 3453 5515; baseline 0 -17"><span class='ocrx_word' id='word_1_804' title='bbox 1874 5442 2330 5515; x_wconf 48' lang='lat' dir='ltr'><strong>colligitur;qu</strong></span> <span class='ocrx_word' id='word_1_805' title='bbox 2374 5453 2503 5500; x_wconf 88' lang='lat' dir='ltr'><strong>tom.</strong></span> <span class='ocrx_word' id='word_1_806' title='bbox 2539 5445 2602 5499; x_wconf 88' lang='lat' dir='ltr'><strong>Ill</strong></span> <span class='ocrx_word' id='word_1_807' title='bbox 2651 5442 3100 5515; x_wconf 74' lang='lat' dir='ltr'><strong>Concilioruinet</strong></span> <span class='ocrx_word' id='word_1_808' title='bbox 3144 5442 3282 5515; x_wconf 71' lang='lat' dir='ltr'><strong>apud</strong></span> <span class='ocrx_word' id='word_1_809' title='bbox 3312 5442 3453 5498; x_wconf 80' lang='lat' dir='ltr'><strong>alios</strong></span> 
     </span>
    </p>
   </div>
   <div class='ocr_carea' id='block_1_119' title="bbox 1873 5512 3451 5586">
    <p class='ocr_par' dir='ltr' id='par_1_119' title="bbox 1873 5512 3451 5586">
     <span class='ocr_line' id='line_1_122' title="bbox 1873 5512 3451 5586; baseline -0.001 -18"><span class='ocrx_word' id='word_1_810' title='bbox 1873 5512 2087 5586; x_wconf 75' lang='lat' dir='ltr'><strong>legitur.</strong></span> <span class='ocrx_word' id='word_1_811' title='bbox 2117 5512 2275 5585; x_wconf 77' lang='lat' dir='ltr'><strong>(Vide</strong></span> <span class='ocrx_word' id='word_1_812' title='bbox 2303 5518 2628 5586; x_wconf 15' lang='lat' dir='ltr'><strong>supraiinter</strong></span> <span class='ocrx_word' id='word_1_813' title='bbox 2655 5514 2900 5586; x_wconf 78' lang='lat' dir='ltr'><strong>epistolas</strong></span> <span class='ocrx_word' id='word_1_814' title='bbox 2933 5512 3189 5586; x_wconf 58' lang='lat' dir='ltr'><strong>Rabarti.)</strong></span> <span class='ocrx_word' id='word_1_815' title='bbox 3222 5512 3287 5565; x_wconf 82' lang='lat' dir='ltr'><strong>Et</strong></span> <span class='ocrx_word' id='word_1_816' title='bbox 3318 5528 3451 5586; x_wconf 81' lang='lat' dir='ltr'><strong>con-</strong></span> 
     </span>
    </p>
   </div>
   <div class='ocr_carea' id='block_1_120' title="bbox 1874 5582 3451 5654">
    <p class='ocr_par' dir='ltr' id='par_1_120' title="bbox 1874 5582 3451 5654">
     <span class='ocr_line' id='line_1_123' title="bbox 1874 5582 3451 5654; baseline -0.001 -15"><span class='ocrx_word' id='word_1_817' title='bbox 1874 5582 2340 5640; x_wconf 59' lang='lat' dir='ltr'><strong>se&#39;ntiuutindices</strong></span> <span class='ocrx_word' id='word_1_818' title='bbox 2364 5582 2617 5640; x_wconf 80' lang='lat' dir='ltr'><strong>Ecclesia:</strong></span> <span class='ocrx_word' id='word_1_819' title='bbox 2638 5582 2997 5654; x_wconf 80' lang='lat' dir='ltr'><strong>Vangionum,</strong></span> <span class='ocrx_word' id='word_1_820' title='bbox 3020 5583 3111 5654; x_wconf 85' lang='lat' dir='ltr'><strong>qui</strong></span> <span class='ocrx_word' id='word_1_821' title='bbox 3134 5582 3236 5636; x_wconf 90' lang='lat' dir='ltr'><strong>hoc</strong></span> <span class='ocrx_word' id='word_1_822' title='bbox 3259 5584 3451 5637; x_wconf 86' lang='lat' dir='ltr'><strong>eodem</strong></span> 
     </span>
    </p>
   </div>
   <div class='ocr_carea' id='block_1_121' title="bbox 1875 5652 3457 5722">
    <p class='ocr_par' dir='ltr' id='par_1_121' title="bbox 1875 5652 3457 5722">
     <span class='ocr_line' id='line_1_124' title="bbox 1875 5652 3457 5722; baseline -0.001 -15"><span class='ocrx_word' id='word_1_823' title='bbox 1875 5670 2037 5719; x_wconf 84' lang='lat' dir='ltr'><strong>anno,</strong></span> <span class='ocrx_word' id='word_1_824' title='bbox 2070 5656 2155 5710; x_wconf 89' lang='lat' dir='ltr'><strong>die</strong></span> <span class='ocrx_word' id='word_1_825' title='bbox 2198 5656 2263 5710; x_wconf 74' lang='grc'><strong>15</strong></span> <span class='ocrx_word' id='word_1_826' title='bbox 2305 5654 2573 5720; x_wconf 85' lang='lat' dir='ltr'><strong>Octobris,</strong></span> <span class='ocrx_word' id='word_1_827' title='bbox 2620 5652 2790 5709; x_wconf 73' lang='lat' dir='ltr'><strong>sancti</strong></span> <span class='ocrx_word' id='word_1_828' title='bbox 2836 5653 3046 5722; x_wconf 73' lang='lat' dir='ltr'><strong>Cyriaci</strong></span> <span class='ocrx_word' id='word_1_829' title='bbox 3090 5652 3280 5708; x_wconf 83' lang='lat' dir='ltr'><strong>honori</strong></span> <span class='ocrx_word' id='word_1_830' title='bbox 3326 5662 3457 5716; x_wconf 76' lang='lat' dir='ltr'><strong>Lcm-</strong></span> 
     </span>
    </p>
   </div>
   <div class='ocr_carea' id='block_1_122' title="bbox 1873 5724 3383 5796">
    <p class='ocr_par' dir='ltr' id='par_1_122' title="bbox 1873 5724 3383 5796">
     <span class='ocr_line' id='line_1_125' title="bbox 1873 5724 3383 5796; baseline -0.003 -17"><span class='ocrx_word' id='word_1_831' title='bbox 1873 5725 2018 5796; x_wconf 91' lang='lat' dir='ltr'><strong>plum</strong></span> <span class='ocrx_word' id='word_1_832' title='bbox 2047 5724 2310 5784; x_wconf 83' lang='lat' dir='ltr'><strong>Neubusii</strong></span> <span class='ocrx_word' id='word_1_833' title='bbox 2332 5725 2608 5782; x_wconf 84' lang='lat' dir='ltr'><strong>dedicasse</strong></span> <span class='ocrx_word' id='word_1_834' title='bbox 2643 5724 2947 5795; x_wconf 87' lang='lat' dir='ltr'><strong>perhibent.</strong></span> <span class='ocrx_word' id='word_1_835' title='bbox 3372 5732 3383 5743; x_wconf 90' lang='grc'><strong>·</strong></span> 
     </span>
    </p>
   </div>
  </div>
