3944 6320
495 4134 502 4140 -
592 4109 865 4164 Concedat
890 4109 1146 4165 Dominus
1165 4110 1287 4164 vita:
1307 4109 1421 4179 jam
1446 4126 1642 4165 munus
1670 4112 1912 4182 utrisque
1957 4093 1960 4102 ’

629 339 764 395 1603
1230 343 1288 396 Β.
1333 341 1579 396 RABANI
1621 343 1834 401 MAURI
1873 343 2188 402 ARCHIEP.
2234 346 2537 404 MOGUN'I‘.
2579 351 2862 410 OPERUM
2901 355 3076 414 PARS
3113 361 3195 416 IV.
3629 383 3710 438 tm

695 447 987 520 Naufragio
1018 459 1070 505 et
1091 449 1242 507 littus
1267 461 1487 523 tutaque
1525 465 1670 512 terra
1694 472 1834 512 meo.
2225 461 2275 519 Α
2373 459 2517 527 Hoc,
2550 463 2728 531 Pater,
2763 468 2878 538 ipse
2899 479 3078 542 petas,
3111 483 3163 527 tu
3188 476 3296 532 sine
3318 478 3406 535 ﬁne
3431 483 3535 540 vale.

623 537 783 639 50108
807 539 1194 639 ilonornpbis,
1222 543 1351 598 urbs
1379 552 1432 598 tu
1462 546 1720 602 ﬁdissima
1741 564 1980 620 semper,
2305 551 2580 617 Quondam
2607 537 2796 627 netnpe
2823 537 3002 614 meum
3043 566 3322 633 gaudebam
3351 580 3395 627 te
3419 537 3686 639 esse—samem

693 625 958 698 Curisque
981 629 1198 686 alilictio
1219 641 1328 687 tuta
1355 635 1509 703 quies
1538 637 1742 692 animo.
2373 645 2518 700 lnter
2547 625 2807 716 lectores,
2841 651 3012 706 frater
3040 625 3212 710 amate
3231 698 3244 723 ,
3266 625 3399 715 mihi.
3427 625 3512 631 ﬁ"
3532 625 3710 654 "ww,

623 715 851 832 Sipltque
881 719 1008 774 licet
1031 731 1242 777 montes
1268 723 1410 832 i'r'lter
1428 741 1551 779 cum
1581 725 1836 832 Illulctibus.
1865 743 1993 782 arva
2303 735 2456 794 Nunc
2481 755 2696 810 quoque
2723 752 2778 799 te
2804 749 3044 814 gratulor
3065 715 3314 820 retinere,
3337 755 3439 824 jura
3463 763 3634 832 magistri

693 805 843 862 Mens
867 817 1043 863 tecum
1065 821 1177 875 est,
1209 812 1350 912 nulla
1376 829 1496 884 quae
1517 815 1799 912 cohibetur
1823 817 2006 872 humo.
2372 805 2628 885 Crescere
2655 805 2884 900 virtute,
2910 840 3078 906 patris
3099 805 3659 912 habéré'légl'l‘l'n':‘owun

621 895 864 1004 Teumea
915 913 1074 1002 mens
1111 901 1373 970 sequitur,
1419 904 1666 973 sequitur
1714 921 1962 1004 quoque,
1983 921 2200 962 carmen
2304 915 2391 972 Sis
2417 935 2626 976 memor
2657 939 2786 994 ergo
2815 895 2924 981 mei
2947 931 3120 983 sacris
3138 931 3378 989 altaribus
3401 895 3564 1004 astans,

689 988 964 1086 Eixoptans
988 991 1168 1045 animo
1195 1006 1452 1086 prospera
1483 1003 1678 1049 cuncta
1711 997 1832 1050 tibi.
1915 1009 1920 1014 ‘
1945 995 2200 1068 [amoris,
2372 1009 2502 1066 sum
2524 988 2920 1086 ωειηοι-ὐιαυε
2942 1021 3046 1084 ωε,
3079 1022 3158 1076 sic
3191 988 3379 1078 meum,

621 1079 732 1184 ρυέ
751 1081 882 1136 mihi
907 1090 959 1137 te
985 1091 1169 1137 notum
1191 1083 1414 1184 deditet
1435 1088 1708 1184 con-cessit
1735 1088 1968 1143 amicum
1988 1128 2004 1154 ν
2301 1098 2454 1167 Quod
2482 1105 2750 1171 quondam
2781 1079 2963 1162 docuit
2990 1079 3216 1165 Albinus
3239 1114 3331 1168 rite

691 1169 988 1274 Conservet
1008 1187 1198 1228 sanum
1223 1173 1470 1274 Christus
1496 1177 1696 1274 tibique
1734 1179 1887 1233 mihi.
2369 1189 2482 1246 Hoc
2499 1169 2688 1262 pectus
2719 1204 2931 1262 teneat,
2958 1200 3061 1254 hoc
3087 1215 3221 1270 opus
3240 1169 3568 1274 omne

620 1261 702 1315 An
693 1269 763 1363 te
791 1263 963 1318 solum
989 1273 1148 1320 terra:
1174 1267 1408 1336 caelique
1429 1267 1667 1324 volu‘bile
1692 1271 1710 1290 ‘
1736 1270 1950 1342 cyclum
2299 1278 2483 1335 Gratia
2507 1261 2584 1338 sic
2606 1283 2803 1340 Christi
2835 1261 3008 1342 tecum
3029 1261 3374 1357 permanserit
3396 1261 3538 1363 alma,

692 1353 1051 1420 Praetereant,
1083 1365 1268 1412 noster
1291 1372 1454 1426 quam
1483 1375 1699 1430 quoque
1727 1370 1902 1416 cesset
1932 1377 2104 1416 amor-
2369 1371 2462 1427 Sic
2493 1384 2695 1431 memet
2724 1385 2898 1431 tecum
2930 1353 3084 1434 duc-it
3106 1381 3174 1434 ad
3204 1392 3338 1436 astra
3361 1385 3476 1440 vale.

620 1440 860 1513 Hocque,
885 1444 1067 1510 Pater,
1093 1447 1293 1512 monui,
1321 1463 1513 1503 moneo
1535 1457 1605 1514 te,
1625 1449 1929 1520 iterumque
1948 1451 2196 1505 monebo.

691 1531 778 1588 Sis
807 1549 1016 1590 memor
1039 1545 1203 1606 utque
1238 1537 1374 1602 mei,
1403 1539 1546 1596 sicut
1571 1547 1627 1594 et
1651 1540 1766 1608 ipse
1788 1540 1885 1594 tui.

618 1622 694 1685 Ut
723 1630 864 1682 Deus
892 1628 946 1682 in
977 1628 1138 1682 terris
1155 1643 1290 1698 quos
1321 1629 1410 1684 hic
1434 1628 1714 1698 conjunxit
1745 1632 1948 1688 amicos
1971 1673 1988 1698 ,

687 1719 997 1777 Gaudentes
1019 1718 1222 1789 pariter
1248 1719 1440 1789 jungat
1468 1719 1523 1774 in
1553 1735 1679 1775 arce
1703 1720 1834 1790 poli.

2669 1488 2854 1553 XXIII.
2890 1522 2960 1532 —
2995 1509 3130 1548 ιτειι
3166 1512 3232 1550 an
3265 1513 3470 1554 εωωει.

2298 1595 2377 1651 Τιι
2405 1613 2558 1654 meus
2585 1615 2644 1656 es
2671 1601 2931 1670 placitus,
2976 1604 3196 1674 placeas
3214 1622 3365 1676 super
3383 1611 3540 1666 aethera
3557 1611 3712 1680 Chlisto,

2367 1690 2455 1746 Sis
2483 1694 2681 1748 cbarus
2702 1696 2905 1750 sanctis
2921 1737 2938 1762 ,
2969 1705 3030 1750 tu
3063 1713 3218 1754 meus
3241 1715 3296 1754 es
3315 1701 3505 1769 placitus

2223 1799 2273 1860 Β
2301 1782 2504 1840 Unicus
2528 1801 2692 1856 esque
2719 1803 2900 1854 meus,
2931 1799 3132 1864 auctor
3152 1800 3204 1846 te
3229 1803 3450 1864 protegat
3467 1811 3588 1858 unus.

1019 1873 1138 1931 XX.
1176 1904 1246 1914 —
1285 1890 1415 1930 ιτειι
1454 1891 1522 1930 AD
1557 1891 1795 1931 neuneu.
2373 1874 2547 1930 Unum
2569 1891 2691 1931 cum
2726 1877 2909 1934 multis
2938 1861 3136 1935 unicus
3154 1861 3313 1951 osque
3334 1861 3462 1939 meus

2299 1962 2562 2020 Omnibus
2590 1965 2704 2037 ipse
2727 1965 2884 2022 bonis
2912 1969 3122 2039 repleat
3147 1979 3200 2025 te
3228 1971 3448 2027 Christus
3465 1977 3617 2028 amator

2368 2055 2605 2125 Spiritus
2632 2065 2798 2128 atque
2821 2058 2916 2114 Dei
2937 2063 3195 2117 omnibus
3220 2062 3328 2132 ipse
3353 2065 3501 2120 bonis.

2296 2145 2512 2217 Optima
2535 2163 2762 2219 quaeque
2789 2150 2885 2206 tibi
2907 2153 3115 2208 tribuat
3139 2155 3312 2209 divina
3337 2165 3556 2224 potestas,

2366 2239 2670 2308 Deposcens
2694 2251 2822 2312 opto
2849 2245 3052 2313 optima
3077 2261 3300 2316 quaeque
3327 2249 3427 2304 tibi.

2294 2329 2376 2385 'I‘u
2405 2346 2654 2398 maneas,
2679 2333 2867 2403 vigeas
2887 2349 3104 2406 semper
3122 2339 3177 2392 in
3205 2339 3384 2394 saecula
3403 2355 3570 2410 sospes.

2365 2422 2462 2478 Hic
2484 2432 2539 2478 et
2561 2424 2614 2479 in
2639 2434 2902 2480 aeternum
2942 2436 2996 2482 tu
3023 2445 3274 2496 maneas,
3301 2433 3484 2504 vigeas,

2293 2515 2521 2587 lnclyte,
2546 2518 2667 2573 vive
2684 2558 2700 2586 ,
2731 2519 2881 2584 vale,
2915 2519 3138 2576 Samuel
3160 2522 3442 2578 laetissimus
3463 2524 3581 2587 andi,

2361 2609 2461 2664 Hic
2493 2609 2615 2666 ﬁnis
2643 2612 2794 2667 verbi
2825 2621 2938 2676 est,
2973 2613 3178 2685 inclyte
3198 2656 3214 2680 ,
3253 2617 3391 2682 vive',
3409 2615 3518 2670 vale.

613 2009 690 2062 Te
717 2008 858 2063 Deus
885 2016 1118 2062 aeternus
1146 2007 1422 2062 hominum
1447 2007 1816 2063 sanctissimus
1842 2015 2032 2062 auctor

614 2097 952 2170 Stelligeram
983 2099 1105 2153 cmli
1134 2114 1376 2154 summus
1395 2099 1486 2168 qui
1511 2099 1751 2154 continet
1780 2113 1958 2154 arcem
1979 2138 1994 2163 ,

611 2190 878 2260 Perspicit
909 2199 1070 2259 atque
1095 2205 1310 2244 omnem
1339 2189 1494 2244 fortis
1517 2191 1822 2245 dominator
1841 2190 2094 2260 abyssum
2114 2228 2129 2254 ,

610 2281 838 2346 Exaltet,
877 2281 1080 2346 salvet,
1105 2291 1284 2337 servet
1313 2290 1386 2346 te,
1411 2281 1624 2349 diligat,
1656 2289 1840 2348 ornet,

609 2373 990 2443 Concedatque
1009 2375 1082 2428 tui
1105 2374 1411 2445 homonymi
1438 2387 1463 2414 ι
1487 2374 1850 2443 meritumque
1867 2373 2152 2443 locumque
2166 2412 2183 2440 ,

607 2466 829 2521 Exstitit
848 2476 906 2520 ut
935 2466 1117 2536 templi
1155 2467 1318 2538 typici
1349 2466 1435 2520 hic
1461 2467 1710 2532 servitor,
1739 2473 1972 2531 amator,

606 2555 786 2626 thue
808 2557 1008 2612 habeas
1031 2571 1246 2611 omnem
1267 2555 1488 2612 Samuel
1518 2556 1788 2612 Samuelis
1816 2558 2094 2612 honorem.

604 2645 735 2700 Esto
762 2662 968 2702 memor
987 2647 1187 2718 proprii
1213 2663 1373 2718 quem
1397 2648 1629 2702 nominis
1658 2648 1847 2702 ultima
1871 2648 1898 2688 ιι
1927 2656 2078 2702 notet

605 2735 850 2807 Syllaba;
881 2737 1075 2809 hieque
1098 2738 1174 2792 tui
1199 2739 1376 2793 cordis
1402 2738 1517 2793 laus
1545 2739 1618 2794 sit
1639 2738 1727 2793 hic
1753 2739 1933 2794 fervor
1957 2739 2158 2796 amoris

2030 2739 2180 2796 ιοι-ίς,
2497 2721 2688 2778 XXIV.
2729 2753 2798 2764 --
2837 2741 2904 2779 an
2941 2739 3225 2780 sucum
3264 2741 3587 2783 raessvrrIIII.

605 2834 689 2889 Sit
717 2835 812 2890 tibi
839 2835 946 2889 vita
963 2875 976 2898 ,
1008 2835 1151 2890 salus
1169 2875 1184 2901 ,
1208 2834 1303 2890 tibi
1329 2836 1400 2890 sit
1428 2837 1517 2890 via
1535 2875 1550 2900 ,
1577 2835 1769 2906 gloria,
1799 2836 1972 2892 virtus
2289 2831 2398 2888 [Ias
2432 2833 2642 2887 tabulas
2663 2834 2846 2889 senior
2871 2845 3157 2906 gratanter
3182 2839 3384 2908 percipe
3410 2853 3580 2908 quaso.

602 2925 899 2992 Protector,
929 2936 1108 2982 rector
1135 2943 1234 2998 per
1253 2926 1446 2982 saecula
1471 2936 1666 2983 cuncta
1692 2929 1886 2986 valeto.
2357 2924 2530 2990 Quam
2555 2924 2650 2980 tibi
2681 2924 2905 2980 devotus
2921 2925 3108 2996 iunior
3127 2927 3382 2981 exhibuit.

2285 3015 2466 3071 Buxus
2494 3018 2745 3074 canitiem
2769 3020 2980 3092 signat,
3005 3021 3399 3092 claustrumque
3416 3027 3614 3076 secretum

2204 3145 2253 3210 ε
2355 3109 2653 3167 Consilium
2678 3113 2890 3180 cordis,
2922 3122 2977 3168 tu
3003 3154 3018 3179 ,
3052 3114 3218 3170 Pater
3244 3115 3403 3177 alme,
3429 3114 3538 3166 vale.

601 3199 703 3266 Qui
731 3200 852 3256 caeli
871 3200 1091 3256 culmen
1110 3242 1125 3266 ,
1151 3209 1308 3257 ιρι-τω
1333 3202 1422 3272 qui
1454 3203 1696 3259 continet
1716 3220 1856 3272 una;

2211 3199 2253 3210 —
2505 3224 2672 3282 XXV.
2708 3255 2782 3266 —-
2814 3242 2882 3280 AD
2921 3239 3205 3282 SAIIUELEI
3240 3237 3577 3282 passurus“.

669 3289 771 3357 Qui
800 3293 950 3360 ponti
972 3291 1196 3358 ﬂuctus,
1223 3292 1400 3358 sidera
1429 3294 1628 3362 quique
1659 3295 1830 3362 regit,

595 3381 760 3453 Cujus
790 3399 908 3454 quae
935 3383 1148 3438 fuerant
1179 3399 1242 3438 ac
1267 3391 1422 3447 sunt,
1448 3392 1502 3438 et
1525 3393 1720 3440 cuncta
1745 3386 1927 3442 futura
1945 3428 1962 3454 ,

669 3471 825 3525 Stant
853 3473 907 3526 in
929 3481 1217 3542 conspectu
1236 3513 1250 3537 ,
1288 3473 1510 3542 ipseque
1535 3483 1730 3529 cuncta
1759 3475 1924 3532 videt.

599 3560 848 3617 Vestrum
873 3561 1210 3618 fructiferum
1239 3563 1508 3618 custodiat
1530 3563 1644 3634 ipsa
1680 3563 1918 3622 laborem

663 3652 720 3706 In
744 3653 865 3708 coeli
890 3668 1055 3725 regno
1075 3654 1293 3725 praemia
1328 3654 1488 3726 digna
1515 3669 1732 3724 parans.

595 3741 682 3797 Sis
716 3758 922 3798 memor
945 3757 1072 3814 ergo
1097 3745 1203 3800 mei
1227 3743 1400 3800 sacris
1423 3745 1684 3802 altaribus
1711 3755 1926 3814 astans,

663 3835 865 3894 Pralsul
890 3845 1075 3893 sancte
1105 3837 1198 3892 Dei
1216 3878 1230 3902 ,
1267 3837 1338 3892 sit
1367 3837 1507 3894 Deus
1532 3847 1698 3909 utque
1723 3839 1822 3894 tui.

591 3924 690 3980 Ast
725 3926 822 3981 tibi
851 3927 896 3982 si
928 3942 1144 3998 possum
1172 3928 1302 3998 quid
1327 3927 1464 3982 clam
1487 3928 1736 3985 conferre
1759 3944 2080 3996 susurrans,

662 4017 720 4072 In
749 4019 999 4088 precibus
1020 4019 1237 4089 dignum
1261 4019 1375 4088 ipse
1403 4018 1634 4074 libenter
1663 4035 1842 4090 agam.

754 3062 892 3118 XXI.
930 3095 1002 3106 -—
1039 3080 1168 3120 neu
1205 3081 1271 3120 an
1302 3080 1582 3121 SAIIUELEI
1619 3081 2018 3123 rassnv'rsnol.

2280 3335 2368 3392 Sis
2396 3336 2521 3392 felix
2543 3352 2732 3407 sospes
2748 3378 2764 3402 ,
2787 3337 2864 3393 sis
2895 3337 3050 3393 laatus
3079 3354 3295 3409 semper
3315 3338 3512 3408 ubique,

2348 3427 2424 3481 Te
2448 3427 2793 3496 omnipotens
2827 3427 3086 3483 Dominus
3113 3437 3354 3500 protegat
3372 3438 3510 3497 atque
3525 3430 3643 3492 ι-ῳι.

2277 3515 2428 3571 Vivis
2458 3526 2638 3572 mente
2667 3533 2787 3572 mea
2809 3558 2825 3583 ,
2855 3519 3005 3573 vivas
3025 3535 3125 3590 per
3153 3520 3342 3575 mula
3369 3518 3569 3577 Christo.

2347 3611 2510 3666 Vivas
2531 3625 2654 3666 cum
2681 3611 2885 3666 sanctis
2913 3626 3078 3683 regna
3111 3613 3267 3666 beata
3297 3623 3480 3666 tenens.

2276 3699 2386 3755 Hos
2413 3714 2577 3755 senos
2604 3715 2793 3755 versus
2819 3702 3142 3771 transcripsi
3173 3711 3404 3772 tempore
3433 3715 3586 3771 parvo,

2343 3788 2650 3845 Perfectum
2671 3791 2824 3846 senio
2850 3791 3052 3847 aethera
3086 3804 3109 3832 ο
3149 3803 3202 3847 te
3228 3794 3446 3864 capiant.

2425 3902 2618 3959 XXVI.
2657 3933 2728 3944 —
2763 3919 2830 3958 AD
2869 3903 2897 3944 ἀ
2938 3920 3275 3961 ιεωωειιτυκ
3311 3916 3630 3960 rasssvrrm.

2270 3993 2468 4064 Accipe
2496 3995 2766 4066 primitias
2786 3995 2951 4052 Musa:
2969 4037 2985 4064 ,
3018 3996 3208 4063 Pater,
3235 3999 3334 4053 hoc
3361 3997 3502 4053 breve
3521 4007 3667 4051 eamea

2342 4088 2408 4142 Et
2443 4091 2644 4145 nostris
2670 4091 2865 4147 studiis
2891 4101 3054 4161 tuque
3079 4091 3259 4148 faveto
3282 4092 3414 4161 pius.

2272 4181 2476 4252 Dignus
2498 4199 2624 4238 nam
2655 4184 2812 4238 docta
2838 4201 2960 4241 cum
2984 4186 3060 4240 sis
3086 4195 3146 4240 ut
3165 4187 3398 4242 carmina
3418 4183 3560 4240 solvas

663 4196 922 4254 Eﬁ'ectum
948 4200 1228 4270 precibus,
1257 4200 1430 4256 dulcis
1455 4202 1660 4268 amice,
1682 4202 1820 4259 vale.

2342 4269 2596 4342 Ignoscas
2622 4274 2824 4328 nostris
2844 4315 2858 4339 ,
2888 4275 3090 4330 rustica
3115 4291 3237 4331 cum
3272 4277 3462 4330 videas.

815 4333 976 4390 ΧΧῙῙ·
1017 4366 1084 4376 ····
1124 4353 1191 4392 ΑΒ
1226 4352 1505 4394 suum“
1540 4354 1941 4397 PRESBYTER“.
2273 4333 2480 4418 Cuncta
2509 4363 2727 4432 quidem
2755 4333 2968 4421 tibimet
2996 4366 3254 4421 virtutum
3279 4361 3487 4435 insignia
3506 4356 3682 4414 condunt.

591 4443 687 4498 Est
716 4445 927 4500 animus
953 4456 1260 4518 promptus,
1286 4458 1413 4505 sunt
1433 4466 1655 4516 sensus,
1686 4454 1869 4524 accipe
1893 4463 2076 4509 votum
2097 4495 2111 4520 ,
2196 4490 2249 4550 Β
2345 4454 2550 4511 Nomen
2567 4497 2582 4524 ,
2613 4471 2720 4526 quo
2748 4456 2928 4512 clarus
2955 4458 3148 4528 dignus
3177 4460 3377 4514 honore
3402 4455 3517 4510 ﬁas:

661 4533 776 4589 Non
799 4549 1022 4606 Spernas
1051 4539 1287 4604 socium,
1321 4556 1534 4612 semper
1558 4545 1764 4598 amicus
1791 4554 1958 4600 amat.
2196 4533 2247 4550 ν
2272 4547 2497 4602 Ferrum
2521 4556 2576 4603 te
2605 4549 2800 4604 fortem
2822 4590 2839 4614 ,
2869 4543 3074 4605 clarum
3101 4592 3116 4615 ,
3138 4551 3336 4605 virtute
3355 4549 3567 4604 decorum

589 4623 704 4678 Non
737 4626 878 4681 hunc
900 4637 1191 4698 tempestas
1215 4632 1456 4699 quatiet,
1490 4649 1595 4688 non
1628 4635 1876 4692 turbidus
1895 4639 2110 4706 Auster,
2343 4639 2602 4710 Signant,
2625 4657 2722 4711 per
2745 4642 2941 4698 multas
2970 4643 3168 4698 crescis
3197 4644 3250 4697 in
3280 4652 3392 4697 arte
3416 4641 3528 4692 viaS-

661 4713 768 4770 Nec
789 4714 989 4773 Boreas
1013 4719 1183 4790 glacie
1203 4721 1474 4790 stringere
1499 4738 1690 4795 nempe
1719 4726 1882 4782 valet.
2267 4729 2608 4785 Altithronus
2637 4730 2926 4796 Dominus,
2959 4743 3274 4788 cunctorum
3302 4731 3516 4786 conditor
3535 4722 3672 4778 almIIS.

585 4802 834 4860 Libertas
855 4808 1020 4863 animi
1046 4825 1238 4866 munus
1255 4814 1510 4883 expendit
1535 4817 1735 4872 amoris
1752 4857 1767 4882 ,
2340 4819 2416 4875 Te
2446 4821 2646 4877 virtute
2671 4822 2796 4877 beet
2816 4863 2831 4887 ,
2857 4833 3052 4894 augeat
3074 4833 3128 4879 et
3154 4825 3388 4886 meritis,

658 4898 886 4969 Dignum
908 4911 992 4956 est
1017 4911 1077 4957 ut
1104 4915 1333 4960 mentem
1359 4919 1616 4978 provocat
1637 4911 1748 4981 ipsa
1781 4913 1945 4982 piam.
2048 4921 2050 4924 '
2264 4907 2442 4979 Atque
2465 4910 2571 4965 mei
2595 4925 2887 4966 memorem
2915 4922 3196 4969 conservet
3221 4913 3384 4983 gratia
3403 4903 3582 4965 Christi.

585 4985 773 5044 Nullus
795 4989 848 5042 in
873 4991 1005 5046 orbc
1033 4991 1133 5047 fuit
1153 5009 1311 5064 quem
1340 5013 1445 5052 non
1476 5003 1870 5069 consumpserit
1889 5012 2020 5058 artas
2049 5023 2062 5058 :
2334 4999 2562 5070 Semper
2583 5001 2638 5055 in
2659 5010 2920 5058 aeternum
2943 5044 2958 5070 ,
2985 5004 3156 5059 dulcis
3177 5005 3376 5067 amice,
3403 5001 3518 5056 vale.

655 5080 910 5152 Quisquis
931 5083 1073 5138 enim
1095 5087 1293 5154 possit,
1325 5103 1538 5158 semper
1559 5091 1731 5146 amica
1759 5102 1928 5161 paret.

2477 5111 2688 5169 XXVII.
2728 5147 2798 5156 —
2834 5133 2901 5172 an
2940 5134 3180 5174 EXSULEI
3220 5124 3569 5173 passurum.

583 5169 838 5272 “323"”
863 5188 1025 5244 Ροεθο
1055 5177 1321 5232 seniorem
1344 5189 1394 5234 ιθ
1431 5180 1734 5238 δωηυθιοῐι]
1757 5225 1771 5248 1
2269 5201 2452 5258 Fortia
2480 5205 2621 5259 dicta
2652 5169 3238 5272 dabas,vexhortatoria
3255 5169 3446 5267 verba.

651 5260 777 5319 Haec
799 5271 855 5318 tu
883 5267 1182 5336 perpendas
1197 5309 1213 5333 ,
1243 5281 1434 5326 cuncta
1455 5271 1579 5341 jure
1601 5275 1766 5346 legas.

2340 5293 2440 5360 Qui
2466 5294 2572 5348 tale
2606 5260 2909 5366 exemplum
2933 5298 3135 5354 ventris
3161 5299 3213 5352 in
3244 5314 3338 5354 ore
3356 5293 3549 5367 profers-

579 5351 828 5414 Christus
856 5356 908 5412 in
931 5372 1057 5414 arce
1083 5360 1223 5418 Deus
1244 5376 1528 5422 conservet
1547 5381 1761 5438 semper
1781 5378 2068 5443 utrumque
2083 5413 2097 5439 ,
2269 5351 2385 5438 Ρτξ
2405 5399 2464 5440 se
2493 5384 2719 5441 sollicita
2745 5351 2871 5456 nam
2894 5351 3552 5459 ma'ndathpostolusesse.

926 5600 939 5614 .
1139 5603 1152 5614 _
1219 5613 1224 5614 γ
1588 5521 1878 5581 SCHOLIA
1919 5527 2434 5592 CHRISTOPHORI
2471 5535 2798 5593 BROWERI

649 5606 676 5698 :
703 5594 1302 5698 ἓξωῑξειὲηξξτερξιειω·
1821 5619 1826 5624 ‘

2343 5623 2725 5698 d_Isanbertus,
2775 5629 2929 5697 cujus
2971 5632 3185 5688 nomine
3222 5632 3454 5687 Baturico
3488 5626 3605 5698 pauit!
3630 5626 3706 5678 at"

648 5664 676 5703 δ
709 5665 812 5729 Ει..
839 5664 1035 5724 tiomeit
1062 5664 1174 5727 Dci.

652 5743 674 5772 ε
704 5732 900 5791 Plurali
935 5749 1154 5795 neutro.
1187 5752 1244 5795 ut
1274 5743 1620 5795 Fortunatus-

2396 5664 2606 5682 ""“""‘"
2620 5664 2725 5692 ιυδθ
2775 5664 2929 5697 “qua
2973 5664 3185 5688 uuuutuc
3222 5664 3454 5687 viuum"
3489 5664 3605 5698 ναι-ιν
3630 5664 3702 5678 um-

2271 5696 2936 5795 igfillt-‘fiitneﬁntlpmtiotte
2984 5701 3169 5795 Latina
3219 5701 3547 5795 dicitur-lferro
3570 5694 3702 5752 rlaruz':

1139 5781 1154 5807 ,
1187 5752 1244 5797 ut
1274 5743 1620 5804 Fortunatus.
