3944 6320
5 2621 20 2650 "i

226 373 365 439 1605

293 482 531 539 Membra
551 519 566 546 ,
597 493 699 537 nec
725 487 966 536 ventrem
992 481 1191 551 excipit
1212 479 1337 536 inde
1355 479 1590 550 pigrum.

225 573 458 626 Currere
485 585 608 625 cum
633 569 889 640 pedibus,
918 570 1088 626 oculis
1117 586 1182 624 ae
1205 583 1429 625 eernere
1449 567 1532 622 fas
1557 575 1642 622 est
1664 605 1680 633 ,

292 659 526 715 Auribus
553 660 768 726 audire,
792 675 994 730 oreque
1017 661 1182 715 verba
1211 660 1359 714 dare.

220 750 362 820 Ergo
382 764 574 804 manus
602 749 774 804 solum
802 750 980 806 ventri
1007 751 1051 804 si
1073 749 1313 819 porrigat
1335 761 1516 804 escam
1535 786 1551 813 ,

223 881 228 888 .
290 839 496 896 Cuncta
522 851 580 896 et
602 843 842 896 membra
873 841 1028 896 simul
1061 841 1202 895 hunc
1228 841 1427 895 satiare
1453 840 1692 896 student.

221 930 352 999 Quis
374 939 678 1003 tegumenta
706 940 892 1002 parat,
928 941 1176 986 ornatum
1199 932 1464 1002 quaeritet
1489 940 1671 1002 aptum
1689 971 1704 995 ,

288 1019 421 1090 Quis
449 1021 692 1092 clypeum
715 1023 782 1076 ad
799 1037 1073 1094 pugnam,
1106 1022 1228 1092 quis
1255 1037 1384 1093 rogo
1407 1021 1511 1077 tela
1547 1022 1707 1092 rapit.

219 1111 420 1167 Venter
444 1113 514 1167 sit
536 1128 701 1178 escae,
730 1114 904 1167 ventri
935 1115 1203 1169 deserviat
1227 1129 1347 1169 esca
1366 1153 1382 1178 ,

279 1203 446 1258 ‘ﬂunc
466 1203 606 1258 Deus
633 1211 792 1272 atque
826 1203 970 1257 illam
1003 1203 1245 1258 destruet
1269 1203 1383 1273 ipse
1409 1203 1537 1258 cito.

209 1293 327 1349 Sed
359 1294 488 1348 mihi
518 1295 819 1349 communis
832 1309 1034 1364 .nempe
1057 1309 1118 1349 ac
1140 1294 1346 1363 justum
1371 1309 1492 1350 esse
1514 1293 1760 1357 videtur,

290 1383 647 1438 Membrorum
675 1392 1004 1455 utcura,par
1029 1384 1122 1440 fiat
1149 1394 1309 1456 atque
1337 1385 1508 1441 labor.

209 1471 290 1528 rUt
315 1487 504 1527 manus
533 1473 647 1542 ipsa
671 1474 822 1543 Operi
843 1474 1108 1541 deservit,
1139 1475 1218 1531 sic
1243 1490 1456 1546 quoque
1485 1483 1672 1530 venter

277 1564 538 1620 Consiliis
564 1573 736 1620 certet
758 1574 952 1622 cuncta
979 1581 1200 1622 monere
1226 1568 1361 1623 suis.

215 1654 346 1723 Quae
373 1656 566 1712 domus
594 1671 661 1712 ex
690 1665 844 1728 parte
872 1657 1197 1724 defenditur,
1225 1659 1340 1715 haec
1368 1668 1517 1730 patet
1543 1659 1721 1724 hosti;

285 1748 416 1816 Quae
439 1763 650 1819 quoque
673 1749 902 1804 vallatur
919 1749 1178 1820 undique,
1207 1759 1319 1805 tuta
1342 1759 1541 1806 manet.

216 1837 478 1895 Providus
501 1855 569 1896 en
592 1848 773 1896 mente
805 1849 996 1896 cautus
1013 1842 1092 1897 sis
1117 1857 1330 1911 semper
1357 1851 1412 1897 et
1437 1853 1560 1898 actu
1577 1883 1592 1906 .

285 1929 526 1985 Prudens
553 1939 744 1985 cuncta
765 1945 898 1986 cave
915 1971 931 1996 ,
958 1932 1128 1987 tristia
1156 1933 1301 1987 nulla
1329 1934 1478 1989 time.

213 2018 402 2074 Victor
421 2020 493 2074 sit
510 2018 758 2076 Christus
776 2061 790 2085 ,
815 2021 893 2076 sic
913 2029 1008 2076 est
1026 2023 1250 2078 victoria
1279 2039 1407 2078 vera
1437 2064 1451 2090 ,

285 2107 386 2176 Qui
409 2108 609 2180 Regem
643 2111 788 2166 hunc
810 2111 1078 2179 sequitur,
1104 2111 1282 2167 victor
1307 2121 1363 2167 et
1386 2113 1501 2183 ipse
1531 2122 1732 2170 manet.

204 2199 321 2256 Tot
345 2215 536 2256 versus
563 2200 755 2272 scripsi
782 2209 916 2271 quot
943 2203 1087 2257 horae
1111 2217 1303 2274 nempe
1327 2203 1432 2259 diei

275 2293 444 2360 Sunt,
470 2302 664 2366 aptans
685 2309 899 2366 semper
918 2311 1104 2367 sospes
1123 2305 1183 2352 ut
1211 2299 1324 2369 ipse
1349 2297 1466 2354 fias.

571 2423 806 2480 XXVIII.
843 2456 914 2466 ——
951 2441 1019 2481 an
1057 2443 1429 2484 IRMINGILDUM.

200 2558 592 2628 ‘Omnipoten’s,
625 2559 820 2614 summi
842 2557 1019 2615 Patris
1044 2561 1304 2630 sapientia
1326 2603 1342 2627 ,
1371 2561 1584 2620 Christe
1603 2601 1620 2632 ,

283 2649 385 2717 Qui
414 2648 594 2704 infima
618 2665 741 2704 cum
771 2650 981 2720 superis
1000 2659 1190 2708 cuncta
1216 2653 1444 2708 tenendo
1470 2655 1635 2726 regis.

211 2739 292 2796 Tu
318 2741 448 2796 mihi
478 2740 728 2796 dilectum
750 2757 1006 2798 conserva
1028 2758 1243 2813 semper
1270 2745 1503 2801 amicum
1524 2787 1540 2812 ,

276 2829 356 2886 -Ut
374 2830 552 2900 vigeat
577 2845 788 2901 sospes,
811 2847 976 2902 regna
1001 2847 1232 2903 superna
1261 2843 1473 2904 petens.

208 2920 288 2976 Ut
308 2929 516 2977 crescat
543 2923 752 2978 meritis
771 2963 787 2987 ,
817 2924 1013 2980 crescit
1038 2940 1132 2982 seu
1167 2927 1424 2997 temporis
1449 2943 1563 2984 aevo
1583 2969 1598 2994 ,

275 3010 415 3066 Post
440 3011 644 3066 obitum
671 3013 862 3068 mortis
881 3012 1020 3068 dona
1045 3014 1202 3070 beata
1224 3023 1448 3072 metens.

205 3102 330 3158 ﬂoc
353 3110 408 3157 tu
431 3101 583 3172 virgo
606 3101 732 3167 Dei,
765 3102 998 3172 genitrix
1031 3103 1231 3158 intacta
1263 3103 1551 3172 Tonantis,

284 3193 544 3264 Impetres
563 3192 842 3262 precibus,
870 3201 1055 3248 sancta
1082 3193 1271 3261 Maria,
1291 3211 1506 3265 precor.

212 3285 419 3356 Agmen
442 3283 791 3354 apostolicum
810 3286 1021 3355 primus
1048 3295 1102 3343 et
1131 3288 1183 3342 in
1207 3288 1396 3344 ordine
1421 3288 1614 3345 Petrus

287 3376 568 3432 Fratribus
589 3376 771 3432 ascitis
804 3377 1008 3446 poscite
1033 3377 1190 3434 valde
1215 3378 1404 3436 Deum.
1487 3449 1490 3452 g

209 3465 400 3522 Prmco
420 3467 680 3537 propheta
704 3467 828 3533 Dei,
861 3468 1258 3539 paranymphus
1277 3511 1293 3535 ,
1315 3479 1523 3543 martyr
1549 3481 1604 3527 et
1627 3471 1742 3543 ipse

287 3557 422 3613 Cum
443 3565 627 3612 vatum
649 3557 806 3610 turba
833 3558 1026 3627 saepius
1055 3559 1158 3614 hoc
1192 3560 1412 3630 rogitas.

207 3647 311 3702 Sic
337 3655 463 3716 peto
478 3687 494 3712 ,
519 3656 577 3702 tu
601 3647 768 3702 facias
791 3649 806 3668 ‘
835 3646 1021 3702 Levita
1045 3650 1063 3668 '
1091 3659 1456 3722 protomartyr
1478 3661 1535 3707 et
1555 3653 1668 3722 ipse

288 3738 421 3793 Cum
451 3737 611 3793 sociis
633 3736 937 3807 Stephanus
959 3747 1173 3808 sceptra
1198 3755 1430 3810 superna
1453 3757 1700 3812 precaris.
1759 3757 1762 3760 ’

217 3828 332 3884 Hoc
346 3827 477 3898 justi
493 3867 508 3891 ,
529 3827 719 3894 electi,
749 3825 934 3884 felices
955 3828 1162 3898 poscite
1181 3831 1363 3886 cuncti

289 3931 315 3959 ι
343 3917 567 3973 Buoloni
593 3926 652 3973 ut
680 3933 903 3990 regnum
929 3919 1020 3986 det
1039 3933 1204 3988 super
1224 3928 1369 3975 astra
1395 3921 1558 3980 Deus.

211 4007 351 4072 Hoc,
376 4007 536 4064 Pater
555 4007 716 4073 alme,
739 4007 898 4063 modo
928 4009 1055 4064 dum
1077 4010 1097 4028 '
1115 4019 1271 4064 vacat
1289 4026 1530 4081 quaerere
1550 4028 1796 4086 regnum,

288 4097 538 4166 Quaerere
561 4113 668 4154 non
682 4113 869 4155 cesses
885 4140 903 4165 ,
935 4106 996 4154 ut
1019 4099 1200 4169 capias
1219 4139 1236 4164 ,
1264 4101 1479 4172 cupias,

219 4189 341 4244 Vim
371 4189 490 4244 aula
517 4189 624 4260 poli
651 4189 876 4260 patitur,
904 4189 1123 4245 violenti
1146 4197 1202 4246 et
1226 4191 1404 4247 sidera
1422 4193 1689 4262 prendunt
1708 4234 1726 4261 ,

289 4279 392 4347 Qui
420 4280 558 4335 bene
591 4294 734 4334 nunc
761 4288 962 4346 certat,
989 4281 1127 4336 dona
1155 4279 1337 4336 futura
1368 4282 1532 4352 capit.

211 4371 448 4428 Certasti
471 4371 671 4436 valide,
701 4379 756 4427 et
775 4371 981 4427 hostem
1009 4388 1152 4428 nunc
1181 4381 1422 4429 sternere
1443 4383 1592 4431 certa

291 4463 537 4519 Vincenti
569 4463 620 4516 in
650 4461 757 4518 fine
783 4463 886 4516 rite
910 4478 1108 4518 corona
1133 4464 1314 4530 datur,

1019 367 1348 428 CARMINA.
1385 399 1436 409 -
1493 365 1736 424 SECTIO
1775 366 1816 424 1.
1854 364 2182 422 POEMATA
2221 365 2313 421 DE
2352 364 2687 422 DIVERSIS.

1825 479 1875 539 Α
1902 476 1978 531 Te
2003 478 2106 532 sibi
2131 485 2302 532 totum
2329 479 2472 535 intus
2499 478 2733 534 vindicet
2754 479 2867 548 ipse
2893 477 3056 534 Deus.

3343 367 3479 423 I006

1901 564 2024 620 Haec
2054 566 2182 632 tibi,
2211 577 2397 624 sancte
2425 576 2597 638 pater,
2625 568 2859 638 optando
2879 563 3176 638 grammate
3198 569 3378 640 pinxi,

1973 657 2042 713 Ut
2065 657 2164 714 fias
2185 658 2305 714 felix
2337 660 2590 730 dogmata
2618 676 2775 716 sacra
2804 661 3003 716 sciens.

1897 746 2012 803 Hoc
2032 763 2245 820 quoque
2270 764 2436 820 posco
2469 750 2636 806 Deum
2659 765 2758 821 per
2774 751 3012 820 psalmos
3031 750 3136 806 rite
3163 753 3424 808 mnendo.

1893 930 2118 1002 (Desunt
2143 941 2362 999 uetera,
2392 933 2537 1003 foliis
2558 944 2785 1004 quatuor
2811 935 3018 990 circiter
3037 934 3287 1005 amissis.)

2295 1067 2486 1124 XXIX.
2523 1099 2596 1109 —
2632 1086 2699 1124 an
2737 1070 2767 1110 ι)
2804 1084 3064 1127 Βοκοεωι.

1897 1201 2014 1258 Una
2040 1201 2155 1258 dies
2185 1201 2352 1268 ridet,
2375 1217 2562 1259 cassus
2586 1218 2708 1258 cras
2735 1203 2906 1259 altera
2933 1203 3170 1275 plangit,

1963 1294 2048 1349 Nil
2072 1295 2237 1349 fixum
2271 1297 2541 1364 quomodo
2569 1295 2920 1350 tessera'lzeta
2946 1295 3111 1351 dabit.

1894 1383 2079 1446 Estas
2099 1386 2246 1442 clara
2271 1387 2468 1451 micat,
2491 1395 2783 1441 autumnus
2805 1385 3046 1442 conferet
3080 1387 3332 1455 umbras,

1966 1476 2076 1531 Ver
2095 1475 2250 1531 floret
2268 1475 2494 1544 gemmis
2511 1515 2527 1541 ,
2555 1476 2653 1531 has
2681 1475 2794 1530 fera
2822 1475 2962 1530 tollit
2989 1475 3189 1532 hiems.

1893 1561 2033 1630 Quid
2064 1579 2226 1633 porro
2249 1571 2332 1619 est
2358 1563 2500 1634 quod
2522 1579 2628 1619 non
2648 1565 2952 1634 properatis
2973 1562 3160 1636 effugit
3183 1566 3286 1621 alis
3305 1607 3322 1632 ,

1963 1655 2030 1710 Et
2063 1654 2272 1709 varium
2308 1670 2416 1710 non
2447 1655 2519 1710 sit
2541 1657 2687 1725 quod
2714 1655 2857 1727 teget
2891 1656 3212 1728 arcepolus.

1894 1743 2082 1800 Aerias
2109 1744 2267 1814 pinus
2299 1744 2519 1800 inclinat
2545 1745 2696 1816 pigra
2723 1755 3004 1810 senectus,

1816 1820 1864 1880 Β
1962 1836 2212 1892 Dissolvit
2236 1851 2427 1906 rupes,
2455 1836 2673 1892 flumina
2700 1838 2841 1893 sicca
2866 1837 3013 1894 facit.

1903 1927 2038 1983 Dum
2062 1928 2353 2000 loquimur,
2379 1943 2534 1999 seges
2556 1929 2662 1984 alta
2683 1929 2844 1996 viret,
2866 1931 3152 1998 maturiet,
3185 1943 3208 1970 ο
3235 1941 3371 1998 aret,

1966 2017 2272 2074 Canescunt
2293 2018 2450 2073 viola}
2469 2058 2486 2083 ,
2515 2018 2626 2074 lilia
2655 2017 2800 2074 fusca
2827 2020 3046 2093 cadunt.

1888 2106 2006 2178 Ipsa
2027 2122 2153 2164 suos
2173 2107 2333 2164 citius
2360 2116 2544 2179 gratos
2572 2123 2694 2164 rosa
2721 2110 2874 2178 ponit
2902 2111 3159 2179 amictus,

1957 2197 2212 2268 Agrestes
2235 2197 2393 2254 ﬂores
2417 2214 2652 2269 moxque
2671 2207 2973 2269 sequuntur
3001 2214 3146 2258 eam.

1888 2289 2148 2346 Omnibus
2171 2290 2259 2346 his
2285 2291 2467 2348 brevis
2491 2306 2656 2358 usus,
2678 2301 2733 2347 et
2755 2300 2839 2348 est
2867 2293 2966 2349 sub
2987 2293 3104 2365 lege
3121 2307 3349 2351 noverca
3367 2334 3385 2361 ,

1957 2380 2246 2436 Alternant
2265 2380 2472 2436 vicibus
2493 2421 2508 2446 ,
2537 2391 2593 2436 et
2618 2383 2779 2438 simul
2817 2383 3110 2440 intereunt.

1887 2469 2074 2540 Tuque
2100 2480 2248 2525 tuum
2267 2470 2456 2527 credis
2483 2472 2626 2542 quod
2650 2472 2879 2528 mendax
2906 2475 3212 2530 commodat
3234 2475 3365 2531 hora
3384 2514 3400 2541 ,

1970 2558 2202 2614 Eterno
2217 2568 2274 2614 et
2298 2559 2457 2628 simili
2496 2575 2710 2632 semper
2734 2561 2935 2619 habere
2961 2565 3131 2634 cupis.

1886 2648 2154 2704 Paulatim
2181 2651 2409 2706 miseros
2434 2650 2588 2707 eﬂ'ert
2611 2653 2680 2708 ad
2705 2662 2830 2708 vota
2854 2663 3104 2709 senectus
3120 2695 3136 2719 ,

1957 2741 2026 2796 Et
2051 2742 2324 2811 modoqui
2345 2741 2578 2808 fuimus,
2601 2744 2713 2815 jam
2743 2745 2902 2800 modo
2922 2746 3240 2804 desinimus.

1889 2828 2129 2886 Nutricis
2151 2831 2356 2902 gremio
2389 2833 2568 2888 subito
2590 2848 2726 2902 puer
2753 2833 2914 2888 altius
2931 2834 3077 2898 exit,

1960 2916 2290 2987 Miraturque
2313 2919 2451 2973 truci
2479 2934 2536 2974 se
2565 2919 2695 2974 dare
2724 2935 2855 2974 voce
2882 2935 3095 2976 sonum.
3195 2962 3212 2972 .

1887 3004 2006 3061 Jam
2035 3006 2238 3063 celeres
2259 3007 2470 3073 barbaa,
2490 3009 2602 3080 jam
2628 3011 2783 3065 tincti
2821 3021 2994 3066 morte
3023 3013 3196 3083 capilli
3218 3055 3233 3080 ,

1957 3097 2184 3168 Jamque
2211 3098 2432 3154 acclinis
2458 3099 2623 3154 humo
2644 3101 2932 3171 przedaque
2955 3103 3145 3158 mortis
3169 3105 3292 3159 erit.

1816 3178 1861 3242 C
1891 3189 2082 3245 Omnia
2112 3189 2216 3244 fert
2249 3197 2413 3255 aetas,
2445 3198 2607 3260 atque
2639 3191 2820 3246 omnia
2846 3192 2968 3246 ﬁnis
2992 3193 3223 3260 ademit,

1963 3280 2048 3336 Nil
2076 3289 2257 3336 manet
2279 3289 2572 3345 aeternum,
2605 3281 2798 3337 saecula
2825 3292 3168 3352 praetereunt.

1887 3371 2202 3441 Cunctaque
2233 3379 2440 3441 tempus
2459 3371 2698 3435 habent,
2723 3374 2774 3426 ni
2794 3373 2941 3428 solus
2971 3375 3227 3444 temporis
3254 3391 3466 3442 auctor,

1957 3459 2061 3527 Qui
2091 3459 2220 3524 fuit,
2253 3467 2338 3515 est
2367 3474 2596 3530 semper,
2620 3468 2675 3515 et
2699 3461 2816 3515 sine
2839 3461 2944 3517 line
2970 3471 3168 3518 manet.

1892 3550 2047 3606 Hunc
2071 3559 2129 3605 tu
2157 3564 2370 3619 semper
2387 3563 2540 3613 ama,
2569 3549 2713 3605 hunc
2747 3557 2857 3605 toto
2885 3551 3047 3606 corde
3077 3550 3277 3620 fatere,

1963 3645 2118 3699 Hunc
2141 3644 2389 3714 precibus
2413 3657 2574 3712 posce
2591 3684 2606 3709 ,
2632 3644 2722 3699 hic
2748 3645 2844 3700 tibi
2867 3655 3018 3717 grata
3041 3646 3206 3702 dabit.

1895 3733 2010 3789 Non
2035 3743 2088 3789 te
2111 3735 2396 3789 conturbet
2424 3742 2611 3790 sancte
2641 3735 3003 3791 inconstantia
3039 3736 3207 3792 frater
3229 3777 3246 3804 ,

1967 3826 2092 3881 Haec
2120 3825 2392 3881 mundana
2423 3824 2640 3893 quidem
2669 3825 2970 3896 gurgitibus
2997 3828 3184 3883 variis.

1897 3917 1990 3972 Sic
2019 3915 2156 3982 fuit,
2183 3924 2294 3980 est,
2334 3922 2392 3970 et
2425 3913 2531 3970 erit
2565 3914 2711 3970 saecli
2747 3915 3016 3971 versatilis
3052 3917 3217 3985 ordo,

1966 4005 2191 4062 Laetitia
2218 4019 2490 4074 nunquam
2527 4005 2601 4061 sit
2631 4005 2717 4061 cui
2754 4016 2902 4062 certa
2936 4005 3088 4062 fides.

1899 4096 2061 4152 Multa
2091 4095 2311 4166 quidem
2341 4095 2544 4164 patitur
2574 4103 2885 4151 sanctorum
2914 4096 3182 4166 plebesin
3207 4097 3338 4153 orbe
3361 4137 3378 4162 ,

1969 4188 2176 4245 Iudicio
2203 4185 2432 4253 occulto,
2463 4203 2564 4244 nec
2591 4203 2689 4259 ego
2719 4189 2860 4244 scire
2890 4204 3047 4259 queo.

1897 4282 2072 4340 Credo
2109 4296 2236 4338 suos
2263 4295 2470 4345 servos,
2500 4280 2642 4350 quod
2675 4280 2823 4337 nullo
2852 4280 3116 4350 spreverit
3139 4296 3256 4338 :evo
3278 4322 3294 4345 ,

1967 4373 2355 4446 Adjuveritque
2387 4371 2545 4435 satis,
2575 4387 2698 4426 cum
2728 4387 2825 4428 sua
2860 4381 2983 4428 vota
3009 4381 3214 4442 petant.

1899 4463 2037 4519 Nam
2062 4461 2230 4517 altera
2261 4461 2368 4515 vita
2401 4460 2514 4516 suis
2545 4468 2790 4516 servatur
2817 4462 2872 4526 in
2909 4476 3036 4516 arce
3075 4460 3317 4531 polorum
3347 4500 3364 4526 ,

211 4553 290 4609 Os
314 4561 528 4608 resonet
553 4551 828 4607 Christum
844 4593 860 4618 ,
891 4553 1066 4624 palma
1089 4525 1311 4624 quoque:
1329 4563 1518 4625 pascat
1543 4570 1786 4626 egenum.
1818 4525 1872 4586 Β
1965 4559 2079 4626 Qua
2111 4573 2217 4628 pax
2250 4556 2392 4611 alma
2418 4556 2586 4627 viget,
2606 4555 2790 4626 praalia
2811 4525 2954 4610 nulla
2975 4525 3131 4610 fiunt.

287 4644 392 4700 Pes
419 4660 621 4715 aegrum
644 4645 836 4700 inviset
854 4685 868 4709 ,
901 4646 1066 4701 corda
1089 4648 1254 4702 Deum
1285 4649 1540 4720 cogitent.

211 4739 294 4796 Te
325 4739 426 4796 sibi
453 4748 626 4796 totum
652 4747 806 4795 extra
831 4738 1174 4796 famulantem
1205 4743 1402 4796 sentiat
1429 4750 1641 4808 auctor,

1886 4651 2021 4714 Ilzec
2047 4662 2261 4719 quoque
2299 4661 2513 4716 semper
2536 4655 2654 4702 erat
2676 4645 2823 4714 justa
2853 4645 3078 4700 tentatio
3102 4645 3233 4710 vita,

1965 4741 2230 4796 Fornacis
2267 4737 2481 4793 flamma
2510 4747 2569 4794 ut
2593 4753 2756 4792 aurea
2792 4751 2919 4793 vasa
2942 4738 3154 4807 probat.

1221 4869 1511 4927 SCHOLlA
1551 4871 2063 4930 CHRISTOPHORI
2093 4869 2452 4928 ‘BROWERI.

287 4996 312 5024 ι
338 4981 563 5053 Buoloni
593 4991 649 5036 ut
677 4999 888 5053 regnum
917 4983 1022 5046 det,
1052 4990 1156 5036 etc.
1204 4981 1310 5053 _Aut
1336 4980 1644 5053 Irminigililo
1676 4999 1776 5036 no-

210 5067 338 5110 men
369 5050 958 5127 diversumid'obtigit,
988 5060 1085 5127 aut
1109 5050 1283 5127 amico
1310 5051 1472 5127 tertio
1491 5052 1780 5127 bene_pre-

207 5131 390 5179 catur.
421 5123 689 5178 Carminis
714 5120 998 5177 umbilicus
1037 5120 1330 5184 abscissus,
1367 5123 1506 5177 unde
1542 5130 1598 5176 et
1636 5120 1781 5178 inse-

211 5193 431 5263 quentis
465 5193 602 5274 bene
630 5192 771 5274 longi
820 5192 1105 5274 poematis,
1145 5190 1213 5245 de
1252 5189 1516 5246 Patientia
1565 5201 1780 5248 sancto-

211 5278 358 5326 rum,
383 5263 603 5318 exordia

287 5332 315 5372 ιι
337 5331 491 5388 Hunc
518 5345 616 5402 ego

213 5401 567 5472 interpretor,
591 5403 680 5472 qui
707 5411 760 5456 et
790 5402 890 5471 ipsi
923 5402 984 5462 in
1011 5401 1229 5472 abbatis
1250 5416 1472 5472 munere
1496 5404 1776 5472 successit,

211 5471 322 5526 alio
348 5471 553 5527 scilicet
581 5471 798 5527 nemine
825 5480 1162 5540 nuncupatus
1185 5471 1376 5534 IIatto;
1400 5471 1627 5538 pictoria
1659 5485 1778 5529 arte

211 5542 550 5610 praestitisse,
579 5557 700 5610 qua:
722 5542 788 5596 ad
817 5542 1064 5596 eumdem
1102 5541 1317 5610 scripsit
1343 5541 1652 5610 hexametra
1684 5557 1774 5597 sa-

215 5609 287 5664 tis
311 5621 560 5682 arguunt.
587 5609 664 5682 De
700 5611 934 5682 Hattono
973 5621 1153 5682 autem
1191 5609 1489 5682 vetus_ms.
1519 5609 1773 5667 abbatum

211 5679 526 5753 Catalogus;
556 5702 575 5734 ι
596 5681 754 5736 Hatto
787 5681 1032 5753 Bonosus
1049 5681 1223 5737 dictus
1249 5679 1614 5753 «gloriosus,
1632 5750 1641 5753 Α
1659 5697 1775 5737 sus-

213 5751 356 5821 cepit
397 5749 814 5822 gubernaculum
855 5751 1086 5808 abbatize
1131 5766 1273 5806 anno
1300 5749 1512 5806 Domini
1550 5749 1674 5818 8-H,
1717 5760 1772 5807 et

974 5329 1166 5387 studiis
1204 5329 1464 5400 aequalem
1503 5332 1779 5389 exstitisse

1879 5001 1976 5055 per
2028 4999 2199 5038 annos
2245 4981 2616 5055 vigintiduqs
2661 4982 2896 5055 discrete
2951 4991 3007 5055 et
3059 4973 3457 5055 modestissime

1879 5049 2020 5110 rexit
2060 5056 2114 5109 in
2161 5049 2368 5109 more'm
2413 5051 2599 5123 Moysi,
2644 5049 2711 5106 de
2740 5068 2847 5123 quo
2875 5054 3132 5123 scriptum
3175 5051 3453 5106 estzErat

1876 5125 2182 5178 mitissimus
2204 5138 2358 5193 super
2379 5121 2556 5193 omnes
2579 5121 2834 5178 homines.
2867 5121 3230 5193 Sibi’subditis
3248 5123 3452 5193 discre-

1877 5203 1964 5248 tus
1993 5202 2047 5250 et
2081 5191 2274 5257 mitis;'
2302 5191 2616 5262 potentibus
2655 5200 2834 5247 autem
2875 5191 3053 5248 δίκαιιί
3089 5191 3244 5247 valde
3268 5191 3448 5262 gravis

1875 5272 1933 5318 et
1966 5275 2150 5334 aeQuus
2171 5259 2476 5318 exstiterat.
2501 5259 2824 5334 Hicaeterna
2849 5262 3153 5334 virginitate
3173 5259 3450 5334 praeditus,

1885 5330 2274 5412 monasterium
2314 5345 2508 5402 magna
2547 5330 3191 5412 utilitatetadimplet‘um;
3218 5330 3450 5412 glorioso

1885 5404 1992 5472 fine
2020 5405 2184 5458 vitam
2215 5399 2836 5472 prmseritemgconclusit,
2871 5399 3016 5457 anno
3041 5399 3250 5472 Domini
3269 5399 3400 5472 842.
3424 5419 3445 5453 ι

1884 5471 1995 5528 Nec
2021 5470 2279 5528 afﬁrmem
2310 5482 2510 5526 temere
2535 5470 2678 5526 hunc
2719 5471 2864 5526 illum
2902 5487 3022 5526 esse
3058 5470 3326 5526 Bonosum
3355 5471 3451 5522 ab-

1883 5541 2179 5619 ba_tem,_a_d
2214 5540 2730 5619 cujus-interrogata
2755 5541 3067 5619 Itudolpbus
3107 5537 3450 5619 ln'Catalogo

1882 5611 2051 5666 refert
2094 5611 2289 5665 librum
2332 5611 2631 5666 confecisse
2672 5611 2950 5665 Rabanum
3006 5611 3072 5665 de
3117 5611 3450 5678 cognationis

1883 5681 2288 5744 commixtione,
2317 5689 2372 5735 et
2400 5682 2602 5750 magica
2639 5691 2757 5736 arte
2781 5679 3018 5734 vitanda.

1955 5763 1976 5790 ε
2011 5751 2238 5806 Motum
2263 5761 2310 5804 et
2329 5790 2353 5816 ,
2375 5749 2443 5805 ab
2473 5749 2728 5806 inusitato
2757 5759 3013 5809 maturae.
