  <div class='ocr_page' id='page_1' title='image "/cluster/home/n/w/nwhite01/storage/ocr_20150623/112/hvd.32044015685407/811.png"; bbox 0 0 3944 6320; ppageno 0'>
   <div class='ocr_carea' id='block_1_1' title="bbox 687 310 816 366">
    <p class='ocr_par' dir='ltr' id='par_1_1' title="bbox 687 310 816 366">
     <span class='ocr_line' id='line_1_1' title="bbox 687 310 816 366; baseline 0.016 -2"><span class='ocrx_word' id='word_1_1' title='bbox 687 310 816 366; x_wconf 71' lang='grc'><strong>1611</strong></span> 
     </span>
    </p>
   </div>
   <div class='ocr_carea' id='block_1_2' title="bbox 1351 299 3292 364">
    <p class='ocr_par' dir='ltr' id='par_1_2' title="bbox 1351 299 3292 364">
     <span class='ocr_line' id='line_1_2' title="bbox 1351 299 3292 364; baseline -0.002 -3"><span class='ocrx_word' id='word_1_2' title='bbox 1351 308 1410 361; x_wconf 87' lang='grc' dir='ltr'><strong>Β.</strong></span> <span class='ocrx_word' id='word_1_3' title='bbox 1453 306 1704 362; x_wconf 78' lang='lat' dir='ltr'><strong>RABANI</strong></span> <span class='ocrx_word' id='word_1_4' title='bbox 1743 305 1958 364; x_wconf 78' lang='lat' dir='ltr'><strong>MAURI</strong></span> <span class='ocrx_word' id='word_1_5' title='bbox 1996 304 2312 362; x_wconf 76' lang='lat' dir='ltr'><strong>ARClllEP.</strong></span> <span class='ocrx_word' id='word_1_6' title='bbox 2353 301 2656 359; x_wconf 80' lang='lat' dir='ltr'><strong>MOGUNT.</strong></span> <span class='ocrx_word' id='word_1_7' title='bbox 2695 299 2975 357; x_wconf 76' lang='lat' dir='ltr'><strong>OPERUM</strong></span> <span class='ocrx_word' id='word_1_8' title='bbox 3010 300 3179 357; x_wconf 77' lang='lat' dir='ltr'><strong>PARS</strong></span> <span class='ocrx_word' id='word_1_9' title='bbox 3211 301 3292 358; x_wconf 80' lang='lat' dir='ltr'><strong>lV.</strong></span> 
     </span>
    </p>
   </div>
   <div class='ocr_carea' id='block_1_3' title="bbox 1035 421 1632 492">
    <p class='ocr_par' dir='ltr' id='par_1_3' title="bbox 1035 421 1632 492">
     <span class='ocr_line' id='line_1_3' title="bbox 1035 421 1632 492; baseline 0.002 -17"><span class='ocrx_word' id='word_1_10' title='bbox 1035 421 1169 476; x_wconf 77' lang='lat' dir='ltr'><strong>Eras</strong></span> <span class='ocrx_word' id='word_1_11' title='bbox 1193 421 1396 490; x_wconf 79' lang='lat' dir='ltr'><strong>absque</strong></span> <span class='ocrx_word' id='word_1_12' title='bbox 1423 421 1632 492; x_wconf 82' lang='lat' dir='ltr'><strong>origine</strong></span> 
     </span>
    </p>
   </div>
   <div class='ocr_carea' id='block_1_4' title="bbox 1038 513 1756 584">
    <p class='ocr_par' dir='ltr' id='par_1_4' title="bbox 1038 513 1756 584">
     <span class='ocr_line' id='line_1_4' title="bbox 1038 513 1756 584; baseline -0.001 -16"><span class='ocrx_word' id='word_1_13' title='bbox 1038 513 1323 568; x_wconf 85' lang='lat' dir='ltr'><strong>Primordii</strong></span> <span class='ocrx_word' id='word_1_14' title='bbox 1348 521 1403 569; x_wconf 89' lang='lat' dir='ltr'><strong>et</strong></span> <span class='ocrx_word' id='word_1_15' title='bbox 1437 514 1714 584; x_wconf 88' lang='lat' dir='ltr'><strong>crepidine</strong></span> <span class='ocrx_word' id='word_1_16' title='bbox 1744 533 1756 567; x_wconf 90' lang='lat'>:</span> 
     </span>
    </p>
   </div>
   <div class='ocr_carea' id='block_1_5' title="bbox 1025 605 1685 673">
    <p class='ocr_par' dir='ltr' id='par_1_5' title="bbox 1025 605 1685 673">
     <span class='ocr_line' id='line_1_5' title="bbox 1025 605 1685 673; baseline 0 -13"><span class='ocrx_word' id='word_1_17' title='bbox 1025 605 1127 673; x_wconf 87' lang='lat' dir='ltr'><strong>Qui</strong></span> <span class='ocrx_word' id='word_1_18' title='bbox 1157 622 1238 673; x_wconf 91' lang='lat' dir='ltr'><strong>es,</strong></span> <span class='ocrx_word' id='word_1_19' title='bbox 1271 606 1380 662; x_wconf 91' lang='lat' dir='ltr'><strong>eris</strong></span> <span class='ocrx_word' id='word_1_20' title='bbox 1410 607 1465 660; x_wconf 93' lang='lat' dir='ltr'><strong>in</strong></span> <span class='ocrx_word' id='word_1_21' title='bbox 1491 605 1685 662; x_wconf 58' lang='lat' dir='ltr'><strong>saecula</strong></span> 
     </span>
    </p>
   </div>
   <div class='ocr_carea' id='block_1_6' title="bbox 1030 697 1622 754">
    <p class='ocr_par' dir='ltr' id='par_1_6' title="bbox 1030 697 1622 754">
     <span class='ocr_line' id='line_1_6' title="bbox 1030 697 1622 754; baseline -0.003 0"><span class='ocrx_word' id='word_1_22' title='bbox 1030 697 1361 754; x_wconf 68' lang='lat' dir='ltr'><strong>Smculorum</strong></span> <span class='ocrx_word' id='word_1_23' title='bbox 1390 697 1622 754; x_wconf 85' lang='lat' dir='ltr'><strong>inﬁnita.</strong></span> 
     </span>
    </p>
   </div>
   <div class='ocr_carea' id='block_1_7' title="bbox 951 789 1490 861">
    <p class='ocr_par' dir='ltr' id='par_1_7' title="bbox 951 789 1490 861">
     <span class='ocr_line' id='line_1_7' title="bbox 951 789 1490 861; baseline 0 -16"><span class='ocrx_word' id='word_1_24' title='bbox 951 789 1050 845; x_wconf 88' lang='lat' dir='ltr'><strong>Cui</strong></span> <span class='ocrx_word' id='word_1_25' title='bbox 1073 799 1157 845; x_wconf 89' lang='lat' dir='ltr'><strong>est</strong></span> <span class='ocrx_word' id='word_1_26' title='bbox 1184 789 1490 861; x_wconf 84' lang='lat' dir='ltr'><strong>unigenitus</strong></span> 
     </span>
    </p>
   </div>
   <div class='ocr_carea' id='block_1_8' title="bbox 1025 880 1863 951">
    <p class='ocr_par' dir='ltr' id='par_1_8' title="bbox 1025 880 1863 951">
     <span class='ocr_line' id='line_1_8' title="bbox 1025 880 1863 951; baseline -0.001 -15"><span class='ocrx_word' id='word_1_27' title='bbox 1025 881 1271 937; x_wconf 75' lang='lat' dir='ltr'><strong>Christus</strong></span> <span class='ocrx_word' id='word_1_28' title='bbox 1296 880 1477 951; x_wconf 82' lang='lat' dir='ltr'><strong>proles</strong></span> <span class='ocrx_word' id='word_1_29' title='bbox 1507 880 1863 936; x_wconf 84' lang='lat' dir='ltr'><strong>charissitnus</strong></span> 
     </span>
    </p>
   </div>
   <div class='ocr_carea' id='block_1_9' title="bbox 1025 971 1822 1035">
    <p class='ocr_par' dir='ltr' id='par_1_9' title="bbox 1025 971 1822 1035">
     <span class='ocr_line' id='line_1_9' title="bbox 1025 971 1822 1035; baseline -0.004 -7"><span class='ocrx_word' id='word_1_30' title='bbox 1025 973 1260 1028; x_wconf 76' lang='lat' dir='ltr'><strong>Dicentis</strong></span> <span class='ocrx_word' id='word_1_31' title='bbox 1285 972 1352 1027; x_wconf 89' lang='lat' dir='ltr'><strong>de</strong></span> <span class='ocrx_word' id='word_1_32' title='bbox 1373 973 1536 1028; x_wconf 91' lang='lat' dir='ltr'><strong>corde</strong></span> <span class='ocrx_word' id='word_1_33' title='bbox 1557 971 1782 1027; x_wconf 80' lang='lat' dir='ltr'><strong>verbum</strong></span> <span class='ocrx_word' id='word_1_34' title='bbox 1808 1013 1822 1035; x_wconf 94' lang='lat'><strong>,</strong></span> 
     </span>
    </p>
   </div>
   <div class='ocr_carea' id='block_1_10' title="bbox 1027 1061 1746 1125">
    <p class='ocr_par' dir='ltr' id='par_1_10' title="bbox 1027 1061 1746 1125">
     <span class='ocr_line' id='line_1_10' title="bbox 1027 1061 1746 1125; baseline -0.003 -8"><span class='ocrx_word' id='word_1_35' title='bbox 1027 1063 1212 1117; x_wconf 87' lang='lat' dir='ltr'><strong>Satum</strong></span> <span class='ocrx_word' id='word_1_36' title='bbox 1244 1070 1370 1116; x_wconf 91' lang='lat' dir='ltr'><strong>ante</strong></span> <span class='ocrx_word' id='word_1_37' title='bbox 1391 1061 1701 1116; x_wconf 85' lang='lat' dir='ltr'><strong>Luciferum</strong></span> <span class='ocrx_word' id='word_1_38' title='bbox 1732 1077 1746 1125; x_wconf 91' lang='lat'>;</span> 
     </span>
    </p>
   </div>
   <div class='ocr_carea' id='block_1_11' title="bbox 1025 1151 1628 1221">
    <p class='ocr_par' dir='ltr' id='par_1_11' title="bbox 1025 1151 1628 1221">
     <span class='ocr_line' id='line_1_11' title="bbox 1025 1151 1628 1221; baseline 0 -15"><span class='ocrx_word' id='word_1_39' title='bbox 1025 1151 1339 1208; x_wconf 74' lang='lat' dir='ltr'><strong>Comternus</strong></span> <span class='ocrx_word' id='word_1_40' title='bbox 1373 1152 1427 1206; x_wconf 90' lang='lat' dir='ltr'><strong>in</strong></span> <span class='ocrx_word' id='word_1_41' title='bbox 1460 1151 1628 1221; x_wconf 78' lang='lat' dir='ltr'><strong>gloria</strong></span> 
     </span>
    </p>
   </div>
   <div class='ocr_carea' id='block_1_12' title="bbox 1026 1243 1555 1314">
    <p class='ocr_par' dir='ltr' id='par_1_12' title="bbox 1026 1243 1555 1314">
     <span class='ocr_line' id='line_1_12' title="bbox 1026 1243 1555 1314; baseline -0.002 -17"><span class='ocrx_word' id='word_1_42' title='bbox 1026 1243 1250 1299; x_wconf 87' lang='lat' dir='ltr'><strong>Deitatis</strong></span> <span class='ocrx_word' id='word_1_43' title='bbox 1273 1253 1555 1314; x_wconf 85' lang='lat' dir='ltr'><strong>perpetua.</strong></span> 
     </span>
    </p>
   </div>
   <div class='ocr_carea' id='block_1_13' title="bbox 955 1333 1637 1404">
    <p class='ocr_par' dir='ltr' id='par_1_13' title="bbox 955 1333 1637 1404">
     <span class='ocr_line' id='line_1_13' title="bbox 955 1333 1637 1404; baseline -0.001 -16"><span class='ocrx_word' id='word_1_44' title='bbox 955 1333 1089 1388; x_wconf 91' lang='lat' dir='ltr'><strong>Cum</strong></span> <span class='ocrx_word' id='word_1_45' title='bbox 1113 1349 1218 1404; x_wconf 89' lang='lat' dir='ltr'><strong>quo</strong></span> <span class='ocrx_word' id='word_1_46' title='bbox 1241 1333 1400 1388; x_wconf 89' lang='lat' dir='ltr'><strong>simul</strong></span> <span class='ocrx_word' id='word_1_47' title='bbox 1420 1343 1475 1388; x_wconf 89' lang='lat' dir='ltr'><strong>ct</strong></span> <span class='ocrx_word' id='word_1_48' title='bbox 1500 1333 1637 1388; x_wconf 87' lang='lat' dir='ltr'><strong>Filio</strong></span> 
     </span>
    </p>
   </div>
   <div class='ocr_carea' id='block_1_14' title="bbox 1025 1423 1668 1494">
    <p class='ocr_par' dir='ltr' id='par_1_14' title="bbox 1025 1423 1668 1494">
     <span class='ocr_line' id='line_1_14' title="bbox 1025 1423 1668 1494; baseline 0 -16"><span class='ocrx_word' id='word_1_49' title='bbox 1025 1423 1082 1478; x_wconf 89' lang='lat' dir='ltr'><strong>In</strong></span> <span class='ocrx_word' id='word_1_50' title='bbox 1109 1423 1442 1494; x_wconf 85' lang='lat' dir='ltr'><strong>sempiterno</strong></span> <span class='ocrx_word' id='word_1_51' title='bbox 1469 1423 1668 1479; x_wconf 62' lang='lat' dir='ltr'><strong>saeculo</strong></span> 
     </span>
    </p>
   </div>
   <div class='ocr_carea' id='block_1_15' title="bbox 1026 1509 1769 1586">
    <p class='ocr_par' dir='ltr' id='par_1_15' title="bbox 1026 1509 1769 1586">
     <span class='ocr_line' id='line_1_15' title="bbox 1026 1509 1769 1586; baseline -0.004 -17"><span class='ocrx_word' id='word_1_52' title='bbox 1026 1509 1260 1586; x_wconf 72' lang='lat' dir='ltr'><strong>Spiritus</strong></span> <span class='ocrx_word' id='word_1_53' title='bbox 1291 1522 1514 1570; x_wconf 88' lang='lat' dir='ltr'><strong>sanctus</strong></span> <span class='ocrx_word' id='word_1_54' title='bbox 1541 1512 1769 1582; x_wconf 65' lang='lat' dir='ltr'><strong>aequalis</strong></span> 
     </span>
    </p>
   </div>
   <div class='ocr_carea' id='block_1_16' title="bbox 1024 1605 1692 1677">
    <p class='ocr_par' dir='ltr' id='par_1_16' title="bbox 1024 1605 1692 1677">
     <span class='ocr_line' id='line_1_16' title="bbox 1024 1605 1692 1677; baseline -0.003 -17"><span class='ocrx_word' id='word_1_55' title='bbox 1024 1606 1255 1677; x_wconf 67' lang='lat' dir='ltr'><strong>licgnat,</strong></span> <span class='ocrx_word' id='word_1_56' title='bbox 1279 1614 1334 1660; x_wconf 88' lang='lat' dir='ltr'><strong>et</strong></span> <span class='ocrx_word' id='word_1_57' title='bbox 1359 1605 1692 1661; x_wconf 88' lang='lat' dir='ltr'><strong>honorabilis</strong></span> 
     </span>
    </p>
   </div>
   <div class='ocr_carea' id='block_1_17' title="bbox 1024 1695 1633 1751">
    <p class='ocr_par' dir='ltr' id='par_1_17' title="bbox 1024 1695 1633 1751">
     <span class='ocr_line' id='line_1_17' title="bbox 1024 1695 1633 1751; baseline -0.003 -1"><span class='ocrx_word' id='word_1_58' title='bbox 1024 1697 1083 1750; x_wconf 91' lang='lat' dir='ltr'><strong>ln</strong></span> <span class='ocrx_word' id='word_1_59' title='bbox 1110 1696 1299 1751; x_wconf 88' lang='lat' dir='ltr'><strong>eadem</strong></span> <span class='ocrx_word' id='word_1_60' title='bbox 1327 1695 1633 1751; x_wconf 88' lang='lat' dir='ltr'><strong>substantia</strong></span> 
     </span>
    </p>
   </div>
   <div class='ocr_carea' id='block_1_18' title="bbox 1015 1784 1767 1855">
    <p class='ocr_par' dir='ltr' id='par_1_18' title="bbox 1015 1784 1767 1855">
     <span class='ocr_line' id='line_1_18' title="bbox 1015 1784 1767 1855; baseline -0.005 -13"><span class='ocrx_word' id='word_1_61' title='bbox 1015 1788 1157 1842; x_wconf 88' lang='lat' dir='ltr'><strong>Deus</strong></span> <span class='ocrx_word' id='word_1_62' title='bbox 1180 1801 1405 1842; x_wconf 87' lang='lat' dir='ltr'><strong>manens</strong></span> <span class='ocrx_word' id='word_1_63' title='bbox 1427 1800 1524 1855; x_wconf 86' lang='lat' dir='ltr'><strong>per</strong></span> <span class='ocrx_word' id='word_1_64' title='bbox 1545 1784 1767 1840; x_wconf 64' lang='lat' dir='ltr'><strong>saecula.</strong></span> 
     </span>
    </p>
   </div>
   <div class='ocr_carea' id='block_1_19' title="bbox 951 1875 1784 1946">
    <p class='ocr_par' dir='ltr' id='par_1_19' title="bbox 951 1875 1784 1946">
     <span class='ocr_line' id='line_1_19' title="bbox 951 1875 1784 1946; baseline -0.008 -12"><span class='ocrx_word' id='word_1_65' title='bbox 951 1879 1068 1934; x_wconf 86' lang='lat' dir='ltr'><strong>Non</strong></span> <span class='ocrx_word' id='word_1_66' title='bbox 1102 1887 1212 1934; x_wconf 85' lang='lat' dir='ltr'><strong>tres</strong></span> <span class='ocrx_word' id='word_1_67' title='bbox 1241 1877 1391 1942; x_wconf 91' lang='lat' dir='ltr'><strong>deos,</strong></span> <span class='ocrx_word' id='word_1_68' title='bbox 1419 1891 1521 1932; x_wconf 88' lang='lat' dir='ltr'><strong>nec</strong></span> <span class='ocrx_word' id='word_1_69' title='bbox 1548 1875 1784 1946; x_wconf 89' lang='lat' dir='ltr'><strong>profero,</strong></span> 
     </span>
    </p>
   </div>
   <div class='ocr_carea' id='block_1_20' title="bbox 1019 1969 1807 2040">
    <p class='ocr_par' dir='ltr' id='par_1_20' title="bbox 1019 1969 1807 2040">
     <span class='ocr_line' id='line_1_20' title="bbox 1019 1969 1807 2040; baseline -0.005 -14"><span class='ocrx_word' id='word_1_70' title='bbox 1019 1971 1125 2026; x_wconf 91' lang='lat' dir='ltr'><strong>Sed</strong></span> <span class='ocrx_word' id='word_1_71' title='bbox 1156 1986 1325 2026; x_wconf 91' lang='lat' dir='ltr'><strong>unum</strong></span> <span class='ocrx_word' id='word_1_72' title='bbox 1350 1970 1520 2025; x_wconf 91' lang='lat' dir='ltr'><strong>Deum</strong></span> <span class='ocrx_word' id='word_1_73' title='bbox 1550 1969 1807 2040; x_wconf 69' lang='lat' dir='ltr'><strong>prmdico,</strong></span> 
     </span>
    </p>
   </div>
   <div class='ocr_carea' id='block_1_21' title="bbox 1024 2060 1684 2132">
    <p class='ocr_par' dir='ltr' id='par_1_21' title="bbox 1024 2060 1684 2132">
     <span class='ocr_line' id='line_1_21' title="bbox 1024 2060 1684 2132; baseline -0.003 -16"><span class='ocrx_word' id='word_1_74' title='bbox 1024 2061 1187 2117; x_wconf 81' lang='lat' dir='ltr'><strong>Salva</strong></span> <span class='ocrx_word' id='word_1_75' title='bbox 1216 2061 1321 2116; x_wconf 88' lang='lat' dir='ltr'><strong>[ide</strong></span> <span class='ocrx_word' id='word_1_76' title='bbox 1352 2061 1406 2116; x_wconf 93' lang='lat' dir='ltr'><strong>in</strong></span> <span class='ocrx_word' id='word_1_77' title='bbox 1439 2060 1684 2132; x_wconf 84' lang='lat' dir='ltr'><strong>personis</strong></span> 
     </span>
    </p>
   </div>
   <div class='ocr_carea' id='block_1_22' title="bbox 1013 2153 1657 2225">
    <p class='ocr_par' dir='ltr' id='par_1_22' title="bbox 1013 2153 1657 2225">
     <span class='ocr_line' id='line_1_22' title="bbox 1013 2153 1657 2225; baseline 0 -18"><span class='ocrx_word' id='word_1_78' title='bbox 1013 2153 1210 2209; x_wconf 85' lang='lat' dir='ltr'><strong>Tribus</strong></span> <span class='ocrx_word' id='word_1_79' title='bbox 1245 2153 1657 2225; x_wconf 83' lang='lat' dir='ltr'><strong>glorisissimum</strong></span> 
     </span>
    </p>
   </div>
   <div class='ocr_carea' id='block_1_23' title="bbox 1019 2245 2120 2318">
    <p class='ocr_par' dir='ltr' id='par_1_23' title="bbox 1019 2245 2120 2318">
     <span class='ocr_line' id='line_1_23' title="bbox 1019 2245 2120 2318; baseline 0.003 -18"><span class='ocrx_word' id='word_1_80' title='bbox 1019 2246 1324 2312; x_wconf 87' lang='lat' dir='ltr'><strong>Summum,</strong></span> <span class='ocrx_word' id='word_1_81' title='bbox 1350 2245 1580 2318; x_wconf 89' lang='lat' dir='ltr'><strong>justum,</strong></span> <span class='ocrx_word' id='word_1_82' title='bbox 1605 2245 1972 2301; x_wconf 82' lang='lat' dir='ltr'><strong>rectissimum</strong></span> <span class='ocrx_word' id='word_1_83' title='bbox 2000 2285 2018 2313; x_wconf 88' lang='lat'><strong>,</strong></span> <span class='ocrx_word' id='word_1_84' title='bbox 2115 2251 2120 2260; x_wconf 93' lang='lat'>&#39;</span> 
     </span>
    </p>
   </div>
   <div class='ocr_carea' id='block_1_24' title="bbox 1025 2338 1812 2410">
    <p class='ocr_par' dir='ltr' id='par_1_24' title="bbox 1025 2338 1812 2410">
     <span class='ocr_line' id='line_1_24' title="bbox 1025 2338 1812 2410; baseline -0.003 -16"><span class='ocrx_word' id='word_1_85' title='bbox 1025 2338 1199 2410; x_wconf 84' lang='lat' dir='ltr'><strong>Super</strong></span> <span class='ocrx_word' id='word_1_86' title='bbox 1222 2353 1411 2394; x_wconf 88' lang='lat' dir='ltr'><strong>onmes</strong></span> <span class='ocrx_word' id='word_1_87' title='bbox 1446 2339 1812 2393; x_wconf 89' lang='lat' dir='ltr'><strong>mitissimum.</strong></span> 
     </span>
    </p>
   </div>
   <div class='ocr_carea' id='block_1_25' title="bbox 947 2430 1722 2500">
    <p class='ocr_par' dir='ltr' id='par_1_25' title="bbox 947 2430 1722 2500">
     <span class='ocr_line' id='line_1_25' title="bbox 947 2430 1722 2500; baseline 0 -16"><span class='ocrx_word' id='word_1_88' title='bbox 947 2430 1117 2487; x_wconf 90' lang='lat' dir='ltr'><strong>Deum</strong></span> <span class='ocrx_word' id='word_1_89' title='bbox 1148 2430 1370 2486; x_wconf 87' lang='lat' dir='ltr'><strong>Patrum</strong></span> <span class='ocrx_word' id='word_1_90' title='bbox 1394 2431 1722 2500; x_wconf 90' lang='lat' dir='ltr'><strong>piissimum,</strong></span> 
     </span>
    </p>
   </div>
   <div class='ocr_carea' id='block_1_26' title="bbox 1017 2521 1786 2592">
    <p class='ocr_par' dir='ltr' id='par_1_26' title="bbox 1017 2521 1786 2592">
     <span class='ocr_line' id='line_1_26' title="bbox 1017 2521 1786 2592; baseline -0.004 -14"><span class='ocrx_word' id='word_1_91' title='bbox 1017 2521 1453 2592; x_wconf 87' lang='lat' dir='ltr'><strong>Omnipotcntem</strong></span> <span class='ocrx_word' id='word_1_92' title='bbox 1481 2521 1786 2582; x_wconf 90' lang='lat' dir='ltr'><strong>Dominum,</strong></span> 
     </span>
    </p>
   </div>
   <div class='ocr_carea' id='block_1_27' title="bbox 1017 2608 1654 2676">
    <p class='ocr_par' dir='ltr' id='par_1_27' title="bbox 1017 2608 1654 2676">
     <span class='ocr_line' id='line_1_27' title="bbox 1017 2608 1654 2676; baseline 0 -12"><span class='ocrx_word' id='word_1_93' title='bbox 1017 2608 1305 2666; x_wconf 86' lang='lat' dir='ltr'><strong>Factorem</strong></span> <span class='ocrx_word' id='word_1_94' title='bbox 1335 2611 1654 2676; x_wconf 84' lang='lat' dir='ltr'><strong>visibilium,</strong></span> 
     </span>
    </p>
   </div>
   <div class='ocr_carea' id='block_1_28' title="bbox 1022 2701 1612 2768">
    <p class='ocr_par' dir='ltr' id='par_1_28' title="bbox 1022 2701 1612 2768">
     <span class='ocr_line' id='line_1_28' title="bbox 1022 2701 1612 2768; baseline -0.005 -10"><span class='ocrx_word' id='word_1_95' title='bbox 1022 2701 1193 2758; x_wconf 90' lang='lat' dir='ltr'><strong>Simul</strong></span> <span class='ocrx_word' id='word_1_96' title='bbox 1238 2701 1612 2768; x_wconf 88' lang='lat' dir='ltr'><strong>invisibilium,</strong></span> 
     </span>
    </p>
   </div>
   <div class='ocr_carea' id='block_1_29' title="bbox 1021 2794 1623 2866">
    <p class='ocr_par' dir='ltr' id='par_1_29' title="bbox 1021 2794 1623 2866">
     <span class='ocr_line' id='line_1_29' title="bbox 1021 2794 1623 2866; baseline -0.003 -16"><span class='ocrx_word' id='word_1_97' title='bbox 1021 2794 1253 2851; x_wconf 87' lang='lat' dir='ltr'><strong>Deitatis</strong></span> <span class='ocrx_word' id='word_1_98' title='bbox 1277 2794 1623 2866; x_wconf 87' lang='lat' dir='ltr'><strong>principium,</strong></span> 
     </span>
    </p>
   </div>
   <div class='ocr_carea' id='block_1_30' title="bbox 1012 2888 1688 2944">
    <p class='ocr_par' dir='ltr' id='par_1_30' title="bbox 1012 2888 1688 2944">
     <span class='ocr_line' id='line_1_30' title="bbox 1012 2888 1688 2944; baseline -0.001 -1"><span class='ocrx_word' id='word_1_99' title='bbox 1012 2888 1080 2943; x_wconf 88' lang='lat' dir='ltr'><strong>Et</strong></span> <span class='ocrx_word' id='word_1_100' title='bbox 1104 2896 1404 2944; x_wconf 86' lang='lat' dir='ltr'><strong>creatorem</strong></span> <span class='ocrx_word' id='word_1_101' title='bbox 1427 2888 1688 2943; x_wconf 90' lang='lat' dir='ltr'><strong>omnium.</strong></span> 
     </span>
    </p>
   </div>
   <div class='ocr_carea' id='block_1_31' title="bbox 949 2980 1864 3046">
    <p class='ocr_par' dir='ltr' id='par_1_31' title="bbox 949 2980 1864 3046">
     <span class='ocr_line' id='line_1_31' title="bbox 949 2980 1864 3046; baseline -0.001 -8"><span class='ocrx_word' id='word_1_102' title='bbox 949 2981 1226 3038; x_wconf 88' lang='lat' dir='ltr'><strong>Christum</strong></span> <span class='ocrx_word' id='word_1_103' title='bbox 1251 2980 1438 3038; x_wconf 71' lang='lat' dir='ltr'><strong>Iesum</strong></span> <span class='ocrx_word' id='word_1_104' title='bbox 1461 2983 1864 3046; x_wconf 88' lang='lat' dir='ltr'><strong>charissimum,</strong></span> 
     </span>
    </p>
   </div>
   <div class='ocr_carea' id='block_1_32' title="bbox 1019 3073 1654 3143">
    <p class='ocr_par' dir='ltr' id='par_1_32' title="bbox 1019 3073 1654 3143">
     <span class='ocr_line' id='line_1_32' title="bbox 1019 3073 1654 3143; baseline -0.005 -14"><span class='ocrx_word' id='word_1_105' title='bbox 1019 3073 1416 3143; x_wconf 82' lang='lat' dir='ltr'><strong>Omnipotentis</strong></span> <span class='ocrx_word' id='word_1_106' title='bbox 1439 3073 1654 3139; x_wconf 83' lang='lat' dir='ltr'><strong>Filium,</strong></span> 
     </span>
    </p>
   </div>
   <div class='ocr_carea' id='block_1_33' title="bbox 1017 3163 1706 3234">
    <p class='ocr_par' dir='ltr' id='par_1_33' title="bbox 1017 3163 1706 3234">
     <span class='ocr_line' id='line_1_33' title="bbox 1017 3163 1706 3234; baseline 0.001 -17"><span class='ocrx_word' id='word_1_107' title='bbox 1017 3163 1312 3234; x_wconf 82' lang='lat' dir='ltr'><strong>imaginem</strong></span> <span class='ocrx_word' id='word_1_108' title='bbox 1340 3164 1706 3229; x_wconf 81' lang='lat' dir='ltr'><strong>verissimam,</strong></span> 
     </span>
    </p>
   </div>
   <div class='ocr_carea' id='block_1_34' title="bbox 1019 3255 1592 3328">
    <p class='ocr_par' dir='ltr' id='par_1_34' title="bbox 1019 3255 1592 3328">
     <span class='ocr_line' id='line_1_34' title="bbox 1019 3255 1592 3328; baseline 0 -18"><span class='ocrx_word' id='word_1_109' title='bbox 1019 3255 1118 3310; x_wconf 90' lang='lat' dir='ltr'><strong>Dei</strong></span> <span class='ocrx_word' id='word_1_110' title='bbox 1155 3266 1210 3311; x_wconf 86' lang='lat' dir='ltr'><strong>et</strong></span> <span class='ocrx_word' id='word_1_111' title='bbox 1244 3257 1592 3328; x_wconf 78' lang='lat' dir='ltr'><strong>sapientiam,</strong></span> 
     </span>
    </p>
   </div>
   <div class='ocr_carea' id='block_1_35' title="bbox 927 3336 1854 3416">
    <p class='ocr_par' dir='ltr' id='par_1_35' title="bbox 927 3336 1854 3416">
     <span class='ocr_line' id='line_1_35' title="bbox 927 3336 1854 3416; baseline 0.002 -16"><span class='ocrx_word' id='word_1_112' title='bbox 927 3336 930 3340; x_wconf 69' lang='grc'><em>’</em></span> <span class='ocrx_word' id='word_1_113' title='bbox 1016 3346 1286 3400; x_wconf 73' lang='lat' dir='ltr'><strong>Virtutem</strong></span> <span class='ocrx_word' id='word_1_114' title='bbox 1313 3361 1411 3416; x_wconf 89' lang='lat' dir='ltr'><strong>per</strong></span> <span class='ocrx_word' id='word_1_115' title='bbox 1437 3362 1598 3416; x_wconf 90' lang='lat' dir='ltr'><strong>quam</strong></span> <span class='ocrx_word' id='word_1_116' title='bbox 1623 3345 1854 3414; x_wconf 77' lang='lat' dir='ltr'><strong>fecerat,</strong></span> 
     </span>
    </p>
   </div>
   <div class='ocr_carea' id='block_1_36' title="bbox 1020 3434 1753 3506">
    <p class='ocr_par' dir='ltr' id='par_1_36' title="bbox 1020 3434 1753 3506">
     <span class='ocr_line' id='line_1_36' title="bbox 1020 3434 1753 3506; baseline 0.003 -18"><span class='ocrx_word' id='word_1_117' title='bbox 1020 3434 1215 3489; x_wconf 88' lang='lat' dir='ltr'><strong>Omnia</strong></span> <span class='ocrx_word' id='word_1_118' title='bbox 1253 3451 1372 3506; x_wconf 80' lang='lat' dir='ltr'><strong>quae</strong></span> <span class='ocrx_word' id='word_1_119' title='bbox 1399 3435 1753 3492; x_wconf 82' lang='lat' dir='ltr'><strong>formaverat.</strong></span> 
     </span>
    </p>
   </div>
   <div class='ocr_carea' id='block_1_37' title="bbox 949 3525 1824 3598">
    <p class='ocr_par' dir='ltr' id='par_1_37' title="bbox 949 3525 1824 3598">
     <span class='ocr_line' id='line_1_37' title="bbox 949 3525 1824 3598; baseline 0.005 -18"><span class='ocrx_word' id='word_1_120' title='bbox 949 3525 1209 3581; x_wconf 87' lang='lat' dir='ltr'><strong>Sanctum</strong></span> <span class='ocrx_word' id='word_1_121' title='bbox 1238 3543 1452 3598; x_wconf 87' lang='lat' dir='ltr'><strong>quoque</strong></span> <span class='ocrx_word' id='word_1_122' title='bbox 1481 3527 1824 3598; x_wconf 87' lang='lat' dir='ltr'><strong>paraclitum,</strong></span> 
     </span>
    </p>
   </div>
   <div class='ocr_carea' id='block_1_38' title="bbox 1024 3617 1714 3691">
    <p class='ocr_par' dir='ltr' id='par_1_38' title="bbox 1024 3617 1714 3691">
     <span class='ocr_line' id='line_1_38' title="bbox 1024 3617 1714 3691; baseline 0.004 -19"><span class='ocrx_word' id='word_1_123' title='bbox 1024 3617 1398 3674; x_wconf 78' lang='lat' dir='ltr'><strong>Vivificantem</strong></span> <span class='ocrx_word' id='word_1_124' title='bbox 1431 3619 1714 3691; x_wconf 86' lang='lat' dir='ltr'><strong>Spiritum,</strong></span> 
     </span>
    </p>
   </div>
   <div class='ocr_carea' id='block_1_39' title="bbox 1019 3709 1648 3776">
    <p class='ocr_par' dir='ltr' id='par_1_39' title="bbox 1019 3709 1648 3776">
     <span class='ocr_line' id='line_1_39' title="bbox 1019 3709 1648 3776; baseline 0.006 -14"><span class='ocrx_word' id='word_1_125' title='bbox 1019 3709 1122 3776; x_wconf 85' lang='lat' dir='ltr'><strong>Qui</strong></span> <span class='ocrx_word' id='word_1_126' title='bbox 1148 3725 1212 3765; x_wconf 80' lang='lat' dir='ltr'><strong>ex</strong></span> <span class='ocrx_word' id='word_1_127' title='bbox 1241 3710 1401 3766; x_wconf 84' lang='lat' dir='ltr'><strong>Patre</strong></span> <span class='ocrx_word' id='word_1_128' title='bbox 1433 3719 1487 3766; x_wconf 92' lang='lat' dir='ltr'><strong>et</strong></span> <span class='ocrx_word' id='word_1_129' title='bbox 1511 3710 1648 3767; x_wconf 88' lang='lat' dir='ltr'><strong>Filio</strong></span> 
     </span>
    </p>
   </div>
   <div class='ocr_carea' id='block_1_40' title="bbox 1015 3800 1646 3868">
    <p class='ocr_par' dir='ltr' id='par_1_40' title="bbox 1015 3800 1646 3868">
     <span class='ocr_line' id='line_1_40' title="bbox 1015 3800 1646 3868; baseline 0.006 -13"><span class='ocrx_word' id='word_1_130' title='bbox 1015 3800 1268 3857; x_wconf 85' lang='lat' dir='ltr'><strong>Procedit</strong></span> <span class='ocrx_word' id='word_1_131' title='bbox 1295 3803 1362 3858; x_wconf 91' lang='lat' dir='ltr'><strong>ab</strong></span> <span class='ocrx_word' id='word_1_132' title='bbox 1400 3803 1646 3868; x_wconf 79' lang='lat' dir='ltr'><strong>exordio,</strong></span> 
     </span>
    </p>
   </div>
   <div class='ocr_carea' id='block_1_41' title="bbox 1021 3891 1896 3966">
    <p class='ocr_par' dir='ltr' id='par_1_41' title="bbox 1021 3891 1896 3966">
     <span class='ocr_line' id='line_1_41' title="bbox 1021 3891 1896 3966; baseline 0.006 -22"><span class='ocrx_word' id='word_1_133' title='bbox 1021 3891 1247 3962; x_wconf 88' lang='lat' dir='ltr'><strong>Pignus,</strong></span> <span class='ocrx_word' id='word_1_134' title='bbox 1279 3895 1475 3949; x_wconf 90' lang='lat' dir='ltr'><strong>donum</strong></span> <span class='ocrx_word' id='word_1_135' title='bbox 1502 3894 1896 3966; x_wconf 85' lang='lat' dir='ltr'><strong>gratissimum,</strong></span> 
     </span>
    </p>
   </div>
   <div class='ocr_carea' id='block_1_42' title="bbox 1017 3980 1800 4042">
    <p class='ocr_par' dir='ltr' id='par_1_42' title="bbox 1017 3980 1800 4042">
     <span class='ocr_line' id='line_1_42' title="bbox 1017 3980 1800 4042; baseline 0.004 -7"><span class='ocrx_word' id='word_1_136' title='bbox 1017 3980 1348 4039; x_wconf 87' lang='lat' dir='ltr'><strong>Promissum</strong></span> <span class='ocrx_word' id='word_1_137' title='bbox 1385 3984 1800 4042; x_wconf 85' lang='lat' dir='ltr'><strong>iucidissimum.</strong></span> 
     </span>
    </p>
   </div>
   <div class='ocr_carea' id='block_1_43' title="bbox 947 4071 1562 4144">
    <p class='ocr_par' dir='ltr' id='par_1_43' title="bbox 947 4071 1562 4144">
     <span class='ocr_line' id='line_1_43' title="bbox 947 4071 1562 4144; baseline 0.005 -17"><span class='ocrx_word' id='word_1_138' title='bbox 947 4071 1066 4127; x_wconf 83' lang='lat' dir='ltr'><strong>Una</strong></span> <span class='ocrx_word' id='word_1_139' title='bbox 1105 4073 1270 4128; x_wconf 90' lang='lat' dir='ltr'><strong>trium</strong></span> <span class='ocrx_word' id='word_1_140' title='bbox 1293 4077 1528 4131; x_wconf 84' lang='lat' dir='ltr'><strong>essentia</strong></span> <span class='ocrx_word' id='word_1_141' title='bbox 1546 4117 1562 4144; x_wconf 88' lang='lat'><strong>,</strong></span> 
     </span>
    </p>
   </div>
   <div class='ocr_carea' id='block_1_44' title="bbox 1021 4163 1598 4237">
    <p class='ocr_par' dir='ltr' id='par_1_44' title="bbox 1021 4163 1598 4237">
     <span class='ocr_line' id='line_1_44' title="bbox 1021 4163 1598 4237; baseline 0.005 -17"><span class='ocrx_word' id='word_1_142' title='bbox 1021 4163 1138 4220; x_wconf 87' lang='lat' dir='ltr'><strong>Una</strong></span> <span class='ocrx_word' id='word_1_143' title='bbox 1163 4174 1316 4222; x_wconf 89' lang='lat' dir='ltr'><strong>estet</strong></span> <span class='ocrx_word' id='word_1_144' title='bbox 1337 4168 1598 4237; x_wconf 89' lang='lat' dir='ltr'><strong>potentia,</strong></span> 
     </span>
    </p>
   </div>
   <div class='ocr_carea' id='block_1_45' title="bbox 1023 4254 1555 4324">
    <p class='ocr_par' dir='ltr' id='par_1_45' title="bbox 1023 4254 1555 4324">
     <span class='ocr_line' id='line_1_45' title="bbox 1023 4254 1555 4324; baseline 0.004 -13"><span class='ocrx_word' id='word_1_145' title='bbox 1023 4254 1337 4323; x_wconf 90' lang='lat' dir='ltr'><strong>Omousion,</strong></span> <span class='ocrx_word' id='word_1_146' title='bbox 1363 4257 1555 4324; x_wconf 88' lang='lat' dir='ltr'><strong>deitas,</strong></span> 
     </span>
    </p>
   </div>
   <div class='ocr_carea' id='block_1_46' title="bbox 1019 4345 1676 4416">
    <p class='ocr_par' dir='ltr' id='par_1_46' title="bbox 1019 4345 1676 4416">
     <span class='ocr_line' id='line_1_46' title="bbox 1019 4345 1676 4416; baseline 0.009 -17"><span class='ocrx_word' id='word_1_147' title='bbox 1019 4345 1195 4416; x_wconf 81' lang='lat' dir='ltr'><strong>Atque</strong></span> <span class='ocrx_word' id='word_1_148' title='bbox 1221 4363 1330 4401; x_wconf 91' lang='lat' dir='ltr'><strong>una</strong></span> <span class='ocrx_word' id='word_1_149' title='bbox 1355 4349 1634 4405; x_wconf 70' lang='lat' dir='ltr'><strong>mternitas</strong></span> <span class='ocrx_word' id='word_1_150' title='bbox 1659 4391 1676 4415; x_wconf 93' lang='lat'><strong>,</strong></span> 
     </span>
    </p>
   </div>
   <div class='ocr_carea' id='block_1_47' title="bbox 1017 4437 1632 4506">
    <p class='ocr_par' dir='ltr' id='par_1_47' title="bbox 1017 4437 1632 4506">
     <span class='ocr_line' id='line_1_47' title="bbox 1017 4437 1632 4506; baseline 0.007 -14"><span class='ocrx_word' id='word_1_151' title='bbox 1017 4437 1304 4494; x_wconf 89' lang='lat' dir='ltr'><strong>Beatitudo</strong></span> <span class='ocrx_word' id='word_1_152' title='bbox 1331 4440 1594 4496; x_wconf 87' lang='lat' dir='ltr'><strong>sanctitas</strong></span> <span class='ocrx_word' id='word_1_153' title='bbox 1616 4481 1632 4506; x_wconf 93' lang='lat'><strong>,</strong></span> 
     </span>
    </p>
   </div>
   <div class='ocr_carea' id='block_1_48' title="bbox 1017 4529 1672 4601">
    <p class='ocr_par' dir='ltr' id='par_1_48' title="bbox 1017 4529 1672 4601">
     <span class='ocr_line' id='line_1_48' title="bbox 1017 4529 1672 4601; baseline 0.006 -17"><span class='ocrx_word' id='word_1_154' title='bbox 1017 4529 1332 4601; x_wconf 82' lang='lat' dir='ltr'><strong>Magnitudo</strong></span> <span class='ocrx_word' id='word_1_155' title='bbox 1353 4541 1409 4588; x_wconf 90' lang='lat' dir='ltr'><strong>et</strong></span> <span class='ocrx_word' id='word_1_156' title='bbox 1436 4533 1672 4588; x_wconf 88' lang='lat' dir='ltr'><strong>bonitas.</strong></span> 
     </span>
    </p>
   </div>
   <div class='ocr_carea' id='block_1_49' title="bbox 945 4621 1638 4690">
    <p class='ocr_par' dir='ltr' id='par_1_49' title="bbox 945 4621 1638 4690">
     <span class='ocr_line' id='line_1_49' title="bbox 945 4621 1638 4690; baseline 0 -12"><span class='ocrx_word' id='word_1_157' title='bbox 945 4621 1104 4678; x_wconf 82' lang='lat' dir='ltr'><strong>Solus</strong></span> <span class='ocrx_word' id='word_1_158' title='bbox 1143 4623 1284 4678; x_wconf 90' lang='lat' dir='ltr'><strong>Deus</strong></span> <span class='ocrx_word' id='word_1_159' title='bbox 1325 4625 1379 4678; x_wconf 92' lang='lat' dir='ltr'><strong>in</strong></span> <span class='ocrx_word' id='word_1_160' title='bbox 1421 4625 1638 4690; x_wconf 82' lang='lat' dir='ltr'><strong>saecula,</strong></span> 
     </span>
    </p>
   </div>
   <div class='ocr_carea' id='block_1_50' title="bbox 1018 4712 1861 4788">
    <p class='ocr_par' dir='ltr' id='par_1_50' title="bbox 1018 4712 1861 4788">
     <span class='ocr_line' id='line_1_50' title="bbox 1018 4712 1861 4788; baseline 0.001 -18"><span class='ocrx_word' id='word_1_161' title='bbox 1018 4712 1357 4770; x_wconf 90' lang='lat' dir='ltr'><strong>Concludcns</strong></span> <span class='ocrx_word' id='word_1_162' title='bbox 1379 4724 1574 4770; x_wconf 88' lang='lat' dir='ltr'><strong>cuncta</strong></span> <span class='ocrx_word' id='word_1_163' title='bbox 1598 4723 1861 4788; x_wconf 88' lang='lat' dir='ltr'><strong>tempora,</strong></span> 
     </span>
    </p>
   </div>
   <div class='ocr_carea' id='block_1_51' title="bbox 1019 4805 1748 4872">
    <p class='ocr_par' dir='ltr' id='par_1_51' title="bbox 1019 4805 1748 4872">
     <span class='ocr_line' id='line_1_51' title="bbox 1019 4805 1748 4872; baseline 0.003 -14"><span class='ocrx_word' id='word_1_164' title='bbox 1019 4805 1224 4872; x_wconf 84' lang='lat' dir='ltr'><strong>Quibus</strong></span> <span class='ocrx_word' id='word_1_165' title='bbox 1247 4806 1499 4860; x_wconf 84' lang='lat' dir='ltr'><strong>formavit</strong></span> <span class='ocrx_word' id='word_1_166' title='bbox 1521 4808 1748 4872; x_wconf 80' lang='lat' dir='ltr'><strong>:ethera,</strong></span> 
     </span>
    </p>
   </div>
   <div class='ocr_carea' id='block_1_52' title="bbox 1015 4894 1724 4952">
    <p class='ocr_par' dir='ltr' id='par_1_52' title="bbox 1015 4894 1724 4952">
     <span class='ocr_line' id='line_1_52' title="bbox 1015 4894 1724 4952; baseline 0.004 -2"><span class='ocrx_word' id='word_1_167' title='bbox 1015 4894 1239 4950; x_wconf 87' lang='lat' dir='ltr'><strong>Terram</strong></span> <span class='ocrx_word' id='word_1_168' title='bbox 1271 4896 1430 4951; x_wconf 90' lang='lat' dir='ltr'><strong>simul</strong></span> <span class='ocrx_word' id='word_1_169' title='bbox 1455 4906 1511 4952; x_wconf 87' lang='lat' dir='ltr'><strong>ct</strong></span> <span class='ocrx_word' id='word_1_170' title='bbox 1533 4899 1724 4952; x_wconf 90' lang='lat' dir='ltr'><strong>maria.</strong></span> 
     </span>
    </p>
   </div>
   <div class='ocr_carea' id='block_1_53' title="bbox 1019 4985 1717 5055">
    <p class='ocr_par' dir='ltr' id='par_1_53' title="bbox 1019 4985 1717 5055">
     <span class='ocr_line' id='line_1_53' title="bbox 1019 4985 1717 5055; baseline 0.007 -15"><span class='ocrx_word' id='word_1_171' title='bbox 1019 4985 1278 5042; x_wconf 81' lang='lat' dir='ltr'><strong>Excelsus</strong></span> <span class='ocrx_word' id='word_1_172' title='bbox 1301 4987 1356 5042; x_wconf 91' lang='lat' dir='ltr'><strong>in</strong></span> <span class='ocrx_word' id='word_1_173' title='bbox 1387 4988 1717 5055; x_wconf 85' lang='lat' dir='ltr'><strong>coelestibus,</strong></span> 
     </span>
    </p>
   </div>
   <div class='ocr_carea' id='block_1_54' title="bbox 1017 5077 1851 5151">
    <p class='ocr_par' dir='ltr' id='par_1_54' title="bbox 1017 5077 1851 5151">
     <span class='ocr_line' id='line_1_54' title="bbox 1017 5077 1851 5151; baseline 0.001 -19"><span class='ocrx_word' id='word_1_174' title='bbox 1017 5077 1268 5133; x_wconf 87' lang='lat' dir='ltr'><strong>Gaudcns</strong></span> <span class='ocrx_word' id='word_1_175' title='bbox 1293 5079 1500 5148; x_wconf 89' lang='lat' dir='ltr'><strong>primus</strong></span> <span class='ocrx_word' id='word_1_176' title='bbox 1523 5081 1851 5151; x_wconf 80' lang='lat' dir='ltr'><strong>agminibus.</strong></span> 
     </span>
    </p>
   </div>
   <div class='ocr_carea' id='block_1_55' title="bbox 949 5167 1650 5242">
    <p class='ocr_par' dir='ltr' id='par_1_55' title="bbox 949 5167 1650 5242">
     <span class='ocr_line' id='line_1_55' title="bbox 949 5167 1650 5242; baseline 0.007 -21"><span class='ocrx_word' id='word_1_177' title='bbox 949 5167 1129 5222; x_wconf 86' lang='lat' dir='ltr'><strong>Bonos</strong></span> <span class='ocrx_word' id='word_1_178' title='bbox 1156 5169 1361 5224; x_wconf 82' lang='lat' dir='ltr'><strong>creavit</strong></span> <span class='ocrx_word' id='word_1_179' title='bbox 1387 5170 1609 5242; x_wconf 78' lang='lat' dir='ltr'><strong>angelos</strong></span> <span class='ocrx_word' id='word_1_180' title='bbox 1633 5211 1650 5236; x_wconf 86' lang='lat'><strong>,</strong></span> 
     </span>
    </p>
   </div>
   <div class='ocr_carea' id='block_1_56' title="bbox 1019 5258 1752 5334">
    <p class='ocr_par' dir='ltr' id='par_1_56' title="bbox 1019 5258 1752 5334">
     <span class='ocr_line' id='line_1_56' title="bbox 1019 5258 1752 5334; baseline 0.005 -20"><span class='ocrx_word' id='word_1_181' title='bbox 1019 5258 1252 5315; x_wconf 90' lang='lat' dir='ltr'><strong>Ordines</strong></span> <span class='ocrx_word' id='word_1_182' title='bbox 1276 5269 1331 5315; x_wconf 89' lang='lat' dir='ltr'><strong>et</strong></span> <span class='ocrx_word' id='word_1_183' title='bbox 1351 5262 1710 5334; x_wconf 84' lang='lat' dir='ltr'><strong>archangelos</strong></span> <span class='ocrx_word' id='word_1_184' title='bbox 1737 5304 1752 5328; x_wconf 92' lang='lat'><strong>,</strong></span> 
     </span>
    </p>
   </div>
   <div class='ocr_carea' id='block_1_57' title="bbox 1016 5349 1745 5422">
    <p class='ocr_par' dir='ltr' id='par_1_57' title="bbox 1016 5349 1745 5422">
     <span class='ocr_line' id='line_1_57' title="bbox 1016 5349 1745 5422; baseline 0.004 -16"><span class='ocrx_word' id='word_1_185' title='bbox 1016 5349 1362 5422; x_wconf 88' lang='lat' dir='ltr'><strong>Principatus</strong></span> <span class='ocrx_word' id='word_1_186' title='bbox 1403 5363 1457 5408; x_wconf 88' lang='lat' dir='ltr'><strong>et</strong></span> <span class='ocrx_word' id='word_1_187' title='bbox 1496 5355 1745 5418; x_wconf 64' lang='lat' dir='ltr'><strong>Virtutes,</strong></span> 
     </span>
    </p>
   </div>
   <div class='ocr_carea' id='block_1_58' title="bbox 1019 5445 1728 5515">
    <p class='ocr_par' dir='ltr' id='par_1_58' title="bbox 1019 5445 1728 5515">
     <span class='ocr_line' id='line_1_58' title="bbox 1019 5445 1728 5515; baseline 0.006 -16"><span class='ocrx_word' id='word_1_188' title='bbox 1019 5445 1286 5512; x_wconf 87' lang='lat' dir='ltr'><strong>Thronos,</strong></span> <span class='ocrx_word' id='word_1_189' title='bbox 1311 5449 1728 5515; x_wconf 87' lang='lat' dir='ltr'><strong>dominationes,</strong></span> 
     </span>
    </p>
   </div>
   <div class='ocr_carea' id='block_1_59' title="bbox 1020 5539 1716 5607">
    <p class='ocr_par' dir='ltr' id='par_1_59' title="bbox 1020 5539 1716 5607">
     <span class='ocr_line' id='line_1_59' title="bbox 1020 5539 1716 5607; baseline 0.006 -15"><span class='ocrx_word' id='word_1_190' title='bbox 1020 5539 1322 5594; x_wconf 82' lang='lat' dir='ltr'><strong>Potestates</strong></span> <span class='ocrx_word' id='word_1_191' title='bbox 1346 5550 1401 5596; x_wconf 89' lang='lat' dir='ltr'><strong>et</strong></span> <span class='ocrx_word' id='word_1_192' title='bbox 1427 5542 1716 5607; x_wconf 57' lang='lat' dir='ltr'><strong>cherubin,</strong></span> 
     </span>
    </p>
   </div>
   <div class='ocr_carea' id='block_1_60' title="bbox 1023 5628 1656 5700">
    <p class='ocr_par' dir='ltr' id='par_1_60' title="bbox 1023 5628 1656 5700">
     <span class='ocr_line' id='line_1_60' title="bbox 1023 5628 1656 5700; baseline 0.003 -17"><span class='ocrx_word' id='word_1_193' title='bbox 1023 5628 1270 5683; x_wconf 84' lang='lat' dir='ltr'><strong>Gloriosa</strong></span> <span class='ocrx_word' id='word_1_194' title='bbox 1298 5637 1354 5682; x_wconf 90' lang='lat' dir='ltr'><strong>et</strong></span> <span class='ocrx_word' id='word_1_195' title='bbox 1382 5631 1656 5700; x_wconf 89' lang='lat' dir='ltr'><strong>seraphin.</strong></span> 
     </span>
    </p>
   </div>
   <div class='ocr_carea' id='block_1_61' title="bbox 957 5717 1614 5776">
    <p class='ocr_par' dir='ltr' id='par_1_61' title="bbox 957 5717 1614 5776">
     <span class='ocr_line' id='line_1_61' title="bbox 957 5717 1614 5776; baseline 0.002 -7"><span class='ocrx_word' id='word_1_196' title='bbox 957 5717 1040 5770; x_wconf 82' lang='lat' dir='ltr'><strong>L‘ti</strong></span> <span class='ocrx_word' id='word_1_197' title='bbox 1067 5733 1170 5770; x_wconf 92' lang='lat' dir='ltr'><strong>non</strong></span> <span class='ocrx_word' id='word_1_198' title='bbox 1201 5725 1342 5770; x_wconf 90' lang='lat' dir='ltr'><strong>esset</strong></span> <span class='ocrx_word' id='word_1_199' title='bbox 1371 5717 1582 5771; x_wconf 85' lang='lat' dir='ltr'><strong>bonitas</strong></span> <span class='ocrx_word' id='word_1_200' title='bbox 1600 5759 1614 5776; x_wconf 83' lang='lat'><strong>,</strong></span> 
     </span>
    </p>
   </div>
   <div class='ocr_carea' id='block_1_62' title="bbox 2277 418 2334 480">
    <p class='ocr_par' dir='ltr' id='par_1_62' title="bbox 2277 418 2334 480">
     <span class='ocr_line' id='line_1_62' title="bbox 2277 418 2334 480; baseline 0 -2"><span class='ocrx_word' id='word_1_201' title='bbox 2277 418 2334 480; x_wconf 79' lang='grc' dir='ltr'><strong>Δ</strong></span> 
     </span>
    </p>
   </div>
   <div class='ocr_carea' id='block_1_63' title="bbox 2709 416 3254 488">
    <p class='ocr_par' dir='ltr' id='par_1_63' title="bbox 2709 416 3254 488">
     <span class='ocr_line' id='line_1_63' title="bbox 2709 416 3254 488; baseline 0.002 -16"><span class='ocrx_word' id='word_1_202' title='bbox 2709 416 2891 472; x_wconf 91' lang='lat' dir='ltr'><strong>Otiosa</strong></span> <span class='ocrx_word' id='word_1_203' title='bbox 2924 431 2989 471; x_wconf 91' lang='lat' dir='ltr'><strong>ac</strong></span> <span class='ocrx_word' id='word_1_204' title='bbox 3013 417 3254 488; x_wconf 87' lang='lat' dir='ltr'><strong>majestas</strong></span> 
     </span>
    </p>
   </div>
   <div class='ocr_carea' id='block_1_64' title="bbox 2702 509 3318 566">
    <p class='ocr_par' dir='ltr' id='par_1_64' title="bbox 2702 509 3318 566">
     <span class='ocr_line' id='line_1_64' title="bbox 2702 509 3318 566; baseline 0.003 -2"><span class='ocrx_word' id='word_1_205' title='bbox 2702 509 2983 564; x_wconf 87' lang='lat' dir='ltr'><strong>Trinitatis</strong></span> <span class='ocrx_word' id='word_1_206' title='bbox 3010 509 3060 564; x_wconf 92' lang='lat' dir='ltr'><strong>in</strong></span> <span class='ocrx_word' id='word_1_207' title='bbox 3085 511 3318 566; x_wconf 89' lang='lat' dir='ltr'><strong>omnibus</strong></span> 
     </span>
    </p>
   </div>
   <div class='ocr_carea' id='block_1_65' title="bbox 2708 599 3301 668">
    <p class='ocr_par' dir='ltr' id='par_1_65' title="bbox 2708 599 3301 668">
     <span class='ocr_line' id='line_1_65' title="bbox 2708 599 3301 668; baseline 0.003 -14"><span class='ocrx_word' id='word_1_208' title='bbox 2708 599 2951 668; x_wconf 83' lang='lat' dir='ltr'><strong>Largitio</strong></span> <span class='ocrx_word' id='word_1_209' title='bbox 2985 599 3301 664; x_wconf 84' lang='lat' dir='ltr'><strong>muneribus,</strong></span> 
     </span>
    </p>
   </div>
   <div class='ocr_carea' id='block_1_66' title="bbox 2701 688 3334 752">
    <p class='ocr_par' dir='ltr' id='par_1_66' title="bbox 2701 688 3334 752">
     <span class='ocr_line' id='line_1_66' title="bbox 2701 688 3334 752; baseline 0 -8"><span class='ocrx_word' id='word_1_210' title='bbox 2701 688 2809 745; x_wconf 88' lang='lat' dir='ltr'><strong>Sed</strong></span> <span class='ocrx_word' id='word_1_211' title='bbox 2837 690 3059 744; x_wconf 89' lang='lat' dir='ltr'><strong>haberet</strong></span> <span class='ocrx_word' id='word_1_212' title='bbox 3092 689 3334 752; x_wconf 63' lang='lat' dir='ltr'><strong>coelestia,</strong></span> 
     </span>
    </p>
   </div>
   <div class='ocr_carea' id='block_1_67' title="bbox 2710 779 3331 853">
    <p class='ocr_par' dir='ltr' id='par_1_67' title="bbox 2710 779 3331 853">
     <span class='ocr_line' id='line_1_67' title="bbox 2710 779 3331 853; baseline 0.006 -20"><span class='ocrx_word' id='word_1_213' title='bbox 2710 779 2914 847; x_wconf 88' lang='lat' dir='ltr'><strong>Quibus</strong></span> <span class='ocrx_word' id='word_1_214' title='bbox 2940 781 3031 835; x_wconf 88' lang='lat' dir='ltr'><strong>det</strong></span> <span class='ocrx_word' id='word_1_215' title='bbox 3049 780 3331 853; x_wconf 80' lang='lat' dir='ltr'><strong>privilegia.</strong></span> 
     </span>
    </p>
   </div>
   <div class='ocr_carea' id='block_1_68' title="bbox 2629 868 3235 942">
    <p class='ocr_par' dir='ltr' id='par_1_68' title="bbox 2629 868 3235 942">
     <span class='ocr_line' id='line_1_68' title="bbox 2629 868 3235 942; baseline 0.002 -17"><span class='ocrx_word' id='word_1_216' title='bbox 2629 868 2736 925; x_wconf 87' lang='lat' dir='ltr'><strong>Sed</strong></span> <span class='ocrx_word' id='word_1_217' title='bbox 2757 869 2880 925; x_wconf 70' lang='grc' dir='ltr'><strong>(ιωιί</strong></span> <span class='ocrx_word' id='word_1_218' title='bbox 2903 871 3056 942; x_wconf 80' lang='lat' dir='ltr'><strong>regni</strong></span> <span class='ocrx_word' id='word_1_219' title='bbox 3086 871 3235 940; x_wconf 86' lang='lat' dir='ltr'><strong>apice</strong></span> 
     </span>
    </p>
   </div>
   <div class='ocr_carea' id='block_1_69' title="bbox 2690 961 3238 1033">
    <p class='ocr_par' dir='ltr' id='par_1_69' title="bbox 2690 961 3238 1033">
     <span class='ocr_line' id='line_1_69' title="bbox 2690 961 3238 1033; baseline 0.004 -17"><span class='ocrx_word' id='word_1_220' title='bbox 2690 961 2955 1017; x_wconf 89' lang='lat' dir='ltr'><strong>Stationis</strong></span> <span class='ocrx_word' id='word_1_221' title='bbox 2984 962 3238 1033; x_wconf 66' lang='lat' dir='ltr'><strong>angelica“:</strong></span> 
     </span>
    </p>
   </div>
   <div class='ocr_carea' id='block_1_70' title="bbox 2700 1037 3340 1123">
    <p class='ocr_par' dir='ltr' id='par_1_70' title="bbox 2700 1037 3340 1123">
     <span class='ocr_line' id='line_1_70' title="bbox 2700 1037 3340 1123; baseline 0 -15"><span class='ocrx_word' id='word_1_222' title='bbox 2700 1037 2956 1108; x_wconf 80' lang='lat' dir='ltr'><strong>Claritate</strong></span> <span class='ocrx_word' id='word_1_223' title='bbox 2980 1069 3091 1123; x_wconf 70' lang='lat' dir='ltr'><strong>pra:</strong></span> <span class='ocrx_word' id='word_1_224' title='bbox 3115 1052 3340 1120; x_wconf 82' lang='lat' dir='ltr'><strong>fulgoris,</strong></span> 
     </span>
    </p>
   </div>
   <div class='ocr_carea' id='block_1_71' title="bbox 2701 1144 3323 1214">
    <p class='ocr_par' dir='ltr' id='par_1_71' title="bbox 2701 1144 3323 1214">
     <span class='ocr_line' id='line_1_71' title="bbox 2701 1144 3323 1214; baseline -0.002 -15"><span class='ocrx_word' id='word_1_225' title='bbox 2701 1145 2995 1199; x_wconf 77' lang='lat' dir='ltr'><strong>Venustate</strong></span> <span class='ocrx_word' id='word_1_226' title='bbox 3026 1144 3323 1214; x_wconf 86' lang='lat' dir='ltr'><strong>speciminis</strong></span> 
     </span>
    </p>
   </div>
   <div class='ocr_carea' id='block_1_72' title="bbox 2700 1234 3291 1306">
    <p class='ocr_par' dir='ltr' id='par_1_72' title="bbox 2700 1234 3291 1306">
     <span class='ocr_line' id='line_1_72' title="bbox 2700 1234 3291 1306; baseline -0.003 -16"><span class='ocrx_word' id='word_1_227' title='bbox 2700 1234 3076 1306; x_wconf 86' lang='lat' dir='ltr'><strong>Superbiendo</strong></span> <span class='ocrx_word' id='word_1_228' title='bbox 3115 1245 3291 1290; x_wconf 84' lang='lat' dir='ltr'><strong>ruerat</strong></span> 
     </span>
    </p>
   </div>
   <div class='ocr_carea' id='block_1_73' title="bbox 2709 1325 3494 1396">
    <p class='ocr_par' dir='ltr' id='par_1_73' title="bbox 2709 1325 3494 1396">
     <span class='ocr_line' id='line_1_73' title="bbox 2709 1325 3494 1396; baseline 0.003 -16"><span class='ocrx_word' id='word_1_229' title='bbox 2709 1326 2945 1390; x_wconf 87' lang='lat' dir='ltr'><strong>Lucifer,</strong></span> <span class='ocrx_word' id='word_1_230' title='bbox 2975 1341 3136 1396; x_wconf 88' lang='lat' dir='ltr'><strong>quem</strong></span> <span class='ocrx_word' id='word_1_231' title='bbox 3164 1325 3494 1395; x_wconf 79' lang='lat' dir='ltr'><strong>plasmarcrat.</strong></span> 
     </span>
    </p>
   </div>
   <div class='ocr_carea' id='block_1_74' title="bbox 2627 1416 3199 1487">
    <p class='ocr_par' dir='ltr' id='par_1_74' title="bbox 2627 1416 3199 1487">
     <span class='ocr_line' id='line_1_74' title="bbox 2627 1416 3199 1487; baseline 0 -17"><span class='ocrx_word' id='word_1_232' title='bbox 2627 1416 3004 1487; x_wconf 70' lang='lat' dir='ltr'><strong>Apostataaquc</strong></span> <span class='ocrx_word' id='word_1_233' title='bbox 3028 1416 3199 1486; x_wconf 83' lang='lat' dir='ltr'><strong>angeli</strong></span> 
     </span>
    </p>
   </div>
   <div class='ocr_carea' id='block_1_75' title="bbox 2707 1509 3315 1579">
    <p class='ocr_par' dir='ltr' id='par_1_75' title="bbox 2707 1509 3315 1579">
     <span class='ocr_line' id='line_1_75' title="bbox 2707 1509 3315 1579; baseline 0 -15"><span class='ocrx_word' id='word_1_234' title='bbox 2707 1509 2908 1564; x_wconf 88' lang='lat' dir='ltr'><strong>Eodem</strong></span> <span class='ocrx_word' id='word_1_235' title='bbox 2933 1509 3087 1579; x_wconf 91' lang='lat' dir='ltr'><strong>lapsu</strong></span> <span class='ocrx_word' id='word_1_236' title='bbox 3111 1509 3315 1579; x_wconf 84' lang='lat' dir='ltr'><strong>lugubri</strong></span> 
     </span>
    </p>
   </div>
   <div class='ocr_carea' id='block_1_76' title="bbox 2691 1597 3291 1654">
    <p class='ocr_par' dir='ltr' id='par_1_76' title="bbox 2691 1597 3291 1654">
     <span class='ocr_line' id='line_1_76' title="bbox 2691 1597 3291 1654; baseline 0.002 -2"><span class='ocrx_word' id='word_1_237' title='bbox 2691 1597 2961 1654; x_wconf 90' lang='lat' dir='ltr'><strong>Auctores</strong></span> <span class='ocrx_word' id='word_1_238' title='bbox 2984 1599 3291 1654; x_wconf 66' lang='lat' dir='ltr'><strong>cenodoxizc</strong></span> 
     </span>
    </p>
   </div>
   <div class='ocr_carea' id='block_1_77' title="bbox 2697 1689 3274 1755">
    <p class='ocr_par' dir='ltr' id='par_1_77' title="bbox 2697 1689 3274 1755">
     <span class='ocr_line' id='line_1_77' title="bbox 2697 1689 3274 1755; baseline 0.002 -11"><span class='ocrx_word' id='word_1_239' title='bbox 2697 1689 3006 1746; x_wconf 87' lang='lat' dir='ltr'><strong>Pervicacis</strong></span> <span class='ocrx_word' id='word_1_240' title='bbox 3033 1690 3244 1746; x_wconf 67' lang='lat' dir='ltr'><strong>invidia:</strong></span> <span class='ocrx_word' id='word_1_241' title='bbox 3260 1732 3274 1755; x_wconf 92' lang='lat'><strong>,</strong></span> 
     </span>
    </p>
   </div>
   <div class='ocr_carea' id='block_1_78' title="bbox 2705 1779 3349 1837">
    <p class='ocr_par' dir='ltr' id='par_1_78' title="bbox 2705 1779 3349 1837">
     <span class='ocr_line' id='line_1_78' title="bbox 2705 1779 3349 1837; baseline 0.005 -3"><span class='ocrx_word' id='word_1_242' title='bbox 2705 1779 2927 1836; x_wconf 63' lang='lat' dir='ltr'><strong>Casteris</strong></span> <span class='ocrx_word' id='word_1_243' title='bbox 2954 1781 3349 1837; x_wconf 86' lang='lat' dir='ltr'><strong>remanentibus</strong></span> 
     </span>
    </p>
   </div>
   <div class='ocr_carea' id='block_1_79' title="bbox 2702 1869 3329 1942">
    <p class='ocr_par' dir='ltr' id='par_1_79' title="bbox 2702 1869 3329 1942">
     <span class='ocr_line' id='line_1_79' title="bbox 2702 1869 3329 1942; baseline 0 -17"><span class='ocrx_word' id='word_1_244' title='bbox 2702 1869 2761 1926; x_wconf 90' lang='lat' dir='ltr'><strong>ln</strong></span> <span class='ocrx_word' id='word_1_245' title='bbox 2789 1871 2901 1927; x_wconf 86' lang='lat' dir='ltr'><strong>suis</strong></span> <span class='ocrx_word' id='word_1_246' title='bbox 2923 1872 3329 1942; x_wconf 82' lang='lat' dir='ltr'><strong>principatibus.</strong></span> 
     </span>
    </p>
   </div>
   <div class='ocr_carea' id='block_1_80' title="bbox 2638 1956 3450 2036">
    <p class='ocr_par' dir='ltr' id='par_1_80' title="bbox 2638 1956 3450 2036">
     <span class='ocr_line' id='line_1_80' title="bbox 2638 1956 3450 2036; baseline 0.004 -19"><span class='ocrx_word' id='word_1_247' title='bbox 2638 1961 2812 2018; x_wconf 91' lang='lat' dir='ltr'><strong>Draco</strong></span> <span class='ocrx_word' id='word_1_248' title='bbox 2837 1956 3073 2036; x_wconf 83' lang='lat' dir='ltr'><strong>magnus</strong></span> <span class='ocrx_word' id='word_1_249' title='bbox 3102 2006 3116 2030; x_wconf 95' lang='lat'><strong>,</strong></span> <span class='ocrx_word' id='word_1_250' title='bbox 3151 1965 3450 2026; x_wconf 80' lang='lat' dir='ltr'><strong>teterrimus,</strong></span> 
     </span>
    </p>
   </div>
   <div class='ocr_carea' id='block_1_81' title="bbox 2708 2054 3362 2125">
    <p class='ocr_par' dir='ltr' id='par_1_81' title="bbox 2708 2054 3362 2125">
     <span class='ocr_line' id='line_1_81' title="bbox 2708 2054 3362 2125; baseline -0.002 -16"><span class='ocrx_word' id='word_1_251' title='bbox 2708 2054 2988 2110; x_wconf 88' lang='lat' dir='ltr'><strong>Terribilis</strong></span> <span class='ocrx_word' id='word_1_252' title='bbox 3013 2063 3071 2112; x_wconf 90' lang='lat' dir='ltr'><strong>et</strong></span> <span class='ocrx_word' id='word_1_253' title='bbox 3099 2056 3362 2125; x_wconf 88' lang='lat' dir='ltr'><strong>antiquus,</strong></span> 
     </span>
    </p>
   </div>
   <div class='ocr_carea' id='block_1_82' title="bbox 2711 2145 3458 2216">
    <p class='ocr_par' dir='ltr' id='par_1_82' title="bbox 2711 2145 3458 2216">
     <span class='ocr_line' id='line_1_82' title="bbox 2711 2145 3458 2216; baseline -0.001 -17"><span class='ocrx_word' id='word_1_254' title='bbox 2711 2145 2814 2212; x_wconf 88' lang='lat' dir='ltr'><strong>Qui</strong></span> <span class='ocrx_word' id='word_1_255' title='bbox 2839 2145 2944 2200; x_wconf 86' lang='lat' dir='ltr'><strong>fuit</strong></span> <span class='ocrx_word' id='word_1_256' title='bbox 2971 2161 3200 2216; x_wconf 86' lang='lat' dir='ltr'><strong>serpens</strong></span> <span class='ocrx_word' id='word_1_257' title='bbox 3229 2145 3458 2209; x_wconf 86' lang='lat' dir='ltr'><strong>lubricus,</strong></span> 
     </span>
    </p>
   </div>
   <div class='ocr_carea' id='block_1_83' title="bbox 2707 2236 3291 2308">
    <p class='ocr_par' dir='ltr' id='par_1_83' title="bbox 2707 2236 3291 2308">
     <span class='ocr_line' id='line_1_83' title="bbox 2707 2236 3291 2308; baseline 0 -16"><span class='ocrx_word' id='word_1_258' title='bbox 2707 2236 3019 2308; x_wconf 90' lang='lat' dir='ltr'><strong>Sapientior</strong></span> <span class='ocrx_word' id='word_1_259' title='bbox 3043 2237 3291 2293; x_wconf 87' lang='lat' dir='ltr'><strong>omnibus</strong></span> 
     </span>
    </p>
   </div>
   <div class='ocr_carea' id='block_1_84' title="bbox 2703 2328 3314 2394">
    <p class='ocr_par' dir='ltr' id='par_1_84' title="bbox 2703 2328 3314 2394">
     <span class='ocr_line' id='line_1_84' title="bbox 2703 2328 3314 2394; baseline 0 -10"><span class='ocrx_word' id='word_1_260' title='bbox 2703 2328 2921 2394; x_wconf 84' lang='lat' dir='ltr'><strong>Bestiis,</strong></span> <span class='ocrx_word' id='word_1_261' title='bbox 2949 2329 3314 2384; x_wconf 87' lang='lat' dir='ltr'><strong>animantibus</strong></span> 
     </span>
    </p>
   </div>
   <div class='ocr_carea' id='block_1_85' title="bbox 2707 2415 3290 2473">
    <p class='ocr_par' dir='ltr' id='par_1_85' title="bbox 2707 2415 3290 2473">
     <span class='ocr_line' id='line_1_85' title="bbox 2707 2415 3290 2473; baseline -0.002 -1"><span class='ocrx_word' id='word_1_262' title='bbox 2707 2417 2888 2472; x_wconf 74' lang='lat' dir='ltr'><strong>Terra:</strong></span> <span class='ocrx_word' id='word_1_263' title='bbox 2911 2415 3290 2473; x_wconf 84' lang='lat' dir='ltr'><strong>ferocioribus.</strong></span> 
     </span>
    </p>
   </div>
   <div class='ocr_carea' id='block_1_86' title="bbox 2639 2511 3374 2583">
    <p class='ocr_par' dir='ltr' id='par_1_86' title="bbox 2639 2511 3374 2583">
     <span class='ocr_line' id='line_1_86' title="bbox 2639 2511 3374 2583; baseline 0.003 -15"><span class='ocrx_word' id='word_1_264' title='bbox 2639 2511 2878 2570; x_wconf 88' lang='lat' dir='ltr'><strong>Tertiam</strong></span> <span class='ocrx_word' id='word_1_265' title='bbox 2903 2521 3120 2583; x_wconf 87' lang='lat' dir='ltr'><strong>partem</strong></span> <span class='ocrx_word' id='word_1_266' title='bbox 3147 2513 3374 2570; x_wconf 89' lang='lat' dir='ltr'><strong>siderum</strong></span> 
     </span>
    </p>
   </div>
   <div class='ocr_carea' id='block_1_87' title="bbox 2710 2601 3496 2660">
    <p class='ocr_par' dir='ltr' id='par_1_87' title="bbox 2710 2601 3496 2660">
     <span class='ocr_line' id='line_1_87' title="bbox 2710 2601 3496 2660; baseline 0.003 -4"><span class='ocrx_word' id='word_1_267' title='bbox 2710 2601 2901 2658; x_wconf 81' lang='lat' dir='ltr'><strong>Traxit</strong></span> <span class='ocrx_word' id='word_1_268' title='bbox 2925 2619 3114 2659; x_wconf 88' lang='lat' dir='ltr'><strong>secum</strong></span> <span class='ocrx_word' id='word_1_269' title='bbox 3142 2605 3196 2659; x_wconf 91' lang='lat' dir='ltr'><strong>in</strong></span> <span class='ocrx_word' id='word_1_270' title='bbox 3220 2604 3496 2660; x_wconf 86' lang='lat' dir='ltr'><strong>barathrum</strong></span> 
     </span>
    </p>
   </div>
   <div class='ocr_carea' id='block_1_88' title="bbox 2710 2695 3363 2752">
    <p class='ocr_par' dir='ltr' id='par_1_88' title="bbox 2710 2695 3363 2752">
     <span class='ocr_line' id='line_1_88' title="bbox 2710 2695 3363 2752; baseline 0 -2"><span class='ocrx_word' id='word_1_271' title='bbox 2710 2695 2975 2752; x_wconf 87' lang='lat' dir='ltr'><strong>Locorum</strong></span> <span class='ocrx_word' id='word_1_272' title='bbox 3005 2697 3363 2752; x_wconf 85' lang='lat' dir='ltr'><strong>infernalium.</strong></span> 
     </span>
    </p>
   </div>
   <div class='ocr_carea' id='block_1_89' title="bbox 2709 2787 3471 2858">
    <p class='ocr_par' dir='ltr' id='par_1_89' title="bbox 2709 2787 3471 2858">
     <span class='ocr_line' id='line_1_89' title="bbox 2709 2787 3471 2858; baseline -0.001 -16"><span class='ocrx_word' id='word_1_273' title='bbox 2709 2787 3170 2858; x_wconf 88' lang='lat' dir='ltr'><strong>Diversorumque</strong></span> <span class='ocrx_word' id='word_1_274' title='bbox 3190 2801 3444 2842; x_wconf 85' lang='lat' dir='ltr'><strong>carcerum</strong></span> <span class='ocrx_word' id='word_1_275' title='bbox 3459 2826 3471 2850; x_wconf 91' lang='lat'><strong>,</strong></span> 
     </span>
    </p>
   </div>
   <div class='ocr_carea' id='block_1_90' title="bbox 2601 2877 3330 2950">
    <p class='ocr_par' dir='ltr' id='par_1_90' title="bbox 2601 2877 3330 2950">
     <span class='ocr_line' id='line_1_90' title="bbox 2601 2877 3330 2950; baseline 0.003 -18"><span class='ocrx_word' id='word_1_276' title='bbox 2601 2888 2606 2892; x_wconf 88' lang='lat'>&#39;</span> <span class='ocrx_word' id='word_1_277' title='bbox 2705 2877 2943 2950; x_wconf 81' lang='lat' dir='ltr'><strong>Refugus</strong></span> <span class='ocrx_word' id='word_1_278' title='bbox 2969 2881 3090 2934; x_wconf 90' lang='lat' dir='ltr'><strong>veri</strong></span> <span class='ocrx_word' id='word_1_279' title='bbox 3119 2878 3330 2934; x_wconf 85' lang='lat' dir='ltr'><strong>luminis</strong></span> 
     </span>
    </p>
   </div>
   <div class='ocr_carea' id='block_1_91' title="bbox 2708 2967 3371 3040">
    <p class='ocr_par' dir='ltr' id='par_1_91' title="bbox 2708 2967 3371 3040">
     <span class='ocr_line' id='line_1_91' title="bbox 2708 2967 3371 3040; baseline -0.002 -18"><span class='ocrx_word' id='word_1_280' title='bbox 2708 2967 2988 3025; x_wconf 89' lang='lat' dir='ltr'><strong>Parasitus</strong></span> <span class='ocrx_word' id='word_1_281' title='bbox 3010 2969 3371 3040; x_wconf 64' lang='lat' dir='ltr'><strong>prtecipilans.</strong></span> 
     </span>
    </p>
   </div>
   <div class='ocr_carea' id='block_1_92' title="bbox 2630 3060 3456 3132">
    <p class='ocr_par' dir='ltr' id='par_1_92' title="bbox 2630 3060 3456 3132">
     <span class='ocr_line' id='line_1_92' title="bbox 2630 3060 3456 3132; baseline -0.004 -16"><span class='ocrx_word' id='word_1_282' title='bbox 2630 3060 2771 3116; x_wconf 76' lang='lat' dir='ltr'><strong>Dum</strong></span> <span class='ocrx_word' id='word_1_283' title='bbox 2801 3061 2923 3132; x_wconf 90' lang='lat' dir='ltr'><strong>pius</strong></span> <span class='ocrx_word' id='word_1_284' title='bbox 2953 3062 3143 3117; x_wconf 91' lang='lat' dir='ltr'><strong>mundi</strong></span> <span class='ocrx_word' id='word_1_285' title='bbox 3180 3061 3456 3116; x_wconf 83' lang='lat' dir='ltr'><strong>machinam</strong></span> 
     </span>
    </p>
   </div>
   <div class='ocr_carea' id='block_1_93' title="bbox 2706 3153 3440 3214">
    <p class='ocr_par' dir='ltr' id='par_1_93' title="bbox 2706 3153 3440 3214">
     <span class='ocr_line' id='line_1_93' title="bbox 2706 3153 3440 3214; baseline -0.003 -6"><span class='ocrx_word' id='word_1_286' title='bbox 2706 3153 3014 3210; x_wconf 78' lang='lat' dir='ltr'><strong>Praevidens</strong></span> <span class='ocrx_word' id='word_1_287' title='bbox 3043 3161 3102 3208; x_wconf 88' lang='lat' dir='ltr'><strong>et</strong></span> <span class='ocrx_word' id='word_1_288' title='bbox 3129 3154 3410 3209; x_wconf 87' lang='lat' dir='ltr'><strong>armoniam</strong></span> <span class='ocrx_word' id='word_1_289' title='bbox 3427 3191 3440 3214; x_wconf 91' lang='lat'><strong>,</strong></span> 
     </span>
    </p>
   </div>
   <div class='ocr_carea' id='block_1_94' title="bbox 2703 3243 3445 3306">
    <p class='ocr_par' dir='ltr' id='par_1_94' title="bbox 2703 3243 3445 3306">
     <span class='ocr_line' id='line_1_94' title="bbox 2703 3243 3445 3306; baseline -0.004 -6"><span class='ocrx_word' id='word_1_290' title='bbox 2703 3245 2892 3300; x_wconf 89' lang='lat' dir='ltr'><strong>Polum</strong></span> <span class='ocrx_word' id='word_1_291' title='bbox 2921 3252 2978 3300; x_wconf 85' lang='lat' dir='ltr'><strong>et</strong></span> <span class='ocrx_word' id='word_1_292' title='bbox 3004 3245 3214 3301; x_wconf 87' lang='lat' dir='ltr'><strong>siccum</strong></span> <span class='ocrx_word' id='word_1_293' title='bbox 3243 3243 3445 3306; x_wconf 89' lang='lat' dir='ltr'><strong>fecerat,</strong></span> 
     </span>
    </p>
   </div>
   <div class='ocr_carea' id='block_1_95' title="bbox 2701 3335 3386 3406">
    <p class='ocr_par' dir='ltr' id='par_1_95' title="bbox 2701 3335 3386 3406">
     <span class='ocr_line' id='line_1_95' title="bbox 2701 3335 3386 3406; baseline 0 -15"><span class='ocrx_word' id='word_1_294' title='bbox 2701 3336 2879 3406; x_wconf 80' lang='lat' dir='ltr'><strong>Atque</strong></span> <span class='ocrx_word' id='word_1_295' title='bbox 2915 3349 3088 3406; x_wconf 87' lang='lat' dir='ltr'><strong>aquas</strong></span> <span class='ocrx_word' id='word_1_296' title='bbox 3120 3335 3386 3398; x_wconf 85' lang='lat' dir='ltr'><strong>diviserat,</strong></span> 
     </span>
    </p>
   </div>
   <div class='ocr_carea' id='block_1_96' title="bbox 2701 3427 3469 3500">
    <p class='ocr_par' dir='ltr' id='par_1_96' title="bbox 2701 3427 3469 3500">
     <span class='ocr_line' id='line_1_96' title="bbox 2701 3427 3469 3500; baseline -0.003 -16"><span class='ocrx_word' id='word_1_297' title='bbox 2701 3428 3002 3485; x_wconf 86' lang='lat' dir='ltr'><strong>Herbarum</strong></span> <span class='ocrx_word' id='word_1_298' title='bbox 3027 3430 3230 3485; x_wconf 84' lang='lat' dir='ltr'><strong>format</strong></span> <span class='ocrx_word' id='word_1_299' title='bbox 3255 3427 3469 3500; x_wconf 77' lang='lat' dir='ltr'><strong>germina</strong></span> 
     </span>
    </p>
   </div>
   <div class='ocr_carea' id='block_1_97' title="bbox 2704 3509 3419 3592">
    <p class='ocr_par' dir='ltr' id='par_1_97' title="bbox 2704 3509 3419 3592">
     <span class='ocr_line' id='line_1_97' title="bbox 2704 3509 3419 3592; baseline -0.004 -18"><span class='ocrx_word' id='word_1_300' title='bbox 2704 3519 3009 3592; x_wconf 74' lang='lat' dir='ltr'><strong>Virgultum</strong></span> <span class='ocrx_word' id='word_1_301' title='bbox 3037 3509 3103 3577; x_wconf 87' lang='lat' dir='ltr'><strong>ac</strong></span> <span class='ocrx_word' id='word_1_302' title='bbox 3133 3520 3419 3576; x_wconf 88' lang='lat' dir='ltr'><strong>arbuscula.</strong></span> 
     </span>
    </p>
   </div>
   <div class='ocr_carea' id='block_1_98' title="bbox 2635 3611 3401 3678">
    <p class='ocr_par' dir='ltr' id='par_1_98' title="bbox 2635 3611 3401 3678">
     <span class='ocr_line' id='line_1_98' title="bbox 2635 3611 3401 3678; baseline -0.004 -11"><span class='ocrx_word' id='word_1_303' title='bbox 2635 3611 2844 3678; x_wconf 84' lang='lat' dir='ltr'><strong>Solem,</strong></span> <span class='ocrx_word' id='word_1_304' title='bbox 2885 3612 3070 3666; x_wconf 89' lang='lat' dir='ltr'><strong>lunam</strong></span> <span class='ocrx_word' id='word_1_305' title='bbox 3111 3627 3177 3668; x_wconf 90' lang='lat' dir='ltr'><strong>ac</strong></span> <span class='ocrx_word' id='word_1_306' title='bbox 3213 3613 3401 3672; x_wconf 84' lang='lat' dir='ltr'><strong>sidera,</strong></span> 
     </span>
    </p>
   </div>
   <div class='ocr_carea' id='block_1_99' title="bbox 2710 3703 3328 3773">
    <p class='ocr_par' dir='ltr' id='par_1_99' title="bbox 2710 3703 3328 3773">
     <span class='ocr_line' id='line_1_99' title="bbox 2710 3703 3328 3773; baseline 0 -17"><span class='ocrx_word' id='word_1_307' title='bbox 2710 3703 2887 3773; x_wconf 86' lang='lat' dir='ltr'><strong>ignem</strong></span> <span class='ocrx_word' id='word_1_308' title='bbox 2910 3717 2976 3756; x_wconf 92' lang='lat' dir='ltr'><strong>ac</strong></span> <span class='ocrx_word' id='word_1_309' title='bbox 2999 3703 3328 3766; x_wconf 88' lang='lat' dir='ltr'><strong>necessaria,</strong></span> 
     </span>
    </p>
   </div>
   <div class='ocr_carea' id='block_1_100' title="bbox 2703 3792 3398 3864">
    <p class='ocr_par' dir='ltr' id='par_1_100' title="bbox 2703 3792 3398 3864">
     <span class='ocr_line' id='line_1_100' title="bbox 2703 3792 3398 3864; baseline -0.001 -18"><span class='ocrx_word' id='word_1_310' title='bbox 2703 3792 2867 3857; x_wconf 83' lang='lat' dir='ltr'><strong>Aves,</strong></span> <span class='ocrx_word' id='word_1_311' title='bbox 2897 3792 3076 3863; x_wconf 89' lang='lat' dir='ltr'><strong>pisces</strong></span> <span class='ocrx_word' id='word_1_312' title='bbox 3107 3802 3164 3849; x_wconf 88' lang='lat' dir='ltr'><strong>et</strong></span> <span class='ocrx_word' id='word_1_313' title='bbox 3195 3807 3398 3864; x_wconf 81' lang='lat' dir='ltr'><strong>peoora,</strong></span> 
     </span>
    </p>
   </div>
   <div class='ocr_carea' id='block_1_101' title="bbox 2711 3881 3262 3951">
    <p class='ocr_par' dir='ltr' id='par_1_101' title="bbox 2711 3881 3262 3951">
     <span class='ocr_line' id='line_1_101' title="bbox 2711 3881 3262 3951; baseline 0.005 -15"><span class='ocrx_word' id='word_1_314' title='bbox 2711 3881 2937 3948; x_wconf 88' lang='lat' dir='ltr'><strong>Bestias,</strong></span> <span class='ocrx_word' id='word_1_315' title='bbox 2965 3884 3222 3939; x_wconf 87' lang='lat' dir='ltr'><strong>animalia</strong></span> <span class='ocrx_word' id='word_1_316' title='bbox 3246 3926 3262 3951; x_wconf 94' lang='lat'><strong>,</strong></span> 
     </span>
    </p>
   </div>
   <div class='ocr_carea' id='block_1_102' title="bbox 2712 3972 3465 4030">
    <p class='ocr_par' dir='ltr' id='par_1_102' title="bbox 2712 3972 3465 4030">
     <span class='ocr_line' id='line_1_102' title="bbox 2712 3972 3465 4030; baseline 0 -4"><span class='ocrx_word' id='word_1_317' title='bbox 2712 3972 2846 4027; x_wconf 92' lang='lat' dir='ltr'><strong>Tum</strong></span> <span class='ocrx_word' id='word_1_318' title='bbox 2873 3973 3088 4029; x_wconf 90' lang='lat' dir='ltr'><strong>demum</strong></span> <span class='ocrx_word' id='word_1_319' title='bbox 3122 3973 3465 4030; x_wconf 83' lang='lat' dir='ltr'><strong>honorabilem</strong></span> 
     </span>
    </p>
   </div>
   <div class='ocr_carea' id='block_1_103' title="bbox 2707 4061 3397 4131">
    <p class='ocr_par' dir='ltr' id='par_1_103' title="bbox 2707 4061 3397 4131">
     <span class='ocr_line' id='line_1_103' title="bbox 2707 4061 3397 4131; baseline 0.003 -16"><span class='ocrx_word' id='word_1_320' title='bbox 2707 4061 2826 4131; x_wconf 83' lang='lat' dir='ltr'><strong>ipse</strong></span> <span class='ocrx_word' id='word_1_321' title='bbox 2851 4064 3094 4119; x_wconf 90' lang='lat' dir='ltr'><strong>condidit</strong></span> <span class='ocrx_word' id='word_1_322' title='bbox 3114 4065 3397 4121; x_wconf 83' lang='lat' dir='ltr'><strong>hominem.</strong></span> 
     </span>
    </p>
   </div>
   <div class='ocr_carea' id='block_1_104' title="bbox 2631 4152 3298 4224">
    <p class='ocr_par' dir='ltr' id='par_1_104' title="bbox 2631 4152 3298 4224">
     <span class='ocr_line' id='line_1_104' title="bbox 2631 4152 3298 4224; baseline 0.007 -19"><span class='ocrx_word' id='word_1_323' title='bbox 2631 4152 2773 4208; x_wconf 69' lang='lat' dir='ltr'><strong>&#39;lluic</strong></span> <span class='ocrx_word' id='word_1_324' title='bbox 2796 4156 3051 4224; x_wconf 69' lang='lat' dir='ltr'><strong>prmcepit</strong></span> <span class='ocrx_word' id='word_1_325' title='bbox 3073 4156 3298 4212; x_wconf 83' lang='lat' dir='ltr'><strong>firmiter</strong></span> 
     </span>
    </p>
   </div>
   <div class='ocr_carea' id='block_1_105' title="bbox 2706 4244 3354 4306">
    <p class='ocr_par' dir='ltr' id='par_1_105' title="bbox 2706 4244 3354 4306">
     <span class='ocr_line' id='line_1_105' title="bbox 2706 4244 3354 4306; baseline 0.012 -8"><span class='ocrx_word' id='word_1_326' title='bbox 2706 4244 2921 4300; x_wconf 84' lang='lat' dir='ltr'><strong>Manere</strong></span> <span class='ocrx_word' id='word_1_327' title='bbox 2955 4247 3354 4306; x_wconf 82' lang='lat' dir='ltr'><strong>immortaliter.</strong></span> 
     </span>
    </p>
   </div>
   <div class='ocr_carea' id='block_1_106' title="bbox 2710 4335 3416 4409">
    <p class='ocr_par' dir='ltr' id='par_1_106' title="bbox 2710 4335 3416 4409">
     <span class='ocr_line' id='line_1_106' title="bbox 2710 4335 3416 4409; baseline 0.001 -19"><span class='ocrx_word' id='word_1_328' title='bbox 2710 4335 2875 4391; x_wconf 89' lang='lat' dir='ltr'><strong>Suam</strong></span> <span class='ocrx_word' id='word_1_329' title='bbox 2902 4353 3112 4393; x_wconf 89' lang='lat' dir='ltr'><strong>sacram</strong></span> <span class='ocrx_word' id='word_1_330' title='bbox 3142 4340 3416 4409; x_wconf 77' lang='lat' dir='ltr'><strong>imaginem</strong></span> 
     </span>
    </p>
   </div>
   <div class='ocr_carea' id='block_1_107' title="bbox 2701 4429 3344 4498">
    <p class='ocr_par' dir='ltr' id='par_1_107' title="bbox 2701 4429 3344 4498">
     <span class='ocr_line' id='line_1_107' title="bbox 2701 4429 3344 4498; baseline 0.005 -12"><span class='ocrx_word' id='word_1_331' title='bbox 2701 4429 2937 4488; x_wconf 82' lang='lat' dir='ltr'><strong>Servare</strong></span> <span class='ocrx_word' id='word_1_332' title='bbox 2967 4436 3344 4498; x_wconf 82' lang='lat' dir='ltr'><strong>venerabilem,</strong></span> 
     </span>
    </p>
   </div>
   <div class='ocr_carea' id='block_1_108' title="bbox 2713 4520 3414 4594">
    <p class='ocr_par' dir='ltr' id='par_1_108' title="bbox 2713 4520 3414 4594">
     <span class='ocr_line' id='line_1_108' title="bbox 2713 4520 3414 4594; baseline 0.003 -19"><span class='ocrx_word' id='word_1_333' title='bbox 2713 4520 2988 4592; x_wconf 87' lang='lat' dir='ltr'><strong>Sequique</strong></span> <span class='ocrx_word' id='word_1_334' title='bbox 3010 4522 3164 4594; x_wconf 89' lang='lat' dir='ltr'><strong>jussa</strong></span> <span class='ocrx_word' id='word_1_335' title='bbox 3189 4525 3414 4586; x_wconf 75' lang='lat' dir='ltr'><strong>Domini,</strong></span> 
     </span>
    </p>
   </div>
   <div class='ocr_carea' id='block_1_109' title="bbox 2713 4611 3335 4672">
    <p class='ocr_par' dir='ltr' id='par_1_109' title="bbox 2713 4611 3335 4672">
     <span class='ocr_line' id='line_1_109' title="bbox 2713 4611 3335 4672; baseline 0.005 -6"><span class='ocrx_word' id='word_1_336' title='bbox 2713 4611 2958 4670; x_wconf 73' lang='lat' dir='ltr'><strong>Vicarius</strong></span> <span class='ocrx_word' id='word_1_337' title='bbox 2984 4631 3108 4672; x_wconf 89' lang='lat' dir='ltr'><strong>cum</strong></span> <span class='ocrx_word' id='word_1_338' title='bbox 3131 4618 3202 4672; x_wconf 91' lang='lat' dir='ltr'><strong>sit</strong></span> <span class='ocrx_word' id='word_1_339' title='bbox 3227 4617 3335 4671; x_wconf 88' lang='lat' dir='ltr'><strong>Dei.</strong></span> 
     </span>
    </p>
   </div>
   <div class='ocr_carea' id='block_1_110' title="bbox 2640 4704 3354 4772">
    <p class='ocr_par' dir='ltr' id='par_1_110' title="bbox 2640 4704 3354 4772">
     <span class='ocr_line' id='line_1_110' title="bbox 2640 4704 3354 4772; baseline 0.004 -15"><span class='ocrx_word' id='word_1_340' title='bbox 2640 4704 2784 4768; x_wconf 76' lang='lat' dir='ltr'><strong>Esto,</strong></span> <span class='ocrx_word' id='word_1_341' title='bbox 2818 4705 2972 4772; x_wconf 74' lang='lat' dir='ltr'><strong>dixit,</strong></span> <span class='ocrx_word' id='word_1_342' title='bbox 3008 4707 3354 4770; x_wconf 87' lang='lat' dir='ltr'><strong>humillimus,</strong></span> 
     </span>
    </p>
   </div>
   <div class='ocr_carea' id='block_1_111' title="bbox 2713 4797 3462 4862">
    <p class='ocr_par' dir='ltr' id='par_1_111' title="bbox 2713 4797 3462 4862">
     <span class='ocr_line' id='line_1_111' title="bbox 2713 4797 3462 4862; baseline -0.001 -8"><span class='ocrx_word' id='word_1_343' title='bbox 2713 4797 2910 4854; x_wconf 78' lang='lat' dir='ltr'><strong>Bector</strong></span> <span class='ocrx_word' id='word_1_344' title='bbox 2929 4802 3110 4855; x_wconf 89' lang='lat' dir='ltr'><strong>mundi</strong></span> <span class='ocrx_word' id='word_1_345' title='bbox 3139 4810 3194 4856; x_wconf 87' lang='lat' dir='ltr'><strong>et</strong></span> <span class='ocrx_word' id='word_1_346' title='bbox 3219 4801 3462 4862; x_wconf 86' lang='lat' dir='ltr'><strong>dominus,</strong></span> 
     </span>
    </p>
   </div>
   <div class='ocr_carea' id='block_1_112' title="bbox 2713 4891 3422 4955">
    <p class='ocr_par' dir='ltr' id='par_1_112' title="bbox 2713 4891 3422 4955">
     <span class='ocr_line' id='line_1_112' title="bbox 2713 4891 3422 4955; baseline 0 -11"><span class='ocrx_word' id='word_1_347' title='bbox 2713 4891 2845 4945; x_wconf 62' lang='lat' dir='ltr'><strong>Nam</strong></span> <span class='ocrx_word' id='word_1_348' title='bbox 2872 4901 3062 4947; x_wconf 79' lang='lat' dir='ltr'><strong>cuncta</strong></span> <span class='ocrx_word' id='word_1_349' title='bbox 3096 4893 3190 4948; x_wconf 88' lang='lat' dir='ltr'><strong>tibi</strong></span> <span class='ocrx_word' id='word_1_350' title='bbox 3223 4891 3422 4955; x_wconf 86' lang='lat' dir='ltr'><strong>tradidi,</strong></span> 
     </span>
    </p>
   </div>
   <div class='ocr_carea' id='block_1_113' title="bbox 2707 4979 3335 5045">
    <p class='ocr_par' dir='ltr' id='par_1_113' title="bbox 2707 4979 3335 5045">
     <span class='ocr_line' id='line_1_113' title="bbox 2707 4979 3335 5045; baseline 0 -12"><span class='ocrx_word' id='word_1_351' title='bbox 2707 4979 2782 5034; x_wconf 81' lang='lat' dir='ltr'><strong>Ac</strong></span> <span class='ocrx_word' id='word_1_352' title='bbox 2809 4981 3083 5036; x_wconf 85' lang='lat' dir='ltr'><strong>dominatu</strong></span> <span class='ocrx_word' id='word_1_353' title='bbox 3109 4982 3335 5045; x_wconf 85' lang='lat' dir='ltr'><strong>subdidi,</strong></span> 
     </span>
    </p>
   </div>
   <div class='ocr_carea' id='block_1_114' title="bbox 2719 5069 3466 5138">
    <p class='ocr_par' dir='ltr' id='par_1_114' title="bbox 2719 5069 3466 5138">
     <span class='ocr_line' id='line_1_114' title="bbox 2719 5069 3466 5138; baseline -0.005 -13"><span class='ocrx_word' id='word_1_354' title='bbox 2719 5071 2850 5138; x_wconf 74' lang='lat' dir='ltr'><strong>Qua:</strong></span> <span class='ocrx_word' id='word_1_355' title='bbox 2883 5080 3008 5127; x_wconf 90' lang='lat' dir='ltr'><strong>sunt</strong></span> <span class='ocrx_word' id='word_1_356' title='bbox 3034 5075 3231 5127; x_wconf 87' lang='lat' dir='ltr'><strong>mundo</strong></span> <span class='ocrx_word' id='word_1_357' title='bbox 3259 5069 3466 5126; x_wconf 78' lang='lat' dir='ltr'><strong>viventia</strong></span> 
     </span>
    </p>
   </div>
   <div class='ocr_carea' id='block_1_115' title="bbox 2706 5159 3348 5234">
    <p class='ocr_par' dir='ltr' id='par_1_115' title="bbox 2706 5159 3348 5234">
     <span class='ocr_line' id='line_1_115' title="bbox 2706 5159 3348 5234; baseline 0.002 -20"><span class='ocrx_word' id='word_1_358' title='bbox 2706 5159 2782 5216; x_wconf 87' lang='lat' dir='ltr'><strong>Ac</strong></span> <span class='ocrx_word' id='word_1_359' title='bbox 2813 5168 2954 5217; x_wconf 87' lang='lat' dir='ltr'><strong>terra</strong></span> <span class='ocrx_word' id='word_1_360' title='bbox 2979 5163 3348 5234; x_wconf 86' lang='lat' dir='ltr'><strong>germinantia.</strong></span> 
     </span>
    </p>
   </div>
   <div class='ocr_carea' id='block_1_116' title="bbox 2640 5253 3144 5324">
    <p class='ocr_par' dir='ltr' id='par_1_116' title="bbox 2640 5253 3144 5324">
     <span class='ocr_line' id='line_1_116' title="bbox 2640 5253 3144 5324; baseline 0.004 -15"><span class='ocrx_word' id='word_1_361' title='bbox 2640 5253 2800 5309; x_wconf 82' lang='lat' dir='ltr'><strong>Utere</strong></span> <span class='ocrx_word' id='word_1_362' title='bbox 2826 5255 2877 5309; x_wconf 92' lang='lat' dir='ltr'><strong>ei</strong></span> <span class='ocrx_word' id='word_1_363' title='bbox 2907 5256 3144 5324; x_wconf 87' lang='lat' dir='ltr'><strong>sapiens,</strong></span> 
     </span>
    </p>
   </div>
   <div class='ocr_carea' id='block_1_117' title="bbox 2709 5335 3492 5413">
    <p class='ocr_par' dir='ltr' id='par_1_117' title="bbox 2709 5335 3492 5413">
     <span class='ocr_line' id='line_1_117' title="bbox 2709 5335 3492 5413; baseline -0.001 -16"><span class='ocrx_word' id='word_1_364' title='bbox 2709 5343 2898 5397; x_wconf 86' lang='lat' dir='ltr'><strong>Omnia</strong></span> <span class='ocrx_word' id='word_1_365' title='bbox 2930 5346 3129 5413; x_wconf 72' lang='lat' dir='ltr'><strong>qumvis</strong></span> <span class='ocrx_word' id='word_1_366' title='bbox 3150 5344 3433 5404; x_wconf 80' lang='lat' dir='ltr'><strong>comedens,</strong></span> <span class='ocrx_word' id='word_1_367' title='bbox 3487 5335 3492 5340; x_wconf 74' lang='grc'><em>’</em></span> 
     </span>
    </p>
   </div>
   <div class='ocr_carea' id='block_1_118' title="bbox 2711 5434 3349 5507">
    <p class='ocr_par' dir='ltr' id='par_1_118' title="bbox 2711 5434 3349 5507">
     <span class='ocr_line' id='line_1_118' title="bbox 2711 5434 3349 5507; baseline 0 -20"><span class='ocrx_word' id='word_1_368' title='bbox 2711 5434 2941 5490; x_wconf 87' lang='lat' dir='ltr'><strong>Fructus</strong></span> <span class='ocrx_word' id='word_1_369' title='bbox 2963 5436 3092 5507; x_wconf 86' lang='lat' dir='ltr'><strong>ligni</strong></span> <span class='ocrx_word' id='word_1_370' title='bbox 3114 5436 3349 5507; x_wconf 76' lang='lat' dir='ltr'><strong>pomiferi</strong></span> 
     </span>
    </p>
   </div>
   <div class='ocr_carea' id='block_1_119' title="bbox 2710 5525 3283 5597">
    <p class='ocr_par' dir='ltr' id='par_1_119' title="bbox 2710 5525 3283 5597">
     <span class='ocr_line' id='line_1_119' title="bbox 2710 5525 3283 5597; baseline 0.002 -17"><span class='ocrx_word' id='word_1_371' title='bbox 2710 5525 2984 5597; x_wconf 88' lang='lat' dir='ltr'><strong>Simulque</strong></span> <span class='ocrx_word' id='word_1_372' title='bbox 3009 5528 3283 5592; x_wconf 86' lang='lat' dir='ltr'><strong>salutiferi,</strong></span> 
     </span>
    </p>
   </div>
   <div class='ocr_carea' id='block_1_120' title="bbox 2705 5617 3402 5691">
    <p class='ocr_par' dir='ltr' id='par_1_120' title="bbox 2705 5617 3402 5691">
     <span class='ocr_line' id='line_1_120' title="bbox 2705 5617 3402 5691; baseline -0.004 -20"><span class='ocrx_word' id='word_1_373' title='bbox 2705 5617 2928 5673; x_wconf 89' lang='lat' dir='ltr'><strong>Pomum</strong></span> <span class='ocrx_word' id='word_1_374' title='bbox 2950 5635 3017 5675; x_wconf 91' lang='lat' dir='ltr'><strong>ne</strong></span> <span class='ocrx_word' id='word_1_375' title='bbox 3039 5621 3176 5691; x_wconf 84' lang='lat' dir='ltr'><strong>ligno</strong></span> <span class='ocrx_word' id='word_1_376' title='bbox 3200 5621 3402 5673; x_wconf 77' lang='lat' dir='ltr'><strong>vetitum</strong></span> 
     </span>
    </p>
   </div>
   <div class='ocr_carea' id='block_1_121' title="bbox 2709 5707 3409 5765">
    <p class='ocr_par' dir='ltr' id='par_1_121' title="bbox 2709 5707 3409 5765">
     <span class='ocr_line' id='line_1_121' title="bbox 2709 5707 3409 5765; baseline -0.009 -2"><span class='ocrx_word' id='word_1_377' title='bbox 2709 5707 2932 5764; x_wconf 75' lang='lat' dir='ltr'><strong>Mandas</strong></span> <span class='ocrx_word' id='word_1_378' title='bbox 2961 5711 3055 5765; x_wconf 87' lang='lat' dir='ltr'><strong>tibi</strong></span> <span class='ocrx_word' id='word_1_379' title='bbox 3078 5709 3409 5765; x_wconf 75' lang='lat' dir='ltr'><strong>mortiferum.</strong></span> 
     </span>
    </p>
   </div>
  </div>
