3944 6320
144 346 270 407 1613

918 346 1247 404 CARMINA.
1282 377 1352 388 —
1389 344 1632 404 SECTIO
1666 346 1709 402 1.
1748 345 2074 405 POEMATA
2111 348 2202 404 DE
2236 345 2575 405 DIVERSIS.

400 459 526 518 Haec
550 476 742 525 saavus,
781 468 839 514 ut
864 461 1136 524 audierat,

479 551 775 623 Chelydros
800 559 854 606 et
876 550 1143 605 inviderat

476 645 602 698 Dira
629 643 795 714 pestis
819 641 1070 696 timuerat
1100 655 1116 703 ;

479 737 632 792 Unde
659 736 745 790 illa
773 740 1072 796 corruerat,

471 827 549 882 Ne
578 827 737 881 homo
760 824 956 880 caelum
984 822 1202 886 habeat,

471 916 641 984 Quem
678 917 792 986 jam
833 915 1155 984 plasmatum
1189 911 1417 967 viderat.
1481 889 1484 892 l

399 1009 562 1065 Adire
585 1017 639 1063 et
665 1017 834 1063 tentat
856 1006 1132 1067 feminam,

472 1099 640 1168 Quem
668 1107 812 1153 sator
829 1096 1010 1166 iunxit
1037 1093 1305 1165 c0pulam,

475 1191 679 1246 Suadet
705 1205 922 1260 pomum
945 1189 1226 1251 mandere,

470 1284 547 1338 Ac
569 1285 686 1337 viro
711 1297 808 1337 suo
829 1281 1044 1335 tradere

459 1377 734 1432 Promittit
771 1375 887 1428 deis
924 1370 1127 1426 similes
1145 1411 1160 1436 ,

469 1466 526 1520 Si
558 1466 835 1535 frangatur
857 1462 1083 1518 esuries.

399 1559 678 1613 Consentit
720 1558 807 1611 illa
841 1556 1002 1611 citius

469 1651 622 1717 Quod
665 1651 707 1704 si
738 1666 844 1703 non
875 1647 1013 1702 foret
1053 1645 1245 1713 satius,

469 1741 671 1794 Mandit
695 1749 748 1794 ct
776 1740 890 1792 viro
917 1737 1158 1803 tradidit,

465 1831 533 1884 Et
559 1830 715 1886 ambo
737 1829 894 1883 simul
920 1827 1151 1897 decepit,

465 1921 599 1974 Dum
631 1905 818 1976 csntra
838 1918 1048 1987 jussum
1073 1918 1288 1974 Domini

456 2015 550 2068 Est
589 2029 807 2083 pomum
851 2012 982 2081 ligni
1017 2013 1169 2067 vetiti

386 2103 562 2160 Ambo
587 2103 966 2158 miserabiliter

461 2193 700 2248 Cernunt
726 2206 783 2247 se
814 2193 987 2246 nudos
1010 2192 1258 2261 turpiter,

461 2283 684 2340 Certant
708 2299 830 2337 cum
855 2283 1186 2353 perizomate

466 2374 824 2429 Commissum
847 2373 1022 2428 scelus
1051 2381 1254 2442 tegere,

462 2465 884 2536 Cataphronysis
923 2478 948 2505 α
994 2464 1142 2528 folio,

464 2557 574 2613 Sed
609 2574 713 2612 non
745 2557 875 2611 latet
897 2571 927 2610 a
961 2555 1206 2610 Domino.

387 2649 644 2704 Excelsus
684 2649 1003 2703 visitaverat
1029 2687 1045 2712 ,

460 2740 609 2807 Quos
637 2740 746 2809 jam
788 2754 950 2794 sanos
975 2736 1288 2807 reliquerat,

456 2833 625 2886 Adam
655 2831 847 2884 timens
870 2829 970 2883 sub
991 2829 1186 2882 arbore
1202 2866 1217 2892 ,

458 2921 732 2976 Latitabat
759 2918 1095 2973 umbramine
1113 2957 1128 2981 ,

460 3012 630 3079 Quem
666 3026 797 3065 voce
843 3011 918 3064 ita
943 3009 1153 3063 duriter

457 3104 760 3174 lncrepavit
785 3112 840 3158 et
864 3101 1098 3157 fortiter.

377 3200 573 3262 Adam,
605 3197 784 3253 cernis
816 3207 959 3248 nunc
982 3192 1071 3246 ubi
1097 3207 1175 3258 es,

455 3290 771 3346 lnobediens
793 3287 973 3356 lapsus
999 3299 1078 3340 es.

461 3381 531 3434 At
556 3380 643 3434 ille
666 3391 723 3433 se
747 3375 1010 3431 tutamine

459 3468 764 3525 Excusabat
790 3465 1055 3521 excedere
1074 3506 1089 3530 ,

453 3563 625 3617 Alteri
665 3575 882 3615 causam
926 3557 1170 3611 criminis

461 3651 784 3706 Vindicabat
820 3648 1167 3718 peccaminis.

389 3741 519 3798 Post
541 3741 641 3794 hoc
665 3739 744 3792 eis
762 3736 1068 3791 Altissimus

450 3830 697 3894 Fecerat,
721 3827 862 3895 quod
882 3824 1236 3894 justissimus,

459 3921 639 3977 Cinxit
660 3935 752 3975 eos
783 3917 1048 3973 velamine

453 4015 635 4086 Byrsae
655 4015 684 4053 ι)
703 4021 768 4066 et
799 4011 1176 4066 decentissime

455 4103 698 4159 Morituri
723 4102 972 4173 pelliculo

464 4196 534 4251 Ut
556 4196 886 4250 vestireutur
914 4202 1146 4250 mortuo.

389 4287 539 4342 Tunc
565 4287 870 4356 paradisum
901 4285 1133 4355 liquerat

461 4377 698 4431 Adamus
724 4390 884 4446 quem
911 4374 1168 4444 ejecerat.

464 4469 606 4522 Deus
627 4482 837 4537 quoque
859 4467 1188 4535 pertinacem

459 4558 613 4614 Nunc
633 4559 782 4613 dura:
808 4563 967 4612 terra:
989 4558 1252 4613 cultorem

469 4652 662 4706 Ydrost
689 4662 708 4690 ο
740 4651 790 4704 ei
819 4661 873 4704 et
898 4651 1123 4706 tribulos

463 4743 683 4798 Pareret
707 4751 870 4811 atque
891 4743 1142 4799 carduos.

393 4833 492 4889 llic
517 4833 790 4905 generavit
815 4831 1056 4886 sobolem
1131 4875 1134 4878 .

466 4922 600 4976 Nam
629 4923 806 4976 binam
833 4937 957 4976 cum
977 4921 1282 4976 discrimine
1305 4935 1320 4975 :

460 5013 611 5067 Alter
637 5012 866 5067 alterum
891 5011 1112 5066 vulnere

462 5103 760 5158 Prostravit
785 5103 1122 5172 impiissime,

466 5193 578 5249 Hoc
605 5210 871 5250 venenum
903 5195 1114 5250 invidiae

465 5283 668 5354 Anguis
701 5286 853 5340 smvit
882 5285 935 5339 in
959 5286 1193 5341 homine.

1729 461 1783 522 Δ

2085 461 2358 517 Grassatis
2387 461 2572 532 sicque
2595 459 2806 517 duobus

2145 551 2499 623 Protoplastis
2525 552 2861 622 parentibus,

2143 643 2275 724 ξδοεῑ
2301 651 2414 698 tota
2442 644 2552 698 ruit
2578 657 2838 714 propago,

2147 736 2216 790 Et
2244 737 2447 806 absque
2483 736 2810 791 adminiculo

2150 826 2355 881 Auctor
2377 833 2657 896 peccatum
2686 834 2933 892 auxerat,

2138 922 2220 977 Ad
2245 921 2456 976 inferna
2489 923 2813 996 detraxerat.

2065 1013 2367 1071 Creverunt
2390 1015 2682 1070 homicidia

2135 1106 2272 1160 Dum
2308 1105 2480 1160 crevit
2507 1104 2858 1176 philargyria,

2140 1197 2464 1251 Abundabat
2494 1195 2703 1250 luxuria

2143 1289 2280 1343 Dum
2310 1288 2458 1342 anxit
2496 1288 2932 1359 gastrimarchia,

2148 1376 2284 1432 Tota
2313 1377 2548 1432 nefanda
2573 1378 2801 1432 crimina

2142 1465 2262 1521 Jam
2286 1467 2595 1537 possidebat
2615 1469 2819 1538 glarea.

2079 1557 2192 1615 Noe
2218 1559 2363 1614 Deus
2396 1560 2730 1630 temporibus

2147 1650 2337 1705 Mersit
2362 1651 2517 1721 aquis
2543 1649 2825 1705 ultricibus

2146 1737 2339 1794 Totam
2365 1739 2549 1793 mundi
2579 1738 2911 1809 progeniem,

2147 1829 2316 1884 Adam
2346 1838 2400 1885 et
2428 1829 2629 1884 claram
2660 1829 2924 1895 sobolem,

2142 1921 2348 1978 Praeter
2370 1937 2505 1992 quos
2530 1936 2656 1976 arca
2678 1929 2924 1987 vexerat,

2143 2014 2212 2069 Et
2238 2013 2500 2068 Excelsus
2523 2021 2856 2069 servaverat.

2069 2103 2180 2160 Sed
2211 2105 2339 2159 item
2361 2111 2516 2176 ptyra
2539 2103 2568 2143 ἀ
2594 2117 2809 2173 cmpere

2147 2195 2440 2252 Sordidare
2469 2195 2756 2261 terricolz‘e,

2142 2286 2328 2356 Neque
2348 2287 2598 2342 laverunt
2623 2285 2865 2353 ﬂumina,

2142 2377 2215 2434 Ut
2244 2394 2351 2432 non
2373 2386 2682 2432 crescerent
2704 2377 2954 2443 crimina,

2140 2467 2252 2523 Nec
2276 2483 2411 2537 quos
2446 2483 2592 2522 mors
2612 2466 2963 2523 absorbuerat

2139 2557 2386 2627 Epistimi
2416 2568 2442 2596 ο
2471 2557 2798 2612 domaverat.
2943 2551 2948 2556 ’

2062 2647 2177 2704 Hoc
2195 2647 2465 2703 Abraham
2487 2656 2609 2718 post
2629 2647 2852 2713 viderat,

2139 2739 2250 2794 Nec
2277 2747 2459 2793 tamen
2488 2740 2630 2793 hunc
2649 2737 2953 2806 juVaverat,

2138 2833 2291 2889 Isaac
2313 2849 2527 2903 quoque
2550 2841 2604 2887 et
2627 2832 2876 2897 Jacobus,

2130 2924 2271 2980 Celsi
2302 2933 2517 2996 patrum
2546 2938 2668 2977 cum
2696 2923 2944 2978 coetibus.

2136 3014 2440 3085 Legislator
2465 3022 2518 3068 et
2540 3012 2749 3083 Moyses

2142 3104 2313 3159 David
2343 3103 2502 3159 simul
2527 3112 2582 3157 et
2605 3102 2912 3172 prophetes.

1964 3232 1973 3240 ο
2066 3193 2177 3250 Nec
2196 3193 2398 3264 profuit
2424 3192 2688 3248 industria

2140 3285 2312 3341 Ullius
2340 3292 2501 3354 atque
2538 3283 2745 3356 stychia
2773 3283 2796 3322 ί

2131 3376 2260 3432 Post
2286 3386 2514 3432 mortem
2543 3375 2830 3431 infernalia

2139 3467 2507 3522 Penetrabunt
2536 3466 2755 3522 cubilia.

2141 3555 2428 3628 Regnabat
2459 3573 2605 3613 mors
2630 3556 2893 3612 latissime

2143 3648 2319 3716 Super
2345 3663 2533 3702 omnes
2561 3647 2871 3702 durissime.

2073 3736 2140 3790 Ni
2169 3735 2334 3791 solius
2359 3735 2647 3790 clementia

2140 3827 2392 3883 Auctoris
2417 3836 2472 3882 et
2500 3828 2739 3897 potentia

2146 3916 2468 3972 Subveniret
2496 3916 2815 3972 miserrimis

2141 4005 2451 4062 lucentibus
2479 4007 2532 4062 in
2562 4007 2788 4072 inﬁmis,

2147 4097 2316 4154 Totus
2341 4099 2502 4153 homo
2530 4114 2651 4153 cum
2689 4097 2872 4155 sobole

2145 4187 2398 4244 lnteriret
2423 4189 2756 4258 peccamine.

2071 4276 2419 4348 Omnipotens
2441 4280 2721 4336 mitissime

2146 4369 2290 4424 Misit
2319 4369 2480 4425 Pater
2507 4374 2574 4427 ah
2596 4373 2797 4429 tethere

2144 4461 2338 4516 Filium
2366 4462 2698 4534 unigenitum

2144 4552 2394 4606 Amatum
2415 4561 2472 4606 et
2499 4553 2902 4618 dulcissimum;

2144 4644 2215 4700 Ut
2244 4645 2516 4699 hominem
2552 4661 2581 4698 a
2613 4645 2807 4701 tellure

2136 4735 2456 4792 Sublevaret
2482 4737 2742 4808 piissime.

2069 4827 2256 4882 Aliena
2283 4813 2478 4882 astutia

2144 4917 2312 4984 Quem
2339 4918 2555 4972 seduxit
2572 4919 2810 4973 versutia

2144 5009 2256 5064 Diri
2279 5009 2530 5064 draconis
2549 5009 2751 5078 spicula

2141 5099 2508 5155 Vulnerabant
2524 5099 2838 5168 praecordia.

2142 5191 2208 5244 Et
2233 5200 2440 5246 sontem
2469 5189 2572 5245 sibi
2604 5191 2859 5258 subdidit,

2147 5283 2316 5351 Quem
2343 5283 2488 5354 cleps
2513 5283 2628 5352 ipse
2648 5297 2754 5339 non
2781 5284 3038 5342 condidit.

1126 5418 1415 5477 SCHOLlA
1453 5419 1960 5481 CHRISTOPHORI
1997 5416 2342 5474 BROWERI.

179 5543 206 5609 ξι
245 5533 643 5609 μᾳτοφρόνρᾳις,
667 5539 1004 5599 contemptus.

177 5601 210 5640 ι)
245 5602 304 5672 ld
330 5601 606 5672 e_st'pellis.

179 5682 203 5753 ξ
235 5670 465 5749 sapam,
489 5682 615 5744 puta
642 5671 906 5738 sudorem,
933 5687 1055 5727 nam
1095 5671 1246 5754 ὕδρα,
1269 5687 1490 5746 serpens
1514 5687 1678 5746 aqua-

103 5741 244 5798 tilis.

1848 5529 1876 5570 δ
1908 5531 2090 5608 ξιτέρα.
2111 5526 2279 5608 Forte
2307 5543 2524 5608 peiuras,
2547 5526 2906 5608 tabernacula.

1854 5612 1880 5640 ο
1909 5597 2216 5668 Ἐπὶστήμη,
2245 5597 2480 5668 scientia,
2519 5598 2851 5668 experientia.

1859 5669 1878 5709 ί
1909 5666 2173 5740 Στοιχεῐάε
2192 5667 2464 5740 translate,
2492 5681 2589 5740 pro
2607 5666 2886 5722 elementis
2912 5667 3127 5737 artium,
3157 5668 3354 5740 praeci-

1783 5756 1888 5813 pue
1919 5735 2226 5812 geometris.
2252 5735 2349 5792 llic
2369 5735 2510 5794 forte
2531 5737 2646 5812 ipsa
2667 5745 2804 5794 arte.

3229 343 3374 404 1614
