3944 6320
717 357 856 417 1615

1389 355 1449 410 Β.
1490 355 1742 414 RABANI
1779 354 2000 417 ΜΑωυ
2035 352 2355 412 ARCIIIEP.
2400 353 3006 414 MOGUNT.OPERUM
3037 355 3212 414 PARS
3246 357 3326 414 lV.

1067 480 1270 543 quanta
1294 471 1388 528 Dei
1421 472 1616 544 pietas,

1071 565 1140 620 Et
1164 564 1491 636 sempiterna
1510 565 1725 622 bonitas

1066 661 1124 717 In
1156 677 1215 718 se
1235 661 1380 717 Deus
1413 670 1726 731 susceperat

1061 749 1346 806 Hominem
1366 767 1526 822 quem
1557 760 1864 818 creaverat,

1061 841 1218 897 Illum
1243 841 1345 898 sibi
1373 842 1718 912 quaesiverat,

1056 932 1228 1000 Quem
1251 948 1356 988 non
1375 931 1522 1002 iuste
1547 932 1881 1004 perdiderat.

993 1021 1156 1094 Virgo
1179 1022 1349 1078 Deum
1371 1033 1713 1092 conceperat,

1060 1113 1279 1171 Gabriel
1311 1128 1471 1184 quem
1497 1113 1862 1185 praedixerat;

1056 1209 1292 1279 Postque
1319 1223 1511 1264 novem
1535 1207 1805 1264 curricula

1054 1302 1320 1358 Mensium
1351 1310 1406 1356 et
1426 1297 1718 1364 volumina,

1053 1393 1402 1449 lncarnatum
1427 1407 1493 1448 ex
1519 1384 1764 1463 Virgine,

1062 1483 1295 1539 Verbum
1321 1485 1468 1540 venit
1489 1499 1612 1538 cum
1636 1482 1836 1538 salute.

983 1576 1238 1632 Pastores
1263 1583 1448 1630 natum
1472 1589 1714 1644 praesepe

1053 1664 1373 1721 Gaudebant
1399 1663 1581 1720 Jesum
1605 1677 1858 1728 cernere,

1050 1756 1217 1812 Stella
1248 1756 1483 1826 ﬂagrans
1509 1763 1563 1811 et
1585 1757 1790 1812 lumine

1053 1847 1238 1918 Magos
1261 1847 1413 1902 duxit
1433 1862 1555 1902 cum
1584 1861 1832 1902 munere.

1047 1938 1288 1995 Herodes
1310 1939 1475 2008 coepit
1505 1953 1748 2009 quaerere

1047 2029 1323 2086 Christum
1344 2044 1529 2102 regem
1555 2025 1829 2086 occidere.

973 2121 1329 2180 Parvulorum
1355 2121 1410 2178 in
1437 2123 1675 2178 millibus

1049 2217 1320 2273 Seviebat
1351 2232 1475 2272 cum
1505 2210 1776 2284 cladibus,

1043 2305 1194 2362 Talia
1225 2307 1277 2362 in
1305 2306 1526 2362 initio...

1045 2396 1280 2452 Mundus
1295 2396 1489 2452 obtulit
1510 2397 1763 2462 Domino,

1043 2487 1235 2542 Studet
1263 2495 1435 2543 mor-te
1464 2489 1764 2558 perimere,

1040 2577 1143 2647 Qui
1165 2577 1314 2633 venit
1333 2578 1496 2632 vitam
1522 2578 1769 2634 reddere.

968 2667 1078 2724 Ter
1097 2667 1252 2723 denis
1279 2668 1489 2739 magnis
1513 2669 1738 2724 orbibus

1039 2759 1324 2816 Annorum
1354 2759 1489 2815 actis
1515 2753 1800 2815 menSibus

1031 2851 1114 2908 Ab
1132 2850 1341 2908 Joanne
1369 2851 1425 2907 in
1445 2849 1683 2908 Jordane

1037 2941 1264 2999 Vinctus
1292 2951 1410 2998 erat
1433 2943 1776 3013 baptismate,

1036 3034 1196 3090 Lavit
1227 3049 1284 3090 se
1307 3033 1452 3089 unda
1480 3033 1666 3099 latior,

1037 3126 1190 3193 Quod
1221 3125 1334 3196 ipsa
1364 3133 1508 3181 esset
1531 3124 1740 3196 purior.

1004 3218 1203 3288 piritus
1234 3231 1394 3288 super
1417 3217 1681 3273 columbae

1039 3309 1223 3365 Jesum
1248 3309 1441 3363 mansit
1477 3307 1533 3362 in
1559 3307 1760 3377 specie,

1035 3399 1199 3455 Pater
1219 3387 1426 3470 prolem
1452 3405 1752 3453 testaverat

1040 3488 1259 3556 Mundo,
1285 3475 1426 3560 quod
1457 3503 1564 3544 non
1602 3483 1910 3546 crediderat

1038 3578 1322 3634 Trinitatis
1349 3579 1683 3651 mysterium,

1034 3669 1386 3726 Consecravit
1415 3670 1494 3726 sic
1523 3670 1872 3742 baptismum.

964 3763 1064 3818 lvit
1083 3761 1241 3818 Jesus
1260 3762 1314 3817 in
1337 3777 1600 3829 eremum,

1033 3855 1293 3910 Ferarum
1322 3854 1713 3922 habitaculum,

1036 3944 1148 4000 Illic
1177 3953 1390 4022 tempus
1410 3945 1604 4016 jejunii

1037 4036 1250 4108 Peregit
1270 4023 1555 4104 Salutiferi,

1037 4128 1242 4195 Quater
1269 4129 1544 4200 denosque
1573 4130 1821 4186 noctibus

1033 4220 1222 4276 Junxit
1248 4221 1390 4278 soles
1416 4223 1654 4278 inesibus
1674 4235 1723 4277 α.

961 4314 1196 4385 Erepton
1223 4312 1490 4386 [serpens]
1521 4314 1590 4370 ibi
1621 4312 1848 4370 callidus

1035 4407 1236 4462 Aderat
1260 4420 1382 4460 cum
1407 4403 1680 4460 doloribus
1702 4403 1903 4478 [dolis],

1039 4496 1225 4552 Suasit
1250 4495 1392 4551 hunc
1417 4494 1484 4550 dc
1521 4495 1699 4564 lapide

1041 4587 1176 4641 Nam
1206 4585 1308 4641 sibi
1337 4599 1529 4656 panem
1565 4585 1802 4640 condere

1036 4678 1258 4750 Dipsitis
1279 4679 1329 4746 ι),
1360 4677 1474 4732 vult
1505 4677 1767 4732 velamine

1037 4769 1338 4826 Verborum
1364 4768 1640 4824 Christum
1666 4782 1907 4824 noscere.

963 4861 1041 4917 De
1065 4859 1249 4930 templi
1278 4859 1386 4913 alto
1414 4857 1647 4913 culmine

1034 4951 1196 5007 lubet
1213 4950 1395 5005 Jesum
1428 4949 1770 5004 descendere.

1029 5043 1086 5096 ln
1114 5049 1293 5096 monte
1317 5037 1501 5094 mundi
1527 5037 1751 5110 gloriam

1033 5129 1280 5186 Ostendit
1302 5137 1358 5184 et
1381 5129 1775 5192 monarchiam,

1043 5219 1114 5276 Se
1144 5229 1335 5277 cuncta
1365 5222 1493 5277 dare
1520 5219 1788 5291 promisit,

1034 5312 1090 5368 Si
1115 5314 1310 5370 cadens
1347 5328 1404 5369 se
1439 5312 1696 5368 oraverit.

970 5405 1198 5464 Tantum
1222 5423 1470 5478 perverse
1494 5407 1723 5473 locutus,

2318 469 2371 528 Α

2751 472 3020 541 Quantum
3045 474 3215 530 fuerat
3238 491 3506 546 perversae,

2750 565 2887 636 Seps
2915 566 3028 637 ipse
3056 582 3114 623 se
3138 567 3449 637 plaudaverat
3467 581 3486 610 ε

2745 655 2910 712 Posse
2945 658 3085 727 quod
3116 674 3370 728 nunquam
3386 669 3574 730 potent,

2725 747 2854 805 'Sed
2880 749 3128 818 cupiebat
3147 759 3394 818 sternere,

2741 838 2912 907 Quem
2942 855 3001 896 se
3025 841 3270 911 sperabat
3291 841 3478 898 vincere

2668 933 2838 991 Adam
2866 934 3098 1004 primum
3124 935 3213 990 hic
3238 932 3439 1003 vicerat,

2721 1025 2908 1092 .Quem
2943 1026 3209 1081 secundus
3241 1036 3554 1097 prostraverat

2738 1113 2878 1172 Gula
2906 1125 2963 1172 et
2991 1115 3331 1190 philargyria,

2737 1205 2910 1261 Simul
2936 1214 2992 1260 et
3015 1208 3328 1274 cenodoxia,

2738 1297 2874 1354 Cum
2897 1299 3095 1367 quibus
3119 1299 3263 1354 illum
3291 1302 3462 1372 repulit

2734 1388 2891 1446 Jesus
2916 1400 2974 1446 et
2995 1391 3108 1462 igni
3139 1392 3364 1448 tradidit.

2664 1480 2961 1553 Postquam
2988 1483 3214 1540 zabulus
3241 1483 3410 1552 pulsus
3432 1495 3520 1551 est,

2732 1571 2956 1644 Angelis
2979 1573 3312 1629 ministratus
3332 1583 3426 1640 est,

2725 1661 3027 1719 Advocavit
3050 1663 3347 1734 discipulos,

2731 1751 2921 1809 Plures
2941 1753 3057 1824 jam
3077 1763 3132 1809 et
3153 1761 3423 1824 apostolos,

2734 1846 2881 1902 Inter
2907 1862 3046 1917 quos
3077 1847 3230 1918 signa
3260 1849 3448 1918 plu-'m.

2732 1935 2887 1992 Fecit
2912 1945 3078 2008 atque
3113 1938 3378 1995 miracula.

2655 2025 2717 2082 In
2737 2025 2962 2084 Chanan
2981 2028 3170 2082 vinum
3192 2027 3398 2094 fecerat,

2730 2117 2905 2174 Simul
2931 2128 2986 2174 et
3014 2117 3321 2174 ﬁrmaverat

2731 2210 2920 2268 Fidem
2951 2211 3144 2268 rudem
3170 2220 3280 2267 tum
3311 2213 3542 2279 comitum,

2733 2303 2871 2359 Dum
2895 2303 3131 2374 perfecit
3159 2305 3466 2370 miraculum,

2728 2394 2930 2466 Eisque
2955 2397 3129 2452 altum
3157 2399 3395 2469 abyssum

2729 2492 3072 2571 Patefecerat
3095 2494 3408 2565 dogmatum.

2658 2582 2793 2639 Late
2814 2599 2914 2655 per
2935 2583 3092 2640 Iudae
3113 2587 3332 2640 termina

2732 2673 3111 2732 Coruscabant
3131 2676 3397 2743 miracula,

2719 2765 2860 2821 Dum
2888 2767 3056 2824 missa
3076 2769 3248 2824 virtus
3275 2768 3466 2823 coalitus

2727 2856 2995 2928 Operatur
3017 2858 3297 2923 divinitus,

2727 2947 3068 3005 Monstrabat
3103 2965 3162 3007 se
3189 2951 3459 3014 hominem,
3525 2942 3543 2966 '

2723 3037 2826 3106 Qui
2851 3039 3118 3111 regnabat
3148 3041 3201 3095 in
3230 3041 3428 3096 aethere.

2654 3129 2933 3184 Caecorum
2959 3129 3131 3184 multa
3157 3131 3317 3186 millia

2717 3205 3022 3275 Ccrnebant
3043 3220 3193 3275 clare
3217 3221 3419 3282 lumina,

2726 3309 2877 3364 Multi
2907 3295 3060 3365 surdi
3099 3327 3196 3382 per
3223 3314 3414 3382 agmina

2726 3401 2983 3468 Currunt,
3009 3411 3259 3472 quarunt
3285 3401 3531 3457 salvamina

2726 3489 2898 3546 Saltat
2927 3491 3154 3548 claudus
3179 3493 3421 3558 laetiﬁcus,

2723 3581 2934 3662 Gaudet
2962 3597 3131 3638 sanus
3158 3593 3211 3638 et
3232 3583 3486 3668 leprosus.‘

2649 3673 2783 3728 Tota
2811 3659 3064 3730 draconis
3096 3675 3308 3730 horrula

2724 3761 2817 3819 Vis
2843 3763 2980 3834 fugit
2999 3780 3157 3822 omos
3181 3766 3208 3806 ά
3231 3765 3425 3832 callida,

2719 3858 2855 3913 Cum
2889 3874 2957 3914 ex
2987 3861 3174 3917 multis
3199 3861 3456 3918 clamantia

2725 3949 2992 4005 Exicbant
3015 3953 3297 4018 daemonia,

2720 4038 2995 4094 Christum
3020 4041 3232 4096 Domini
3256 4041 3494 4104 testantia,

2724 4129 2896 4198 Quem
2924 4146 3031 4186 non
3064 4133 3281 4202 capiunt
3297 4131 3482 4188 saecula.

2648 4220 2806 4278 Venit
2820 4220 2934 4290 jam
2959 4223 3249 4280 salutifera:

2720 4312 2956 4384 Tempus
2986 4316 3178 4370 mortis
3201 4313 3481 4376 Dominicat,

2718 4400 2978 4458 Summus
3002 4419 3112 4474 quo
3145 4420 3317 4462 secum
3351 4397 3559 4461 decrevit,

2728 4497 2800 4554 Ut
2822 4499 3098 4555 hominem
3120 4502 3408 4562 redimeret,

2719 4587 2988 4644 Redderet
3007 4605 3151 4645 szevo
3177 4589 3356 4645 merita

2718 4677 2786 4732 Et
2809 4692 3094 4748 pennarum
3123 4679 3427 4750 dignissima.

2649 4767 2811 4823 Movit
2837 4767 3019 4824 Judma
3041 4770 3241 4841 praelia,

2721 4858 3004 4914 Contraxit
3035 4860 3204 4929 plebis
3228 4857 3418 4930 agmine

2721 4947 2980 5004 Sanctum
3005 4949 3072 5004 ad
3104 4948 3372 5005 tribunalia

2712 5041 2992 5095 Duxerunt
3017 5051 3071 5096 et
3099 5041 3316 5097 concilia

2714 5131 2906 5188 Comes
2927 5130 3090 5187 Judas
3116 5130 3423 5186 trucissimus

2721 5221 2874 5289 Quod
2901 5223 3078 5278 sanxit
3102 5238 3220 5278 cum
3240 5216 3532 5292 principibu-

2645 5312 2901 5368 Traditur
2922 5313 3131 5369 vinetus
3155 5312 3384 5384 gentibus

2716 5405 2962 5462 Christus
2986 5421 3016 5460 a
3041 5406 3380 5476 pontificibus,

1697 5543 1982 5601 SCHOLIA
2025 5543 2531 5604 CHRISTOPllORl
2562 5541 2910 5600 BROWERI.

755 5702 785 5734 ι
813 5685 1004 5751 laesis,
1036 5701 1134 5756 pro
1153 5683 1361 5756 jejuno.

756 5760 788 5802 h
814 5759 894 5824 An
921 5759 965 5811 ei
995 5749 1280 5818 arma"
1313 5749 1598 5819 deipnislis,
1621 5765 1648 5804 a
1675 5749 1928 5816 δειπνίζω.

2442 5691 2464 5758 c.
2491 5679 2653 5758 Ῑῗοτεθ
2678 5694 2778 5758 [³1⁸0
2801 5680 3082 5758 plangeret,
3111 5679 3207 5758 nisi
3237 5673 3373 5758 malis
3393 5663 3623 5758 laudarem.

2439 5751 2464 5789 ιι
2497 5750 2579 5804 Au
2606 5739 2763 5822 ὀμῶς,
2792 5739 2966 5816 simul,
2989 5739 3079 5804 vel
3097 5752 3223 5820 ὠμὰ,
3253 5739 3439 5800 crudeli.

3698 374 3763 434 ιειι
