3944 6320
153 359 297 438 tot?

939 388 1270 450 CARMINA.
1311 425 1378 434 —
1419 395 1661 454 SECTlO
1701 397 1738 452 Ι.
1785 399 2106 456 POEMATA
2150 402 2235 459 DE
2271 403 2604 461 DlVERSlS.

511 494 716 566 Sputis,
745 497 985 571 ﬂagellis,
1014 503 1186 574 alapis

503 584 696 642 lllusus
725 596 889 659 atque
917 593 1144 662 spinetis

499 674 848 749 Crucitlgitur
871 681 1132 740 innocens

509 766 790 824 Consentit
813 787 909 826 rex
937 773 1217 844 insipiens.

433 858 599 914 Terra
624 864 860 932 expavit,
892 864 1102 924 facinus

505 952 620 1010 Hoc
641 964 791 1012 motu
817 968 1012 1016 notans
1037 961 1218 1030 citius,

504 1042 783 1102 Elementa
805 1056 1162 1118 tremuerant,

499 1133 663 1192 Astra
693 1146 748 1194 et
776 1155 835 1195 se
864 1141 1196 1211 celaverant,

497 1226 663 1285 Solus
683 1230 846 1286 homo
871 1247 978 1288 non
1003 1234 1208 1300 timuit,

497 1315 651 1386 Quod
681 1321 828 1378 solus
851 1323 967 1394 ipse
990 1325 1227 1382 confecit

423 1407 563 1464 Tum
588 1413 899 1470 revixerunt
919 1418 1141 1484 mortui,
1179 1467 1184 1470 .

497 1502 567 1558 Et
592 1513 881 1574 patuerunt
903 1508 1070 1564 Erebi

485 1590 729 1649 Obscura
763 1595 878 1651 loca
905 1612 1204 1665 carcerum,

493 1680 630 1737 Cum
656 1684 806 1740 venit
832 1695 1024 1742 auctor
1043 1688 1306 1745 luminum

491 1769 709 1840 Vectes,
734 1789 868 1831 sera:
891 1777 1182 1836 confracta:
1205 1789 1350 1838 sunt.

481 1859 622 1918 Justi
649 1871 705 1920 et
731 1864 940 1923 liberati
969 1879 1115 1926 sunt.

413 1947 597 2008 Gemit
615 1953 788 2012 hostis
816 1958 870 2012 in
897 1967 1110 2026 catena,

492 2041 628 2098 Cum
653 2044 779 2102 feci:
807 2047 923 2102 Rex
940 2050 1144 2120 judicia

483 2133 549 2188 Et
572 2136 776 2192 sanctis
796 2136 1134 2207 liberamina,

477 2223 634 2291 Quod
664 2226 951 2284 doluerunt
977 2238 1181 2287 tartara
1202 2250 1217 2298 ;

485 2315 672 2372 Victor
699 2317 948 2376 Christus
973 2324 1298 2380 ascenderat

483 2406 624 2464 Suos
647 2417 703 2464 et
728 2425 913 2466 secum
935 2413 1184 2469 duxerat.

414 2497 597 2556 Tertia
620 2501 713 2556 lux
739 2502 996 2572 redierat,

486 2588 737 2648 Christus
755 2602 812 2650 et
831 2608 1226 2666 resurrexerat,

479 2679 600 2736 Jam
622 2682 866 2740 victurus
888 2685 944 2740 in
966 2685 1137 2758 gloria

481 2771 670 2830 Victor
692 2773 872 2832 clarus
898 2790 997 2848 per
1018 2777 1237 2846 saecula,

477 2862 620 2922 Deus
641 2865 902 2923 virtutum
925 2868 1206 2936 Dominus,

485 2953 601 3011 Rex
629 2973 815 3029 regum
841 2961 1277 3030 potentissimus.

415 3044 623 3113 Quater
645 3049 799 3105 denis
819 3059 940 3120 post
963 3052 1154 3109 diebus

484 3136 744 3196 Versatus
771 3156 894 3196 cum
925 3141 1228 3202 lmtantibus

481 3225 729 3286 Ostendit
752 3247 812 3287 se
835 3234 1110 3292 miraculis

482 3315 623 3375 Vere
652 3320 836 3375 vivum
865 3323 1164 3396 discipulis,
1198 3343 1200 3346 '

477 3408 650 3466 Omne
682 3411 802 3467 tulit
829 3413 1141 3471 mirantium

478 3500 656 3556 Corde
680 3501 822 3572 quod
846 3514 967 3559 erat
994 3507 1234 3564 dubium.

401 3583 608 3646 lubens
634 3592 714 3647 eis
742 3593 1051 3650 discurrere

478 3679 584 3736 Per
604 3682 786 3737 mundi
811 3683 998 3755 plagas
1019 3685 1292 3758 dogmate.

463 3770 564 3839 lte,
588 3772 688 3839 ait,
713 3788 811 3844 per
831 3773 1056 3845 populos

472 3862 541 3917 Et
567 3862 706 3919 ferte
733 3863 942 3921 fructus
969 3866 1251 3938 plurimos,

463 3951 663 4010 Docete
690 3955 854 4010 verbo
877 3955 1043 4022 fideli,

471 4042 703 4100 Servare
733 4048 836 4103 hoc
861 4049 1005 4119 quod
1031 4049 1208 4108 docui.

392 4134 499 4190 Eos
522 4136 614 4205 qui
645 4137 812 4193 velint
835 4140 1080 4208 credere,

471 4227 672 4284 Lavate
696 4244 850 4286 sacro
871 4230 1094 4290 ﬂumine

466 4317 562 4374 Dei
590 4319 766 4376 Patris
794 4321 852 4376 in
876 4324 1094 4381 nomine

466 4410 702 4483 Natique
721 4429 845 4470 cum
876 4413 1201 4487 Spiramine,

459 4500 729 4560 Laxantes
751 4514 946 4562 cuncta
973 4510 1224 4578 crimina,

462 4593 532 4648 Et
557 4594 748 4651 docete
779 4599 1037 4655 remedia.

390 4683 490 4741 Ast
514 4686 791 4743 vobiscum
823 4689 876 4744 in
903 4691 1163 4749 saeculum

458 4773 572 4845 Ego
595 4789 716 4832 sum
745 4793 852 4833 non
890 4779 1167 4851 solatium,

456 4865 590 4922 Cum
610 4868 855 4948 videritis
876 4871 1093 4931 fervere

395 5017 406 5026 ,
462 4957 718 5017 Mundum
746 4961 903 5020 bellis
927 4973 982 5020 et
1017 4981 1228 5035 errore,

456 5048 632 5107 Nolite
657 5059 786 5108 tunc
812 5068 1122 5123 pavescere,

450 5139 560 5196 Nec
578 5144 772 5214 pugnis
799 5144 956 5205 malis
975 5147 1191 5206 cedere.

383 5227 573 5288 Omnis
595 5214 742 5288 terra
769 5248 893 5290 cum
921 5236 1125 5300 sobole,

456 5318 642 5385 Ponto.
660 5322 820 5378 simul
847 5333 902 5379 et
928 5326 1153 5394 aethere,

455 5409 595 5473 Data
623 5413 759 5468 mihi
787 5415 1051 5486 regimine

451 5499 626 5570 Cedit,
651 5503 826 5562 servit.
843 5512 899 5560 et
921 5521 1170 5576 munere,

457 5589 680 5650 Vinctus
701 5594 874 5651 hostis
899 5597 1166 5666 expulsus.
1184 5611 1285 5668 est;

450 5681 677 5739 Mundus
701 5692 757 5739 et
783 5684 1042 5744 liberatus
1071 5700 1174 5746 est.

378 5770 625 5830 Ascendo
646 5791 786 5832 nunc
815 5776 1050 5836 lucidum
1073 5780 1189 5851 jam

1761 516 1815 574 Δ

2189 515 2354 572 Chari
2377 517 2554 575 Patris
2575 520 2638 574 ad
2665 520 2878 588 solium,

2185 607 2292 674 Qui
2319 624 2405 664 me
2429 610 2575 665 misit
2602 613 2670 668 ab
2692 613 2894 668 aethere

2184 699 2380 755 Totum
2408 703 2666 760 mundum
2698 705 2986 772 redimere,

2185 788 2424 860 Carpere
2449 806 2617 863 regna
2641 792 2842 859 debita,

2185 877 2253 932 Et
2281 893 2405 934 esse
2434 881 2488 934 in
2518 880 2694 937 Patris
2721 883 2940 940 dextera
2965 903 2978 941 :

2113 966 2271 1023 Nulla
2294 979 2472 1025 vestra
2502 972 2724 1028 tristitia
2793 987 2798 996 '

2186 1059 2392 1115 Teneat
2419 1078 2561 1118 nunc
2588 1067 2906 1133 praecordia,

2185 1148 2341 1206 Mitto
2363 1153 2528 1208 vobis
2540 1153 2878 1212 laetissimum

2184 1239 2320 1296 Nam
2347 1244 2671 1314 paraclitum
2700 1246 2985 1318 Spiritum,

2182 1331 2303 1403 Ipse
2337 1337 2492 1392 vobis
2521 1345 2583 1392 ut
2608 1352 2708 1410 ego
2733 1354 2856 1395 sum

2180 1421 2280 1480 Est
2298 1426 2559 1496 magister
2588 1428 2642 1483 in
2669 1429 2947 1486 saeculum.

2110 1512 2215 1582 .psi
2249 1521 2436 1572 tenent
2462 1518 2606 1588 quod
2638 1519 2870 1584 monuit,

2177 1602 2270 1659 ille
2300 1605 2396 1662 ivit
2421 1623 2528 1678 quo
2551 1609 2756 1677 debuit,

2185 1693 2360 1767 Super
2380 1708 2528 1754 astra
2559 1701 2858 1760 celsissima

2180 1785 2348 1844 Sedet
2375 1789 2428 1844 in
2460 1789 2642 1848 Patris
2665 1795 2912 1862 dextera,

2179 1875 2353 1934 Judex
2386 1896 2580 1954 nempe
2613 1886 2910 1943 novissime

2179 1969 2455 2028 Venturos
2484 1982 2539 2029 et
2570 1975 2625 2030 in
2652 1977 2875 2034 aethere.

2105 2073 2225 2131 Ipse
2252 2061 2318 2118 de
2343 2065 2496 2120 ctelis
2519 2066 2745 2124 Domino

2178 2152 2554 2213 Descendente
2584 2159 2850 2216 altissimo

2174 2247 2520 2322 Praefulgebit
2546 2251 2908 2310 clarissimum

2181 2336 2407 2410 Signum
2431 2343 2610 2397 crucis
2633 2351 2688 2398 et
2715 2345 2992 2402 vexillum.

2175 2429 2410 2504 Plangor
2435 2448 2598 2505 super
2623 2451 2684 2492 se
2711 2437 2912 2494 nimius

2176 2523 2296 2580 Erit
2325 2535 2434 2582 tum
2467 2529 2676 2586 cunctis
2705 2532 2974 2601 gentibus.

2105 2613 2396 2687 Tectisque
2421 2617 2778 2677 luminaribus

2175 2707 2395 2764 Duobus
2415 2709 2806 2781 principalibus

2175 2797 2382 2856 Cadent
2408 2801 2463 2857 in
2489 2811 2690 2859 terram
2720 2807 2901 2864 sidera

2175 2892 2246 2948 Ut
2276 2909 2497 2966 grossus
2524 2897 2591 2951 de
2620 2897 2872 2966 ficulnea,

2175 2983 2399 3057 Eritque
2422 2990 2606 3045 mundi
2637 2993 2903 3050 terminus

2173 3073 2256 3134 Ut.
2271 3076 2509 3134 fornacis
2532 3080 2863 3138 incendium.

2102 3165 2334 3238 Clangor
2363 3168 2602 3226 buccina:
2631 3181 2927 3242 quaternas

2176 3257 2406 3317 Sonabit
2434 3271 2593 3319 terra:
2625 3280 2723 3334 per
2743 3265 2950 3338 plagas.

2171 3352 2496 3410 Discurrunt
2522 3358 2866 3414 coruscantia

2171 3443 2408 3516 Fulgura
2434 3455 2492 3502 et
2517 3448 2754 3504 tonitrua

2163 3535 2316 3594 Tunc
2342 3538 2396 3594 in
2425 3541 2690 3596 montium
2717 3543 3010 3614 specubus,

2157 3626 2506 3684 Abscondent
2531 3646 2590 3686 se
2611 3633 2904 3690 exercitus.

2093 3715 2236 3787 Ergo
2266 3717 2380 3774 erit
2395 3719 2512 3776 dies
2534 3721 2644 3786 ille,

2155 3809 2283 3866 Dies
2311 3810 2561 3881 planctus
2583 3822 2638 3870 et
2659 3815 2939 3889 lacryma,

2082 3888 2102 3906 ’
2167 3900 2293 3958 Dies
2313 3902 2408 3959 irae
2429 3914 2488 3960 et
2509 3906 2778 3976 vindictae,

2163 3989 2534 4051 Tenebrarum
2559 4005 2614 4052 et
2639 3999 2848 4057 nebula

2163 4081 2290 4139 Dies
2314 4099 2523 4157 magnae
2544 4091 2825 4160 angustiae,

2159 4173 2388 4235 Laboris
2417 4194 2482 4236 ac
2503 4182 2760 4240 tristitiae.

2082 4264 2140 4322 In
2167 4282 2275 4339 quo
2303 4280 2483 4327 cessat
2509 4273 2801 4334 mulierum

2153 4361 2322 4424 Amor
2350 4379 2416 4420 ac
2440 4364 2793 4436 desiderium,

2157 4451 2558 4527 Hominumque
2581 4463 2880 4530 contentio,

2159 4543 2344 4608 Mundi
2373 4547 2533 4618 hujus
2557 4559 2612 4607 et
2635 4553 2830 4622 cupido

2159 4636 2294 4700 Cum
2317 4639 2480 4707 caelo,
2505 4649 2672 4712 terra,
2697 4645 2893 4704 ardore

2147 4727 2496 4802 Conflagrant
2529 4741 2694 4804 atque
2726 4736 2952 4796 lumine.

2086 4817 2268 4878 Turba
2289 4819 2453 4891 primi
2481 4822 2793 4896 archangeli

2159 4906 2446 4986 Strepente
2470 4913 2800 4985 admirabili,

2059 4988 2072 5004 ⁸
2153 4996 2452 5071 Erumpent
2481 5003 2844 5064 munitissima

2147 5088 2397 5148 Claustra
2419 5107 2484 5149 ac
2506 5094 2848 5168 polyandria,

2141 5178 2338 5252 Surget
2362 5183 2527 5240 homo
2552 5199 2583 5239 a
2608 5186 2799 5244 tellure

2137 5272 2497 5332 Restauratus
2518 5293 2550 5332 a
2573 5279 2814 5349 pulvere.

2075 5361 2323 5434 Undique
2351 5367 2800 5440 conglobantibus

2148 5455 2512 5548 Membrorum
2538 5463 2824 5534 paginibus
2847 5467 3264 5548 [compagibus],

2139 5547 2434 5606 Animabus
2459 5554 2735 5612 aatmlibus

2139 5639 2352 5697 Eisdem
2379 5644 2742 5715 obviantibus,

2137 5730 2361 5788 Certant
2392 5737 2564 5814 sancti
2597 5755 2718 5795 cum
2749 5757 2972 5799 munere

2136 5820 2352 5879 Christo
2383 5825 2512 5897 Regi
2541 5844 2848 5888 occurrere.

3275 387 3415 468 ιϐιδ
