  <div class='ocr_page' id='page_1' title='image "/cluster/home/n/w/nwhite01/storage/ocr_20150623/112/hvd.32044015685407/815.png"; bbox 0 0 3944 6320; ppageno 0'>
   <div class='ocr_carea' id='block_1_1' title="bbox 699 354 828 414">
    <p class='ocr_par' dir='ltr' id='par_1_1' title="bbox 699 354 828 414">
     <span class='ocr_line' id='line_1_1' title="bbox 699 354 828 414; baseline 0.023 -3"><span class='ocrx_word' id='word_1_1' title='bbox 699 354 828 414; x_wconf 71' lang='lat'><strong>[019</strong></span> 
     </span>
    </p>
   </div>
   <div class='ocr_carea' id='block_1_2' title="bbox 1320 361 2877 439">
    <p class='ocr_par' dir='ltr' id='par_1_2' title="bbox 1320 361 2877 434">
     <span class='ocr_line' id='line_1_2' title="bbox 1320 361 2877 434; baseline 0.012 -18"><span class='ocrx_word' id='word_1_2' title='bbox 1320 361 1381 416; x_wconf 92' lang='lat' dir='ltr'><strong>B.</strong></span> <span class='ocrx_word' id='word_1_3' title='bbox 1419 364 1675 431; x_wconf 72' lang='grc' dir='ltr'><strong>ΒΑΒᾼΝΙ</strong></span> <span class='ocrx_word' id='word_1_4' title='bbox 1707 365 1936 425; x_wconf 72' lang='lat' dir='ltr'><strong>MAURI</strong></span> <span class='ocrx_word' id='word_1_5' title='bbox 1959 368 2276 428; x_wconf 81' lang='lat' dir='ltr'><strong>ARCHIEP.</strong></span> <span class='ocrx_word' id='word_1_6' title='bbox 2319 373 2629 433; x_wconf 75' lang='lat' dir='ltr'><strong>MOGUNT.</strong></span> <span class='ocrx_word' id='word_1_7' title='bbox 2670 377 2877 434; x_wconf 82' lang='lat' dir='ltr'><strong>OPERI</strong></span> 
     </span>
    </p>
   </div>
   <div class='ocr_carea' id='block_1_3' title="bbox 1718 361 3275 439">
    <p class='ocr_par' dir='ltr' id='par_1_3' title="bbox 1718 365 3275 439">
     <span class='ocr_line' id='line_1_3' title="bbox 1718 365 3275 439; baseline 0.009 -15"><span class='ocrx_word' id='word_1_8' title='bbox 1718 365 1936 425; x_wconf 66' lang='lat' dir='ltr'><strong>MAURI</strong></span> <span class='ocrx_word' id='word_1_9' title='bbox 1959 368 2276 428; x_wconf 81' lang='lat' dir='ltr'><strong>ARCHIEP.</strong></span> <span class='ocrx_word' id='word_1_10' title='bbox 2319 373 2629 433; x_wconf 76' lang='lat' dir='ltr'><strong>MOGUNT.</strong></span> <span class='ocrx_word' id='word_1_11' title='bbox 2670 377 2952 436; x_wconf 73' lang='lat' dir='ltr'><strong>OPERUM</strong></span> <span class='ocrx_word' id='word_1_12' title='bbox 2987 380 3166 438; x_wconf 79' lang='lat' dir='ltr'><strong>PARS</strong></span> <span class='ocrx_word' id='word_1_13' title='bbox 3196 382 3275 439; x_wconf 76' lang='grc' dir='ltr'><strong>Ν.</strong></span> 
     </span>
    </p>
   </div>
   <div class='ocr_carea' id='block_1_4' title="bbox 957 470 1554 543">
    <p class='ocr_par' dir='ltr' id='par_1_4' title="bbox 957 470 1554 543">
     <span class='ocr_line' id='line_1_4' title="bbox 957 470 1554 543; baseline 0.015 -16"><span class='ocrx_word' id='word_1_14' title='bbox 957 470 1299 531; x_wconf 85' lang='lat' dir='ltr'><strong>Altithronus</strong></span> <span class='ocrx_word' id='word_1_15' title='bbox 1318 475 1554 543; x_wconf 82' lang='lat' dir='ltr'><strong>glorioso</strong></span> 
     </span>
    </p>
   </div>
   <div class='ocr_carea' id='block_1_5' title="bbox 1030 561 1647 637">
    <p class='ocr_par' dir='ltr' id='par_1_5' title="bbox 1030 561 1647 637">
     <span class='ocr_line' id='line_1_5' title="bbox 1030 561 1647 637; baseline 0.016 -19"><span class='ocrx_word' id='word_1_16' title='bbox 1030 561 1146 619; x_wconf 79' lang='lat' dir='ltr'><strong>Rex</strong></span> <span class='ocrx_word' id='word_1_17' title='bbox 1172 563 1381 624; x_wconf 84' lang='lat' dir='ltr'><strong>sedebit</strong></span> <span class='ocrx_word' id='word_1_18' title='bbox 1406 569 1461 623; x_wconf 90' lang='lat' dir='ltr'><strong>in</strong></span> <span class='ocrx_word' id='word_1_19' title='bbox 1485 571 1647 637; x_wconf 86' lang='lat' dir='ltr'><strong>solio,</strong></span> 
     </span>
    </p>
   </div>
   <div class='ocr_carea' id='block_1_6' title="bbox 1031 654 1738 729">
    <p class='ocr_par' dir='ltr' id='par_1_6' title="bbox 1031 654 1738 729">
     <span class='ocr_line' id='line_1_6' title="bbox 1031 654 1738 729; baseline 0.014 -20"><span class='ocrx_word' id='word_1_20' title='bbox 1031 654 1357 729; x_wconf 83' lang='lat' dir='ltr'><strong>Angelorum</strong></span> <span class='ocrx_word' id='word_1_21' title='bbox 1384 663 1738 718; x_wconf 80' lang='lat' dir='ltr'><strong>tremebunda</strong></span> 
     </span>
    </p>
   </div>
   <div class='ocr_carea' id='block_1_7' title="bbox 1029 745 1821 826">
    <p class='ocr_par' dir='ltr' id='par_1_7' title="bbox 1029 745 1821 826">
     <span class='ocr_line' id='line_1_7' title="bbox 1029 745 1821 826; baseline 0.009 -22"><span class='ocrx_word' id='word_1_22' title='bbox 1029 745 1469 807; x_wconf 85' lang='lat' dir='ltr'><strong>Circumstabunt</strong></span> <span class='ocrx_word' id='word_1_23' title='bbox 1495 764 1551 808; x_wconf 89' lang='lat' dir='ltr'><strong>et</strong></span> <span class='ocrx_word' id='word_1_24' title='bbox 1577 757 1821 826; x_wconf 84' lang='lat' dir='ltr'><strong>agmina,</strong></span> 
     </span>
    </p>
   </div>
   <div class='ocr_carea' id='block_1_8' title="bbox 1033 836 1845 919">
    <p class='ocr_par' dir='ltr' id='par_1_8' title="bbox 1033 836 1845 919">
     <span class='ocr_line' id='line_1_8' title="bbox 1033 836 1845 919; baseline 0.014 -25"><span class='ocrx_word' id='word_1_25' title='bbox 1033 836 1257 897; x_wconf 87' lang='lat' dir='ltr'><strong>Cunctis</strong></span> <span class='ocrx_word' id='word_1_26' title='bbox 1279 842 1445 914; x_wconf 67' lang='lat' dir='ltr'><strong>iudex</strong></span> <span class='ocrx_word' id='word_1_27' title='bbox 1470 861 1592 901; x_wconf 90' lang='lat' dir='ltr'><strong>cum</strong></span> <span class='ocrx_word' id='word_1_28' title='bbox 1622 850 1845 919; x_wconf 81' lang='lat' dir='ltr'><strong>prepria</strong></span> 
     </span>
    </p>
   </div>
   <div class='ocr_carea' id='block_1_9' title="bbox 1037 930 1802 998">
    <p class='ocr_par' dir='ltr' id='par_1_9' title="bbox 1037 930 1802 998">
     <span class='ocr_line' id='line_1_9' title="bbox 1037 930 1802 998; baseline 0.014 -11"><span class='ocrx_word' id='word_1_29' title='bbox 1037 930 1345 991; x_wconf 88' lang='lat' dir='ltr'><strong>Secundum</strong></span> <span class='ocrx_word' id='word_1_30' title='bbox 1370 938 1557 994; x_wconf 88' lang='lat' dir='ltr'><strong>reddet</strong></span> <span class='ocrx_word' id='word_1_31' title='bbox 1581 942 1802 998; x_wconf 75' lang='lat' dir='ltr'><strong>merita.</strong></span> 
     </span>
    </p>
   </div>
   <div class='ocr_carea' id='block_1_10' title="bbox 966 1020 1656 1100">
    <p class='ocr_par' dir='ltr' id='par_1_10' title="bbox 966 1020 1656 1100">
     <span class='ocr_line' id='line_1_10' title="bbox 966 1020 1656 1100; baseline 0.016 -23"><span class='ocrx_word' id='word_1_32' title='bbox 966 1020 1244 1082; x_wconf 85' lang='lat' dir='ltr'><strong>Stabimus</strong></span> <span class='ocrx_word' id='word_1_33' title='bbox 1269 1036 1326 1083; x_wconf 93' lang='lat' dir='ltr'><strong>et</strong></span> <span class='ocrx_word' id='word_1_34' title='bbox 1350 1033 1656 1100; x_wconf 86' lang='lat' dir='ltr'><strong>nos-pavidi</strong></span> 
     </span>
    </p>
   </div>
   <div class='ocr_carea' id='block_1_11' title="bbox 1030 1114 1566 1179">
    <p class='ocr_par' dir='ltr' id='par_1_11' title="bbox 1030 1114 1566 1179">
     <span class='ocr_line' id='line_1_11' title="bbox 1030 1114 1566 1179; baseline 0.017 -9"><span class='ocrx_word' id='word_1_35' title='bbox 1030 1114 1172 1173; x_wconf 90' lang='lat' dir='ltr'><strong>Ante</strong></span> <span class='ocrx_word' id='word_1_36' title='bbox 1202 1119 1438 1176; x_wconf 79' lang='lat' dir='ltr'><strong>tribunal</strong></span> <span class='ocrx_word' id='word_1_37' title='bbox 1467 1124 1566 1179; x_wconf 85' lang='lat' dir='ltr'><strong>Dei</strong></span> 
     </span>
    </p>
   </div>
   <div class='ocr_carea' id='block_1_12' title="bbox 1038 1207 1821 1283">
    <p class='ocr_par' dir='ltr' id='par_1_12' title="bbox 1038 1207 1821 1283">
     <span class='ocr_line' id='line_1_12' title="bbox 1038 1207 1821 1283; baseline 0.015 -20"><span class='ocrx_word' id='word_1_38' title='bbox 1038 1207 1452 1283; x_wconf 83' lang='lat' dir='ltr'><strong>Reddemusque</strong></span> <span class='ocrx_word' id='word_1_39' title='bbox 1474 1216 1540 1271; x_wconf 90' lang='lat' dir='ltr'><strong>de</strong></span> <span class='ocrx_word' id='word_1_40' title='bbox 1565 1218 1821 1275; x_wconf 83' lang='lat' dir='ltr'><strong>omnibus</strong></span> 
     </span>
    </p>
   </div>
   <div class='ocr_carea' id='block_1_13' title="bbox 1032 1299 1654 1377">
    <p class='ocr_par' dir='ltr' id='par_1_13' title="bbox 1032 1299 1654 1377">
     <span class='ocr_line' id='line_1_13' title="bbox 1032 1299 1654 1377; baseline 0.016 -22"><span class='ocrx_word' id='word_1_41' title='bbox 1032 1299 1321 1360; x_wconf 80' lang='lat' dir='ltr'><strong>Rationem</strong></span> <span class='ocrx_word' id='word_1_42' title='bbox 1356 1308 1654 1377; x_wconf 68' lang='lat' dir='ltr'><strong>affectibus,</strong></span> 
     </span>
    </p>
   </div>
   <div class='ocr_carea' id='block_1_14' title="bbox 1037 1390 1707 1472">
    <p class='ocr_par' dir='ltr' id='par_1_14' title="bbox 1037 1390 1707 1472">
     <span class='ocr_line' id='line_1_14' title="bbox 1037 1390 1707 1472; baseline 0.018 -26"><span class='ocrx_word' id='word_1_43' title='bbox 1037 1390 1235 1450; x_wconf 84' lang='lat' dir='ltr'><strong>Nostra</strong></span> <span class='ocrx_word' id='word_1_44' title='bbox 1263 1398 1509 1456; x_wconf 72' lang='lat' dir='ltr'><strong>videntes</strong></span> <span class='ocrx_word' id='word_1_45' title='bbox 1529 1403 1707 1472; x_wconf 89' lang='lat' dir='ltr'><strong>posita</strong></span> 
     </span>
    </p>
   </div>
   <div class='ocr_carea' id='block_1_15' title="bbox 1034 1484 1695 1561">
    <p class='ocr_par' dir='ltr' id='par_1_15' title="bbox 1034 1484 1695 1561">
     <span class='ocr_line' id='line_1_15' title="bbox 1034 1484 1695 1561; baseline 0.015 -22"><span class='ocrx_word' id='word_1_46' title='bbox 1034 1484 1177 1542; x_wconf 81' lang='lat' dir='ltr'><strong>Ante</strong></span> <span class='ocrx_word' id='word_1_47' title='bbox 1204 1488 1424 1546; x_wconf 78' lang='lat' dir='ltr'><strong>obtutus</strong></span> <span class='ocrx_word' id='word_1_48' title='bbox 1446 1493 1695 1561; x_wconf 84' lang='lat' dir='ltr'><strong>erimina,</strong></span> 
     </span>
    </p>
   </div>
   <div class='ocr_carea' id='block_1_16' title="bbox 962 1571 1637 1648">
    <p class='ocr_par' dir='ltr' id='par_1_16' title="bbox 962 1571 1637 1648">
     <span class='ocr_line' id='line_1_16' title="bbox 962 1571 1637 1648; baseline 0.015 -19"><span class='ocrx_word' id='word_1_49' title='bbox 962 1571 1264 1648; x_wconf 84' lang='lat' dir='ltr'><strong>Librosque</strong></span> <span class='ocrx_word' id='word_1_50' title='bbox 1288 1582 1637 1639; x_wconf 62' lang='lat' dir='ltr'><strong>conscientia</strong></span> 
     </span>
    </p>
   </div>
   <div class='ocr_carea' id='block_1_17' title="bbox 1033 1667 1632 1742">
    <p class='ocr_par' dir='ltr' id='par_1_17' title="bbox 1033 1667 1632 1742">
     <span class='ocr_line' id='line_1_17' title="bbox 1033 1667 1632 1742; baseline 0.012 -19"><span class='ocrx_word' id='word_1_51' title='bbox 1033 1667 1341 1729; x_wconf 84' lang='lat' dir='ltr'><strong>Patefactos</strong></span> <span class='ocrx_word' id='word_1_52' title='bbox 1370 1672 1422 1728; x_wconf 91' lang='lat' dir='ltr'><strong>in</strong></span> <span class='ocrx_word' id='word_1_53' title='bbox 1455 1674 1594 1729; x_wconf 89' lang='lat' dir='ltr'><strong>facie</strong></span> <span class='ocrx_word' id='word_1_54' title='bbox 1615 1692 1632 1742; x_wconf 92' lang='lat'><strong>;</strong></span> 
     </span>
    </p>
   </div>
   <div class='ocr_carea' id='block_1_18' title="bbox 1034 1761 1789 1838">
    <p class='ocr_par' dir='ltr' id='par_1_18' title="bbox 1034 1761 1789 1838">
     <span class='ocr_line' id='line_1_18' title="bbox 1034 1761 1789 1838; baseline 0.012 -22"><span class='ocrx_word' id='word_1_55' title='bbox 1034 1761 1093 1816; x_wconf 85' lang='lat' dir='ltr'><strong>in</strong></span> <span class='ocrx_word' id='word_1_56' title='bbox 1121 1763 1385 1836; x_wconf 76' lang='lat' dir='ltr'><strong>singultus</strong></span> <span class='ocrx_word' id='word_1_57' title='bbox 1418 1782 1789 1838; x_wconf 74' lang='lat' dir='ltr'><strong>erumpamus,</strong></span> 
     </span>
    </p>
   </div>
   <div class='ocr_carea' id='block_1_19' title="bbox 1028 1852 1723 1930">
    <p class='ocr_par' dir='ltr' id='par_1_19' title="bbox 1028 1852 1723 1930">
     <span class='ocr_line' id='line_1_19' title="bbox 1028 1852 1723 1930; baseline 0.013 -22"><span class='ocrx_word' id='word_1_58' title='bbox 1028 1852 1097 1909; x_wconf 83' lang='lat' dir='ltr'><strong>Et</strong></span> <span class='ocrx_word' id='word_1_59' title='bbox 1124 1854 1250 1911; x_wconf 80' lang='lat' dir='ltr'><strong>ﬂetu</strong></span> <span class='ocrx_word' id='word_1_60' title='bbox 1276 1858 1395 1914; x_wconf 90' lang='lat' dir='ltr'><strong>diro</strong></span> <span class='ocrx_word' id='word_1_61' title='bbox 1420 1875 1723 1930; x_wconf 86' lang='lat' dir='ltr'><strong>gememus,</strong></span> 
     </span>
    </p>
   </div>
   <div class='ocr_carea' id='block_1_20' title="bbox 1034 1944 1647 2009">
    <p class='ocr_par' dir='ltr' id='par_1_20' title="bbox 1034 1944 1647 2009">
     <span class='ocr_line' id='line_1_20' title="bbox 1034 1944 1647 2009; baseline 0.011 -8"><span class='ocrx_word' id='word_1_62' title='bbox 1034 1944 1322 2005; x_wconf 83' lang='lat' dir='ltr'><strong>Subtracta</strong></span> <span class='ocrx_word' id='word_1_63' title='bbox 1344 1954 1647 2009; x_wconf 79' lang='lat' dir='ltr'><strong>necessaria</strong></span> 
     </span>
    </p>
   </div>
   <div class='ocr_carea' id='block_1_21' title="bbox 1027 2035 1629 2110">
    <p class='ocr_par' dir='ltr' id='par_1_21' title="bbox 1027 2035 1629 2110">
     <span class='ocr_line' id='line_1_21' title="bbox 1027 2035 1629 2110; baseline 0.012 -17"><span class='ocrx_word' id='word_1_64' title='bbox 1027 2035 1301 2110; x_wconf 86' lang='lat' dir='ltr'><strong>Operandi</strong></span> <span class='ocrx_word' id='word_1_65' title='bbox 1325 2045 1576 2099; x_wconf 79' lang='lat' dir='ltr'><strong>materia.</strong></span> <span class='ocrx_word' id='word_1_66' title='bbox 1626 2042 1629 2045; x_wconf 79' lang='grc'><em>’</em></span> 
     </span>
    </p>
   </div>
   <div class='ocr_carea' id='block_1_22' title="bbox 961 2126 1781 2193">
    <p class='ocr_par' dir='ltr' id='par_1_22' title="bbox 961 2126 1781 2193">
     <span class='ocr_line' id='line_1_22' title="bbox 961 2126 1781 2193; baseline 0.011 -11"><span class='ocrx_word' id='word_1_67' title='bbox 961 2126 1113 2184; x_wconf 89' lang='lat' dir='ltr'><strong>Tunc</strong></span> <span class='ocrx_word' id='word_1_68' title='bbox 1139 2129 1322 2189; x_wconf 70' lang='lat' dir='ltr'><strong>fideles</strong></span> <span class='ocrx_word' id='word_1_69' title='bbox 1348 2148 1474 2189; x_wconf 81' lang='lat' dir='ltr'><strong>nam</strong></span> <span class='ocrx_word' id='word_1_70' title='bbox 1501 2135 1781 2193; x_wconf 63' lang='lat' dir='ltr'><strong>caelestem</strong></span> 
     </span>
    </p>
   </div>
   <div class='ocr_carea' id='block_1_23' title="bbox 944 2220 1818 2283">
    <p class='ocr_par' dir='ltr' id='par_1_23' title="bbox 944 2220 1818 2283">
     <span class='ocr_line' id='line_1_23' title="bbox 944 2220 1818 2283; baseline 0.008 -6"><span class='ocrx_word' id='word_1_71' title='bbox 944 2266 949 2277; x_wconf 94' lang='lat'><strong>.</strong></span> <span class='ocrx_word' id='word_1_72' title='bbox 1035 2220 1197 2277; x_wconf 84' lang='lat' dir='ltr'><strong>Urbis</strong></span> <span class='ocrx_word' id='word_1_73' title='bbox 1223 2238 1447 2280; x_wconf 81' lang='lat' dir='ltr'><strong>summae</strong></span> <span class='ocrx_word' id='word_1_74' title='bbox 1475 2224 1818 2283; x_wconf 79' lang='lat' dir='ltr'><strong>Hierusalem</strong></span> 
     </span>
    </p>
   </div>
   <div class='ocr_carea' id='block_1_24' title="bbox 1031 2307 1763 2388">
    <p class='ocr_par' dir='ltr' id='par_1_24' title="bbox 1031 2307 1763 2388">
     <span class='ocr_line' id='line_1_24' title="bbox 1031 2307 1763 2388; baseline 0.01 -21"><span class='ocrx_word' id='word_1_75' title='bbox 1031 2307 1398 2371; x_wconf 83' lang='lat' dir='ltr'><strong>Sustoilentur</strong></span> <span class='ocrx_word' id='word_1_76' title='bbox 1415 2317 1482 2371; x_wconf 85' lang='lat' dir='ltr'><strong>ad</strong></span> <span class='ocrx_word' id='word_1_77' title='bbox 1507 2318 1763 2388; x_wconf 74' lang='lat' dir='ltr'><strong>patriam,</strong></span> 
     </span>
    </p>
   </div>
   <div class='ocr_carea' id='block_1_25' title="bbox 1035 2397 1707 2475">
    <p class='ocr_par' dir='ltr' id='par_1_25' title="bbox 1035 2397 1707 2475">
     <span class='ocr_line' id='line_1_25' title="bbox 1035 2397 1707 2475; baseline 0.015 -22"><span class='ocrx_word' id='word_1_78' title='bbox 1035 2397 1337 2459; x_wconf 86' lang='lat' dir='ltr'><strong>lntroibunt</strong></span> <span class='ocrx_word' id='word_1_79' title='bbox 1361 2405 1430 2459; x_wconf 85' lang='lat' dir='ltr'><strong>ad</strong></span> <span class='ocrx_word' id='word_1_80' title='bbox 1457 2406 1707 2475; x_wconf 80' lang='lat' dir='ltr'><strong>gloriam,</strong></span> 
     </span>
    </p>
   </div>
   <div class='ocr_carea' id='block_1_26' title="bbox 1028 2488 1658 2567">
    <p class='ocr_par' dir='ltr' id='par_1_26' title="bbox 1028 2488 1658 2567">
     <span class='ocr_line' id='line_1_26' title="bbox 1028 2488 1658 2567; baseline 0.014 -23"><span class='ocrx_word' id='word_1_81' title='bbox 1028 2488 1132 2546; x_wconf 92' lang='lat' dir='ltr'><strong>Ubi</strong></span> <span class='ocrx_word' id='word_1_82' title='bbox 1161 2490 1329 2562; x_wconf 88' lang='lat' dir='ltr'><strong>fulget</strong></span> <span class='ocrx_word' id='word_1_83' title='bbox 1357 2509 1483 2551; x_wconf 76' lang='lat' dir='ltr'><strong>vera</strong></span> <span class='ocrx_word' id='word_1_84' title='bbox 1506 2498 1658 2567; x_wconf 83' lang='lat' dir='ltr'><strong>pacis</strong></span> 
     </span>
    </p>
   </div>
   <div class='ocr_carea' id='block_1_27' title="bbox 1036 2579 1876 2650">
    <p class='ocr_par' dir='ltr' id='par_1_27' title="bbox 1036 2579 1876 2650">
     <span class='ocr_line' id='line_1_27' title="bbox 1036 2579 1876 2650; baseline 0.013 -14"><span class='ocrx_word' id='word_1_85' title='bbox 1036 2579 1152 2637; x_wconf 80' lang='lat' dir='ltr'><strong>Lux</strong></span> <span class='ocrx_word' id='word_1_86' title='bbox 1184 2582 1452 2650; x_wconf 84' lang='lat' dir='ltr'><strong>Christus,</strong></span> <span class='ocrx_word' id='word_1_87' title='bbox 1477 2587 1559 2642; x_wconf 87' lang='lat' dir='ltr'><strong>sol</strong></span> <span class='ocrx_word' id='word_1_88' title='bbox 1582 2586 1876 2647; x_wconf 72' lang='lat' dir='ltr'><strong>mirabilis.</strong></span> 
     </span>
    </p>
   </div>
   <div class='ocr_carea' id='block_1_28' title="bbox 964 2669 1676 2741">
    <p class='ocr_par' dir='ltr' id='par_1_28' title="bbox 964 2669 1676 2741">
     <span class='ocr_line' id='line_1_28' title="bbox 964 2669 1676 2741; baseline 0.014 -17"><span class='ocrx_word' id='word_1_89' title='bbox 964 2669 1299 2741; x_wconf 83' lang='lat' dir='ltr'><strong>Hymnorum</strong></span> <span class='ocrx_word' id='word_1_90' title='bbox 1328 2676 1676 2734; x_wconf 87' lang='lat' dir='ltr'><strong>cantionibus</strong></span> 
     </span>
    </p>
   </div>
   <div class='ocr_carea' id='block_1_29' title="bbox 1034 2758 1647 2833">
    <p class='ocr_par' dir='ltr' id='par_1_29' title="bbox 1034 2758 1647 2833">
     <span class='ocr_line' id='line_1_29' title="bbox 1034 2758 1647 2833; baseline 0.013 -18"><span class='ocrx_word' id='word_1_91' title='bbox 1034 2758 1236 2818; x_wconf 88' lang='lat' dir='ltr'><strong>Sedulo</strong></span> <span class='ocrx_word' id='word_1_92' title='bbox 1261 2764 1647 2833; x_wconf 88' lang='lat' dir='ltr'><strong>tinnientibus,</strong></span> 
     </span>
    </p>
   </div>
   <div class='ocr_carea' id='block_1_30' title="bbox 1036 2850 1697 2928">
    <p class='ocr_par' dir='ltr' id='par_1_30' title="bbox 1036 2850 1697 2928">
     <span class='ocr_line' id='line_1_30' title="bbox 1036 2850 1697 2928; baseline 0.015 -22"><span class='ocrx_word' id='word_1_93' title='bbox 1036 2850 1253 2911; x_wconf 87' lang='lat' dir='ltr'><strong>Sanctis</strong></span> <span class='ocrx_word' id='word_1_94' title='bbox 1275 2857 1697 2928; x_wconf 76' lang='lat' dir='ltr'><strong>tripudiantibus</strong></span> 
     </span>
    </p>
   </div>
   <div class='ocr_carea' id='block_1_31' title="bbox 1035 2943 1723 3016">
    <p class='ocr_par' dir='ltr' id='par_1_31' title="bbox 1035 2943 1723 3016">
     <span class='ocr_line' id='line_1_31' title="bbox 1035 2943 1723 3016; baseline 0.013 -18"><span class='ocrx_word' id='word_1_95' title='bbox 1035 2943 1365 3016; x_wconf 88' lang='lat' dir='ltr'><strong>Angelorum</strong></span> <span class='ocrx_word' id='word_1_96' title='bbox 1392 2962 1459 3005; x_wconf 75' lang='lat' dir='ltr'><strong>ex.</strong></span> <span class='ocrx_word' id='word_1_97' title='bbox 1486 2950 1723 3007; x_wconf 84' lang='lat' dir='ltr'><strong>millibus</strong></span> 
     </span>
    </p>
   </div>
   <div class='ocr_carea' id='block_1_32' title="bbox 1032 3036 1623 3108">
    <p class='ocr_par' dir='ltr' id='par_1_32' title="bbox 1032 3036 1623 3108">
     <span class='ocr_line' id='line_1_32' title="bbox 1032 3036 1623 3108; baseline 0.012 -16"><span class='ocrx_word' id='word_1_98' title='bbox 1032 3036 1092 3092; x_wconf 85' lang='lat' dir='ltr'><strong>In</strong></span> <span class='ocrx_word' id='word_1_99' title='bbox 1118 3048 1343 3108; x_wconf 87' lang='lat' dir='ltr'><strong>paterna</strong></span> <span class='ocrx_word' id='word_1_100' title='bbox 1376 3041 1623 3100; x_wconf 86' lang='lat' dir='ltr'><strong>claritate</strong></span> 
     </span>
    </p>
   </div>
   <div class='ocr_carea' id='block_1_33' title="bbox 1034 3124 1940 3200">
    <p class='ocr_par' dir='ltr' id='par_1_33' title="bbox 1034 3124 1940 3200">
     <span class='ocr_line' id='line_1_33' title="bbox 1034 3124 1940 3200; baseline 0.013 -18"><span class='ocrx_word' id='word_1_101' title='bbox 1034 3124 1107 3183; x_wconf 87' lang='lat' dir='ltr'><strong>Se</strong></span> <span class='ocrx_word' id='word_1_102' title='bbox 1135 3130 1372 3200; x_wconf 75' lang='lat' dir='ltr'><strong>gaudent</strong></span> <span class='ocrx_word' id='word_1_103' title='bbox 1391 3132 1667 3190; x_wconf 87' lang='lat' dir='ltr'><strong>Christum</strong></span> <span class='ocrx_word' id='word_1_104' title='bbox 1686 3149 1940 3195; x_wconf 77' lang='lat' dir='ltr'><strong>cernere.</strong></span> 
     </span>
    </p>
   </div>
   <div class='ocr_carea' id='block_1_34' title="bbox 957 3215 1542 3295">
    <p class='ocr_par' dir='ltr' id='par_1_34' title="bbox 957 3215 1542 3295">
     <span class='ocr_line' id='line_1_34' title="bbox 957 3215 1542 3295; baseline 0.015 -22"><span class='ocrx_word' id='word_1_105' title='bbox 957 3215 1049 3275; x_wconf 85' lang='lat' dir='ltr'><strong>Sic</strong></span> <span class='ocrx_word' id='word_1_106' title='bbox 1072 3220 1263 3295; x_wconf 83' lang='lat' dir='ltr'><strong>viginti</strong></span> <span class='ocrx_word' id='word_1_107' title='bbox 1291 3222 1542 3282; x_wconf 74' lang='lat' dir='ltr'><strong>felicibus</strong></span> 
     </span>
    </p>
   </div>
   <div class='ocr_carea' id='block_1_35' title="bbox 1030 3307 1610 3377">
    <p class='ocr_par' dir='ltr' id='par_1_35' title="bbox 1030 3307 1610 3377">
     <span class='ocr_line' id='line_1_35' title="bbox 1030 3307 1610 3377; baseline 0.014 -14"><span class='ocrx_word' id='word_1_108' title='bbox 1030 3307 1276 3377; x_wconf 82' lang='lat' dir='ltr'><strong>Quatuor</strong></span> <span class='ocrx_word' id='word_1_109' title='bbox 1306 3314 1610 3371; x_wconf 88' lang='lat' dir='ltr'><strong>senioribus</strong></span> 
     </span>
    </p>
   </div>
   <div class='ocr_carea' id='block_1_36' title="bbox 1025 3397 1767 3472">
    <p class='ocr_par' dir='ltr' id='par_1_36' title="bbox 1025 3397 1767 3472">
     <span class='ocr_line' id='line_1_36' title="bbox 1025 3397 1767 3472; baseline 0.013 -18"><span class='ocrx_word' id='word_1_110' title='bbox 1025 3397 1266 3457; x_wconf 87' lang='lat' dir='ltr'><strong>Coronas</strong></span> <span class='ocrx_word' id='word_1_111' title='bbox 1288 3402 1403 3472; x_wconf 80' lang='lat' dir='ltr'><strong>jam</strong></span> <span class='ocrx_word' id='word_1_112' title='bbox 1427 3405 1767 3464; x_wconf 80' lang='lat' dir='ltr'><strong>mittentibus</strong></span> 
     </span>
    </p>
   </div>
   <div class='ocr_carea' id='block_1_37' title="bbox 1030 3488 1670 3565">
    <p class='ocr_par' dir='ltr' id='par_1_37' title="bbox 1030 3488 1670 3565">
     <span class='ocr_line' id='line_1_37' title="bbox 1030 3488 1670 3565; baseline 0.013 -22"><span class='ocrx_word' id='word_1_113' title='bbox 1030 3488 1173 3560; x_wconf 88' lang='lat' dir='ltr'><strong>Agni</strong></span> <span class='ocrx_word' id='word_1_114' title='bbox 1201 3490 1299 3547; x_wconf 90' lang='lat' dir='ltr'><strong>Dei</strong></span> <span class='ocrx_word' id='word_1_115' title='bbox 1320 3494 1420 3557; x_wconf 83' lang='lat' dir='ltr'><strong>sub</strong></span> <span class='ocrx_word' id='word_1_116' title='bbox 1440 3494 1670 3565; x_wconf 85' lang='lat' dir='ltr'><strong>pedibus</strong></span> 
     </span>
    </p>
   </div>
   <div class='ocr_carea' id='block_1_38' title="bbox 1027 3576 1749 3643">
    <p class='ocr_par' dir='ltr' id='par_1_38' title="bbox 1027 3576 1749 3643">
     <span class='ocr_line' id='line_1_38' title="bbox 1027 3576 1749 3643; baseline 0.01 -7"><span class='ocrx_word' id='word_1_117' title='bbox 1027 3576 1308 3636; x_wconf 83' lang='lat' dir='ltr'><strong>Laudatur</strong></span> <span class='ocrx_word' id='word_1_118' title='bbox 1338 3582 1511 3640; x_wconf 90' lang='lat' dir='ltr'><strong>tribus</strong></span> <span class='ocrx_word' id='word_1_119' title='bbox 1538 3584 1749 3643; x_wconf 82' lang='lat' dir='ltr'><strong>vicibus</strong></span> 
     </span>
    </p>
   </div>
   <div class='ocr_carea' id='block_1_39' title="bbox 1032 3666 1661 3731">
    <p class='ocr_par' dir='ltr' id='par_1_39' title="bbox 1032 3666 1661 3731">
     <span class='ocr_line' id='line_1_39' title="bbox 1032 3666 1661 3731; baseline 0.014 -9"><span class='ocrx_word' id='word_1_120' title='bbox 1032 3666 1271 3725; x_wconf 84' lang='lat' dir='ltr'><strong>Trinitas</strong></span> <span class='ocrx_word' id='word_1_121' title='bbox 1294 3673 1661 3731; x_wconf 79' lang='lat' dir='ltr'><strong>:eternaiibus.</strong></span> 
     </span>
    </p>
   </div>
   <div class='ocr_carea' id='block_1_40' title="bbox 956 3756 1714 3825">
    <p class='ocr_par' dir='ltr' id='par_1_40' title="bbox 956 3756 1714 3825">
     <span class='ocr_line' id='line_1_40' title="bbox 956 3756 1714 3825; baseline 0.015 -10"><span class='ocrx_word' id='word_1_122' title='bbox 956 3756 1049 3815; x_wconf 85' lang='lat' dir='ltr'><strong>Bis</strong></span> <span class='ocrx_word' id='word_1_123' title='bbox 1067 3759 1211 3819; x_wconf 90' lang='lat' dir='ltr'><strong>binis</strong></span> <span class='ocrx_word' id='word_1_124' title='bbox 1229 3777 1413 3820; x_wconf 86' lang='lat' dir='ltr'><strong>coram</strong></span> <span class='ocrx_word' id='word_1_125' title='bbox 1443 3769 1714 3825; x_wconf 87' lang='lat' dir='ltr'><strong>stantibus</strong></span> 
     </span>
    </p>
   </div>
   <div class='ocr_carea' id='block_1_41' title="bbox 1027 3851 1585 3926">
    <p class='ocr_par' dir='ltr' id='par_1_41' title="bbox 1027 3851 1585 3926">
     <span class='ocr_line' id='line_1_41' title="bbox 1027 3851 1585 3926; baseline 0.009 -16"><span class='ocrx_word' id='word_1_126' title='bbox 1027 3851 1212 3910; x_wconf 90' lang='lat' dir='ltr'><strong>Unitis</strong></span> <span class='ocrx_word' id='word_1_127' title='bbox 1235 3856 1585 3926; x_wconf 85' lang='lat' dir='ltr'><strong>animalibus,</strong></span> 
     </span>
    </p>
   </div>
   <div class='ocr_carea' id='block_1_42' title="bbox 1029 3940 1739 4013">
    <p class='ocr_par' dir='ltr' id='par_1_42' title="bbox 1029 3940 1739 4013">
     <span class='ocr_line' id='line_1_42' title="bbox 1029 3940 1739 4013; baseline 0.013 -15"><span class='ocrx_word' id='word_1_128' title='bbox 1029 3940 1211 4000; x_wconf 86' lang='lat' dir='ltr'><strong>Terna</strong></span> <span class='ocrx_word' id='word_1_129' title='bbox 1235 3943 1392 4013; x_wconf 80' lang='lat' dir='ltr'><strong>laude</strong></span> <span class='ocrx_word' id='word_1_130' title='bbox 1418 3948 1739 4006; x_wconf 86' lang='lat' dir='ltr'><strong>sonantibus</strong></span> 
     </span>
    </p>
   </div>
   <div class='ocr_carea' id='block_1_43' title="bbox 1034 4031 1841 4099">
    <p class='ocr_par' dir='ltr' id='par_1_43' title="bbox 1034 4031 1841 4099">
     <span class='ocr_line' id='line_1_43' title="bbox 1034 4031 1841 4099; baseline 0.01 -10"><span class='ocrx_word' id='word_1_131' title='bbox 1034 4031 1271 4091; x_wconf 89' lang='lat' dir='ltr'><strong>Sanetus</strong></span> <span class='ocrx_word' id='word_1_132' title='bbox 1295 4033 1534 4095; x_wconf 87' lang='lat' dir='ltr'><strong>Sabaoth</strong></span> <span class='ocrx_word' id='word_1_133' title='bbox 1557 4038 1841 4099; x_wconf 74' lang='lat' dir='ltr'><strong>Dominus.</strong></span> 
     </span>
    </p>
   </div>
   <div class='ocr_carea' id='block_1_44' title="bbox 1025 4120 1777 4199">
    <p class='ocr_par' dir='ltr' id='par_1_44' title="bbox 1025 4120 1777 4199">
     <span class='ocr_line' id='line_1_44' title="bbox 1025 4120 1777 4199; baseline 0.011 -21"><span class='ocrx_word' id='word_1_134' title='bbox 1025 4120 1142 4180; x_wconf 84' lang='lat' dir='ltr'><strong>Hac</strong></span> <span class='ocrx_word' id='word_1_135' title='bbox 1168 4125 1342 4183; x_wconf 86' lang='lat' dir='ltr'><strong>sancti</strong></span> <span class='ocrx_word' id='word_1_136' title='bbox 1364 4137 1586 4185; x_wconf 87' lang='lat' dir='ltr'><strong>manent</strong></span> <span class='ocrx_word' id='word_1_137' title='bbox 1605 4129 1777 4199; x_wconf 88' lang='lat' dir='ltr'><strong>gloria</strong></span> 
     </span>
    </p>
   </div>
   <div class='ocr_carea' id='block_1_45' title="bbox 1023 4213 1634 4275">
    <p class='ocr_par' dir='ltr' id='par_1_45' title="bbox 1023 4213 1634 4275">
     <span class='ocr_line' id='line_1_45' title="bbox 1023 4213 1634 4275; baseline 0.013 -8"><span class='ocrx_word' id='word_1_138' title='bbox 1023 4213 1071 4267; x_wconf 83' lang='lat' dir='ltr'><strong>A</strong></span> <span class='ocrx_word' id='word_1_139' title='bbox 1096 4215 1307 4273; x_wconf 67' lang='lat' dir='ltr'><strong>saeculis</strong></span> <span class='ocrx_word' id='word_1_140' title='bbox 1331 4215 1386 4272; x_wconf 90' lang='lat' dir='ltr'><strong>in</strong></span> <span class='ocrx_word' id='word_1_141' title='bbox 1417 4219 1634 4275; x_wconf 63' lang='lat' dir='ltr'><strong>secula.</strong></span> 
     </span>
    </p>
   </div>
   <div class='ocr_carea' id='block_1_46' title="bbox 953 4300 1652 4376">
    <p class='ocr_par' dir='ltr' id='par_1_46' title="bbox 953 4300 1652 4376">
     <span class='ocr_line' id='line_1_46' title="bbox 953 4300 1652 4376; baseline 0.011 -20"><span class='ocrx_word' id='word_1_142' title='bbox 953 4300 1121 4358; x_wconf 84' lang='lat' dir='ltr'><strong>Zelus</strong></span> <span class='ocrx_word' id='word_1_143' title='bbox 1148 4304 1294 4376; x_wconf 88' lang='lat' dir='ltr'><strong>ignis</strong></span> <span class='ocrx_word' id='word_1_144' title='bbox 1328 4304 1652 4364; x_wconf 88' lang='lat' dir='ltr'><strong>furibundus</strong></span> 
     </span>
    </p>
   </div>
   <div class='ocr_carea' id='block_1_47' title="bbox 893 4394 1697 4468">
    <p class='ocr_par' dir='ltr' id='par_1_47' title="bbox 893 4394 1697 4468">
     <span class='ocr_line' id='line_1_47' title="bbox 893 4394 1697 4468; baseline 0.01 -19"><span class='ocrx_word' id='word_1_145' title='bbox 893 4400 909 4415; x_wconf 77' lang='lat'><strong><em>‘</em></strong></span> <span class='ocrx_word' id='word_1_146' title='bbox 1019 4394 1313 4453; x_wconf 87' lang='lat' dir='ltr'><strong>Consumet</strong></span> <span class='ocrx_word' id='word_1_147' title='bbox 1334 4396 1697 4468; x_wconf 82' lang='lat' dir='ltr'><strong>adversarios,</strong></span> 
     </span>
    </p>
   </div>
   <div class='ocr_carea' id='block_1_48' title="bbox 1025 4486 1833 4553">
    <p class='ocr_par' dir='ltr' id='par_1_48' title="bbox 1025 4486 1833 4553">
     <span class='ocr_line' id='line_1_48' title="bbox 1025 4486 1833 4553; baseline 0.007 -8"><span class='ocrx_word' id='word_1_148' title='bbox 1025 4486 1283 4545; x_wconf 82' lang='lat' dir='ltr'><strong>Nolentes</strong></span> <span class='ocrx_word' id='word_1_149' title='bbox 1304 4489 1577 4547; x_wconf 82' lang='lat' dir='ltr'><strong>Christum</strong></span> <span class='ocrx_word' id='word_1_150' title='bbox 1606 4495 1833 4553; x_wconf 82' lang='lat' dir='ltr'><strong>credere</strong></span> 
     </span>
    </p>
   </div>
   <div class='ocr_carea' id='block_1_49' title="bbox 1025 4578 1647 4649">
    <p class='ocr_par' dir='ltr' id='par_1_49' title="bbox 1025 4578 1647 4649">
     <span class='ocr_line' id='line_1_49' title="bbox 1025 4578 1647 4649; baseline 0.008 -15"><span class='ocrx_word' id='word_1_151' title='bbox 1025 4578 1141 4635; x_wconf 86' lang='lat' dir='ltr'><strong>Deo</strong></span> <span class='ocrx_word' id='word_1_152' title='bbox 1167 4596 1198 4635; x_wconf 93' lang='lat' dir='ltr'><strong>a</strong></span> <span class='ocrx_word' id='word_1_153' title='bbox 1227 4580 1389 4637; x_wconf 88' lang='lat' dir='ltr'><strong>Patre</strong></span> <span class='ocrx_word' id='word_1_154' title='bbox 1412 4583 1647 4649; x_wconf 81' lang='lat' dir='ltr'><strong>venisse,</strong></span> 
     </span>
    </p>
   </div>
   <div class='ocr_carea' id='block_1_50' title="bbox 1020 4669 1646 4749">
    <p class='ocr_par' dir='ltr' id='par_1_50' title="bbox 1020 4669 1646 4749">
     <span class='ocr_line' id='line_1_50' title="bbox 1020 4669 1646 4749; baseline 0.003 -18"><span class='ocrx_word' id='word_1_155' title='bbox 1020 4669 1190 4732; x_wconf 76' lang='lat' dir='ltr'><strong>Retro</strong></span> <span class='ocrx_word' id='word_1_156' title='bbox 1213 4685 1377 4732; x_wconf 88' lang='lat' dir='ltr'><strong>ruunt</strong></span> <span class='ocrx_word' id='word_1_157' title='bbox 1402 4679 1646 4749; x_wconf 86' lang='lat' dir='ltr'><strong>perpetui</strong></span> 
     </span>
    </p>
   </div>
   <div class='ocr_carea' id='block_1_51' title="bbox 1022 4760 1717 4840">
    <p class='ocr_par' dir='ltr' id='par_1_51' title="bbox 1022 4760 1717 4840">
     <span class='ocr_line' id='line_1_51' title="bbox 1022 4760 1717 4840; baseline 0.006 -20"><span class='ocrx_word' id='word_1_158' title='bbox 1022 4764 1084 4821; x_wconf 90' lang='lat' dir='ltr'><strong>In</strong></span> <span class='ocrx_word' id='word_1_159' title='bbox 1113 4766 1253 4838; x_wconf 83' lang='lat' dir='ltr'><strong>ignis</strong></span> <span class='ocrx_word' id='word_1_160' title='bbox 1280 4760 1717 4840; x_wconf 76' lang='lat' dir='ltr'><strong>ﬂammasimpii.</strong></span> 
     </span>
    </p>
   </div>
   <div class='ocr_carea' id='block_1_52' title="bbox 952 4858 1614 4925">
    <p class='ocr_par' dir='ltr' id='par_1_52' title="bbox 952 4858 1614 4925">
     <span class='ocr_line' id='line_1_52' title="bbox 952 4858 1614 4925; baseline -0.002 -7"><span class='ocrx_word' id='word_1_161' title='bbox 952 4858 1058 4918; x_wconf 86' lang='lat' dir='ltr'><strong>Ubi</strong></span> <span class='ocrx_word' id='word_1_162' title='bbox 1086 4861 1358 4925; x_wconf 85' lang='lat' dir='ltr'><strong>habentur</strong></span> <span class='ocrx_word' id='word_1_163' title='bbox 1380 4862 1614 4917; x_wconf 81' lang='lat' dir='ltr'><strong>tenebrae</strong></span> 
     </span>
    </p>
   </div>
   <div class='ocr_carea' id='block_1_53' title="bbox 1023 4952 1726 5021">
    <p class='ocr_par' dir='ltr' id='par_1_53' title="bbox 1023 4952 1726 5021">
     <span class='ocr_line' id='line_1_53' title="bbox 1023 4952 1726 5021; baseline 0.001 -12"><span class='ocrx_word' id='word_1_164' title='bbox 1023 4952 1252 5009; x_wconf 77' lang='lat' dir='ltr'><strong>Vermes</strong></span> <span class='ocrx_word' id='word_1_165' title='bbox 1283 4961 1339 5008; x_wconf 91' lang='lat' dir='ltr'><strong>et</strong></span> <span class='ocrx_word' id='word_1_166' title='bbox 1364 4953 1496 5009; x_wconf 64' lang='lat' dir='ltr'><strong>dira</strong></span> <span class='ocrx_word' id='word_1_167' title='bbox 1515 4953 1726 5021; x_wconf 66' lang='lat' dir='ltr'><strong>bestias,</strong></span> 
     </span>
    </p>
   </div>
   <div class='ocr_carea' id='block_1_54' title="bbox 1017 5043 1633 5123">
    <p class='ocr_par' dir='ltr' id='par_1_54' title="bbox 1017 5043 1633 5123">
     <span class='ocr_line' id='line_1_54' title="bbox 1017 5043 1633 5123; baseline 0.002 -21"><span class='ocrx_word' id='word_1_168' title='bbox 1017 5043 1122 5102; x_wconf 90' lang='lat' dir='ltr'><strong>Ubi</strong></span> <span class='ocrx_word' id='word_1_169' title='bbox 1145 5046 1286 5118; x_wconf 83' lang='lat' dir='ltr'><strong>ignis</strong></span> <span class='ocrx_word' id='word_1_170' title='bbox 1305 5045 1633 5123; x_wconf 76' lang='lat' dir='ltr'><strong>sulphureus</strong></span> 
     </span>
    </p>
   </div>
   <div class='ocr_carea' id='block_1_55' title="bbox 1013 5134 1739 5202">
    <p class='ocr_par' dir='ltr' id='par_1_55' title="bbox 1013 5134 1739 5202">
     <span class='ocr_line' id='line_1_55' title="bbox 1013 5134 1739 5202; baseline 0.001 -12"><span class='ocrx_word' id='word_1_171' title='bbox 1013 5136 1185 5193; x_wconf 83' lang='lat' dir='ltr'><strong>Ardet</strong></span> <span class='ocrx_word' id='word_1_172' title='bbox 1210 5134 1443 5193; x_wconf 82' lang='lat' dir='ltr'><strong>ﬂammis</strong></span> <span class='ocrx_word' id='word_1_173' title='bbox 1461 5136 1739 5202; x_wconf 86' lang='lat' dir='ltr'><strong>edacibus,</strong></span> 
     </span>
    </p>
   </div>
   <div class='ocr_carea' id='block_1_56' title="bbox 1023 5228 1697 5302">
    <p class='ocr_par' dir='ltr' id='par_1_56' title="bbox 1023 5228 1697 5302">
     <span class='ocr_line' id='line_1_56' title="bbox 1023 5228 1697 5302; baseline 0 -17"><span class='ocrx_word' id='word_1_174' title='bbox 1023 5228 1126 5285; x_wconf 91' lang='lat' dir='ltr'><strong>Ubi</strong></span> <span class='ocrx_word' id='word_1_175' title='bbox 1150 5230 1359 5302; x_wconf 87' lang='lat' dir='ltr'><strong>rugitus</strong></span> <span class='ocrx_word' id='word_1_176' title='bbox 1392 5230 1697 5295; x_wconf 86' lang='lat' dir='ltr'><strong>hominum,</strong></span> 
     </span>
    </p>
   </div>
   <div class='ocr_carea' id='block_1_57' title="bbox 1030 5319 1824 5381">
    <p class='ocr_par' dir='ltr' id='par_1_57' title="bbox 1030 5319 1824 5381">
     <span class='ocr_line' id='line_1_57' title="bbox 1030 5319 1824 5381; baseline 0.001 -5"><span class='ocrx_word' id='word_1_177' title='bbox 1030 5319 1219 5378; x_wconf 82' lang='lat' dir='ltr'><strong>Fletus</strong></span> <span class='ocrx_word' id='word_1_178' title='bbox 1251 5330 1307 5379; x_wconf 91' lang='lat' dir='ltr'><strong>et</strong></span> <span class='ocrx_word' id='word_1_179' title='bbox 1333 5322 1534 5379; x_wconf 88' lang='lat' dir='ltr'><strong>stridor</strong></span> <span class='ocrx_word' id='word_1_180' title='bbox 1562 5321 1824 5381; x_wconf 85' lang='lat' dir='ltr'><strong>dentium.</strong></span> 
     </span>
    </p>
   </div>
   <div class='ocr_carea' id='block_1_58' title="bbox 842 5414 1621 5487">
    <p class='ocr_par' dir='ltr' id='par_1_58' title="bbox 842 5414 1621 5487">
     <span class='ocr_line' id='line_1_58' title="bbox 842 5414 1621 5487; baseline -0.005 -13"><span class='ocrx_word' id='word_1_181' title='bbox 842 5452 851 5461; x_wconf 88' lang='lat'><strong><em>-</em></strong></span> <span class='ocrx_word' id='word_1_182' title='bbox 951 5415 1051 5473; x_wconf 83' lang='lat' dir='ltr'><strong>Ubi</strong></span> <span class='ocrx_word' id='word_1_183' title='bbox 1080 5415 1340 5487; x_wconf 62' lang='lat' dir='ltr'><strong>gehennae</strong></span> <span class='ocrx_word' id='word_1_184' title='bbox 1361 5414 1621 5486; x_wconf 87' lang='lat' dir='ltr'><strong>gemitus,</strong></span> 
     </span>
    </p>
   </div>
   <div class='ocr_carea' id='block_1_59' title="bbox 1020 5507 1715 5573">
    <p class='ocr_par' dir='ltr' id='par_1_59' title="bbox 1020 5507 1715 5573">
     <span class='ocr_line' id='line_1_59' title="bbox 1020 5507 1715 5573; baseline -0.001 -10"><span class='ocrx_word' id='word_1_185' title='bbox 1020 5507 1319 5563; x_wconf 89' lang='lat' dir='ltr'><strong>Tonitruus</strong></span> <span class='ocrx_word' id='word_1_186' title='bbox 1347 5515 1403 5562; x_wconf 89' lang='lat' dir='ltr'><strong>et</strong></span> <span class='ocrx_word' id='word_1_187' title='bbox 1437 5507 1715 5573; x_wconf 87' lang='lat' dir='ltr'><strong>horridus,</strong></span> 
     </span>
    </p>
   </div>
   <div class='ocr_carea' id='block_1_60' title="bbox 1019 5597 1695 5657">
    <p class='ocr_par' dir='ltr' id='par_1_60' title="bbox 1019 5597 1695 5657">
     <span class='ocr_line' id='line_1_60' title="bbox 1019 5597 1695 5657; baseline -0.004 0"><span class='ocrx_word' id='word_1_188' title='bbox 1019 5600 1125 5657; x_wconf 88' lang='lat' dir='ltr'><strong>Ubi</strong></span> <span class='ocrx_word' id='word_1_189' title='bbox 1154 5600 1317 5655; x_wconf 91' lang='lat' dir='ltr'><strong>ardor</strong></span> <span class='ocrx_word' id='word_1_190' title='bbox 1336 5597 1695 5655; x_wconf 83' lang='lat' dir='ltr'><strong>ﬂammaticns</strong></span> 
     </span>
    </p>
   </div>
   <div class='ocr_carea' id='block_1_61' title="bbox 1025 5692 1775 5770">
    <p class='ocr_par' dir='ltr' id='par_1_61' title="bbox 1025 5692 1775 5770">
     <span class='ocr_line' id='line_1_61' title="bbox 1025 5692 1775 5770; baseline 0.003 -24"><span class='ocrx_word' id='word_1_191' title='bbox 1025 5692 1158 5749; x_wconf 89' lang='lat' dir='ltr'><strong>Sitis</strong></span> <span class='ocrx_word' id='word_1_192' title='bbox 1183 5693 1449 5762; x_wconf 84' lang='lat' dir='ltr'><strong>famisque</strong></span> <span class='ocrx_word' id='word_1_193' title='bbox 1476 5694 1775 5770; x_wconf 60' lang='lat' dir='ltr'><strong>maximus,</strong></span> 
     </span>
    </p>
   </div>
   <div class='ocr_carea' id='block_1_62' title="bbox 1031 5782 1685 5859">
    <p class='ocr_par' dir='ltr' id='par_1_62' title="bbox 1031 5782 1685 5859">
     <span class='ocr_line' id='line_1_62' title="bbox 1031 5782 1685 5859; baseline -0.009 -18"><span class='ocrx_word' id='word_1_194' title='bbox 1031 5782 1127 5841; x_wconf 76' lang='lat' dir='ltr'><strong>Ubi</strong></span> <span class='ocrx_word' id='word_1_195' title='bbox 1161 5790 1336 5839; x_wconf 90' lang='lat' dir='ltr'><strong>tortor</strong></span> <span class='ocrx_word' id='word_1_196' title='bbox 1363 5782 1685 5859; x_wconf 81' lang='lat' dir='ltr'><strong>durissimus</strong></span> 
     </span>
    </p>
   </div>
   <div class='ocr_carea' id='block_1_63' title="bbox 2291 491 2333 550">
    <p class='ocr_par' dir='ltr' id='par_1_63' title="bbox 2291 491 2333 550">
     <span class='ocr_line' id='line_1_63' title="bbox 2291 491 2333 550; baseline 0 0"><span class='ocrx_word' id='word_1_197' title='bbox 2291 491 2333 550; x_wconf 71' lang='grc' dir='ltr'>Α</span> 
     </span>
    </p>
   </div>
   <div class='ocr_carea' id='block_1_64' title="bbox 2709 494 3469 565">
    <p class='ocr_par' dir='ltr' id='par_1_64' title="bbox 2709 494 3469 565">
     <span class='ocr_line' id='line_1_64' title="bbox 2709 494 3469 565; baseline 0.013 -18"><span class='ocrx_word' id='word_1_198' title='bbox 2709 494 2883 562; x_wconf 74' lang='lat' dir='ltr'><strong>Auget</strong></span> <span class='ocrx_word' id='word_1_199' title='bbox 2906 510 3114 565; x_wconf 63' lang='lat' dir='ltr'><strong>poenam</strong></span> <span class='ocrx_word' id='word_1_200' title='bbox 3142 498 3254 550; x_wconf 77' lang='lat' dir='ltr'><strong>cum</strong></span> <span class='ocrx_word' id='word_1_201' title='bbox 3281 497 3469 558; x_wconf 61' lang='lat' dir='ltr'><strong>lan‘bns.</strong></span> 
     </span>
    </p>
   </div>
   <div class='ocr_carea' id='block_1_65' title="bbox 2638 583 3312 658">
    <p class='ocr_par' dir='ltr' id='par_1_65' title="bbox 2638 583 3312 658">
     <span class='ocr_line' id='line_1_65' title="bbox 2638 583 3312 658; baseline 0.007 -20"><span class='ocrx_word' id='word_1_202' title='bbox 2638 583 2803 639; x_wconf 85' lang='lat' dir='ltr'><strong>Satan</strong></span> <span class='ocrx_word' id='word_1_203' title='bbox 2830 595 2948 639; x_wconf 88' lang='lat' dir='ltr'><strong>atro</strong></span> <span class='ocrx_word' id='word_1_204' title='bbox 2970 602 3092 641; x_wconf 85' lang='lat' dir='ltr'><strong>cum</strong></span> <span class='ocrx_word' id='word_1_205' title='bbox 3115 588 3312 658; x_wconf 81' lang='lat' dir='ltr'><strong>agmine</strong></span> 
     </span>
    </p>
   </div>
   <div class='ocr_carea' id='block_1_66' title="bbox 2706 674 3379 742">
    <p class='ocr_par' dir='ltr' id='par_1_66' title="bbox 2706 674 3379 742">
     <span class='ocr_line' id='line_1_66' title="bbox 2706 674 3379 742; baseline 0.012 -13"><span class='ocrx_word' id='word_1_206' title='bbox 2706 674 2823 742; x_wconf 82' lang='lat' dir='ltr'><strong>Quo</strong></span> <span class='ocrx_word' id='word_1_207' title='bbox 2855 685 3068 732; x_wconf 87' lang='lat' dir='ltr'><strong>tenetur</strong></span> <span class='ocrx_word' id='word_1_208' title='bbox 3093 678 3148 732; x_wconf 93' lang='lat' dir='ltr'><strong>in</strong></span> <span class='ocrx_word' id='word_1_209' title='bbox 3179 694 3379 737; x_wconf 82' lang='lat' dir='ltr'><strong>carcere</strong></span> 
     </span>
    </p>
   </div>
   <div class='ocr_carea' id='block_1_67' title="bbox 2711 765 3308 833">
    <p class='ocr_par' dir='ltr' id='par_1_67' title="bbox 2711 765 3308 833">
     <span class='ocr_line' id='line_1_67' title="bbox 2711 765 3308 833; baseline 0.01 -14"><span class='ocrx_word' id='word_1_210' title='bbox 2711 765 2984 833; x_wconf 78' lang='lat' dir='ltr'><strong>Reiigatus</strong></span> <span class='ocrx_word' id='word_1_211' title='bbox 3010 768 3064 821; x_wconf 91' lang='lat' dir='ltr'><strong>in</strong></span> <span class='ocrx_word' id='word_1_212' title='bbox 3093 766 3308 825; x_wconf 85' lang='lat' dir='ltr'><strong>Tartara</strong></span> 
     </span>
    </p>
   </div>
   <div class='ocr_carea' id='block_1_68' title="bbox 2708 856 3257 915">
    <p class='ocr_par' dir='ltr' id='par_1_68' title="bbox 2708 856 3257 915">
     <span class='ocr_line' id='line_1_68' title="bbox 2708 856 3257 915; baseline 0.005 -3"><span class='ocrx_word' id='word_1_213' title='bbox 2708 856 2766 912; x_wconf 84' lang='lat' dir='ltr'><strong>In</strong></span> <span class='ocrx_word' id='word_1_214' title='bbox 2789 867 2989 912; x_wconf 57' lang='lat' dir='ltr'><strong>aeterna</strong></span> <span class='ocrx_word' id='word_1_215' title='bbox 3012 859 3257 915; x_wconf 79' lang='lat' dir='ltr'><strong>incendia</strong></span> 
     </span>
    </p>
   </div>
   <div class='ocr_carea' id='block_1_69' title="bbox 2712 946 3385 1021">
    <p class='ocr_par' dir='ltr' id='par_1_69' title="bbox 2712 946 3385 1021">
     <span class='ocr_line' id='line_1_69' title="bbox 2712 946 3385 1021; baseline 0.012 -21"><span class='ocrx_word' id='word_1_216' title='bbox 2712 946 3007 1018; x_wconf 86' lang='lat' dir='ltr'><strong>Cocytique</strong></span> <span class='ocrx_word' id='word_1_217' title='bbox 3029 948 3385 1021; x_wconf 83' lang='lat' dir='ltr'><strong>Charybdibus</strong></span> 
     </span>
    </p>
   </div>
   <div class='ocr_carea' id='block_1_70' title="bbox 2714 1034 3441 1111">
    <p class='ocr_par' dir='ltr' id='par_1_70' title="bbox 2714 1034 3441 1111">
     <span class='ocr_line' id='line_1_70' title="bbox 2714 1034 3441 1111; baseline 0.011 -21"><span class='ocrx_word' id='word_1_218' title='bbox 2714 1034 3108 1109; x_wconf 81' lang='lat' dir='ltr'><strong>Submergetur</strong></span> <span class='ocrx_word' id='word_1_219' title='bbox 3130 1041 3181 1094; x_wconf 87' lang='lat' dir='ltr'><strong>in</strong></span> <span class='ocrx_word' id='word_1_220' title='bbox 3204 1042 3441 1111; x_wconf 86' lang='lat' dir='ltr'><strong>gentibus,</strong></span> 
     </span>
    </p>
   </div>
   <div class='ocr_carea' id='block_1_71' title="bbox 2640 1125 3231 1186">
    <p class='ocr_par' dir='ltr' id='par_1_71' title="bbox 2640 1125 3231 1186">
     <span class='ocr_line' id='line_1_71' title="bbox 2640 1125 3231 1186; baseline 0.008 -5"><span class='ocrx_word' id='word_1_221' title='bbox 2640 1125 2686 1181; x_wconf 90' lang='grc' dir='ltr'><strong>Ο</strong></span> <span class='ocrx_word' id='word_1_222' title='bbox 2709 1127 2849 1183; x_wconf 88' lang='lat' dir='ltr'><strong>Deus</strong></span> <span class='ocrx_word' id='word_1_223' title='bbox 2878 1130 2990 1183; x_wconf 82' lang='lat' dir='ltr'><strong>veri</strong></span> <span class='ocrx_word' id='word_1_224' title='bbox 3012 1129 3231 1186; x_wconf 85' lang='lat' dir='ltr'><strong>luminis</strong></span> 
     </span>
    </p>
   </div>
   <div class='ocr_carea' id='block_1_72' title="bbox 2713 1219 3442 1289">
    <p class='ocr_par' dir='ltr' id='par_1_72' title="bbox 2713 1219 3442 1289">
     <span class='ocr_line' id='line_1_72' title="bbox 2713 1219 3442 1289; baseline 0.007 -16"><span class='ocrx_word' id='word_1_225' title='bbox 2713 1219 2917 1274; x_wconf 79' lang='lat' dir='ltr'><strong>Auctor</strong></span> <span class='ocrx_word' id='word_1_226' title='bbox 2936 1228 2992 1274; x_wconf 90' lang='lat' dir='ltr'><strong>et</strong></span> <span class='ocrx_word' id='word_1_227' title='bbox 3014 1222 3193 1277; x_wconf 90' lang='lat' dir='ltr'><strong>omnis</strong></span> <span class='ocrx_word' id='word_1_228' title='bbox 3216 1223 3442 1289; x_wconf 83' lang='lat' dir='ltr'><strong>hominis,</strong></span> 
     </span>
    </p>
   </div>
   <div class='ocr_carea' id='block_1_73' title="bbox 2710 1310 3381 1384">
    <p class='ocr_par' dir='ltr' id='par_1_73' title="bbox 2710 1310 3381 1384">
     <span class='ocr_line' id='line_1_73' title="bbox 2710 1310 3381 1384; baseline 0.007 -19"><span class='ocrx_word' id='word_1_229' title='bbox 2710 1310 2874 1366; x_wconf 78' lang='lat' dir='ltr'><strong>Miser</strong></span> <span class='ocrx_word' id='word_1_230' title='bbox 2897 1329 2997 1384; x_wconf 83' lang='lat' dir='ltr'><strong>ego</strong></span> <span class='ocrx_word' id='word_1_231' title='bbox 3025 1315 3157 1384; x_wconf 87' lang='lat' dir='ltr'><strong>quid</strong></span> <span class='ocrx_word' id='word_1_232' title='bbox 3186 1314 3381 1380; x_wconf 83' lang='lat' dir='ltr'><strong>faciam,</strong></span> 
     </span>
    </p>
   </div>
   <div class='ocr_carea' id='block_1_74' title="bbox 2712 1401 3406 1477">
    <p class='ocr_par' dir='ltr' id='par_1_74' title="bbox 2712 1401 3406 1477">
     <span class='ocr_line' id='line_1_74' title="bbox 2712 1401 3406 1477; baseline 0.006 -20"><span class='ocrx_word' id='word_1_233' title='bbox 2712 1401 2863 1459; x_wconf 87' lang='lat' dir='ltr'><strong>Tunc</strong></span> <span class='ocrx_word' id='word_1_234' title='bbox 2889 1405 2980 1460; x_wconf 91' lang='lat' dir='ltr'><strong>ubi</strong></span> <span class='ocrx_word' id='word_1_235' title='bbox 3013 1414 3176 1477; x_wconf 88' lang='lat' dir='ltr'><strong>atque</strong></span> <span class='ocrx_word' id='word_1_236' title='bbox 3206 1406 3406 1476; x_wconf 83' lang='lat' dir='ltr'><strong>fugiam,</strong></span> 
     </span>
    </p>
   </div>
   <div class='ocr_carea' id='block_1_75' title="bbox 2715 1492 3510 1557">
    <p class='ocr_par' dir='ltr' id='par_1_75' title="bbox 2715 1492 3510 1557">
     <span class='ocr_line' id='line_1_75' title="bbox 2715 1492 3510 1557; baseline 0.01 -9"><span class='ocrx_word' id='word_1_237' title='bbox 2715 1492 2848 1548; x_wconf 91' lang='lat' dir='ltr'><strong>Cum</strong></span> <span class='ocrx_word' id='word_1_238' title='bbox 2878 1501 3077 1552; x_wconf 89' lang='lat' dir='ltr'><strong>tremet</strong></span> <span class='ocrx_word' id='word_1_239' title='bbox 3106 1499 3283 1552; x_wconf 87' lang='lat' dir='ltr'><strong>mundi</strong></span> <span class='ocrx_word' id='word_1_240' title='bbox 3307 1500 3510 1557; x_wconf 81' lang='lat' dir='ltr'><strong>machina</strong></span> 
     </span>
    </p>
   </div>
   <div class='ocr_carea' id='block_1_76' title="bbox 2715 1585 3522 1646">
    <p class='ocr_par' dir='ltr' id='par_1_76' title="bbox 2715 1585 3522 1646">
     <span class='ocr_line' id='line_1_76' title="bbox 2715 1585 3522 1646; baseline 0.005 -5"><span class='ocrx_word' id='word_1_241' title='bbox 2715 1585 2828 1642; x_wconf 89' lang='lat' dir='ltr'><strong>Sub</strong></span> <span class='ocrx_word' id='word_1_242' title='bbox 2858 1585 3199 1643; x_wconf 80' lang='lat' dir='ltr'><strong>ﬂammarum</strong></span> <span class='ocrx_word' id='word_1_243' title='bbox 3223 1592 3522 1646; x_wconf 72' lang='lat' dir='ltr'><strong>monarchiai</strong></span> 
     </span>
    </p>
   </div>
   <div class='ocr_carea' id='block_1_77' title="bbox 2665 1674 3477 1749">
    <p class='ocr_par' dir='ltr' id='par_1_77' title="bbox 2665 1674 3477 1749">
     <span class='ocr_line' id='line_1_77' title="bbox 2665 1674 3477 1749; baseline 0.006 -19"><span class='ocrx_word' id='word_1_244' title='bbox 2665 1674 2784 1743; x_wconf 88' lang='lat' dir='ltr'><strong>Quo</strong></span> <span class='ocrx_word' id='word_1_245' title='bbox 2808 1692 2894 1730; x_wconf 89' lang='lat' dir='ltr'><strong>me</strong></span> <span class='ocrx_word' id='word_1_246' title='bbox 2920 1685 3035 1731; x_wconf 78' lang='lat' dir='ltr'><strong>tum</strong></span> <span class='ocrx_word' id='word_1_247' title='bbox 3058 1693 3272 1749; x_wconf 86' lang='lat' dir='ltr'><strong>possum</strong></span> <span class='ocrx_word' id='word_1_248' title='bbox 3297 1688 3477 1735; x_wconf 74' lang='lat' dir='ltr'><strong>vertere</strong></span> 
     </span>
    </p>
   </div>
   <div class='ocr_carea' id='block_1_78' title="bbox 2718 1764 3345 1837">
    <p class='ocr_par' dir='ltr' id='par_1_78' title="bbox 2718 1764 3345 1837">
     <span class='ocr_line' id='line_1_78' title="bbox 2718 1764 3345 1837; baseline 0.006 -18"><span class='ocrx_word' id='word_1_249' title='bbox 2718 1764 2793 1820; x_wconf 84' lang='lat' dir='ltr'><strong>Et</strong></span> <span class='ocrx_word' id='word_1_250' title='bbox 2818 1765 3074 1837; x_wconf 72' lang='lat' dir='ltr'><strong>suffragia</strong></span> <span class='ocrx_word' id='word_1_251' title='bbox 3097 1782 3345 1837; x_wconf 64' lang='lat' dir='ltr'><strong>quaerere,</strong></span> 
     </span>
    </p>
   </div>
   <div class='ocr_carea' id='block_1_79' title="bbox 2712 1854 3437 1912">
    <p class='ocr_par' dir='ltr' id='par_1_79' title="bbox 2712 1854 3437 1912">
     <span class='ocr_line' id='line_1_79' title="bbox 2712 1854 3437 1912; baseline 0.001 -1"><span class='ocrx_word' id='word_1_252' title='bbox 2712 1854 2846 1911; x_wconf 90' lang='lat' dir='ltr'><strong>Cum</strong></span> <span class='ocrx_word' id='word_1_253' title='bbox 2873 1864 3067 1911; x_wconf 88' lang='lat' dir='ltr'><strong>contra</strong></span> <span class='ocrx_word' id='word_1_254' title='bbox 3090 1872 3179 1912; x_wconf 86' lang='lat' dir='ltr'><strong>me</strong></span> <span class='ocrx_word' id='word_1_255' title='bbox 3199 1858 3437 1912; x_wconf 83' lang='lat' dir='ltr'><strong>sententia</strong></span> 
     </span>
    </p>
   </div>
   <div class='ocr_carea' id='block_1_80' title="bbox 2712 1946 3558 2020">
    <p class='ocr_par' dir='ltr' id='par_1_80' title="bbox 2712 1946 3558 2020">
     <span class='ocr_line' id='line_1_80' title="bbox 2712 1946 3558 2020; baseline 0.004 -18"><span class='ocrx_word' id='word_1_256' title='bbox 2712 1946 2992 2003; x_wconf 86' lang='lat' dir='ltr'><strong>Profertur</strong></span> <span class='ocrx_word' id='word_1_257' title='bbox 3023 1949 3083 2004; x_wconf 89' lang='lat' dir='ltr'><strong>in</strong></span> <span class='ocrx_word' id='word_1_258' title='bbox 3112 1964 3299 2020; x_wconf 85' lang='lat' dir='ltr'><strong>magna</strong></span> <span class='ocrx_word' id='word_1_259' title='bbox 3326 1952 3558 2020; x_wconf 74' lang='lat' dir='ltr'><strong>angustia?</strong></span> 
     </span>
    </p>
   </div>
   <div class='ocr_carea' id='block_1_81' title="bbox 2710 2037 3377 2106">
    <p class='ocr_par' dir='ltr' id='par_1_81' title="bbox 2710 2037 3377 2106">
     <span class='ocr_line' id='line_1_81' title="bbox 2710 2037 3377 2106; baseline 0.003 -14"><span class='ocrx_word' id='word_1_260' title='bbox 2710 2037 2950 2095; x_wconf 85' lang='lat' dir='ltr'><strong>Accusor</strong></span> <span class='ocrx_word' id='word_1_261' title='bbox 2969 2053 3099 2095; x_wconf 87' lang='lat' dir='ltr'><strong>reus</strong></span> <span class='ocrx_word' id='word_1_262' title='bbox 3130 2040 3377 2106; x_wconf 87' lang='lat' dir='ltr'><strong>criminis,</strong></span> 
     </span>
    </p>
   </div>
   <div class='ocr_carea' id='block_1_82' title="bbox 2714 2127 3454 2199">
    <p class='ocr_par' dir='ltr' id='par_1_82' title="bbox 2714 2127 3454 2199">
     <span class='ocr_line' id='line_1_82' title="bbox 2714 2127 3454 2199; baseline 0.003 -16"><span class='ocrx_word' id='word_1_263' title='bbox 2714 2127 2847 2183; x_wconf 92' lang='lat' dir='ltr'><strong>Cum</strong></span> <span class='ocrx_word' id='word_1_264' title='bbox 2874 2143 2983 2184; x_wconf 90' lang='lat' dir='ltr'><strong>non</strong></span> <span class='ocrx_word' id='word_1_265' title='bbox 3009 2130 3085 2184; x_wconf 88' lang='lat' dir='ltr'><strong>sit</strong></span> <span class='ocrx_word' id='word_1_266' title='bbox 3111 2128 3262 2185; x_wconf 77' lang='lat' dir='ltr'><strong>favor</strong></span> <span class='ocrx_word' id='word_1_267' title='bbox 3281 2131 3454 2199; x_wconf 85' lang='lat' dir='ltr'><strong>operis.</strong></span> 
     </span>
    </p>
   </div>
   <div class='ocr_carea' id='block_1_83' title="bbox 2641 2218 3436 2290">
    <p class='ocr_par' dir='ltr' id='par_1_83' title="bbox 2641 2218 3436 2290">
     <span class='ocr_line' id='line_1_83' title="bbox 2641 2218 3436 2290; baseline 0.001 -16"><span class='ocrx_word' id='word_1_268' title='bbox 2641 2218 2911 2275; x_wconf 85' lang='lat' dir='ltr'><strong>Damnant</strong></span> <span class='ocrx_word' id='word_1_269' title='bbox 2935 2235 3025 2275; x_wconf 88' lang='lat' dir='ltr'><strong>me</strong></span> <span class='ocrx_word' id='word_1_270' title='bbox 3051 2219 3197 2276; x_wconf 88' lang='lat' dir='ltr'><strong>facta</strong></span> <span class='ocrx_word' id='word_1_271' title='bbox 3223 2221 3436 2290; x_wconf 85' lang='lat' dir='ltr'><strong>propria,</strong></span> 
     </span>
    </p>
   </div>
   <div class='ocr_carea' id='block_1_84' title="bbox 2707 2308 3399 2377">
    <p class='ocr_par' dir='ltr' id='par_1_84' title="bbox 2707 2308 3399 2377">
     <span class='ocr_line' id='line_1_84' title="bbox 2707 2308 3399 2377; baseline 0 -12"><span class='ocrx_word' id='word_1_272' title='bbox 2707 2308 3005 2365; x_wconf 77' lang='lat' dir='ltr'><strong>Verborum</strong></span> <span class='ocrx_word' id='word_1_273' title='bbox 3034 2311 3207 2366; x_wconf 88' lang='lat' dir='ltr'><strong>multa</strong></span> <span class='ocrx_word' id='word_1_274' title='bbox 3230 2312 3399 2377; x_wconf 86' lang='lat' dir='ltr'><strong>millia,</strong></span> 
     </span>
    </p>
   </div>
   <div class='ocr_carea' id='block_1_85' title="bbox 2709 2399 3442 2458">
    <p class='ocr_par' dir='ltr' id='par_1_85' title="bbox 2709 2399 3442 2458">
     <span class='ocr_line' id='line_1_85' title="bbox 2709 2399 3442 2458; baseline 0.003 -4"><span class='ocrx_word' id='word_1_275' title='bbox 2709 2399 2878 2456; x_wconf 84' lang='lat' dir='ltr'><strong>Amor</strong></span> <span class='ocrx_word' id='word_1_276' title='bbox 2904 2403 3085 2458; x_wconf 85' lang='lat' dir='ltr'><strong>malus</strong></span> <span class='ocrx_word' id='word_1_277' title='bbox 3108 2418 3231 2458; x_wconf 89' lang='lat' dir='ltr'><strong>cum</strong></span> <span class='ocrx_word' id='word_1_278' title='bbox 3252 2405 3442 2458; x_wconf 87' lang='lat' dir='ltr'><strong>rubore.</strong></span> 
     </span>
    </p>
   </div>
   <div class='ocr_carea' id='block_1_86' title="bbox 2713 2486 3415 2552">
    <p class='ocr_par' dir='ltr' id='par_1_86' title="bbox 2713 2486 3415 2552">
     <span class='ocr_line' id='line_1_86' title="bbox 2713 2486 3415 2552; baseline 0.004 -4"><span class='ocrx_word' id='word_1_279' title='bbox 2713 2493 2798 2548; x_wconf 81' lang='lat' dir='ltr'><strong>Ira</strong></span> <span class='ocrx_word' id='word_1_280' title='bbox 2823 2494 2955 2549; x_wconf 68' lang='lat' dir='ltr'><strong>rixa:</strong></span> <span class='ocrx_word' id='word_1_281' title='bbox 2981 2504 3041 2549; x_wconf 90' lang='lat' dir='ltr'><strong>et</strong></span> <span class='ocrx_word' id='word_1_282' title='bbox 3067 2496 3288 2552; x_wconf 59' lang='lat' dir='ltr'><strong>nucum</strong></span> <span class='ocrx_word' id='word_1_283' title='bbox 3406 2486 3415 2496; x_wconf 86' lang='grc'><strong>’</strong></span> 
     </span>
    </p>
   </div>
   <div class='ocr_carea' id='block_1_87' title="bbox 2715 2586 3435 2657">
    <p class='ocr_par' dir='ltr' id='par_1_87' title="bbox 2715 2586 3435 2657">
     <span class='ocr_line' id='line_1_87' title="bbox 2715 2586 3435 2657; baseline 0.003 -16"><span class='ocrx_word' id='word_1_284' title='bbox 2715 2586 2910 2641; x_wconf 87' lang='lat' dir='ltr'><strong>Totum</strong></span> <span class='ocrx_word' id='word_1_285' title='bbox 2939 2596 3097 2657; x_wconf 84' lang='lat' dir='ltr'><strong>patet</strong></span> <span class='ocrx_word' id='word_1_286' title='bbox 3122 2589 3182 2643; x_wconf 84' lang='lat' dir='ltr'><strong>in</strong></span> <span class='ocrx_word' id='word_1_287' title='bbox 3205 2587 3395 2643; x_wconf 84' lang='lat' dir='ltr'><strong>lumine</strong></span> <span class='ocrx_word' id='word_1_288' title='bbox 3426 2591 3435 2605; x_wconf 92' lang='lat'>&#39;</span> 
     </span>
    </p>
   </div>
   <div class='ocr_carea' id='block_1_88' title="bbox 2711 2675 3357 2748">
    <p class='ocr_par' dir='ltr' id='par_1_88' title="bbox 2711 2675 3357 2748">
     <span class='ocr_line' id='line_1_88' title="bbox 2711 2675 3357 2748; baseline 0.002 -17"><span class='ocrx_word' id='word_1_289' title='bbox 2711 2675 2907 2732; x_wconf 75' lang='lat' dir='ltr'><strong>Mentis</strong></span> <span class='ocrx_word' id='word_1_290' title='bbox 2929 2677 2985 2732; x_wconf 82' lang='lat' dir='ltr'><strong>et</strong></span> <span class='ocrx_word' id='word_1_291' title='bbox 3006 2678 3357 2748; x_wconf 77' lang='lat' dir='ltr'><strong>penetrabile.</strong></span> 
     </span>
    </p>
   </div>
   <div class='ocr_carea' id='block_1_89' title="bbox 2640 2766 3512 2839">
    <p class='ocr_par' dir='ltr' id='par_1_89' title="bbox 2640 2766 3512 2839">
     <span class='ocr_line' id='line_1_89' title="bbox 2640 2766 3512 2839; baseline -0.002 -15"><span class='ocrx_word' id='word_1_292' title='bbox 2640 2766 2817 2824; x_wconf 86' lang='lat' dir='ltr'><strong>Cerno</strong></span> <span class='ocrx_word' id='word_1_293' title='bbox 2841 2777 3089 2824; x_wconf 85' lang='lat' dir='ltr'><strong>tremens</strong></span> <span class='ocrx_word' id='word_1_294' title='bbox 3117 2770 3258 2839; x_wconf 84' lang='lat' dir='ltr'><strong>quod</strong></span> <span class='ocrx_word' id='word_1_295' title='bbox 3290 2770 3512 2834; x_wconf 70' lang='lat' dir='ltr'><strong>feceram,</strong></span> 
     </span>
    </p>
   </div>
   <div class='ocr_carea' id='block_1_90' title="bbox 2711 2857 3467 2931">
    <p class='ocr_par' dir='ltr' id='par_1_90' title="bbox 2711 2857 3467 2931">
     <span class='ocr_line' id='line_1_90' title="bbox 2711 2857 3467 2931; baseline 0 -16"><span class='ocrx_word' id='word_1_296' title='bbox 2711 2857 2783 2915; x_wconf 85' lang='lat' dir='ltr'><strong>Et</strong></span> <span class='ocrx_word' id='word_1_297' title='bbox 2802 2860 2893 2914; x_wconf 87' lang='lat' dir='ltr'><strong>diu</strong></span> <span class='ocrx_word' id='word_1_298' title='bbox 2920 2862 3071 2931; x_wconf 81' lang='lat' dir='ltr'><strong>quod</strong></span> <span class='ocrx_word' id='word_1_299' title='bbox 3094 2860 3400 2925; x_wconf 71' lang='lat' dir='ltr'><strong>celaveram,</strong></span> <span class='ocrx_word' id='word_1_300' title='bbox 3462 2902 3467 2905; x_wconf 83' lang='grc'><strong>-</strong></span> 
     </span>
    </p>
   </div>
   <div class='ocr_carea' id='block_1_91' title="bbox 2712 2949 3347 3025">
    <p class='ocr_par' dir='ltr' id='par_1_91' title="bbox 2712 2949 3347 3025">
     <span class='ocr_line' id='line_1_91' title="bbox 2712 2949 3347 3025; baseline -0.003 -17"><span class='ocrx_word' id='word_1_301' title='bbox 2712 2949 2827 3008; x_wconf 84' lang='lat' dir='ltr'><strong>Nec</strong></span> <span class='ocrx_word' id='word_1_302' title='bbox 2852 2951 3116 3022; x_wconf 77' lang='lat' dir='ltr'><strong>adjuvant</strong></span> <span class='ocrx_word' id='word_1_303' title='bbox 3142 2951 3347 3025; x_wconf 65' lang='lat' dir='ltr'><strong>soiatia,</strong></span> 
     </span>
    </p>
   </div>
   <div class='ocr_carea' id='block_1_92' title="bbox 2719 3038 3426 3106">
    <p class='ocr_par' dir='ltr' id='par_1_92' title="bbox 2719 3038 3426 3106">
     <span class='ocr_line' id='line_1_92' title="bbox 2719 3038 3426 3106; baseline -0.001 -10"><span class='ocrx_word' id='word_1_304' title='bbox 2719 3038 2899 3096; x_wconf 87' lang='lat' dir='ltr'><strong>Patris</strong></span> <span class='ocrx_word' id='word_1_305' title='bbox 2923 3048 2977 3097; x_wconf 86' lang='lat' dir='ltr'><strong>et</strong></span> <span class='ocrx_word' id='word_1_306' title='bbox 3003 3042 3205 3097; x_wconf 84' lang='lat' dir='ltr'><strong>matris</strong></span> <span class='ocrx_word' id='word_1_307' title='bbox 3226 3040 3426 3106; x_wconf 77' lang='lat' dir='ltr'><strong>lamina,</strong></span> 
     </span>
    </p>
   </div>
   <div class='ocr_carea' id='block_1_93' title="bbox 2716 3132 3349 3190">
    <p class='ocr_par' dir='ltr' id='par_1_93' title="bbox 2716 3132 3349 3190">
     <span class='ocr_line' id='line_1_93' title="bbox 2716 3132 3349 3190; baseline -0.002 -1"><span class='ocrx_word' id='word_1_308' title='bbox 2716 3132 2897 3190; x_wconf 84' lang='lat' dir='ltr'><strong>Turba</strong></span> <span class='ocrx_word' id='word_1_309' title='bbox 2922 3148 3025 3190; x_wconf 77' lang='lat' dir='ltr'><strong>nec</strong></span> <span class='ocrx_word' id='word_1_310' title='bbox 3057 3133 3349 3189; x_wconf 86' lang='lat' dir='ltr'><strong>amicabilis</strong></span> 
     </span>
    </p>
   </div>
   <div class='ocr_carea' id='block_1_94' title="bbox 2710 3223 3434 3298">
    <p class='ocr_par' dir='ltr' id='par_1_94' title="bbox 2710 3223 3434 3298">
     <span class='ocr_line' id='line_1_94' title="bbox 2710 3223 3434 3298; baseline -0.001 -16"><span class='ocrx_word' id='word_1_311' title='bbox 2710 3223 2942 3282; x_wconf 74' lang='lat' dir='ltr'><strong>Przestat</strong></span> <span class='ocrx_word' id='word_1_312' title='bbox 2959 3227 3219 3298; x_wconf 69' lang='lat' dir='ltr'><strong>juvamea</strong></span> <span class='ocrx_word' id='word_1_313' title='bbox 3246 3225 3434 3283; x_wconf 77' lang='lat' dir='ltr'><strong>debilis.</strong></span> 
     </span>
    </p>
   </div>
   <div class='ocr_carea' id='block_1_95' title="bbox 2582 3316 3390 3388">
    <p class='ocr_par' dir='ltr' id='par_1_95' title="bbox 2582 3316 3390 3388">
     <span class='ocr_line' id='line_1_95' title="bbox 2582 3316 3390 3388; baseline 0.005 -17"><span class='ocrx_word' id='word_1_314' title='bbox 2582 3355 2615 3371; x_wconf 88' lang='lat'><strong>..</strong></span> <span class='ocrx_word' id='word_1_315' title='bbox 2646 3316 2798 3375; x_wconf 89' lang='lat' dir='ltr'><strong>Unde</strong></span> <span class='ocrx_word' id='word_1_316' title='bbox 2827 3319 2973 3375; x_wconf 85' lang='lat' dir='ltr'><strong>salus</strong></span> <span class='ocrx_word' id='word_1_317' title='bbox 2990 3317 3130 3388; x_wconf 73' lang='lat' dir='ltr'><strong>iam,</strong></span> <span class='ocrx_word' id='word_1_318' title='bbox 3158 3319 3390 3384; x_wconf 78' lang='lat' dir='ltr'><strong>Domine,</strong></span> 
     </span>
    </p>
   </div>
   <div class='ocr_carea' id='block_1_96' title="bbox 2711 3409 3335 3481">
    <p class='ocr_par' dir='ltr' id='par_1_96' title="bbox 2711 3409 3335 3481">
     <span class='ocr_line' id='line_1_96' title="bbox 2711 3409 3335 3481; baseline 0.002 -17"><span class='ocrx_word' id='word_1_319' title='bbox 2711 3409 2845 3465; x_wconf 79' lang='lat' dir='ltr'><strong>Mihi</strong></span> <span class='ocrx_word' id='word_1_320' title='bbox 2873 3410 3059 3465; x_wconf 71' lang='lat' dir='ltr'><strong>veniet</strong></span> <span class='ocrx_word' id='word_1_321' title='bbox 3082 3423 3335 3481; x_wconf 86' lang='lat' dir='ltr'><strong>prospere</strong></span> 
     </span>
    </p>
   </div>
   <div class='ocr_carea' id='block_1_97' title="bbox 2709 3500 3446 3559">
    <p class='ocr_par' dir='ltr' id='par_1_97' title="bbox 2709 3500 3446 3559">
     <span class='ocr_line' id='line_1_97' title="bbox 2709 3500 3446 3559; baseline -0.007 -1"><span class='ocrx_word' id='word_1_322' title='bbox 2709 3501 2915 3558; x_wconf 75' lang='lat' dir='ltr'><strong>Praeter</strong></span> <span class='ocrx_word' id='word_1_323' title='bbox 2946 3509 3099 3559; x_wconf 83' lang='lat' dir='ltr'><strong>tuam</strong></span> <span class='ocrx_word' id='word_1_324' title='bbox 3134 3500 3446 3557; x_wconf 80' lang='lat' dir='ltr'><strong>clementiam</strong></span> 
     </span>
    </p>
   </div>
   <div class='ocr_carea' id='block_1_98' title="bbox 2710 3593 3464 3666">
    <p class='ocr_par' dir='ltr' id='par_1_98' title="bbox 2710 3593 3464 3666">
     <span class='ocr_line' id='line_1_98' title="bbox 2710 3593 3464 3666; baseline -0.005 -16"><span class='ocrx_word' id='word_1_325' title='bbox 2710 3593 2915 3660; x_wconf 88' lang='lat' dir='ltr'><strong>Solam,</strong></span> <span class='ocrx_word' id='word_1_326' title='bbox 2941 3603 2997 3651; x_wconf 86' lang='lat' dir='ltr'><strong>et</strong></span> <span class='ocrx_word' id='word_1_327' title='bbox 3021 3610 3212 3650; x_wconf 82' lang='lat' dir='ltr'><strong>veram</strong></span> <span class='ocrx_word' id='word_1_328' title='bbox 3233 3594 3464 3666; x_wconf 82' lang='lat' dir='ltr'><strong>gratiam;</strong></span> 
     </span>
    </p>
   </div>
   <div class='ocr_carea' id='block_1_99' title="bbox 2708 3680 3545 3765">
    <p class='ocr_par' dir='ltr' id='par_1_99' title="bbox 2708 3680 3545 3765">
     <span class='ocr_line' id='line_1_99' title="bbox 2708 3680 3545 3765; baseline -0.006 -26"><span class='ocrx_word' id='word_1_329' title='bbox 2708 3681 2817 3739; x_wconf 91' lang='lat' dir='ltr'><strong>Aut</strong></span> <span class='ocrx_word' id='word_1_330' title='bbox 2848 3684 2972 3754; x_wconf 87' lang='lat' dir='ltr'><strong>quis</strong></span> <span class='ocrx_word' id='word_1_331' title='bbox 2999 3683 3095 3739; x_wconf 88' lang='lat' dir='ltr'><strong>dat</strong></span> <span class='ocrx_word' id='word_1_332' title='bbox 3121 3680 3475 3765; x_wconf 72' lang='lat' dir='ltr'><strong>indulgentiam</strong></span> <span class='ocrx_word' id='word_1_333' title='bbox 3535 3752 3545 3763; x_wconf 42' lang='grc'><strong><em>⁸</em></strong></span> 
     </span>
    </p>
   </div>
   <div class='ocr_carea' id='block_1_100' title="bbox 2715 3771 3434 3846">
    <p class='ocr_par' dir='ltr' id='par_1_100' title="bbox 2715 3771 3434 3846">
     <span class='ocr_line' id='line_1_100' title="bbox 2715 3771 3434 3846; baseline 0.001 -18"><span class='ocrx_word' id='word_1_334' title='bbox 2715 3773 2922 3830; x_wconf 60' lang='lat' dir='ltr'><strong>Praeter</strong></span> <span class='ocrx_word' id='word_1_335' title='bbox 2948 3783 3097 3831; x_wconf 87' lang='lat' dir='ltr'><strong>tuam</strong></span> <span class='ocrx_word' id='word_1_336' title='bbox 3122 3771 3434 3846; x_wconf 81' lang='lat' dir='ltr'><strong>potentiam?</strong></span> 
     </span>
    </p>
   </div>
   <div class='ocr_carea' id='block_1_101' title="bbox 2641 3865 3363 3937">
    <p class='ocr_par' dir='ltr' id='par_1_101' title="bbox 2641 3865 3363 3937">
     <span class='ocr_line' id='line_1_101' title="bbox 2641 3865 3363 3937; baseline 0.001 -16"><span class='ocrx_word' id='word_1_337' title='bbox 2641 3865 2737 3933; x_wconf 89' lang='lat' dir='ltr'><strong>Te,</strong></span> <span class='ocrx_word' id='word_1_338' title='bbox 2760 3867 2902 3923; x_wconf 89' lang='lat' dir='ltr'><strong>bone</strong></span> <span class='ocrx_word' id='word_1_339' title='bbox 2919 3865 3068 3933; x_wconf 79' lang='lat' dir='ltr'><strong>Jesu,</strong></span> <span class='ocrx_word' id='word_1_340' title='bbox 3090 3868 3363 3937; x_wconf 85' lang='lat' dir='ltr'><strong>deprecor,</strong></span> 
     </span>
    </p>
   </div>
   <div class='ocr_carea' id='block_1_102' title="bbox 2708 3956 3415 4021">
    <p class='ocr_par' dir='ltr' id='par_1_102' title="bbox 2708 3956 3415 4021">
     <span class='ocr_line' id='line_1_102' title="bbox 2708 3956 3415 4021; baseline -0.006 -8"><span class='ocrx_word' id='word_1_341' title='bbox 2708 3956 2916 4013; x_wconf 77' lang='lat' dir='ltr'><strong>Auctor</strong></span> <span class='ocrx_word' id='word_1_342' title='bbox 2942 3957 3065 4013; x_wconf 69' lang='lat' dir='ltr'><strong>vita:</strong></span> <span class='ocrx_word' id='word_1_343' title='bbox 3095 3966 3152 4013; x_wconf 89' lang='lat' dir='ltr'><strong>et</strong></span> <span class='ocrx_word' id='word_1_344' title='bbox 3172 3956 3415 4021; x_wconf 80' lang='lat' dir='ltr'><strong>redditur,</strong></span> 
     </span>
    </p>
   </div>
   <div class='ocr_carea' id='block_1_103' title="bbox 2706 4047 3404 4118">
    <p class='ocr_par' dir='ltr' id='par_1_103' title="bbox 2706 4047 3404 4118">
     <span class='ocr_line' id='line_1_103' title="bbox 2706 4047 3404 4118; baseline -0.003 -17"><span class='ocrx_word' id='word_1_345' title='bbox 2706 4047 2865 4102; x_wconf 84' lang='lat' dir='ltr'><strong>Salva</strong></span> <span class='ocrx_word' id='word_1_346' title='bbox 2891 4061 3040 4103; x_wconf 88' lang='lat' dir='ltr'><strong>tuum</strong></span> <span class='ocrx_word' id='word_1_347' title='bbox 3073 4047 3404 4118; x_wconf 88' lang='lat' dir='ltr'><strong>mancipium,</strong></span> 
     </span>
    </p>
   </div>
   <div class='ocr_carea' id='block_1_104' title="bbox 2710 4136 3436 4209">
    <p class='ocr_par' dir='ltr' id='par_1_104' title="bbox 2710 4136 3436 4209">
     <span class='ocr_line' id='line_1_104' title="bbox 2710 4136 3436 4209; baseline -0.001 -17"><span class='ocrx_word' id='word_1_348' title='bbox 2710 4136 2908 4193; x_wconf 79' lang='lat' dir='ltr'><strong>Munus</strong></span> <span class='ocrx_word' id='word_1_349' title='bbox 2936 4146 2994 4194; x_wconf 91' lang='lat' dir='ltr'><strong>et</strong></span> <span class='ocrx_word' id='word_1_350' title='bbox 3018 4138 3089 4194; x_wconf 84' lang='lat' dir='ltr'><strong>da</strong></span> <span class='ocrx_word' id='word_1_351' title='bbox 3115 4146 3436 4209; x_wconf 78' lang='lat' dir='ltr'><strong>perpetuum,</strong></span> 
     </span>
    </p>
   </div>
   <div class='ocr_carea' id='block_1_105' title="bbox 2710 4222 3325 4282">
    <p class='ocr_par' dir='ltr' id='par_1_105' title="bbox 2710 4222 3325 4282">
     <span class='ocr_line' id='line_1_105' title="bbox 2710 4222 3325 4282; baseline 0.002 -3"><span class='ocrx_word' id='word_1_352' title='bbox 2710 4222 2889 4281; x_wconf 73' lang='lat' dir='ltr'><strong>Verax</strong></span> <span class='ocrx_word' id='word_1_353' title='bbox 2920 4236 2982 4280; x_wconf 91' lang='lat' dir='ltr'><strong>ut</strong></span> <span class='ocrx_word' id='word_1_354' title='bbox 3005 4236 3103 4281; x_wconf 84' lang='lat' dir='ltr'><strong>tuo</strong></span> <span class='ocrx_word' id='word_1_355' title='bbox 3131 4226 3325 4282; x_wconf 84' lang='lat' dir='ltr'><strong>famine</strong></span> 
     </span>
    </p>
   </div>
   <div class='ocr_carea' id='block_1_106' title="bbox 2703 4315 3313 4382">
    <p class='ocr_par' dir='ltr' id='par_1_106' title="bbox 2703 4315 3313 4382">
     <span class='ocr_line' id='line_1_106' title="bbox 2703 4315 3313 4382; baseline -0.005 -10"><span class='ocrx_word' id='word_1_356' title='bbox 2703 4315 3044 4382; x_wconf 77' lang='lat' dir='ltr'><strong>Justiﬂceris,</strong></span> <span class='ocrx_word' id='word_1_357' title='bbox 3075 4317 3313 4373; x_wconf 87' lang='lat' dir='ltr'><strong>Domine.</strong></span> 
     </span>
    </p>
   </div>
   <div class='ocr_carea' id='block_1_107' title="bbox 2640 4404 3301 4478">
    <p class='ocr_par' dir='ltr' id='par_1_107' title="bbox 2640 4404 3301 4478">
     <span class='ocr_line' id='line_1_107' title="bbox 2640 4404 3301 4478; baseline -0.003 -16"><span class='ocrx_word' id='word_1_358' title='bbox 2640 4404 2758 4462; x_wconf 85' lang='lat' dir='ltr'><strong>Tibi</strong></span> <span class='ocrx_word' id='word_1_359' title='bbox 2791 4415 2974 4478; x_wconf 79' lang='lat' dir='ltr'><strong>grates</strong></span> <span class='ocrx_word' id='word_1_360' title='bbox 2996 4421 3064 4462; x_wconf 81' lang='lat' dir='ltr'><strong>ex</strong></span> <span class='ocrx_word' id='word_1_361' title='bbox 3090 4414 3301 4478; x_wconf 86' lang='lat' dir='ltr'><strong>pectore</strong></span> 
     </span>
    </p>
   </div>
   <div class='ocr_carea' id='block_1_108' title="bbox 2710 4494 3433 4566">
    <p class='ocr_par' dir='ltr' id='par_1_108' title="bbox 2710 4494 3433 4566">
     <span class='ocr_line' id='line_1_108' title="bbox 2710 4494 3433 4566; baseline -0.001 -15"><span class='ocrx_word' id='word_1_362' title='bbox 2710 4495 3043 4566; x_wconf 78' lang='lat' dir='ltr'><strong>Redemptus</strong></span> <span class='ocrx_word' id='word_1_363' title='bbox 3064 4511 3096 4551; x_wconf 88' lang='lat' dir='ltr'><strong>a</strong></span> <span class='ocrx_word' id='word_1_364' title='bbox 3123 4494 3433 4559; x_wconf 80' lang='lat' dir='ltr'><strong>discrimine,</strong></span> 
     </span>
    </p>
   </div>
   <div class='ocr_carea' id='block_1_109' title="bbox 2712 4584 3312 4642">
    <p class='ocr_par' dir='ltr' id='par_1_109' title="bbox 2712 4584 3312 4642">
     <span class='ocr_line' id='line_1_109' title="bbox 2712 4584 3312 4642; baseline -0.005 0"><span class='ocrx_word' id='word_1_365' title='bbox 2712 4587 2827 4642; x_wconf 89' lang='lat' dir='ltr'><strong>Deo</strong></span> <span class='ocrx_word' id='word_1_366' title='bbox 2854 4585 2976 4640; x_wconf 81' lang='lat' dir='ltr'><strong>vivo</strong></span> <span class='ocrx_word' id='word_1_367' title='bbox 3000 4593 3059 4639; x_wconf 91' lang='lat' dir='ltr'><strong>ut</strong></span> <span class='ocrx_word' id='word_1_368' title='bbox 3088 4584 3312 4639; x_wconf 85' lang='lat' dir='ltr'><strong>referam</strong></span> 
     </span>
    </p>
   </div>
   <div class='ocr_carea' id='block_1_110' title="bbox 2709 4674 3325 4737">
    <p class='ocr_par' dir='ltr' id='par_1_110' title="bbox 2709 4674 3325 4737">
     <span class='ocr_line' id='line_1_110' title="bbox 2709 4674 3325 4737; baseline -0.005 -5"><span class='ocrx_word' id='word_1_369' title='bbox 2709 4675 2859 4732; x_wconf 68' lang='lat' dir='ltr'><strong>Laeta</strong></span> <span class='ocrx_word' id='word_1_370' title='bbox 2882 4690 3015 4731; x_wconf 84' lang='lat' dir='ltr'><strong>voce</strong></span> <span class='ocrx_word' id='word_1_371' title='bbox 3032 4674 3325 4737; x_wconf 71' lang='lat' dir='ltr'><strong>victoriam,</strong></span> 
     </span>
    </p>
   </div>
   <div class='ocr_carea' id='block_1_111' title="bbox 2711 4761 3529 4839">
    <p class='ocr_par' dir='ltr' id='par_1_111' title="bbox 2711 4761 3529 4839">
     <span class='ocr_line' id='line_1_111' title="bbox 2711 4761 3529 4839; baseline 0.001 -15"><span class='ocrx_word' id='word_1_372' title='bbox 2711 4767 2960 4838; x_wconf 86' lang='lat' dir='ltr'><strong>Sequens</strong></span> <span class='ocrx_word' id='word_1_373' title='bbox 2982 4776 3039 4825; x_wconf 90' lang='lat' dir='ltr'><strong>te</strong></span> <span class='ocrx_word' id='word_1_374' title='bbox 3072 4768 3271 4839; x_wconf 81' lang='lat' dir='ltr'><strong>Regem</strong></span> <span class='ocrx_word' id='word_1_375' title='bbox 3295 4761 3529 4835; x_wconf 65' lang='grc' dir='ltr'><strong>νηπίω</strong></span> 
     </span>
    </p>
   </div>
   <div class='ocr_carea' id='block_1_112' title="bbox 2712 4855 3493 4929">
    <p class='ocr_par' dir='ltr' id='par_1_112' title="bbox 2712 4855 3493 4929">
     <span class='ocr_line' id='line_1_112' title="bbox 2712 4855 3493 4929; baseline -0.012 -16"><span class='ocrx_word' id='word_1_376' title='bbox 2712 4858 2924 4929; x_wconf 80' lang='lat' dir='ltr'><strong>Raptus</strong></span> <span class='ocrx_word' id='word_1_377' title='bbox 2946 4873 3013 4913; x_wconf 82' lang='lat' dir='ltr'><strong>ex</strong></span> <span class='ocrx_word' id='word_1_378' title='bbox 3048 4859 3203 4914; x_wconf 80' lang='lat' dir='ltr'><strong>hoste</strong></span> <span class='ocrx_word' id='word_1_379' title='bbox 3226 4855 3493 4911; x_wconf 84' lang='lat' dir='ltr'><strong>Dominum.</strong></span> 
     </span>
    </p>
   </div>
   <div class='ocr_carea' id='block_1_113' title="bbox 2642 4942 3384 5018">
    <p class='ocr_par' dir='ltr' id='par_1_113' title="bbox 2642 4942 3384 5018">
     <span class='ocr_line' id='line_1_113' title="bbox 2642 4942 3384 5018; baseline -0.004 -15"><span class='ocrx_word' id='word_1_380' title='bbox 2642 4948 2905 5018; x_wconf 88' lang='lat' dir='ltr'><strong>Nuncque</strong></span> <span class='ocrx_word' id='word_1_381' title='bbox 2928 4963 3061 5018; x_wconf 82' lang='lat' dir='ltr'><strong>rogo</strong></span> <span class='ocrx_word' id='word_1_382' title='bbox 3085 4942 3163 5005; x_wconf 76' lang='lat' dir='ltr'><strong>uti</strong></span> <span class='ocrx_word' id='word_1_383' title='bbox 3181 4946 3384 5017; x_wconf 76' lang='lat' dir='ltr'><strong>iubeas,</strong></span> 
     </span>
    </p>
   </div>
   <div class='ocr_carea' id='block_1_114' title="bbox 2712 5035 3381 5108">
    <p class='ocr_par' dir='ltr' id='par_1_114' title="bbox 2712 5035 3381 5108">
     <span class='ocr_line' id='line_1_114' title="bbox 2712 5035 3381 5108; baseline -0.001 -16"><span class='ocrx_word' id='word_1_384' title='bbox 2712 5038 2780 5092; x_wconf 85' lang='lat' dir='ltr'><strong>Et</strong></span> <span class='ocrx_word' id='word_1_385' title='bbox 2804 5038 2860 5092; x_wconf 91' lang='lat' dir='ltr'><strong>in</strong></span> <span class='ocrx_word' id='word_1_386' title='bbox 2888 5052 2975 5093; x_wconf 87' lang='lat' dir='ltr'><strong>me</strong></span> <span class='ocrx_word' id='word_1_387' title='bbox 3001 5037 3107 5093; x_wconf 89' lang='lat' dir='ltr'><strong>hoc</strong></span> <span class='ocrx_word' id='word_1_388' title='bbox 3126 5035 3381 5108; x_wconf 83' lang='lat' dir='ltr'><strong>perficias,</strong></span> 
     </span>
    </p>
   </div>
   <div class='ocr_carea' id='block_1_115' title="bbox 2709 5125 3335 5199">
    <p class='ocr_par' dir='ltr' id='par_1_115' title="bbox 2709 5125 3335 5199">
     <span class='ocr_line' id='line_1_115' title="bbox 2709 5125 3335 5199; baseline -0.002 -16"><span class='ocrx_word' id='word_1_389' title='bbox 2709 5128 2957 5197; x_wconf 81' lang='lat' dir='ltr'><strong>Quandiu</strong></span> <span class='ocrx_word' id='word_1_390' title='bbox 2989 5129 3045 5185; x_wconf 92' lang='lat' dir='ltr'><strong>in</strong></span> <span class='ocrx_word' id='word_1_391' title='bbox 3073 5125 3335 5199; x_wconf 83' lang='lat' dir='ltr'><strong>ergastulo</strong></span> 
     </span>
    </p>
   </div>
   <div class='ocr_carea' id='block_1_116' title="bbox 2715 5210 3486 5277">
    <p class='ocr_par' dir='ltr' id='par_1_116' title="bbox 2715 5210 3486 5277">
     <span class='ocr_line' id='line_1_116' title="bbox 2715 5210 3486 5277; baseline -0.003 -1"><span class='ocrx_word' id='word_1_392' title='bbox 2715 5220 2846 5276; x_wconf 89' lang='lat' dir='ltr'><strong>Sum</strong></span> <span class='ocrx_word' id='word_1_393' title='bbox 2874 5220 3095 5276; x_wconf 86' lang='lat' dir='ltr'><strong>clausus</strong></span> <span class='ocrx_word' id='word_1_394' title='bbox 3118 5218 3295 5277; x_wconf 81' lang='lat' dir='ltr'><strong>carnis</strong></span> <span class='ocrx_word' id='word_1_395' title='bbox 3314 5210 3486 5274; x_wconf 66' lang='lat' dir='ltr'><strong>sedula.</strong></span> 
     </span>
    </p>
   </div>
   <div class='ocr_carea' id='block_1_117' title="bbox 2709 5317 3291 5385">
    <p class='ocr_par' dir='ltr' id='par_1_117' title="bbox 2709 5317 3291 5385">
     <span class='ocr_line' id='line_1_117' title="bbox 2709 5317 3291 5385; baseline -0.002 -12"><span class='ocrx_word' id='word_1_396' title='bbox 2709 5318 2835 5382; x_wconf 90' lang='lat' dir='ltr'><strong>Ore,</strong></span> <span class='ocrx_word' id='word_1_397' title='bbox 2861 5317 3028 5373; x_wconf 82' lang='lat' dir='ltr'><strong>corde</strong></span> <span class='ocrx_word' id='word_1_398' title='bbox 3050 5324 3107 5372; x_wconf 86' lang='lat' dir='ltr'><strong>et</strong></span> <span class='ocrx_word' id='word_1_399' title='bbox 3129 5329 3291 5385; x_wconf 81' lang='lat' dir='ltr'><strong>opere</strong></span> 
     </span>
    </p>
   </div>
   <div class='ocr_carea' id='block_1_118' title="bbox 2705 5403 3439 5476">
    <p class='ocr_par' dir='ltr' id='par_1_118' title="bbox 2705 5403 3439 5476">
     <span class='ocr_line' id='line_1_118' title="bbox 2705 5403 3439 5476; baseline -0.003 -12"><span class='ocrx_word' id='word_1_400' title='bbox 2705 5409 2781 5464; x_wconf 88' lang='lat' dir='ltr'><strong>Te</strong></span> <span class='ocrx_word' id='word_1_401' title='bbox 2810 5424 3002 5465; x_wconf 76' lang='lat' dir='ltr'><strong>canam</strong></span> <span class='ocrx_word' id='word_1_402' title='bbox 3036 5410 3262 5474; x_wconf 76' lang='lat' dir='ltr'><strong>tandem,</strong></span> <span class='ocrx_word' id='word_1_403' title='bbox 3284 5403 3439 5476; x_wconf 65' lang='grc' dir='ltr'><strong>κγτὶο-</strong></span> 
     </span>
    </p>
   </div>
   <div class='ocr_carea' id='block_1_119' title="bbox 2631 5499 3263 5566">
    <p class='ocr_par' dir='ltr' id='par_1_119' title="bbox 2631 5499 3263 5566">
     <span class='ocr_line' id='line_1_119' title="bbox 2631 5499 3263 5566; baseline -0.005 -10"><span class='ocrx_word' id='word_1_404' title='bbox 2631 5500 2782 5557; x_wconf 80' lang='lat' dir='ltr'><strong>Doxa</strong></span> <span class='ocrx_word' id='word_1_405' title='bbox 2807 5501 2926 5566; x_wconf 89' lang='lat' dir='ltr'><strong>tibi,</strong></span> <span class='ocrx_word' id='word_1_406' title='bbox 2948 5499 3263 5561; x_wconf 79' lang='lat' dir='ltr'><strong>Altithrone,</strong></span> 
     </span>
    </p>
   </div>
   <div class='ocr_carea' id='block_1_120' title="bbox 2711 5584 3467 5646">
    <p class='ocr_par' dir='ltr' id='par_1_120' title="bbox 2711 5584 3467 5646">
     <span class='ocr_line' id='line_1_120' title="bbox 2711 5584 3467 5646; baseline 0 -2"><span class='ocrx_word' id='word_1_407' title='bbox 2711 5591 2827 5645; x_wconf 74' lang='lat' dir='ltr'><strong>Rex</strong></span> <span class='ocrx_word' id='word_1_408' title='bbox 2856 5589 3117 5646; x_wconf 63' lang='lat' dir='ltr'><strong>caelorum</strong></span> <span class='ocrx_word' id='word_1_409' title='bbox 3145 5584 3467 5644; x_wconf 53' lang='lat' dir='ltr'><strong>salsugine,</strong></span> 
     </span>
    </p>
   </div>
   <div class='ocr_carea' id='block_1_121' title="bbox 2712 5679 3331 5752">
    <p class='ocr_par' dir='ltr' id='par_1_121' title="bbox 2712 5679 3331 5752">
     <span class='ocr_line' id='line_1_121' title="bbox 2712 5679 3331 5752; baseline -0.003 -18"><span class='ocrx_word' id='word_1_410' title='bbox 2712 5683 2813 5748; x_wconf 86' lang='lat' dir='ltr'><strong>Qui</strong></span> <span class='ocrx_word' id='word_1_411' title='bbox 2843 5696 2930 5737; x_wconf 91' lang='lat' dir='ltr'><strong>me</strong></span> <span class='ocrx_word' id='word_1_412' title='bbox 2957 5692 3050 5737; x_wconf 88' lang='lat' dir='ltr'><strong>tuo</strong></span> <span class='ocrx_word' id='word_1_413' title='bbox 3071 5679 3331 5752; x_wconf 73' lang='lat' dir='ltr'><strong>juvamine</strong></span> 
     </span>
    </p>
   </div>
   <div class='ocr_carea' id='block_1_122' title="bbox 2708 5770 3314 5840">
    <p class='ocr_par' dir='ltr' id='par_1_122' title="bbox 2708 5770 3314 5840">
     <span class='ocr_line' id='line_1_122' title="bbox 2708 5770 3314 5840; baseline -0.013 -10"><span class='ocrx_word' id='word_1_414' title='bbox 2708 5774 3097 5830; x_wconf 85' lang='lat' dir='ltr'><strong>Consolaturus</strong></span> <span class='ocrx_word' id='word_1_415' title='bbox 3124 5770 3314 5840; x_wconf 86' lang='lat' dir='ltr'><strong>optime</strong></span> 
     </span>
    </p>
   </div>
   <div class='ocr_carea' id='block_1_123' title="bbox 3662 398 3740 458">
    <p class='ocr_par' dir='ltr' id='par_1_123' title="bbox 3662 398 3740 458">
     <span class='ocr_line' id='line_1_123' title="bbox 3662 398 3740 458; baseline -0.013 0"><span class='ocrx_word' id='word_1_416' title='bbox 3662 398 3740 458; x_wconf 62' lang='grc'><strong>16⁸3]</strong></span> 
     </span>
    </p>
   </div>
  </div>
