3944 6320
654 333 680 386 ι
691 331 795 387 69.5

720 447 992 502 Assistunt
1026 459 1200 504 tecum
1222 449 1453 505 Gcrtrud
1484 463 1538 506 et
1559 452 1670 520 ipsa
1693 453 1872 506 simul.

651 537 784 590 Nam
813 539 1005 593 dilecta
1027 540 1136 594 Deo
1163 540 1252 595 hic
1274 542 1377 595 rite
1402 542 1694 611 Theophila
1722 545 1933 600 mixtim

719 627 973 698 Atljnngit
997 638 1120 684 vota
1152 643 1311 701 atque
1343 632 1487 688 favet
1509 635 1778 702 precibus.

653 717 886 786 Virginei
910 720 1090 788 ﬂores,
1118 724 1326 778 meritis
1353 725 1562 794 pulsate
1590 726 1910 792 Tonantem,

720 809 994 866 Placatum
1024 821 1079 868 et
1101 815 1256 870 nobis
1278 815 1504 881 reddite,
1535 833 1740 886 quaeso,
1768 819 1958 874 Deum.

913 922 1152 979 XXXIV.
1179 956 1249 965 —
1275 924 1344 978 Et
1367 925 1421 979 in
1442 927 1625 982 dextro
1653 929 1819 983 altare
1843 931 1960 985 iste.

647 1034 759 1088 Iloc
789 1035 958 1091 altare
991 1045 1135 1091 tenet
1159 1037 1475 1093 Timotheus
1505 1039 1780 1110 apostolus
1807 1039 1998 1106 almus,

717 1124 907 1181 Vitalis
931 1135 1154 1197 martyr,
1181 1128 1336 1182 Vitus
1363 1138 1417 1182 et
1442 1129 1556 1198 ipse
1583 1129 1766 1194 simul,

647 1215 974 1272 Fortunatus
996 1207 1170 1284 adet,
1199 1217 1350 1272 Felix
1374 1219 1653 1275 Tiburtius
1684 1229 1866 1291 atque,

717 1304 1048 1360 Servilianus
1073 1321 1246 1372 amor,
1274 1305 1642 1376 Sulpitiusque
1663 1308 1804 1377 pius.

645 1395 848 1451 Marius
873 1403 928 1450 et
956 1395 1165 1451 Martha
1193 1397 1400 1467 pariter
1419 1413 1542 1452 cum
1563 1398 1786 1467 pignore
1811 1398 1956 1463 bino,

715 1487 971 1547 Martialis
993 1496 1199 1560 martyr
1225 1504 1347 1543 cum
1373 1489 1606 1559 Diogene
1635 1489 1814 1544 simul.

647 1576 877 1632 Sanctus
896 1578 1188 1644 Firminus,
1216 1579 1478 1634 Liberalis
1508 1579 1928 1649 Fuscianusque,

721 1668 974 1723 Rusticus
1007 1678 1060 1724 et
1090 1669 1324 1734 Firmus,
1348 1657 1597 1726 Cast'nlns
1626 1671 2017 1740 atque'Zenon.

642 1756 776 1813 Cum
801 1759 996 1828 quibus
1027 1773 1094 1814 en
1121 1761 1318 1830 gaudet
1348 1760 1438 1815 hic
1460 1760 1781 1816 Victoricius
1806 1769 1952 1831 apte,

712 1849 1008 1906 Gentianus
1031 1859 1239 1920 martyr
1269 1851 1689 1921 congratulando
1709 1857 1908 1904 manet.

643 1939 753 1994 Hos
777 1949 900 2010 peto
930 1949 1009 2007 tu,
1033 1951 1236 2008 orator,
1267 1944 1516 2013 precibus
1541 1943 1756 2012 placare
1783 1953 2060 2014 patronos,

712 2029 772 2087 Si
798 2031 930 2087 velis
955 2033 1150 2088 summi
1181 2035 1441 2090 scandere
1477 2051 1638 2105 regna
1662 2035 1856 2090 Patris.

853 2142 1072 2200 XXXV.
1100 2176 1170 2185 —
1200 2158 1225 2186 ι
1255 2147 1336 2200 Ad
1365 2147 1532 2202 altare
1561 2149 1730 2204 sancti
1753 2149 2024 2221 Stephani.

612 2275 615 2280 ί
642 2255 827 2311 Levita
859 2257 1000 2314 hanc
1023 2259 1331 2331 Stephanus
1361 2263 1519 2318 simul
1546 2274 1599 2320 et
1618 2267 1940 2325 Laurentius
1968 2285 2119 2326 aram

710 2347 989 2406 Exornant
1017 2354 1242 2416 meritis,
1280 2353 1702 2427 Pancratinsque
1727 2359 1868 2428 pius.

638 2437 894 2504 Donatus,
921 2441 1122 2508 Victor,
1148 2442 1485 2510 Vincentius,
1509 2455 1564 2501 et
1585 2447 1865 2516 Cyr'iacns,

709 2527 1000 2594 Quintinus
1021 2541 1226 2602 martyr
1253 2541 1415 2603 atque
1437 2533 1811 2602 Sebastianus,

638 2619 881 2691 Cumque
909 2631 1105 2692 quater
1133 2624 1287 2679 denis
1319 2625 1601 2682 Ferrutius
1628 2628 1739 2696 ipse
1765 2629 2040 2696 precando

706 2711 876 2774 Instat
904 2715 1252 2785 martyribus,
1276 2717 1482 2786 poscite
1506 2717 1640 2773 lucis
1670 2734 1845 2788 opem.

812 2818 1052 2875 XXXVI.
1077 2853 1149 2863 —
1174 2824 1202 2864 ι)
1231 2825 1313 2885 Ad
1343 2825 1512 2880 altare
1535 2828 1704 2881 sancti
1729 2825 2030 2884 Clementis.

636 2927 736 2984 Hic
765 2929 1010 2988 Clemens
1033 2942 1256 3006 martyr,
1281 2937 1486 3006 pariter
1517 2954 1638 3002 cum
1665 2950 1901 3022 martyre
1930 2942 2086 3009 Lino,

707 3018 938 3083 Sanctus
959 3021 1262 3080 Alexander
1289 3034 1342 3080 et
1369 3027 1640 3084 Favianus
1663 3018 1836 3086 adest.

635 3114 938 3187 Marcellus,
976 3117 1302 3190 Stephanus,
1328 3121 1610 3181 Cornelius
1637 3135 1690 3182 et
1719 3127 2038 3200 Cyprianas,

702 3204 1025 3262 Lactantum
1055 3218 1109 3263 et
1135 3212 1292 3266 turba
1325 3214 1586 3284 sanguine
1615 3217 1780 3271 tincta
1810 3235 1929 3275 suo.

634 3301 845 3354 Aureus
873 3299 961 3354 hic
989 3303 1187 3370 praesul
1212 3303 1456 3362 Justinus
1483 3315 1689 3378 martyr
1713 3317 1767 3364 et
1793 3311 1907 3380 ipse

705 3385 830 3442 Rite
852 3387 1043 3455 juvant
1063 3393 1314 3458 precibus
1339 3402 1500 3463 atque
1526 3396 1684 3451 bonis
1713 3400 1940 3466 meritis,

634 3470 836 3542 Hisque
860 3474 1183 3533 Saturninus
1205 3489 1516 3552 martyrqne
1541 3483 1801 3556 Georgius
1828 3498 1950 3559 apte

702 3564 906 3621 Exorat
922 3568 1140 3638 junctus
1171 3585 1268 3640 pro
1289 3575 1499 3644 populis
1520 3575 1825 3634 Dominum.

704 3689 728 3717 ο
762 3676 1018 3735 XXXVII.
1047 3712 1117 3721 —
1145 3684 1226 3737 Ad
1251 3684 1418 3740 altare
1445 3699 1641 3745 sancta:
1667 3691 1886 3763 Agathe:
1913 3699 2124 3770 virginis

631 3787 835 3860 Martyr
852 3789 1062 3863 Agatha
1087 3793 1207 3864 Dei,
1235 3797 1564 3868 Petronella,
1586 3811 1640 3857 et
1664 3813 1719 3858 tu
1742 3804 1975 3874 Juliana,

704 3879 885 3949 Lucia,
913 3882 1202 3957 Perpetua,
1222 3904 1428 3959 nosque
1449 3891 1646 3948 Sabina
1677 3895 1818 3953 fove.

629 3970 1015 4030 Praxedecum
1047 3967 1201 4034 sacra
1236 3981 1418 4038 foveas
1446 3999 1564 4050 nos,
1599 3987 1748 4060 virgo
1776 3990 1992 4059 Basilla,

701 4063 898 4135 Sicque
923 4067 1027 4136 piis
1056 4072 1267 4128 meritis
1296 4083 1479 4129 sancta
1502 4076 1856 4136 Pudentiana.

627 4153 838 4223 Regina
854 4157 1008 4229 virgo
1035 4159 1321 4229 conjuncta
1347 4166 1622 4227 sororibus
1642 4169 1782 4233 istis,

699 4245 779 4306 Tu
799 4247 955 4304 nobis
981 4249 1184 4333 pandas
1219 4269 1383 4338 regna
1410 4255 1514 4326 poli
1548 4259 1817 4327 precibus.

1296 337 1358 391 Β.
1401 337 1652 393 ΒΑΒΑΝΙ
1693 337 1914 398 MAURI
1952 342 2274 398 AIICHIEP.
2319 345 2626 404 MOGUNT.
2670 349 2947 406 OPERUM
2988 351 3164 406 PARS
3197 351 3276 408 IV.

3642 369 3722 429 liii

2259 460 2308 518 Α
2381 457 2661 514 XXXVIII.
2690 489 2760 499 —
2786 459 2812 500 ἀ
2843 461 2922 514 Ad
2949 460 3115 516 altare
3135 467 3287 518 sancti
3313 465 3442 522 Lacte
3463 475 3697 542 evangelista.

2336 571 2510 628 Lucas
2536 573 2626 642 qui
2655 573 3013 643 scripsitcum
3043 577 3204 646 gestis
3226 575 3438 649 dogmata
3457 581 3623 652 Christi,

2406 663 2608 718 Vinclis
2630 664 2720 718 hic
2741 663 2886 718 Petri
2912 665 3076 718 mixta
3105 665 3239 720 locat
3257 669 3418 736 spolia.

2333 755 2660 824 Augustinus
2694 757 2867 822 adest,
2899 755 3212 822 Germanus,
3238 759 3339 829 ipse
3364 761 3559 822 Remeius
3579 778 3611 834 ο,

2405 844 2728 899 Maximinus
2749 845 2944 914 praesul
2969 855 3129 915 atque
3153 847 3404 904 Medardus
3426 862 3538 906 ovat.

2332 930 2650 988 Ambrosius
2677 935 2884 1000 doctor,
2907 934 3168 989 Eusebius
3193 943 3339 1006 atque
3359 938 3564 998 Vedastus

2403 1022 2688 1093 Suppremi
2716 1025 2870 1080 nobis
2894 1040 3092 1080 numen
3120 1027 3293 1081 adesse
3312 1037 3482 1096 petunt.

2331 1113 2426 1170 His
2454 1115 2613 1170 simul
2641 1116 2922 1184 adjunctus
2947 1132 3049 1187 pro
3075 1118 3227 1172 nobis
3245 1130 3424 1195 martyr
3442 1132 3485 1177 et
3505 1123 3654 1184 ﬂentes

2400 1204 2602 1260 Exorat
2623 1207 2930 1272 Dominum,
2956 1207 3189 1278 postulat
3209 1218 3260 1264 et
3282 1214 3471 1266 veniam.

2398 1335 2638 1392 XXXIX.
2664 1370 2734 1378 —
2752 1339 2772 1378 τ
2795 1339 2878 1394 Ad
2911 1339 3078 1394 altare
3104 1342 3262 1396 sancti
3288 1341 3433 1398 Marci
3451 1351 3679 1418 evangelista.

2327 1447 2538 1506 Marcus
2564 1449 2916 1520 Evangelium
2944 1451 3038 1520 qui
3067 1451 3342 1520 scripserat
3364 1463 3458 1507 arte
3474 1453 3638 1526 Pelasga,

2399 1538 2633 1610 Martyre
2657 1556 2780 1594 cum
2813 1540 2982 1596 Paulo
3006 1543 3094 1596 hic
3116 1551 3270 1612 atque
3289 1541 3462 1598 Joanne
3478 1559 3616 1601 manet.

2325 1629 2442 1698 Ipse
2473 1629 2809 1696 Valentinus,
2831 1629 3137 1702 Gorgonius
3163 1640 3311 1702 atque
3329 1632 3552 1700 Nazarius,

2395 1720 2670 1784 Germani,
2695 1731 2748 1775 et
2778 1731 3008 1792 septem,
3036 1721 3418 1794 Gordianusque
3441 1727 3570 1780 simul.
3641 1739 3644 1746 '

2251 1805 2298 1865 B
2326 1811 2596 1874 Candidus
2617 1814 2950 1884 Exsuperus,
2977 1815 3183 1880 Victor,
3207 1815 3453 1871 Mauritius
3470 1831 3587 1888 atque

2395 1902 2610 1958 Silenus
2637 1914 2842 1974 martyr
2867 1912 2922 1959 et
2954 1905 3266 1961 Timotheus
3291 1917 3416 1964 orat.

2322 1994 2584 2065 Ahdoque
2603 2011 2726 2050 cum
2744 1996 2944 2060 Senne,
2959 1996 3194 2052 Prothus
3214 2010 3480 2069 martyrqne
3495 1999 3710 2071 Hyacinthus.

2395 2084 2540 2152 Quos
2567 2088 2740 2154 nobis,
2763 2087 2999 2153 Christe,
3029 2089 3131 2143 rite
3155 2090 3324 2144 favere
3347 2089 3472 2146 lacis.

2466 2197 2579 2252 XL.
2611 2227 2682 2239 -
2707 2198 2787 2254 Ad
2820 2197 2990 2254 altare
3019 2209 3214 2254 sancta:
3248 2201 3430 2274 Agnetis
3463 2199 3632 2272 Virgini.

2322 2307 2502 2378 Agnes
2527 2316 2582 2362 et
2610 2307 2927 2378 Euphemia,
2950 2309 3223 2376 Genoeva,
3255 2311 3480 2378 Susanna,
3503 2315 3675 2374 Columba.

2392 2397 2506 2453 Hoc
2535 2399 2705 2454 altare
2731 2408 2928 2454 ornant
2955 2401 3062 2456 rite
3082 2403 3192 2457 suis
3219 2405 3455 2474 precibus.

2323 2487 2456 2544 Cum
2479 2491 2632 2559 queis
2657 2487 2732 2556 iu,
2755 2491 2994 2562 Brigida,
3014 2503 3072 2547 et
3097 2503 3176 2558 tu,
3195 2496 3334 2566 virgo
3361 2496 3617 2557 Scholastica.
3636 2513 3708 2549 sen-

2392 2577 2672 2645 Placatum
2697 2582 2853 2637 nobis
2874 2582 3237 2640 Altithronum
3265 2585 3428 2640 facias.
3609 2583 3676 2655 [per

2327 2712 2462 2768 XLI.
2494 2745 2564 2754 —
2595 2715 2675 2768 Ad
2701 2715 2868 2772 altare
2900 2721 2925 2758 ε
2969 2720 3142 2773 sancti
3169 2719 3418 2790 Benedicti
3438 2722 3480 2774 in
3495 2731 3614 2790 crypta
3636 2721 3708 2772 oni-

2997 2789 3213 2844 dentali.

2323 2894 2493 2962 Hanc,
2518 2897 2805 2954 Benedicto
2833 2901 3018 2968 Pater,
3043 2912 3279 2976 cryptam
3301 2905 3515 2960 tutaberis
3535 2919 3644 2964 an,

2393 2990 2627 3047 Sanctus
2655 2991 2961 3050 Honoratus
2985 2996 3131 3052 hanc
3151 2997 3300 3052 simul
3325 2998 3420 3066 ipse
3440 2997 3548 3051 colit.

2323 3083 2639 3150 Eucherius,
2666 3085 2865 3151 Trndo,
2889 3087 3217 3158 Arnulphus,
3240 3090 3480 3144 Servasius
3504 3090 3524 3128 ιι
3545 3097 3658 3154 atqt.

2243 3160 2287 3221 (ἶ
2391 3176 2737 3244 Cuthbertus,
2764 3180 2904 3234 Beda
2937 3181 3029 3236 hic
3055 3181 3387 3252 Equitiusque
3407 3187 3579 3234 manent.

2321 3268 2524 3339 Hicque
2551 3269 2913 3326 Columbanus
2941 3273 3050 3327 lixa
3081 3281 3188 3328 stat
3214 3274 3308 3328 rite
3331 3271 3540 3333 columna,

2392 3360 2639 3432 Martyris
2660 3371 2714 3418 et
2741 3363 2942 3419 tumulo
2973 3365 3211 3431 subsidia
3232 3373 3343 3435 apta
3370 3363 3492 3418 feret.

2605 3496 2762 3550 XLII.
2794 3528 2864 3536 —
2891 3496 2972 3550 Ad
3005 3498 3172 3552 altare
3192 3497 3346 3552 sancti
3364 3495 3532 3564 Ignatii.

2317 3607 2470 3662 I'lnnc
2500 3609 2710 3663 titulum
2737 3619 2942 3681 martyr
2962 3609 3200 3682 Ignatius
3225 3620 3274 3664 et
3298 3608 3538 3668 Floriauus,

2391 3699 2671 3755 Ursicinus
2697 3710 2879 3755 servat
2903 3708 3064 3770 atque
3092 3702 3408 3772 Rogatianus.

2316 3790 2690 3845 Emmeramus
2715 3791 2886 3855 adest,
2916 3790 3184 3856 Julianus,
3214 3779 3538 3856 Pairiciusque.

2387 3877 2618 3934 Sanctus
2645 3880 2973 3950 Wigbertus,
2997 3891 3204 3953 martyr
3228 3891 3281 3935 et
3307 3877 3566 3948 Hippolytus.

2318 3989 2492 4054 XLIII.
2524 4021 2592 4030 —
2621 3992 2636 4030 ί
2687 3989 2752 4042 In
2788 3991 3078 4044 cmmeterio
3121 3991 3329 4058 fratrum
3359 3989 3404 4041 in
3423 3981 3593 4040 Ecclesia
3609 3971 3698 4030 until

2697 4058 2985 4126 Michaelis,
3017 4063 3072 4114 in
3103 4063 3262 4132 primo
3287 4059 3442 4112 altare.

2311 4171 2423 4227 Hoc
2453 4171 2622 4228 altare
2644 4172 2754 4227 Deo
2778 4172 3080 4228 dedicatum
3102 4185 3182 4228 est
3204 4172 3409 4227 maxime
3426 4166 3593 4225 Christo.

2379 4261 2542 4335 Cujus
2572 4264 2660 4344 hic
2691 4265 2927 4323 tumulus
2958 4275 3138 4328 nostra
3160 4261 3524 4346 sepulcrajuvat.

1637 4393 1925 4450 SCIIOLIA
1965 4396 2476 4472 CIIRISTOPHORI
2514 4397 2857 4455 BROWERI.

698 4517 725 4548 ι
748 4503 1058 4585 Secundum
1101 4509 1290 4585 o_rdi_ne
1339 4511 1479 4585 inter
1517 4510 1690 4585 editas
1719 4513 1954 4568 basilicae
1995 4514 2206 4585 epigra-
2231 4519 2284 4578 D

624 4574 782 4653 pilas,
809 4575 1057 4653 cujus
1108 4579 1294 4653 titulus
1320 4580 1427 4653 :_7In
1462 4583 1666 4653 porticu
1703 4574 2114 4653 septentrionali,
2146 4587 2202 4640 in

624 4644 861 4712 sinistra,
892 4647 1089 4706 absida:
1116 4649 1406 4705 orientalis.

700 4734 1007 4812 l>Qua_rtum
1035 4739 1088 4792 in
1119 4739 1301 4812 editis,
1338 4742 1704 4812 scriptumque
1747 4743 1846 4798 fuit
1875 4746 1956 4800 vel
2003 4745 2198 4801 inscul-

623 4813 813 4884 ptum,
836 4805 1048 4862 Dextra:
1075 4809 1269 4864 absidis
1297 4805 1587 4878 orienlalis,
1615 4805 1686 4868 'in
1720 4817 1922 4884 porticu
1969 4816 2196 4870 basilica:

624 4874 938 4929 meridiana.

699 4955 721 4980 ε
755 4944 1112 5034 DeJdicatiorlis
1135 4950 1277 5034 actio
1298 4967 1314 5034 ξ
1339 4949 1407 5004 In
1429 4961 1581 5034 parte
1606 4954 1992 5023 septentrionali
2019 4965 2194 5010 trans-

625 5030 782 5068 versa:
806 5014 1010 5070 domus.
1037 5017 1102 5070 Et
1133 5019 1402 5075 distichon
1427 5014 1535 5078 illic
1561 5014 1820 5078 om'ssum
1847 5042 1860 5078 :

805 5103 1031 5177 Prasede
1057 5120 1164 5177 eum
1183 5122 1314 5177 sacra
1335 5110 1504 5177 foveas
1523 5117 1785 5177 noslvirgo
1813 5112 2010 5177 Basilla;

873 5167 1052 5230 Sicque
1079 5170 1171 5230 piis
1193 5174 1402 5235 meritis,
1424 5181 1590 5224 sancta
1614 5167 1941 5225 Pudéntiana.

692 5249 717 5288 ἀ
747 5249 882 5324 Huic
927 5254 1302 5324 epigratnmati
1332 5258 1540 5314 titulum
1567 5259 1692 5313 olim
1719 5260 1963 5314 dedimus
1985 5275 2013 5320 a
2039 5260 2185 5316 loco.

622 5319 686 5398 In
729 5319 1144 5379 sinistra-arcus
1170 5366 1194 5398 ,ί
1221 5329 1310 5397 qui
1354 5331 1559 5398 respicit
1610 5331 1822 5383 domum
1864 5319 2188 5386 orientalem.

621 5389 848 5465 Jamque
903 5411 1119 5450 carmen
1185 5389 1244 5452 id'
1302 5389 1617 5457 tetrastitiho
1675 5416 1814 5463 novo
1860 5401 2189 5465 cumulatum

621 5463 819 5515 cernis.

695 5545 720 5604 εξ
748 5532 1041 5604 gemigius.

697 5601 718 5639 τ
752 5601 962 5658 Titulus
1018 5607 1147 5682 editi
1189 5609 1507 5682 carminis:
1567 5611 1634 5664 In
1691 5611 1875 5682 dextra
1931 5613 2188 5682 ejusdem.

619 5669 845 5750 Carmen
875 5685 1052 5750 autem
1079 5679 1309 5746 duobus,
1337 5680 1428 5750 qui
1455 5681 1524 5735 ibi
1546 5683 1801 5748 praeteriti
1821 5669 1989 5748 fuere,
2023 5685 2188 5740 versi-

623 5741 754 5801 culis
781 5745 1098 5814 explendum
1137 5760 1234 5804 est.

2433 4513 2671 4577 Candidus
2694 4513 2969 4577 Exuperns,
2997 4520 3093 4564 etc.

2491 4573 2688 4639 Silenus
2710 4573 2910 4639 martyr,
2933 4573 2986 4626 et
3007 4576 3283 4639 Timotheus
3303 4577 3412 4622 orat.
3477 4627 3504 4639 η
3557 4625 3576 4639 _.

2426 4621 2799 4698 subditicii};
2817 4621 2880 4687 Se
2886 4621 3002 4698 nnc,
3015 4621 3065 4686 Ῥ
3071 4621 3199 4688 iam;
3211 4621 3458 4695 martyrqne
3475 4621 3674 4688 Hyacinthi»

2491 4697 2622 4755 Quos
2645 4699 2804 4760 nobis,
2831 4705 2925 4749 etc.

2377 4802 2402 4839 ε
2429 4797 2671 4853 Accessit
2707 4800 2808 4854 hac
2833 4800 3066 4854 editione
3095 4799 3369 4860 distichon,
3396 4790 3506 4864 quod
3537 4792 3686 4856 εηνρηθ

2304 4885 2422 4924 sum
2451 4878 2534 4924 est
2562 4871 2616 4922 in
2642 4869 2791 4924 Actis
2814 4869 3181 4924 dedicationis.

2425 4965 2712 5057 Eucherius,
2733 4967 2915 5060 Trndo,
2937 4997 3226 5060 Arnulphus,
3244 4991 3455 5044 Serratlus
3470 4992 3574 5060 atque

2484 5053 2796 5122 Cuthbertus,
2819 5053 2951 5110 Beda
2974 5061 3072 5122 hic,
3089 5053 3385 5121 Equitiusque
3403 5053 3560 5100 manent.

2372 5193 2398 5234 ll
2425 5190 2711 5254 Servatius,
2744 5190 2844 5246 nisi
2880 5190 2952 5244 sit
2970 5187 3266 5261 Gervasius.
3303 5252 3314 5261 _
3372 5251 3381 5261 ι
3480 5239 3580 5261 ’,Η

2378 5264 2394 5302 ί
2425 5241 3678 5336 imminuit—lites.'ciiinisingulariiﬁtlliﬁﬂ

2300 5333 2406 5401 βίον
2432 5308 3496 5422 Sessias-assesasses

2299 5390 2460 5470 scopo
2500 5402 2838 5465 dedicatum;
2869 5409 2923 5453 et
2963 5390 3676 5492 versuum-Ornamentis..th{f

2299 5473 2547 5492 Ἀ--η-ιη-
2600 5471 2668 5492 ιει-
2740 5487 2774 5492 --
2825 5470 2973 5492 a--.:_
3025 5467 3152 5492 n..l.l
3227 5480 3251 5492 η
3298 5461 3324 5492 Ρι
3368 5454 3596 5492 mnmnrmI
3653 5452 3662 5486 Ι

2297 5454 2552 5542 leg—untur
2579 5454 2693 5524 lib.
2738 5487 2776 5526 ιι
2812 5454 2995 5538 Antiq.
3025 5467 3195 5530 Fuld.,
3225 5461 3343 5544 ρπβ,
3367 5454 3566 5511 memoriae
3584 5454 3674 5546 ιηᾳῖ

2305 5543 2470 5563 κη---
2523 5539 2778 5563 o-------.
2811 5539 3115 5563 :_.-_:--.....
3159 5533 3364 5563 Immlm-u
3403 5525 3452 5563 mI
3479 5520 3652 5563 «ρηιεηιηι

2298 5525 2492 5596 dibus.
2523 5525 2781 5611 SupereSt
2811 5525 3117 5609 inter-jactus
3159 5525 3365 5610 basilica:
3401 5525 3452 5580 ad
3479 5525 3660 5602 κριθωπθ

2298 5627 2418 5646 ,ιιι-νη
2454 5611 2604 5646 ηηιιίε
2657 5620 2710 5646 ιη
2745 5610 2782 5646 ς
2829 5609 3096 5646 "inlusa":
3141 5608 3446 5646 nmmsnura
3473 5601 3511 5646 et
3543 5575 3660 5646 ῑεηιΡιθ

2243 5671 2246 5675 -
2297 5627 2420 5667 ηοω
2454 5596 2627 5702 cellis}
2657 5620 2713 5666 ει
2745 5610 2809 5702 5;.
2827 5596 3450 5702 λεξςιῖξςῐξξ.

2295 5696 2362 5734 ex
2409 5672 2694 5736 ruderibus
2729 5681 2926 5737 veteris
2963 5672 3197 5738 ecclesia:
3235 5672 3471 5728 δυεείιειιοι
3493 5672 3562 5713 η⁰¹¹
3588 5672 3616 5716 ’ἕ

2295 5751 2436 5806 bilis.
