3944 6320
270 285 426 342 1625

258 402 396 460 Pars
424 408 624 464 montis
652 406 799 461 Sinai
828 405 994 476 Moysi
1016 412 1072 459 et
1094 399 1411 458 memoratio
1431 397 1613 468 digna,

326 499 429 554 Hic
452 499 654 556 Christi
679 498 889 554 Domini
915 507 970 552 et
991 495 1222 568 genitale
1243 494 1435 550 solum.

247 590 356 646 Hic
384 590 612 648 Michael
643 593 892 662 princeps
920 591 1128 646 Domini
1157 595 1448 660 symmysta
1469 583 1694 640 Joannis

325 682 678 753 Victoresque
704 682 810 738 foci
833 690 942 737 tres
966 681 1124 737 simul
1150 688 1204 734 et
1224 679 1396 750 pueri.

247 771 508 826 Privatus
533 781 744 842 martyr
767 772 971 842 pariter
998 779 1054 826 et
1084 769 1391 824 Habundius
1420 767 1532 836 ipse

326 860 640 930 Suscipiunt
663 870 783 916 vota
815 871 976 929 atque
1008 859 1117 914 Deo
1144 859 1402 913 referunt.

249 949 526 1019 Sulpicius
554 950 748 1020 praesul
774 950 929 1004 simul
953 959 1008 1005 et
1033 947 1310 1005 confessor
1334 945 1630 1010 Amandus,

325 1038 424 1095 Hic
451 1040 745 1096 monachus
768 1039 1046 1105 Mammas,
1071 1040 1160 1094 hic
1184 1047 1308 1093 ovat
1333 1045 1388 1092 et
1415 1035 1653 1091 Simeon.

246 1129 388 1185 Cum
411 1131 606 1200 quibus
633 1131 721 1186 hic
742 1147 954 1202 semper
973 1131 1112 1186 votis
1137 1130 1328 1187 assiste
1351 1142 1659 1199 precamur,

322 1221 488 1294 Virgo
509 1230 722 1279 sacrata
750 1222 882 1287 Deo,
911 1231 1113 1293 martyr
1138 1220 1442 1276 Anastasia.

629 1356 808 1413 XLIV.
836 1388 906 1399 ——
931 1357 996 1412 In
1022 1358 1231 1412 sinistro
1261 1354 1446 1410 altare.

245 1464 352 1521 Hic
376 1463 615 1521 Anianus
644 1467 816 1534 adest,
841 1477 1047 1539 martyr
1073 1467 1379 1523 Desiderius
1405 1474 1567 1534 atque

321 1557 435 1611 Rex
464 1556 816 1613 Sisemundus
839 1566 986 1624 ovat,
1009 1557 1375 1625 Genesiusque
1397 1555 1576 1611 simul.

243 1648 330 1704 Tu
352 1664 584 1719 quoque,
607 1650 1013 1720 Christophorc,
1036 1648 1236 1703 nostris
1251 1647 1338 1717 pie
1367 1645 1636 1702 mentibus
1655 1644 1823 1710 adsis,

318 1739 560 1810 Cumque
584 1741 688 1796 tuis
711 1740 874 1795 sociis
896 1741 1009 1810 ipse
1029 1739 1218 1810 Juvato
1245 1753 1452 1810 preces.

671 1851 833 1907 XLV.
852 1883 920 1893 —
944 1852 1010 1907 In
1039 1852 1220 1907 dextro
1249 1851 1437 1906 altare.

241 1962 507 2019 Paulinus
529 1964 746 2034 prmsul,
770 1963 988 2019 Brixius
1013 1979 1225 2034 quoque
1252 1962 1655 2032 Perpetuusque

318 2054 554 2111 Sanctus
579 2063 634 2111 et
659 2055 918 2120 Isidorus,
947 2055 1307 2125 Martialisque
1329 2054 1507 2108 Pater.

243 2147 400 2202 lianc
427 2163 578 2202 aram
603 2149 812 2204 meritis
845 2163 1062 2219 semper
1085 2147 1359 2202 vivacibus
1383 2153 1600 2209 ornant,

318 2239 595 2295 Assistunt
614 2239 886 2310 precibus,
913 2254 1048 2308 quas
1076 2240 1163 2310 pie
1196 2239 1397 2308 quique
1421 2237 1642 2293 dabunt.

1035 285 1364 348 CARMINA.
1401 314 1472 325 —
1512 279 1753 338 SECTIO
1787 280 1829 334 ι.
1865 276 2193 335 ΡΟΕΜΑΤΑ
2232 275 2322 330 DE
2360 272 2690 330 DIVERSIS.

1851 397 1902 454 Δ

3348 259 3490 321 i626

1999 389 2282 444 Memmius
2305 387 2530 444 antistes
2557 387 2644 442 hic
2667 400 2822 442 soror
2848 383 3116 455 Etpumia.
3141 384 3170 423 δ

1923 480 2203 535 Credimus
2223 493 2352 550 ergo
2381 478 2512 533 satis
2549 478 2814 548 placatum
2847 485 2900 530 te
2922 476 3108 530 adfore
3138 473 3292 530 nobis

1994 568 2051 623 Si
2079 568 2134 622 hi
2163 583 2325 638 prece
2357 582 2456 622 nos
2477 567 2726 621 studeant
2754 564 2856 618 rite
2886 564 3064 619 fovere
3093 577 3209 618 sua.

1922 678 2106 738 XLIX.
2132 708 2186 716 -
2229 690 2251 717 ο
2283 677 2352 733 In
2379 678 2559 758 obside
2597 676 2847 758 ecclesiis,
2873 675 3056 733 Sancti
3091 673 3238 730 Petri
3260 691 3377 747 quae
3419 685 3496 731 est

2511 757 2566 801 in
2588 757 2758 802 monte
2785 757 2906 801 sita.

1926 859 2064 916 Ecce
2092 868 2242 915 sator
2268 859 2546 915 hominum
2575 859 2750 914 victor
2777 874 2938 930 super
2963 859 3164 913 aethera
3193 857 3422 923 scandit,

1998 949 2389 1020 Discipulisquc
2413 950 2524 1005 suis
2551 950 2701 1020 regni
2730 965 2884 1004 sacra
2909 949 3093 1003 limina
3114 949 3320 1019 pandit,

1927 1039 2095 1108 Quem
2135 1040 2213 1095 sic
2244 1049 2528 1094 venturum
2558 1039 2800 1110 angelica
2829 1040 2935 1094 huc
2977 1038 3195 1094 oracula
3233 1037 3498 1109 spondent

1997 1129 2182 1186 Castus
2205 1130 2530 1200 apostolicus
2558 1129 2766 1200 pariter
2785 1145 2906 1185 cum
2939 1128 3091 1214 plebe
3119 1127 3263 1184 fideli

1931 1221 2078 1277 Dona
2109 1221 2377 1276 Paracleti
2404 1222 2527 1292 igne
2552 1222 2787 1276 micante
2810 1221 2969 1290 capit.

2513 1330 2574 1385 L.
2601 1331 2626 1370 ά
2646 1362 2713 1372 —
2737 1330 2960 1385 Ibidem.

1929 1440 2028 1497 Hic
2049 1441 2198 1498 locus
2218 1457 2342 1498 ecce
2370 1450 2518 1498 tenet
2541 1451 2852 1498 sanctorum
2884 1441 3097 1498 condita
3125 1440 3228 1496 rite

1999 1532 2129 1589 Ossa
2157 1533 2316 1588 simul
2347 1548 2654 1588 memorans
2675 1542 2729 1588 et
2751 1534 2839 1606 pia
2863 1531 3006 1588 facta
3027 1532 3177 1598 colit,

1931 1623 2102 1679 Mater
2124 1623 2398 1689 Felicitas,
2429 1635 2616 1680 sancta
2639 1633 2692 1680 et
2717 1625 3016 1680 Concordia
3046 1624 3254 1690 nutrix,

1851 1740 1901 1802 Β
1999 1718 2270 1791 Hippolyti
2301 1721 2389 1774 hic
2413 1731 2644 1790 pausant
2673 1721 2909 1775 Candida
2943 1728 2997 1774 et
3019 1719 3292 1788 Eutropia.

1929 1809 2081 1864 Pauli
2097 1825 2328 1882 namque
2352 1812 2569 1883 hospes,
2593 1812 2783 1882 Aquila
2806 1812 2894 1868 hic
2924 1819 2979 1866 et
3003 1810 3188 1865 Prisca
3207 1809 3496 1883 [Priscilla]

3092 1902 3424 1976 [quiescunt,

1997 1991 2234 2064 Eugenia
2264 1992 2352 2048 hic
2372 1992 2525 2066 virgo
2552 2002 2714 2064 atque
2735 1995 2930 2049 Basilla
2957 2003 3199 2054 manent.

1938 2081 2171 2154 Virginis
2203 2084 2433 2155 Agnetis
2458 2083 2548 2140 hic
2569 2086 2896 2141 collactanca
2923 2085 3086 2150 sistit,

1995 2173 2200 2247 Nempe
2225 2175 2604 2231 Emerentiana
2635 2187 2843 2248 martyr
2871 2185 2924 2232 et
2945 2178 3057 2249 ipsa
3084 2193 3262 2233 sacra.

2361 2285 2446 2342 LI.
2479 2317 2550 2328 —-
2574 2285 2643 2342 In
2668 2288 2850 2343 dextro
2871 2287 3058 2344 altare.

241 2372 431 2430 XLVI-
458 2404 528 2413 -“
552 2370 1705 2467 ’ξιξξεξξξίξηξξηξζίῖ-ἕιξῇξῗεξξρνηοητθ
1731 2367 1821 2442 qui
1923 2395 2249 2466 Martyribus
2273 2397 2480 2455 Christi
2505 2400 2718 2456 cunctis
2747 2401 2863 2455 haec
2883 2416 2976 2455 ara
3012 2401 3186 2456 locata
3209 2411 3315 2467 est,

552 2452 766 2498 vocatur
791 2442 1055 2514 Episcopi,
1078 2445 1132 2496 in
1159 2445 1341 2496 dextro
1362 2442 1547 2496 altare.

242 2575 358 2632 Hoc
387 2576 556 2633 altare
582 2587 771 2632 tenens
792 2577 1100 2634 Bonifacius
1123 2577 1236 2648 ipse
1260 2578 1533 2644 sacerdos,

315 2669 383 2723 Et
405 2668 606 2724 Christi
634 2677 863 2742 martyr,
887 2669 988 2724 rite
1007 2677 1265 2739 patronus
1294 2670 1465 2724 adest.

244 2755 345 2812 Cui
368 2772 582 2828 quoque
609 2759 929 2828 conjunctus
950 2759 1020 2813 slt
1041 2773 1180 2828 papa
1199 2757 1492 2830 Gregorius
1513 2758 1672 2813 isthic

311 2846 536 2918 Equati
557 2857 611 2903 et
639 2849 848 2904 meritis
875 2864 1039 2918 regna
1067 2863 1299 2919 superna
1327 2857 1530 2905 tenent.

241 2936 360 2992 Non
389 2937 567 2992 minor
601 2953 730 3009 ergo
763 2937 868 2993 fide
895 2946 1102 3010 martyr
1122 2939 1450 2994 Laurentius
1477 2939 1615 3005 istis,

312 3024 412 3083 Hic
437 3033 565 3085 ovat
591 3034 645 3083 et
675 3028 946 3097 precibus,
973 3027 1193 3096 adjuvat
1218 3028 1333 3100 ipse
1359 3029 1494 3098 pios.

619 3157 822 3215 XLVII.
854 3191 925 3200 —
951 3159 1018 3215 In
1038 3160 1250 3215 sinistro
1274 3158 1461 3216 altare.

1898 2551 1906 2560 σ
1993 2485 2377 2559 Pmcipueque
2407 2488 2547 2555 istis,
2575 2489 2756 2544 littera
2782 2505 2918 2560 quos
2942 2500 3211 2546 numerat.

2338 2599 2444 2654 LII.
2475 2631 2548 2640 —
2573 2599 2639 2654 In
2668 2600 2881 2655 sinistro
2904 2599 3091 2655 altare.

1924 2709 2054 2765 Sors
2074 2709 2447 2766 confessorum
2481 2710 2682 2766 Christi
2705 2712 2846 2766 hanc
2871 2711 3081 2766 obtinet
3107 2726 3281 2778 aram,

1995 2799 2141 2866 Quos
2168 2799 2292 2855 aula
2317 2801 2440 2856 coeli
2465 2801 2709 2870 possidet
2736 2808 2898 2871 atque
2921 2809 3090 2855 tenet.

2065 2910 2192 2966 LIII.
2217 2943 2290 2952 —
2309 2911 2374 2967 In
2396 2923 2574 2983 crypta
2603 2914 2784 2968 subtus
2809 2915 2878 2968 ad
2909 2914 3077 2969 altare
3101 2916 3348 2983 primum.

1921 3023 2034 3079 [Iac
2053 3023 2294 3095 Baptista
2328 3032 2520 3094 potens
2550 3039 2705 3080 sacra
2737 3025 3084 3080 venerabitur
3121 3039 3237 3090 ara,

1848 3097 1893 3158 Ο
1998 3115 2108 3172 Hac
2132 3124 2316 3172 vatum
2345 3117 2502 3173 turba
2531 3125 2694 3188 atque
2721 3116 2944 3172 Patrum
2967 3117 3184 3172 colitur.

2311 3225 2444 3283 LIV.
2473 3258 2546 3268 —
2568 3227 2649 3280 Ad
2670 3227 2839 3283 altare
2864 3228 3116 3283 medium.

242 3276 1584 3391 ”&__P:{°_{ﬂ'f{‘iV‘ff‘f?{_f{'f"j§?§?’j’f‘_Taf'me
1607 3287 1817 3354 paswr’
1923 3317 2086 3389 Virgo
2109 3318 2204 3374 Dei
2229 3319 2461 3391 genitrix
2497 3319 2637 3375 hanc
2667 3309 2814 3374 aram
2853 3321 2954 3374 rite
2984 3330 3183 3386 teneto,

315 3368 395 3423 Tu
421 3367 729 3436 Benedicte,
763 3381 884 3427 tuos
905 3372 1009 3428 rite
1037 3373 1194 3443 juves
1215 3374 1488 3444 precibus,

243 3459 342 3514 Cui
381 3475 538 3516 soror
563 3463 814 3532 adjuncta
847 3464 1183 3520 Scholastica
1206 3475 1395 3521 sancta
1425 3466 1643 3538 virago:

315 3550 396 3605 Tu
420 3551 515 3606 tibi
537 3553 744 3610 devotis
781 3570 947 3624 posce
975 3555 1167 3611 salutis
1197 3571 1374 3627 opem.

245 3641 447 3713 Martyr
465 3642 774 3709 Anastasio,
807 3644 965 3699 simul
995 3654 1051 3699 tu
1080 3645 1266 3711 funde,
1291 3661 1596 3716 precamur,

315 3730 419 3786 Pro
444 3732 602 3788 nobis
623 3732 840 3789 Christo
869 3749 1083 3806 semper
1101 3744 1156 3789 et
1183 3735 1299 3805 ipsa
1321 3750 1530 3806 preces.

249 3865 470 3924 XLVIII.
490 3837 562 3908 €—
586 3867 655 3924 In
687 3878 868 3952 marite.
902 3870 992 3952 quni
1047 3879 1261 3952 vocatu!
1291 3872 1518 3952 episcopi
1570 3873 1626 3927 in
1677 3880 1820 3928 turre

685 3938 922 3994 ecclesia!
947 3938 1158 3995 Sanctae
1187 3938 1396 3996 Mariae.

248 4061 442 4116 Annue
466 4060 682 4116 Christe
714 4061 880 4126 Deus,
911 4059 1139 4116 Michael
1165 4061 1522 4130 archangelus
1553 4062 1640 4117 isti

312 4151 549 4207 Assistat
577 4153 738 4218 votis,
767 4168 868 4208 nos
884 4151 1040 4221 juvet
1066 4161 1122 4208 et
1154 4153 1425 4222 precibus.

249 4240 509 4297 Martinus
528 4243 745 4311 praesul,
787 4251 994 4314 martyr
1016 4243 1315 4298 Dalmatius
1349 4251 1532 4314 atque,

312 4327 611 4404 Propitium
640 4333 799 4391 nobis
825 4343 878 4389 te
909 4333 1112 4390 faciant
1142 4335 1371 4391 meritis.

246 4424 482 4493 Cassius,
513 4425 820 4492 Anthimus,
851 4435 1070 4483 sanctus
1102 4425 1410 4483 Florentius
1435 4436 1632 4494 astent,

1990 3407 2142 3464 Hanc
2163 3417 2338 3466 tecum
2370 3410 2568 3465 habeat
2595 3410 2975 3480 virgineusque
3006 3410 3228 3466 chorus.

2325 3523 2436 3578 LV.
2464 3523 2632 3576 ——-Ad
2663 3523 2830 3578 altare
2863 3524 3094 3578 tertium.

1920 3630 2033 3686 Hoc
2057 3634 2228 3689 altare
2256 3634 2351 3688 Dei
2373 3634 2598 3688 Michael
2639 3634 2999 3704 archangelus
3017 3642 3193 3694 ornat,

1994 3723 2213 3796 llocque
2237 3724 2418 3781 colunt
2442 3726 2650 3796 pariter
2677 3727 2892 3796 agmina
2917 3734 2971 3780 et
2999 3725 3258 3796 angelica.

2646 3834 2779 3893 LVI.

1919 3927 2022 3997 Qui
2053 3936 2192 3999 regit
2217 3929 2499 3999 imperium
2523 3928 2729 3994 mundi,
2757 3927 2850 3998 qui
2877 3929 3119 3984 continet
3144 3937 3314 3993 astra,

1993 4020 2146 4076 Hanc
2169 4018 2346 4074 aulam
2378 4019 2611 4074 adventu
2635 4019 2846 4074 dedicat
2869 4019 2983 4090 ipse
3013 4035 3130 4075 suo.

1917 4111 2052 4169 Cum
2091 4125 2198 4180 quo
2222 4109 2636 4179 baptista‘simul
2665 4120 2720 4166 et
2739 4119 3038 4183 symmysta
3060 4109 3302 4166 Joannes

1987 4203 2136 4258 Hanc
2159 4203 2328 4258 aedem
2353 4202 2674 4266 inhabitant,
2702 4201 2937 4269 Christe,
2965 4201 3041 4256 tui
3063 4200 3269 4255 famuli.

2620 4311 2777 4368 LVII.

1923 4426 2208 4485 Marcellus
2235 4391 2494 4494 clemens,
2515 4424 2826 4482 Bonifacius
2854 4434 2910 4481 et
2933 4425 3253 4498 Cyprianus,

1187 4575 1198 4584 .
1248 4536 1534 4594 SCliOLlA
1577 4537 2084 4596 CHRISTOPHOBI
2120 4519 2466 4595 showsni.

313 4659 338 4719 ξ
366 4646 443 4719 De
468 4654 650 4719 monte
675 4646 943 4718 Episcopi,
975 4649 1064 4719 qui
1109 4663 1304 4704 nomen
1346 4651 1398 4704 id
1433 4665 1464 4704 a
1498 4659 1684 4706 sancto
1709 4651 1810 4707 Bo-

246 4715 440 4772 uifacio
476 4715 747 4773 insessore
777 4715 1078 4784 reti'net,_et
1120 4720 1286 4775 variis
1327 4720 1429 4774 loci
1456 4722 1808 4786 ornamentis,

1915 4651 2123 4721 templi,
2151 4651 2238 4706 vel
2290 4649 2531 4721 turribus
2577 4647 3042 4721 ipsis,i_vestigium
3071 4663 3085 4713 ;
3122 4646 3221 4703 etsi
3249 4646 3383 4721 lapis
3409 4662 3496 4702 se-

1913 4717 2170 4793 pulcralis
2194 4720 2435 4791 Ratgarii
2461 4717 2622 4793 isthic
2645 4717 2919 4793 hodieque
2933 4727 3284 4793 monstretur.
3311 4717 3494 4793 Itaque

247 4786 554 4862 sacpiuscule
578 4787 874 4862 loquuntur
891 4788 1152 4862 Antiquit.
1179 4789 1336 4862 Fuid.
1359 4791 1502 4846 libri.
1530 4791 1810 4862 Templum
1840 4860 1865 4862 Α
1914 4786 2099 4847 abiere
2119 4786 2446 4860 omnia'qua:
2468 4807 2534 4847 ex
2552 4786 2857 4862 gBudolpho
2894 4803 2993 4862 nos
3031 4789 3156 4843 olim
3179 4787 3272 4842 lib.
3296 4803 3356 4842 lli
3387 4786 3496 4842 An—

248 4926 421 4982 multis
447 4942 618 5000 nuper
655 4926 1036 5000 labefactatum
1075 4929 1311 4998 injuriis,
1335 4937 1393 4983 ut
1424 4929 1592 5000 ruina:
1627 4931 1810 5000 proxi-

248 5005 386 5082 mum
413 4997 1167 5082 .videaturzLociuammnitas
1197 4999 1250 5082 in
1278 4997 1807 5082 oppidiconspectu,

250 5066 426 5121 acclivi
457 5066 591 5121 colle
631 5069 698 5122 ad
731 5069 1035 5134 aquilonem
1061 5070 1174 5134 siti,
1203 5079 1257 5124 et
1286 5066 1513 5125 celebris
1543 5066 1642 5126 soli
1679 5066 1810 5126 relié

249 5136 330 5208 gio
351 5136 747 5210 Balthasarum,
775 5136 944 5193 felicis
973 5139 1250 5194 memoria:
1278 5140 1547 5210 abbatem,
1588 5156 1806 5210 permo-

248 5206 430 5280 verant
458 5215 523 5280 u_t_
543 5206 716 5261 labem
737 5211 1045 5280 resarciret,
1068 5217 1123 5280 e_t
1141 5211 1286 5279 operi
1305 5209 1416 5280 jam
1440 5206 1631 5266 manus
1657 5211 1811 5268 adhi-

248 5277 446 5350 buerat.
479 5274 874 5350 N_equ_e_templi
903 5280 1061 5334 modo
1083 5274 1322 5345 fabrica;
1341 5280 1436 5334 sed
1472 5290 1653 5350 aptum
1695 5297 1809 5336 mo-

213 5395 220 5404 .
249 5346 472 5432 uasticze.
493 5346 820 5429 domicilium
853 5352 1125 5432 surgebat,
1154 5346 1613 5432 cumprteclaram
1641 5351 1807 5405 animi

250 5416 637 5490 contentionem
667 5418 722 5470 in
751 5419 926 5490 medio
952 5416 1128 5489 spatio
1153 5416 1354 5474 invidia
1381 5419 1539 5489 fregit
1563 5428 1619 5475 et
1642 5436 1807 5490 prava

251 5486 587 5542 factiosorum
635 5487 905 5542 :emulatio
931 5506 944 5541 :
981 5486 1158 5544 donec
1189 5490 1402 5544 tandem
1432 5486 1668 5545 Joannes
1692 5491 1810 5546 Fri-

251 5557 450 5630 dericus
471 5597 484 5620 ,
539 5572 820 5630 successor
845 5599 858 5622 ,
899 5559 1106 5630 templo
1157 5568 1488 5625 restaurato,
1520 5561 1807 5630 benignam

251 5626 387 5695 operi
430 5643 644 5681 "tantum
698 5626 1505 5702 admovit.‘I’nterimUBatgarii
1549 5626 1805 5702 operum,

253 5706 335 5758 aut
385 5706 846 5754 monumentorum
891 5699 1119 5768 Rabani,
1145 5700 1346 5756 nullum
1379 5699 1460 5757 ibi
1493 5703 1543 5757 in
1583 5699 1808 5777 corpore

248 4858 297 4912 id
335 4864 532 4980 lprazter
576 4857 710 4913 alias
758 4857 939 4913 clades
984 4857 1179 4928 quibus
1224 4859 1476 4914 alllictum
1521 4857 1679 4926 olim,‘
1699 4870 1808 4916 tam
1834 4860 1888 4920 D
1916 4863 2012 4931 tiq.
2046 4857 2410 4923 meminimus,
2442 4863 2508 4916 de
2531 4860 2696 4915 illatis
2721 4857 2865 4915 hunc
2892 4858 2945 4912 in
2974 4858 3150 4914 locum
3178 4867 3493 4914 sanctorum

248 4943 329 4980 mu
355 4926 421 4980 tis
447 4942 618 4980 nuner
655 4927 1036 4980 labefactatum
1075 4929 1311 4980 iniuriis.
1335 4937 1393 4980 ut.
1424 4929 1592 4980 ruinae
1627 4931 1810 4980 nmxi-
1915 4932 2124 4980 exuiviis
2150 4932 2378 4980 aliisnue
2404 4931 2616 4980 collatis
2645 4929 3000 4980 ornamentis.

1915 4929 2124 4988 exuviis
2150 4932 2395 5002 aliisque
2404 4931 2625 5002 collatis
2645 4929 3000 5002 ornamentis.

1988 4998 2311 5084 {Ethymial
2347 5000 2518 5084 forte
2579 5001 3049 5084 E_uprcpia,'qtta:
3113 4999 3388 5056 invenitur
3438 4998 3492 5052 in

1915 5071 2662 5211 ωεξιἮὲιῗειιξοῐὲιείὶέιῗιῐὲιῖἱν
2682 5069 3081 5204 ἓὲςιιέξέἶαιῆῗῗιέι
3136 5136 3485 5211 Reginbaldo,

1913 5208 2301 5288 chorepiscopo
2338 5211 2538 5283 Otgarii
2573 5208 3240 5288 Monguntini__pon_tificis,
3281 5208 3490 5288 dedica-

1913 5288 2043 5346 tam,
2073 5281 2765 5354 pignoribusfsanctorum,
2794 5281 3108 5354 conditoriis
3135 5289 3195 5334 ut
3221 5281 3491 5347 epigram-

1913 5351 2088 5407 matis'
2122 5351 2351 5407 mirifice
2397 5353 2668 5406 instruxit.
2698 5352 2740 5405 Τ
2744 5359 2970 5404 estatam
3018 5351 3155 5404 hanc
3194 5364 3307 5402 rem
3339 5361 3492 5401 com-

1913 5423 2200 5548 gelnitariob
2231 5422 2493 5494 Rudolphi
2542 5422 2802 5485 dedimus,
2841 5421 2931 5492 qui
2975 5427 3152 5474 exstat
3200 5419 3256 5472 in
3294 5415 3478 5486 Autiq.

1961 5509 1990 5547 u
2059 5532 2100 5548 ..
2147 5510 2160 5546 ι
2205 5507 2326 5546 .m.

1961 5507 2072 5548 υια.
2085 5534 2100 5555 ,
2126 5507 2218 5548 III).
2244 5507 2326 5546 III.

1985 5563 2013 5603 (ι
2043 5562 2158 5618 Hoc
2207 5563 2570 5634 epigramma,
2601 5578 2741 5618 arca:
2785 5559 3111 5634 reliquiarize
3149 5557 3480 5634 inscriptum.

1914 5635 2176 5703 porrectis
2213 5627 2265 5686 in
2297 5627 2579 5702 utramque
2633 5641 2842 5702 partem
2890 5627 3157 5703 versibus,
3188 5627 3483 5703 narrationi

1914 5697 2024 5761 suae
2055 5702 2386 5776 Budolphus,
2426 5697 2682 5759 Actorum
2712 5699 2915 5757 Rabani
2949 5699 3199 5772 scriptor,
3232 5697 3480 5756 intexuit.
