3944 6320
489 337 632 397 1⁸835

590 446 800 512 LXXX.
824 483 893 493 —
913 450 1081 521 Super
1109 449 1484 519 confessionem
1518 447 1679 519 ipsius
1706 443 1949 516 sepulcri.

484 567 737 637 Quisquis
763 566 901 619 dona
930 561 1059 615 velit
1087 560 1188 615 rite
1228 560 1517 631 impetrare
1543 556 1820 617 Tonantis,

555 648 788 726 Supplex
827 661 1015 724 poscat
1039 664 1194 720 opem
1223 650 1335 714 hic,
1368 656 1665 720 martyrum
1693 654 1748 700 et
1775 642 2054 699 auxilium.

482 757 996 830 LXXXl.-—Super
1037 759 1232 813 ciboria
1281 754 1693 830 altaris_sancti
1742 751 1960 807 Martini
2001 751 2058 806 hi

946 846 1120 883 versus
1146 837 1266 882 sunt
1299 825 1599 896 conscripti.

484 942 735 1014 Otgarius
764 940 947 1011 erepit,
977 940 1231 995 [tabanus
1252 939 1356 994 rite
1384 938 1608 1009 peregit,

553 1031 755 1087 Ciborii
782 1032 921 1085 hanc
949 1045 1149 1094 arcem,
1176 1029 1408 1094 Christe,
1437 1030 1513 1083 tui
1538 1027 1744 1083 famuli.

486 1122 581 1179 His
607 1132 661 1176 tu
685 1123 985 1184 mercedem
1016 1123 1221 1177 tribuas
1246 1122 1299 1175 in
1324 1136 1449 1175 arce
1478 1120 1756 1189 benignus,

552 1213 620 1267 Et
649 1213 887 1282 requiem
911 1220 1166 1266 aeternam
1196 1211 1537 1281 omnipotens
1560 1209 1837 1265 Dominus.

485 1304 688 1365 Praesul
714 1306 993 1370 Martinus,
1021 1313 1227 1376 martyr
1247 1315 1303 1360 et
1331 1305 1553 1375 Sergius
1579 1303 1777 1368 almus,

553 1398 664 1453 Hos
689 1398 857 1453 sacris
886 1397 1094 1452 meritis
1122 1405 1283 1467 atque
1304 1395 1495 1466 juvant
1520 1394 1794 1465 precibus.

484 1487 695 1543 Peccati
720 1497 780 1542 ut
808 1488 1019 1543 veniam
1047 1487 1317 1557 accipiant
1342 1502 1405 1541 ac
1432 1500 1655 1541 munera
1691 1482 1825 1539 lucis

555 1575 759 1632 Gaudia
786 1590 906 1630 cum
930 1575 1132 1630 sanctis
1165 1591 1325 1646 regna
1358 1575 1517 1629 beata
1548 1571 1729 1629 simul.

518 1684 774 1738 LXXXII.
799 1715 868 1725 —
896 1685 1086 1740 Versus
1115 1688 1169 1740 in
1197 1684 1380 1740 tabula
1408 1685 1542 1738 inter
1564 1684 1809 1754 seraphin
1831 1683 2021 1754 posita.

1128 332 1188 387 Β.
1230 328 1484 386 RABANI
1517 328 1736 385 MAURI
1771 324 2090 383 ARCIHEP.
2129 319 2436 381 MOGUNT.
2477 314 2760 375 OPERUM
2792 312 2975 371 PARS
3009 311 3101 369 Ν.

2084 445 2134 505 Α
2233 437 2437 507 Martyr
2463 443 2518 490 et
2541 434 2786 497 antistes,
2810 430 3013 486 azthera
3041 427 3183 484 celsa
3210 434 3421 496 petens.

2162 540 2186 569 ε
2220 530 2297 584 De
2316 527 2499 583 Fresia
2529 525 2633 580 huc
2654 533 2838 579 vectus
2862 537 2987 579 cum
3010 522 3167 577 theca
3192 519 3291 575 hac
3311 520 3415 573 rite
3432 515 3692 581 locatus,

2230 618 2518 689 Sanguinis
2540 617 2629 671 hic
2654 623 2864 685 partem
2888 613 3123 683 liquerat
3157 611 3285 666 hinc
3311 610 3534 666 abiens.

2159 708 2186 749 τι
2216 711 2454 778 Desuper
2480 704 2624 762 hunc
2651 702 2912 759 tumulum
2942 700 3201 756 Rabanus
3222 700 3461 756 condere
3480 696 3655 768 imit

2229 802 2311 857 Ad
2336 801 2548 856 laudem
2583 798 2757 854 sancti
2785 797 3013 869 exiguus
3034 794 3291 851 famulus.

2158 892 2414 961 Indignus
2440 889 2637 961 przcsul
2661 887 2983 944 vernaculus
3010 894 3249 942 attamen
3268 884 3456 956 hujus,

2230 982 2336 1038 Pro
2364 996 2474 1042 auo
2501 988 2578 1047 tu,
2608 980 2802 1045 lector,
2830 977 2995 1034 funde
3014 993 3208 1049 preces
3236 977 3491 1035 Domino.

2331 1112 2592 1170 LXXXV.
2613 1146 2685 1155 —
2713 1114 2783 1169 In
2819 1114 3037 1171 ecclesia
3066 1116 3235 1170 sancti
3262 1111 3569 1168 Michaelis.

2163 1257 2189 1287 ο
2220 1245 2370 1302 Hanc
2404 1245 2581 1300 aulam
2602 1245 2853 1316 precibus
2877 1244 3108 1302 Michael
3140 1243 3503 1317 archangelus
3529 1252 3720 1309 ornat,

2229 1337 2492 1393 Martinus
2519 1338 2715 1408 praesul
2742 1338 2960 1410 adjuvat
2985 1347 3039 1395 et
3066 1340 3297 1395 meritis.

2160 1427 2407 1499 Scriptor
2432 1429 2730 1500 Evangelii,
2758 1430 2997 1495 Marcus,
3022 1430 3334 1486 Bonifacius
3356 1440 3552 1502 atque,

2228 1523 2406 1594 Agnes
2431 1530 2486 1578 et
2510 1522 2661 1593 virgo
2688 1521 2777 1578 hic
2810 1531 2936 1578 vota
2960 1522 3075 1579 Deo
3103 1522 3368 1579 referunt.

2302 1674 2585 1734 LXXXVI.
2607 1707 2678 1743 ,—
2704 1675 2775 1732 In
2810 1675 3031 1734 ecclesia
3067 1676 3238 1732 sancti
3276 1674 3610 1733 Saluatoris.

482 1797 581 1854 Hic
613 1798 753 1855 Deus
778 1808 865 1855 est
891 1801 1138 1857 Christus
1179 1800 1439 1859 Dominus
1476 1799 1568 1869 qui
1604 1806 1794 1870 regnat
1838 1798 2054 1868 ubique,

2177 1812 2312 1869 Hanc
2346 1813 2468 1885 pius
2494 1827 2621 1869 ecce
2642 1811 2860 1868 domum
2889 1810 3140 1867 Salvator
3163 1815 3455 1867 consecrat
3488 1805 3643 1862 orbis

552 1890 619 1945 Et
652 1905 815 1947 erute
838 1891 1084 1947 conlisus
1106 1893 1267 1947 noxia
1300 1890 1476 1948 vincla
1502 1890 1666 1961 rupit.

862 2079 867 2085 ⁸
938 2004 1219 2060 LXXXIII.
1236 2036 1305 2046 —
1333 2003 1597 2060 Versus...

483 2106 513 2138 ι
535 2093 826 2153 Pontifices
854 2096 941 2152 isti
970 2098 1111 2152 hanc
1139 2098 1321 2152 sedem
1352 2097 1454 2151 rite
1481 2094 1756 2160 tenebant,

552 2184 843 2255 Postquam
872 2187 1016 2241 hunc
1042 2185 1219 2240 Hunni
1247 2185 1520 2255 diripuere
1547 2184 1746 2239 locum.

484 2275 591 2331 "ed
612 2292 897 2331 numerum
919 2290 1183 2331 annorum
1202 2283 1411 2331 certum
1437 2290 1544 2345 quo
1566 2274 1795 2344 quisque
1819 2272 2058 2345 regebat,

541 2366 850 2434 ,Ecclesiam
878 2382 1142 2438 nusquam
1166 2366 1403 2437 reperire
1429 2364 1571 2420 haud
1596 2364 1781 2435 potui.-

481 2457 583 2513 Ast
609 2466 888 2527 postquam
914 2472 1157 2512 summus
1184 2455 1380 2526 przesul
1406 2453 1713 2510 Bonifacius
1739 2452 1901 2508 isthic

554 2548 634 2602 Ex
662 2548 829 2603 Roma
853 2556 936 2603 est
958 2547 1154 2602 missus
1178 2553 1359 2601 rector
1386 2546 1583 2615 ubique
1609 2544 1752 2614 pius.

483 2640 577 2696 Isti
609 2649 732 2710 post
758 2640 933 2711 ipsum
962 2641 1102 2695 hanc
1129 2638 1313 2695 sedem
1331 2638 1457 2709 jure
1486 2638 1742 2708 regebant

555 2730 756 2786 Ordine
789 2729 1058 2800 pontiﬁcis
1082 2730 1367 2802 oﬂicioque
1396 2730 1578 2785 simul.

484 2838 764 2895 LXXXIV.
785 2871 854 2881 —-—
876 2841 903 2881 ι)
926 2840 992 2895 In
1020 2841 1235 2896 ecclesia
1270 2853 1475 2914 sa_nctc_c_
1495 2839 1683 2914 Maria:
1695 2841 1857 2911 juxta
1884 2843 2060 2914 sepul-

944 2927 1091 2965 crum
1111 2913 1280 2966 sancti
1308 2910 1597 2979 Bonifacii.
1698 2910 1705 2911 “
1738 2970 1745 2977 ,

484 2999 775 3072 Postquam
805 3002 1123 3072 martyrium
1143 3001 1379 3071 explevit
1402 2999 1713 3057 Bonifacius
1739 3001 1932 3067 almus,

2136 1966 2145 1973 ο
2234 1904 2386 1959 Hauc
2410 1904 2652 1976 Baptista
2680 1903 2777 1960 Dei
2801 1903 3041 1959 vindicat
3060 1911 3225 1974 atque
3251 1901 3383 1955 sibi.

2164 1997 2279 2054 Hoc
2310 1996 2478 2052 altare
2508 1996 2720 2062 Petrus,
2743 1995 3055 2075 Bonifacius
3073 2003 3132 2050 et
3160 1993 3426 2056 Kilianus,

2236 2093 2513 2147 Exornant
2536 2092 2764 2159 meritis,
2791 2091 3042 2148 laudibus
3067 2102 3229 2162 atque
3254 2091 3393 2146 suis.

2142 2183 2372 2255 .Hicque
2400 2182 2714 2239 Valentinus
2738 2191 2945 2252 martyr
2969 2183 3254 2253 Dionysius
3276 2191 3449 2252 atque

2230 2274 2509 2330 Assistunt
2531 2273 2805 2342 precibus,
2830 2271 3028 2342 hicque
3049 2270 3429 2330 Sebastianus.

2162 2366 2424 2421 Martinus
2446 2363 2666 2436 praesul,
2690 2363 3007 2419 Ambrosius
3036 2370 3197 2433 atque
3227 2366 3513 2433 sacerdos,

2232 2456 2388 2511 Hanc
2409 2471 2558 2511 aram
2587 2462 2828 2520 servant,
2857 2462 3078 2509 sanctus
3102 2464 3159 2510 et
3180 2453 3444 2513 Hilarius.

2162 2546 2327 2617 Virgo
2352 2545 2523 2601 Maria
2554 2544 2651 2601 Dei
2680 2545 2912 2617 genitris
2934 2545 3025 2601 hic
3037 2560 3198 2600 cerne
3225 2556 3543 2615 precantes,

2236 2637 2437 2708 Martyr
2463 2637 2671 2708 Agatha
2700 2635 2795 2690 Dei
2823 2644 2877 2691 et
2906 2635 3209 2691 Petronclla
3237 2635 3428 2690 simul.

2167 2728 2275 2786 Cor
2299 2729 2395 2784 tibi
2429 2731 2503 2784 sit
2526 2727 2807 2793 mundum,
2836 2742 2992 2782 sacra
3012 2742 3137 2781 cum
3166 2725 3431 2781 libamina
3454 2737 3686 2794 tradas,

2240 2818 2569 2877 Sacrificans
2607 2833 2774 2888 puras
2798 2817 2932 2874 oﬂ'er
2960 2825 3015 2872 et
3040 2817 3154 2886 ipse
3176 2832 3391 2886 preces.

2168 2910 2357 2967 Hostia
2384 2911 2447 2965 ﬁt
2476 2909 2651 2965 laudis
2679 2923 2894 2979 semper
2914 2907 3218 2979 gratissima
3246 2906 3497 2971 Christo,

2239 3001 2347 3057 Cor
2370 3016 2586 3072 quoque
2613 3000 2907 3056 contritum
2947 2998 3171 3069 respicit
3196 2997 3585 3069 Omnipotens.

1495 3110 1786 3169 SCHOLIA
1821 3112 2334 3172 CllRlSTOPlIORI
2368 3115 2715 3173 BHOWERI.

555 3239 584 3269 ι
631 3226 758 3297 Agit
808 3223 877 3280 de
931 3222 1446 3295 Moguittiacensium
1504 3223 1795 3293 praesulum
1838 3236 2062 3297 succes-
2089 3230 2134 3292 ο
2166 3240 2326 3297 casus
2373 3221 3144 3297 interpontilicia‘contigisse,
3181 3231 3275 3297 aut
3314 3238 3490 3297 vacua
3516 3224 3755 3297 inter-ui-

485 3292 706 3374 sione;
731 3292 1118 3374 atque_eorum
1167 3303 1406 3374 tantum,
1443 3292 1906 3374 ngapparetzqui
1938 3300 2060 3374 post

487 3366 785 3424 Hunnicam
806 3361 1035 3429 cladem,
1067 3374 1193 3432 puta
1213 3365 1280 3418 ab
1301 3378 1444 3418 anno
1471 3361 1669 3417 Christi
1707 3361 1844 3428 451,
1863 3361 2062 3431 praeter

484 3444 706 3510 propter
733 3435 991 3510 _subiere.
1037 3433 1292 3510 Serarius
1342 3441 1490 3487 certe
1528 3440 1728 3510 noster,
1776 3442 2063 3510 postquam

485 3502 553 3561 ex
588 3502 912 3558 'Trithemio
964 3504 1269 3573 opinionem
1325 3517 1510 3573 eorum
1559 3502 1651 3570 qui
1704 3503 2062 3573 quadraginta

486 3576 934 3645 episcoposante
980 3571 1311 3645 Bonifacium
1365 3571 1669 3635 admittunt,
1711 3571 1847 3642 quos
1878 3571 2065 3645 recen-

484 3642 795 3701 ti'ores’alti
841 3650 1048 3696 tantum
1100 3642 1370 3696 sexdecim
1420 3650 1757 3710 agnoscunt,
1807 3643 2059 3710 arripuit,

486 3725 541 3771 et
578 3716 630 3769 in
662 3728 849 3770 eorum
883 3710 1295 3780 Chronologiam
1337 3711 1662 3781 permultum
1686 3719 1833 3767 certe
1879 3710 1969 3767 lib.
2019 3728 2060 3768 tt

485 3785 725 3856 Mogunt.
750 3783 969 3856 Rerum,
999 3792 1059 3856 et
1071 3783 1353 3856 subtiliter
1381 3782 1678 3856 inquisivit,
1723 3798 1829 3836 non
1872 3783 2063 3856 habuit

488 3850 601 3926 quo
640 3866 810 3909 tetam
843 3852 988 3906 illam
1029 3850 1725 3926 disputationem’fulciret,
1756 3855 2062 3923 graviorem

487 3920 760 3980 auctorem
790 3964 804 3984 ,
853 3938 1013 3992 quam
1076 3922 1447 3992 Megint‘ridum
1504 3920 1822 3992 Fuldensem
1870 3937 2060 3977 mona-

487 3997 665 4057 chum,
695 4012 723 4049 a
750 3990 1047 4047 Trithemio
1069 3990 1190 4046 cum
1218 3993 1365 4056 alibi,
1390 4000 1504 4045 tum
1546 3992 1600 4044 in
1631 3990 1947 4057 praefatione
1994 3992 2063 4048 ad

490 4007 665 4057 chum,
695 4012 723 4049 a
750 4007 1047 4047 't‘runenuo
1069 4008 1190 4046 cum
1218 4007 1365 4056 3IIDI,
1390 4007 1504 4045 tum
1546 4007 1600 4044 Ill
1668 4007 1947 4046 raetauone
1994 4007 2063 4048 aa

490 4064 667 4120 Vitam
709 4064 765 4118 S.
794 4062 1012 4116 Maximi
1054 4063 1192 4131 Mog.
1233 4061 1475 4131 episcopi
1522 4007 1796 4115 latufatum
1828 4063 2063 4131 :quippe

488 4135 555 4190 de
584 4150 692 4204 quo
732 4134 943 4204 scribit,
996 4132 1327 4204 temporibus
1366 4131 1577 4204 Ottonis
1622 4147 1659 4185 ll
1710 4140 1849 4204 etin
1884 4131 2063 4186 Fuldze

485 4201 707 4270 vixisse,
740 4203 906 4257 libros
936 4218 1062 4256 xxiv
1088 4202 1435 4273 historiarum
1478 4202 1543 4273 de
1569 4201 1900 4273 temporibus
1941 4217 2064 4273 gra-

490 4275 577 4330 tia:
610 4275 972 4343 composuisse
1009 4290 1022 4326 :
1062 4273 1237 4343 ipsum
1270 4271 1605 4343 Moguntinos
1631 4272 1893 4339 praesules
1938 4271 2064 4326 ante

490 4344 547 4398 S.
601 4342 933 4399 Bonifacium
984 4342 1337 4412 quadraginta
1373 4354 1845 4412 commemorasse,
1876 4356 2062 4412 eorum

489 4416 727 4479 nomina,
751 4423 962 4481 tempus
1002 4410 1061 4467 et
1091 4410 1369 4482 regi’minis
1395 4426 1566 4482 annos
1592 4410 1738 4482 clare
1785 4427 1882 4480 per
1919 4411 2066 4466 ordi-

490 4498 611 4538 nem
659 4480 1010 4552 expressisse,
1040 4480 1171 4536 etc.‘
1199 4480 1499 4551 Meginl‘ridi
1541 4480 1758 4550 quidem
1801 4482 2061 4536 libroruin

489 4553 621 4608 nihil
672 4551 759 4607 hic
811 4552 992 4606 Fuldre
1017 4552 1264 4620 reperiri,
1293 4552 1386 4606 sed
1438 4566 1537 4605 nec
1584 4551 1799 4605 aliunde
1844 4552 2061 4616 erui,in

488 4631 600 4676 tam
643 4622 757 4677 utili
800 4624 934 4692 reip.
967 4620 1284 4677 Christiana!
1330 4622 1560 4691 negotio,
1593 4636 1745 4692 srepe‘
1780 4622 2069 4676 doluimus.

490 4692 601 4747 Nec
630 4695 806 4747 minus
847 4690 1022 4746 tamen
1055 4694 1358 4747 mirandum
1377 4690 1463 4753 ,isi
1487 4706 1583 4745 sua
1613 4690 1914 4746 Trithemio
1941 4707 2070 4746 con-

491 4769 603 4817 stat
653 4762 805 4827 lides,
853 4762 1134 4817 Rabanum
1184 4762 1236 4815 in
1289 4761 1611 4829 antiquitate
1660 4761 1913 4816 Ecclesiae
1959 4776 2068 4817 sua!

490 4841 602 4887 tam
630 4833 892 4902 hospitem
940 4844 993 4885 et
1025 4831 1384 4902 peregrinum
1410 4831 1707 4902 exstitisse,
1731 4838 1795 4902 ut
1844 4846 1964 4902 cum
2013 4832 2065 4886 in

494 4900 821 4973 monasterio
840 4900 1112 4965 Fuldensi,
1143 4900 1338 4955 saeculo
1366 4900 1477 4955 fere
1504 4901 1706 4973 tardius
1729 4900 2064 4973 Meginfrido,

495 4981 602 5025 tam
652 4970 879 5026 illustria
907 4973 1223 5026 documenta
1269 4972 1623 5040 suppeterint,
1657 4971 1769 5039 ipse
1800 4970 1945 5024 omni
1975 4973 2068 5026 do-

493 5043 665 5096 ctrina
695 5041 989 5096 liberaliter
1016 5044 1323 5102 institutus.
1349 5042 1488 5095 unde
1529 5041 1836 5095 universum
1866 5040 2066 5097 ﬂumen

493 5122 817 5191 erumperet.
842 5128 871 5165 a
913 5113 1119 5191 seclusa
1151 5112 1343 5191 .aliqua
1374 5111 1536 5165 fontis
1562 5111 1755 5179 aquola
1783 5122 2067 5191 superatus

494 5183 584 5237 sit.
616 5184 725 5237 Sed
754 5191 932 5236 tamen
980 5181 1232 5236 Serarius
1280 5190 1463 5236 noster
1499 5196 1688 5235 aurum
1719 5180 2066 5235 multifariam

494 5252 763 5307 defossum
816 5252 968 5321 quasi
1021 5261 1560 5315 contmonstraturus,
1605 5251 1736 5305 satis
1794 5250 1981 5304 habuit
2020 5249 2067 5304 si

494 5323 645 5392 signa
674 5331 731 5377 ct
754 5332 909 5378 notas
940 5324 1251 5377 ostenderet
1271 5321 1839 5392 abditommiloeorum
1869 5321 2068 5389 quibus

493 5391 808 5461 exploratis,
834 5392 1002 5449 lector
1040 5392 1141 5447 sibi
1166 5394 1277 5462 ipse
1297 5393 1523 5447 foderet.
1559 5391 1708 5447 Unde
1734 5400 1789 5445 ct
1814 5404 2069 5462 nunteros

492 5460 1199 5534 quoscunqueiprazsulum'
1235 5479 1341 5534 non
1393 5462 1655 5534 delendos
1692 5461 1919 5532 putavit,
1978 5460 2073 5534 sed

496 5528 811 5589 servandos.
859 5528 916 5587 lu
955 5534 1116 5587 rebus
1160 5533 1317 5601 enim,
1348 5528 1966 5601 perobscuris'magnum
1994 5528 2076 5601 af-

496 5603 640 5658 ferre
679 5618 820 5673 saepe
867 5613 1214 5673 momentum,
1242 5600 1746 5673 vel’tenuissimnm
1802 5600 1934 5657 locis
1975 5600 2077 5654 ali-

498 5673 653 5741 cujus
710 5670 937 5727 radium.
992 5672 1176 5740 Neque
1221 5670 1480 5741 dillitetur
1527 5680 1622 5725 aut
1666 5671 1900 5725 alienum
1946 5684 2078 5725 vero

499 5740 715 5809 censet,
752 5740 1075 5813 Moguntina:
1117 5740 1372 5795 Ecclesia:
1408 5755 1505 5809 per
1552 5741 1729 5795 varios
1776 5750 2077 5811 temporum

2164 3296 2271 3361 tia;
2303 3296 2357 3352 id
2383 3293 2536 3366 quod
2569 3296 2621 3366 in
2646 3293 2823 3366 Albini
2846 3293 3217 3366 etATbeonesti
3242 3293 3397 3366 Actis
3444 3296 3755 3365 castigatio-

2163 3367 2333 3433 rihus,
2366 3362 2420 3436 ei
2448 3364 2669 3420 rituales
2717 3363 2815 3436 ipsi
2860 3363 2983 3436 libri
3010 3362 3267 3425 fatentur,
3291 3372 3344 3436 et
3370 3363 3442 3436 in
3464 3362 3748 3436 metropoli

2163 3431 2347 3492 nostra
2370 3435 2659 3491 Treverica
2689 3431 3122 3497 observavimus,
3149 3433 3365 3502 quando
3397 3431 3749 3492 Tresereissi-

2162 3504 2263 3563 bus
2290 3505 2558 3577 episcopis
2573 3504 2859 3577 dioecesim
2890 3501 3248 3577 patuisseper
3267 3501 3629 3577 Germaniam
3654 3507 3753 3576 pri-

2163 3571 2339 3641 mam;
2360 3577 2415 3631 in
2441 3571 2545 3645 qua
2572 3571 2990 3645 Mogontiacum,
3016 3584 3084 3627 ex
3114 3571 3456 3628 Venerabilis

2165 3648 2333 3703 storia
2362 3645 2666 3700 docuimus.

2235 3717 2263 3757 ι)
2301 3715 2594 3771 lllustravit
2638 3715 2780 3769 hunc
2826 3711 3003 3768 locum
3051 3710 3306 3768 Serarius
3327 3722 3523 3770 noster
3552 3714 3610 3769 in
3654 3715 3757 3771 Io-

2164 3787 2429 3859 guntiacis
2458 3786 2590 3859 suis,
2617 3784 2706 3839 lib.
2740 3782 3134 3859 In,_notat._47.
3166 3780 3272 3859 Sed
3312 3784 3407 3852 qui
3456 3788 3749 3859 maximum

2164 3852 2218 3912 ἐι
2251 3858 2415 3912 decus
2438 3865 2492 3911 et
2536 3855 2717 3910 lumen
2768 3852 2997 3908 aﬂ‘ernnt
3024 3852 3161 3915 loco,
3194 3852 3485 3922 hucusque
3520 3855 3751 3922 ignorati

2163 3942 2353 3982 versus
2382 3934 2438 3981 et
2466 3926 2674 3996 priscus
2704 3924 2947 3996 ecclesia:
2976 3924 3183 3996 titulus,
3206 3922 3297 3991 qui
3333 3939 3487 3996 nunc
3512 3924 3575 3977 S.
3602 3923 3755 3996 Joan-

2164 3998 2268 4061 nis,
2324 3992 2701 4051 olim'sanctte
2743 3993 2837 4064 Dei
2875 3992 3185 4064 genitricis,
3243 3993 3559 4062 meritoque
3608 3993 3755 4061 hujus

2165 4066 2404 4122 ecclesim
2425 4065 2734 4135 metmpolis
2757 4062 2965 4135 fabrica
2982 4062 3169 4135 vicina
3186 4072 3443 4135 censetur
3465 4065 3751 4132 antiquior.

2166 4137 2233 4207 Et
2271 4135 2549 4207 probabile
2576 4132 2659 4207 est
2684 4134 2972 4207 conditorii
3017 4132 3479 4207 religioncm'non
3522 4146 3755 4189 mutasse

2166 4202 2366 4271 locum,
2399 4207 2501 4276 etsi
2532 4206 2728 4276 srepius
2752 4204 3051 4258 instaurata
3080 4202 3170 4276 sit.

2239 4288 2261 4315 ε
2292 4277 2365 4330 Dc
2404 4272 2736 4330 Fresia'huc
2756 4284 2943 4335 vectus,
2972 4289 3089 4326 cum
3113 4272 3278 4336 theca,
3302 4280 3411 4327 etc.
3440 4272 3625 4328 Theca
3650 4273 3754 4329 hac

2165 4345 2392 4402 forsitan
2422 4347 2568 4399 humi
2603 4360 2777 4399 mersa
2808 4344 2861 4397 in
2882 4344 3170 4409 conspicuo
3197 4356 3300 4395 non
3326 4352 3439 4405 est,
3482 4344 3536 4399 si
3576 4359 3757 4411 supcr-

2166 4426 2267 4473 est.
2316 4416 2576 4471 Tumham
2609 4422 2766 4470 vocat
2803 4413 3091 4483 epigraphe
3118 4420 3297 4477 vetus,
3334 4411 3587 4470 Leonino
3608 4428 3757 4468 ves-sa

2167 4495 2430 4556 concepta
2459 4494 2511 4539 et
2535 4501 2666 4539 saxo
2687 4484 2972 4551 insculpta.

2242 4556 2267 4596 ά
2304 4550 2534 4621 Desuper
2563 4557 2698 4609 hunc
2746 4550 3024 4615 tumulum,
3058 4560 3161 4606 etc.
3186 4551 3343 4606 Anno
3372 4550 3481 4621 857
3523 4552 3755 4607 tumulas

2174 4628 2263 4683 hic
2301 4620 2630 4690 conciderat,
2653 4625 2747 4679 sed
2790 4622 3001 4678 Gerlaci
3035 4620 3425 4690 archiepiscopi
3458 4624 3647 4675 studio
3668 4638 3755 4675 re-

2173 4697 2395 4751 stitutus
2420 4705 2518 4750 est.
2549 4695 2675 4749 inde
2702 4693 2959 4748 memoria
3000 4700 3185 4745 nostra
3221 4690 3595 4753 obsolesceus,
3629 4690 3754 4745 Rev.

2175 4765 2435 4836 Stephani
2499 4763 2832 4835 Sull‘raganei
2884 4763 3083 4836 pietate
3132 4758 3669 4836 rello_ruit._pi_emr;s
3707 4770 3757 4836 et

2173 4828 2465 4909 ingeniosis
2486 4828 2756 4909 Aversib'us
2783 4828 3002 4887 ausirali
3034 4829 3227 4902 parieti
3255 4828 3557 4899 inscriptis,
3580 4844 3614 4885 e
3649 4831 3759 4900 qui-

2169 4905 2270 4963 bus
2298 4920 2462 4961 unum
2486 4905 2587 4961 hoc
2613 4922 2626 4958 :
3448 4944 3461 4956 ,

2293 5000 2410 5050 Cum
2430 4999 2624 5049 diversa
2649 4996 2894 5045 hominum
2919 4993 3188 5054 contentio,
3205 4989 3358 5054 ,Friso
3382 4996 3648 5054 parente-

2362 5030 3363 5120 62:65;mutassemus“;

2190 5122 2199 5127 ’
2297 5123 2479 5184 Corpus
2501 5114 2685 5184 habere
2712 5114 2900 5184 nequit,
2920 5118 3151 5184 Spirantts
3171 5114 3377 5184 suscipit
3400 5120 3543 5175 exta,

2355 5172 2523 5247 Sbiret
2541 5191 2594 5232 ut
2617 5182 2693 5230 hic
2719 5172 3118 5242 plo'tas'pr'msulis
3138 5181 3286 5236 atque
3308 5172 3445 5222 tides.

2174 5270 2469 5326 Tricesima
2504 5279 2735 5333 namque
2758 5262 2844 5317 die
2865 5276 2894 5315 a
2918 5258 3196 5333 martyrio,
3223 5255 3429 5333 _5.luli_i,
3456 5257 3587 5313 cesi
3620 5271 3754 5310 Iar-

2175 5341 2306 5413 tyris
2360 5351 2577 5413 corpus,
2615 5326 2689 5413 ut
2741 5326 3270 5413 memoran‘t’prisci,
3317 5326 3552 5381 adverso
3602 5340 3751 5378 alae

2176 5400 2366 5481 s'ponte
2386 5400 2789 5481 Mogontiacum
2815 5400 3051 5481 advenit.
3137 5467 3150 5480 ο
3225 5467 3237 5479 .
3282 5466 3295 5479 O
3372 5466 3388 5481 _
3452 5466 3488 5481 γ’

2252 5491 2275 5519 ε
2319 5478 2400 5533 Ad
2444 5466 2681 5531 Fbldana
2723 5470 2938 5541 templa,
2968 5478 3025 5523 et
3056 5466 3329 5541 principis
3662 5480 3751 5541 σε.

2178 5532 2388 5611 uatum,
2435 5563 2553 5617 qua:
2591 5547 2659 5617 d_e
2704 5532 2875 5597 Mauri
2908 5532 3152 5617 capella,
3178 5532 3411 5617 aramve!
3462 5532 3749 5617 βραχε-

2178 5604 2347 5692 guris,
2379 5604 2554 5692 'cr'uce
2606 5610 2923 5692 Guntramni
2972 5604 3460 5692 comitisaliisque
3495 5604 3750 5692 crucibus

2180 5678 2389 5756 scribit,
2419 5687 2544 5742 dum
2574 5683 2803 5740 certiora
2833 5695 2950 5737 sese
2994 5678 3259 5745 oll'erant,
3300 5678 3418 5733 haue
3440 5678 3625 5733 omina
3670 5680 3745 5719 ιο-

2180 5763 2314 5815 fero.

3620 306 3861 362 1656,
