3944 6320
251 330 384 386 1657
1037 315 1362 374 CARMINA.
1401 347 1470 356 —
1510 313 1749 370 SECTIO
1788 312 1826 367 I.
1869 311 2192 369 POEMATA
2227 312 2312 365 DE
2349 311 2684 366 DIVERSIS.
3355 310 3491 367 I633

477 435 778 490 LXXXVII.
803 464 872 475 —
893 444 918 473 ει
947 431 1012 487 In
1040 430 1254 486 ecclesia
1293 427 1588 481 Vadit/tolli.
1848 431 1897 488 Λ
1925 425 2184 480 Omnibus
2213 426 2299 480 hic
2326 426 2528 480 sanctis
2555 427 2698 494 digni
2727 427 3067 482 celebrantur
3096 429 3333 486 honores

247 552 491 622 Scriptor
519 548 793 620 Evangelii
828 548 1054 602 dilectus
1087 546 1189 600 me
1213 544 1467 608 Joannes,
1991 510 2250 566 Omnibus
2281 513 2419 567 hanc
2447 529 2598 566 aram
2628 513 2814 567 Raban
2845 523 2898 568 et
2925 516 3036 602 ipse
3066 516 3232 570 dedit.

315 640 448 695 Cum
480 639 623 694 Luca
655 641 794 693 hanc
823 637 997 692 aulam
1023 643 1304 691 consecrat
1329 651 1395 688 en
1425 633 1594 690 socio.
2430 623 2607 678 XCI".
2631 624 2797 677 —'De
2817 641 2986 678 cruce.

243 731 439 787 lmbuit
460 730 601 786 hanc
623 745 773 784 aram
798 727 1079 782 Cornelius
1107 741 1172 780 ac
1199 724 1522 796 Cyprianus,
1919 734 2063 790 Crux
2099 736 2264 790 micat
2293 735 2433 789 alma
2463 735 2579 801 Dei,
2605 737 2785 791 divino
2820 752 3042 791 munere
3068 737 3244 807 plena,

315 824 432 894 Ipse
461 822 764 876 Bonifacius
792 829 953 889 atque
979 817 1285 887 Dionysius.
1993 825 2265 895 Sanguine
2290 842 2450 896 quam
2479 824 2727 882 Christus
2754 829 3166 898 consecratipse
3196 844 3313 884 suo.

245 914 344 971 llic
377 913 642 984 przecibus
671 920 812 967 astat
841 909 1158 964 Vincentius
1180 917 1232 961 el
1258 907 1538 976 Cyriacus,
1921 913 2092 981 Quam
2123 931 2315 983 precor
2341 925 2580 971 astantes
2606 917 2784 970 cuncti
2812 918 3100 986 cunctique
3129 920 3399 986 sedentes,

313 1003 554 1072 Cumque
575 1000 860 1056 Valentino
883 999 1135 1053 Rusticus
1154 1006 1294 1051 astat
1314 1012 1502 1052 ovans.
1990 1003 2263 1075 Coudigna
2287 1004 2445 1060 laude
2474 1021 2684 1074 semper
2708 1015 2884 1060 amate
2913 1008 3078 1076 piam.

242 1095 547 1164 Gorgonius
575 1102 800 1164 martyr,
824 1091 1141 1146 Pancratius
1171 1091 1304 1160 ipse,
1329 1088 1637 1160 Naborque,
2447 1118 2629 1174 χειν,
2652 1149 2722 1157 _
2743 1119 2897 1173 ιηηη,

315 1187 588 1244 Assistunt
615 1189 865 1258 precibus
893 1185 1486 1256 hicque'Scbastianus.

245 1277 361 1332 Iloc
390 1278 561 1333 altare
589 1279 800 1342 Petrus,
828 1277 1092 1342 Andreas,
1119 1277 1321 1332 Paulus
1349 1287 1402 1334 et
1430 1279 1567 1348 ipse,

317 1370 594 1424 Exornant
617 1370 823 1425 meritis
848 1377 1008 1439 atque
1037 1369 1207 1424 sacris
1227 1370 1498 1438 precibus.

246 1461 379 1515 Cum
413 1462 608 1530 quibus
635 1461 721 1515 hic
747 1461 981 1531 gaudens
1009 1460 1270 1516 Martinus
1296 1461 1490 1531 prtesul
1513 1460 1743 1522 orando,

317 1548 536 1604 Assistit
567 1551 705 1604 votis
726 1559 946 1605 sanctus
976 1559 1030 1604 et
1053 1549 1308 1605 Hilarius.
1990 1548 2182 1558 “"“"'
2209 1548 2532 1626 ru-"w-"Z'

246 1636 411 1708 Virgo
447 1638 610 1693 Maria
646 1639 737 1694 Dei
768 1640 998 1709 genitrix
1027 1641 1232 1693 intacta
1261 1638 1538 1704 Tonantis,

2493 1615 2651 1670 XCV.
2675 1647 2746 1658 —-
2766 1617 2918 1673 Item.

317 1730 414 1784 Hic
439 1745 677 1800 prmsens
710 1731 854 1786 adsis
880 1730 993 1801 ipsa
1027 1731 1130 1785 tuis
1160 1729 1394 1785 famulis.
1845 1775 1894 1833 Β
1922 1723 2021 1792 Qui
2047 1741 2208 1783 cruce
2241 1729 2483 1782 conﬁxus
2517 1731 2795 1786 renovavit
2828 1733 3087 1801 sanguine
3111 1735 3390 1800 mundum,

245 1821 430 1885 Lucia,
452 1821 674 1887 Cecilia,
704 1831 865 1891 atque
897 1821 1076 1892 Agnes
1100 1829 1154 1876 et
1178 1829 1385 1893 martyr
1411 1821 1640 1893 Agatba,
1845 1813 1894 1833 "
1994 1813 2098 1868 Per
2123 1816 2298 1871 crucis
2324 1817 2425 1872 hoc
2448 1819 2658 1888 signum
2685 1819 2825 1874 hanc
2847 1821 2989 1876 dicet
3020 1824 3132 1892 ipse
3161 1824 3403 1879 domum.

1920 1230 2020 1299 Qui
2052 1246 2212 1286 cruce
2234 1232 2477 1286 conﬁxus
2500 1233 2773 1301 pnestavit
2800 1235 2936 1289 dona
2961 1235 3173 1301 salutis,

1993 1325 2099 1378 Vos
2125 1325 2290 1380 corde
2316 1334 2370 1378 et
2396 1340 2558 1379 carne
2589 1335 2837 1396 protegat
2864 1335 3025 1397 atque
3049 1339 3216 1397 regat.

1919 1413 2212 1468 Consilium
2247 1415 2481 1483 prudens
2509 1416 2711 1470 tribuat
2742 1428 2904 1486 atque
2933 1419 3062 1474 utile
3088 1421 3329 1484 verbum,

1977 1503 2182 1558 'Actum
2209 1507 2510 1574 paciﬁcum,
2542 1516 2750 1577 tempus
2779 1519 2832 1563 et
2863 1525 3024 1566 omne
3044 1512 3262 1568 bonum.

320 1909 512 1966 Adsint
542 1911 632 1967 hic
659 1921 834 1966 tecum
859 1926 1062 1980 nosque
1086 1910 1277 1981 juvent
1302 1912 1570 1982 precibus.
2491 1932 2669 1987 xcv],
2691 1963 2754 1972 __
2779 1934 2933 1988 nem,

555 2027 1053 2084 LXXXVIII.—In
1083 2028 1282 2099 capella
1316 2028 1516 2084 Mauri;

1921 2041 2064 2098 Crux
2095 2043 2209 2098 hzec
2237 2051 2423 2098 sancta
2449 2043 2544 2098 Dei
2570 2045 2853 2115 consignet
2884 2061 3107 2100 munera
3133 2063 3357 2114 mensre,

249 2141 512 2198 Omnibus
532 2152 616 2198 est
638 2143 896 2213 locuples,
920 2143 1013 2214 qui
1040 2143 1202 2198 rebus
1222 2143 1458 2200 abundat
1491 2144 1748 2209 honestis,
1993 2133 2185 2188 θίνίηο
2207 2135 2348 2189 dono
2379 2134 2566 2204 Ροοηίίι
2593 2149 2713 2188 cum
2745 2135 2993 2204 dapibus-

317 2233 413 2290 Cui
445 2250 666 2304 superas
691 2234 938 2290 Christus
975 2234 1190 2290 divitias
1226 2235 1430 2290 tribuit.
1921 2227 1990 2282 Et
2015 2227 2174 2284 Pater
2202 2229 2316 2297 ipse
2343 2230 2535 2284 sedens
2563 2244 2802 2300 expenso
2839 2247 3079 2298 munere,
3122 2233 3305 2301 largus

247 2323 430 2378 Flecte
454 2340 612 2392 genu,
629 2325 719 2394 qui
748 2325 939 2388 intras,
956 2323 1229 2380 Christum
1253 2332 1306 2379 tu
1330 2333 1385 2380 et
1407 2340 1610 2394 pronus
1630 2326 1817 2394 adora,
1993 2319 2081 2375 Sis
2105 2319 2270 2389 inopi,
2299 2334 2512 2390 semper
2538 2321 2764 2391 hospitis
2789 2331 2906 2378 esto
2929 2339 3154 2379 memor.

318 2413 482 2484 Cujus
506 2415 683 2486 imago
708 2430 869 2484 super
892 2416 1038 2485 picta
1065 2415 1243 2471 colore
1269 2416 1450 2471 micat.

247 2506 385 2571 Lux,
414 2507 520 2572 via,
551 2508 680 2573 vita,
713 2509 886 2573 salus,
919 2510 989 2564 sit
1015 2525 1222 2564 merces
1248 2511 1497 2567 omnibus
1527 2512 1705 2576 isthic,
1751 2539 1764 2554 ο

325 2597 426 2665 Qui
459 2597 673 2652 Christo
705 2599 934 2654 reddunt
962 2600 1139 2654 debita
1168 2609 1292 2655 vota
1321 2601 1428 2670 pic.

246 2683 326 2739 En
357 2701 461 2738 una
493 2687 748 2755 templum
773 2673 998 2743 Demino
1030 2690 1119 2743 hic
1147 2699 1300 2759 parte
1335 2690 1605 2757 ministro,

319 2777 535 2833 Devotis
560 2778 718 2833 aliam
748 2781 914 2835 reddo
949 2781 1166 2836 domum
1195 2783 1430 2840 famulis.

249 2864 419 2928 Ouam
445 2868 598 2923 dulce
621 2879 674 2924 et
695 2879 904 2939 gratum
931 2879 1032 2936 est,
1057 2871 1251 2927 fratres
1273 2873 1584 2944 perpendite
1613 2876 1815 2942 cuncti,

321 2957 476 3014 Stare
505 2961 689 3027 choro,
727 2970 780 3016 et
801 2962 1024 3032 placidis
1046 2963 1286 3019 ccelestia
1315 2966 1547 3036 psallere
1569 2967 1779 3022 verbis!
2109 2945 2336 3001 xcvm-
2361 2977 2430 2986 ···’
2452 2945 2516 3000 In
2543 2963 2694 3000 ε”υεε
2717 2944 3047 3000 θαηώάηυιί
3082 2947 3303 3001 σθἠηίδ·

345 3081 628 3137 LXXXIX.
651 3113 721 3124 ——
741 3083 874 3138 Item
898 3085 950 3137 in
975 3084 1156 3139 cadent
1187 3086 1388 3156 capella
1417 3087 1481 3141 de
1510 3087 1715 3158 βψω-ἔς.

1921 3053 2061 3108 Crux
2080 3068 2294 3124 quoque
2309 3063 2456 3110 certa
2472 3054 2638 3118 salus,
2657 3055 2839 3108 mundi
2856 3061 2909 3109 et
2924 3055 3204 3110 concessio
3226 3055 3374 3124 regni
3397 3063 3502 3122 est,

1991 3145 2313 3214 Perpetuam
2341 3145 2508 3198 vitam
2537 3145 2784 3199 conferet
2807 3146 2920 3216 ipsa
2946 3146 3068 3216 piis.

1921 3234 2054 3289 Nam
2089 3237 2265 3290 crucis
2292 3237 2394 3291 hoc
2419 3237 2632 3307 signum
2657 3236 3035 3292 Gundramnus
3057 3235 3296 3306 jnsscrat
3322 3253 3463 3304 esse,

1994 3327 2089 3381 Cui
2122 3328 2264 3382 Deus
2287 3328 2627 3396 omnipotens
2647 3328 2867 3397 prmmia
2899 3328 3018 3382 lreta
3043 3337 3218 3400 paret.

2471 2453 2675 2510 XCVII.
2695 2487 2765 2496 ——
2785 2455 2940 2510 Item.

1920 2565 1998 2620 En
2023 2581 2155 2620 crux
2185 2566 2325 2620 alma
2353 2565 2446 2621 Dei
2471 2567 2780 2621 venerando
2807 2567 2977 2636 fulget
3003 2567 3226 2634 amictu,

1992 2654 2120 2721 Quae
2154 2654 2451 2709 Salvatoris
2476 2655 2642 2709 tincta
2671 2669 2865 2708 cruore
2891 2655 3010 2710 fuit.

1922 2745 2090 2806 llanc,
2123 2761 2334 2814 precor,
2366 2755 2520 2799 orate
2545 2745 2798 2799 submissi
2831 2745 2992 2799 dicite
3014 2745 3220 2810 laudes,

1991 2838 2032 2891 A
2065 2837 2282 2892 Christo
2312 2837 2538 2892 Domino
2563 2838 2768 2907 poscite
2795 2837 2932 2893 lucis
2956 2854 3135 2908 opem.

250 3195 433 3251 Gratia
463 3196 612 3251 clave
647 3197 822 3268 aperit
851 3214 971 3269 qua:
997 3199 1174 3255 clausa
1209 3203 1491 3271 prophetia
1512 3204 1713 3268 condit,

319 3288 450 3356 Quae
479 3289 564 3345 lex
591 3291 879 3361 signiﬁcat,
907 3302 963 3346 et
991 3308 1108 3363 quae
1139 3295 1503 3366 bagiographa
1533 3295 1747 3367 ﬁgurat,

248 3379 466 3435 Psallite
495 3396 614 3445 vos,
640 3383 793 3452 pueri
825 3383 953 3439 lacti.
987 3393 1042 3437 et
1076 3384 1378 3441 benedicite
1403 3386 1639 3452 Christo,

321 3472 436 3542 Ipse
465 3472 612 3527 dabit
641 3475 790 3531 vobis
817 3476 1039 3545 praemia
1067 3476 1186 3532 lzeta
1215 3479 1358 3549 polo.

1922 3546 2194 3616 Angelicis
2225 3547 2325 3603 alis
2353 3549 2466 3603 haec
2492 3565 2618 3604 arca
2646 3557 2859 3619 tegatur
2889 3551 3107 3620 ubique,

790 3602 898 3659 λα’
917 3636 987 3645 ’⁵
1007 3605 1085 3660 De
1109 3624 1278 3662 ηυδε·
1923 3637 2061 3691 Ecce
2088 3637 2244 3691 beata
2268 3640 2464 3692 cohors
2485 3639 2694 3707 Agnum
2721 3641 3019 3696 circumdat
3038 3617 3282 3697 honeste.

258 3709 518 3765 Vexillum
553 3713 762 3768 Domini
790 3717 879 3786 qui
909 3719 1036 3772 vicit
1069 3728 1273 3774 tartara
1300 3720 1536 3790 Christi,
1993 3725 2056 3780 Et
2087 3742 2281 3794 praeco,
2311 3735 2365 3780 et
2387 3735 2578 3793 mater,
2612 3743 2730 3783 sors
2759 3737 2812 3784 et
2841 3731 3154 3799 apostolica.

323 3803 402 3856 En
432 3805 586 3859 rubet
610 3806 697 3862 hic
722 3809 922 3876 pictum
959 3812 1078 3866 lucc
1103 3813 1352 3868 micando
1378 3830 1536 3869 nova.
2683 3843 2744 3896 ο,

251 3894 506 3965 Quisquis
539 3899 677 3954 hanc
709 3903 909 3970 cernis,
936 3903 1089 3959 lmtus
1121 3913 1174 3960 tu
1207 3906 1372 3961 dicito
1404 3907 1659 3965 Christo:

326 3986 548 4059 Semper
575 3991 628 4045 in
657 4002 918 4050 aiternum
941 3997 1108 4066 gloria
1137 4014 1331 4069 magna
1363 3999 1496 4056 Deo.

2027 3436 2211 3492 XCIX.
2239 3468 2310 3477 —
2333 3437 2408 3492 De
2442 3438 2669 3508 reliquiis
2698 3439 2752 3492 in
2781 3441 3010 3510 quadam
3038 3457 3162 3494 arca
3189 3441 3388 3512 positis.

1926 3927 2074 3994 Quos
2104 3938 2257 3985 vetus
2287 3938 2447 4000 atque
2471 3945 2608 3984 nova
2634 3931 2821 3986 habuit
2843 3931 2927 3987 lex
2957 3947 3084 3988 ecce
3108 3933 3344 4002 piorum,

1926 4018 2025 4074 llic
2050 4019 2269 4074 Patrum
2304 4019 2470 4090 spolia
2499 4029 2684 4076 nostra
2708 4022 2796 4091 pie
2825 4023 3034 4078 viscera
3067 4025 3329 4078 condunt.

843 4107 972 4162 XCI.
997 4141 1066 4149 —
1085 4110 1240 4165 Item.
2673 4135 2756 4190 CI.

252 4215 401 4272 Crux
429 4220 728 4276 veneranda
762 4221 857 4277 Dei
884 4223 1012 4280 solis
1035 4226 1150 4280 hinc
1179 4225 1345 4299 fulget
1374 4229 1442 4284 ab
1468 4239 1610 4296 οι-ιιι,
1926 4220 2176 4294 Martyris
2199 4224 2285 4278 hic
2312 4225 2437 4278 almi
2466 4225 2553 4295 pie
2581 4227 2796 4280 condita
2829 4227 3072 4282 membra
3100 4227 3406 4298 quiescunt,

255 4309 462 4380 Mitigat
490 4312 604 4365 hsce
631 4312 811 4368 Austri
847 4315 1154 4371 minitantia
1177 4316 1341 4373 ﬁabra
1369 4321 1652 4391 procellas.
1996 4315 2125 4382 Ουίε
2147 4316 2396 4371 Christus
2417 4317 2586 4386 Signis
2609 4317 2914 4387 gloriﬁcare
2941 4320 3112 4389 θυρῖιν

255 4399 381 4454 Hmc
402 4401 628 4472 Zephyri
655 4404 862 4460 nimbos
892 4414 947 4459 et
974 4405 1189 4462 ﬂumina
1227 4412 1376 4480 penu
1409 4412 1477 4466 ab
1507 4414 1642 4479 aede,
1850 4469 1895 4480 ﬁ
1926 4405 2024 4460 llic
2045 4406 2252 4460 claudis
2279 4423 2520 4477 gressus,
2548 4408 2730 4463 lumen
2761 4410 2850 4464 hic
2884 4411 3125 4465 redditur
3147 4411 3282 4466 orbo
3311 4428 3324 4464 :

255 4489 381 4543 llaec
411 4489 593 4545 Borea:
627 4494 830 4562 gelidos
857 4500 1148 4565 compescit
1180 4499 1376 4571 frigora
1400 4502 1577 4557 flatus.
1850 4469 1902 4527 D
1995 4500 2246 4557 Infirmus
2275 4517 2482 4568 curam,
2514 4516 2641 4556 sons
2669 4501 2815 4571 capit
2841 4511 2896 4554 et
2917 4501 3151 4555 veniam.

254 4579 466 4634 Christe
499 4583 618 4650 pius
648 4583 906 4640 Dominus
931 4589 1105 4643 visum
1134 4605 1228 4645 cor
1257 4593 1427 4664 dirige
1449 4596 1661 4663 dextra,
2267 4611 2372 4666 Cll.
2395 4641 2466 4651 —
2486 4610 2568 4665 Ad
2605 4609 2772 4665 altare
2796 4611 2965 4664 sancti
2993 4608 3156 4664 Petri.

332 4670 499 4726 verba
531 4675 671 4730 Deus
695 4675 898 4733 ramum
928 4681 1090 4736 redde
1123 4682 1348 4751 Ρ¹’⁰Ῐ)⁵¹ι³
1381 4693 1492 4742 ίυοο
1925 4719 2110 4776 Coetus
2149 4721 2476 4791 apostolicus
2496 4722 2701 4792 pariter
2731 4736 2851 4776 eum
2879 4720 3121 4792 principe
3145 4721 3327 4789 Petro,

503 4809 658 4866 XCII.
683 4813 845 4873 —-.In
881 4833 976 4869 ara
1008 4816 1186 4871 Mauri
1211 4819 1289 4873 vel
1313 4821 1366 4873 in
1397 4839 1575 4892 εαρεα,
1999 4813 2110 4868 lloc
2139 4813 2308 4868 altare
2337 4824 2525 4868 tenens
2552 4813 2836 4868 ecclesiam
2859 4812 3092 4868 dedicat.

255 4914 383 4974 Haec
407 4920 561 4992 plaga
589 4928 912 4998 martyribus
933 4932 1218 4986 ἀρρωδίην
1244 4949 1473 5003 namque
1504 4937 1695 5003 beatis,
1925 4907 2044 5003 Ipse
2071 4908 2175 4962 sibi
2206 4907 2554 4961 commissum
2586 4914 2771 5003 pastor
2801 4913 2982 5003 servat
3005 4905 3164 4971 ovile,

257 5008 383 5066 Haec
404 4995 769 5072 confessorum
801 5022 985 5088 spoliis
1013 5038 1137 5092 pars
1161 5024 1261 5078 rite.
1293 4995 1539 5096 refulget.
1680 4995 1693 5003 1
1994 4995 2253 5066 Ρτθιθδδί
2282 5003 2442 5066 atque
2468 5002 2640 5066 rega"
2673 4995 2899 5050 couocet
2925 5004 3087 5064 atque
3117 4995 3260 5066 polo'

259 5099 371 5157 Hac
399 5121 574 5174 praeco
600 5117 652 5162 et
680 5114 850 5167 sancti
887 5125 1238 5170 numerantur
1267 5128 1421 5188 parte
1453 5122 1751 5192 prophetae,

1955 5104 2082 5161 CIII.
2107 5137 2177 5147 —
2211 5105 2399 5161 Versus
2419 5108 2581 5178 juxta
2608 5124 2794 5177 corpus
2818 5107 2844 5146 δ
2875 5104 3132 5162 Pcrmenii
3157 5108 3434 5162 scribendi.

260 5195 565 5268 Virginibus
593 5203 762 5260 sacris
790 5206 878 5260 hic
905 5217 1127 5276 praestat
1149 5210 1297 5278 virgo
1325 5211 1513 5266 Maria.
1925 5217 2242 5274 Pet-menius
2262 5219 2459 5290 prmsul
2486 5219 2710 5283 Christi,
2739 5217 3017 5294 confessor
3045 5231 3101 5274 et
3130 5221 3263 5290 ipse,

1252 5362 1536 5418 SClIOLIA
1575 5365 2084 5424 CHRISTOPHORI
2130 5369 2454 5425 BROWERI

314 5534 325 5544 .
381 5463 447 5549 [tt
487 5465 753 5549 quodaln
803 5467 1015 5549 ecclesia
1055 5465 1348 5549 Vedii/tolli,
1376 5472 1654 5549 scriptum,
1681 5475 1831 5529 invc-
1939 5479 2126 5533 densis
2151 5493 2219 5532 an
2250 5479 2525 5543 Metcnsis,
2555 5481 2621 5534 de
2646 5479 2754 5549 quo
2792 5492 3069 5536 certamen
3100 5491 3201 5547 est,
3233 5483 3284 5537 in
3332 5483 3506 5538 Medio

259 5535 543 5619 stigatione
575 5535 681 5619 loci
706 5553 807 5590 non
845 5537 984 5591 obvii
1005 5577 1019 5600 ,
1051 5539 1251 5604 fateor,
1283 5535 1498 5596 aliunde
1521 5535 1715 5599 merito
1738 5562 1833 5600 ex-
1937 5549 2227 5603 matricum
2293 5535 2533 5606 ecclesiae
2583 5535 2778 5606 tab'ulis
2871 5535 3506 5619 metropoilii'Trcveriea—a

260 5607 488 5691 spectari
518 5607 798 5691 judicium.
959 5677 970 5687 θ
1099 5677 1137 5691 ἢ
1264 5681 1274 5691 ο
1321 5681 1331 5691 _
1507 5682 1539 5691 η
1936 5619 2550 5691 annexis,_inquirimu_s.
2601 5607 2924 5676 lIIeIdensem
2961 5607 3074 5675 sive
3112 5607 3400 5676 Meteanetn
3429 5607 3506 5678 ei;

293 5674 360 5757 .lf
393 5673 684 5757 Pirpuinus,
727 5676 1059 5757 Permenius,
1099 5677 1418 5757 Pyrminius,
1473 5682 1828 5757 aliaqtteja-
1937 5696 2071 5750 tear,
2088 5673 2428 5756 antiquorum
2450 5673 2686 5746 indicum
2710 5673 2936 5745 ﬁdeliori
2966 5673 3505 5748 obtine—bisTI'I‘ri—the-

260 5746 454 5798 sictate
485 5746 640 5812 hujus
671 5747 904 5816 episcopi
951 5746 1152 5801 nomen
1195 5749 1374 5818 legunt
1429 5746 1654 5805 veteres.
1702 5753 1829 5808 Mcl-
1937 5746 2075 5811 mins
2106 5746 2426 5814 .‘Ileldcnsem
2459 5762 2769 5830 pronuntiat
2799 5761 2913 5814 sine
2935 5763 3134 5824 dubio;
3169 5780 3265 5818 nos
3299 5746 3506 5836 Mitten-
