3944 6320
685 299 708 353 1
720 298 824 355 659

753 409 904 464 lianc
925 407 1094 463 aedem
1125 405 1418 470 inhabitat,
1445 409 1730 460 consecrat
1760 410 1922 470 atque
1947 399 2143 455 locum.

681 499 782 566 Qui
811 506 1032 568 propter
1057 495 1332 551 Christum
1358 495 1646 565 praesentia
1674 492 1866 562 gaudia
1891 489 2101 555 mundi,

753 589 1045 659 Spernens,
1070 579 1573 659 pauperiem'elegit
1594 591 1755 653 atque
1787 582 1910 638 sibi.

680 681 928 737 Deseruit
949 681 1179 750 patriam
1210 688 1421 750 gentem
1453 678 1611 732 simul
1640 685 1802 746 atque
1831 675 2184 746 propinquos,

745 771 824 827 Ac
843 771 1126 842 peregrina
1153 783 1360 841 petens,
1384 770 1584 824 aethera
1605 768 1932 838 promeruit.

677 863 908 919 Gentem
935 863 1026 916 hic
1050 861 1383 916 Francorum
1417 859 1665 929 quaesivit
1689 858 1938 929 dogmate
1968 854 2116 911 claro

755 955 993 1008 Plurima
1022 951 1325 1008 construxit
1350 959 1405 1006 et
1434 951 1548 1006 loca
1577 959 1763 1006 sancta
1786 950 1916 1005 Deo.

685 1044 786 1099 Hic
817 1059 1029 1114 quoque
1066 1057 1207 1098 nunc
1232 1049 1423 1110 pausat
1450 1041 1722 1109 deponens
1745 1037 1986 1107 corporis
2015 1044 2186 1099 artus,

754 1135 931 1204 Atque
957 1133 1134 1187 anima
1162 1147 1374 1186 sursum
1407 1146 1568 1201 regna
1599 1133 1754 1186 beata
1779 1137 1942 1183 tenet.

673 1224 971 1293 Adjuvatet
989 1236 1267 1290 quousque
1282 1217 1425 1291 [hos]
1444 1221 1533 1289 qui
1549 1220 1708 1289 digne
1723 1219 1962 1274 ccelestia
1984 1222 2254 1286 quaerunt,

743 1314 973 1384 Riteque
997 1320 1281 1368 conservat
1308 1311 1424 1381 ipse
1446 1326 1572 1365 suos
1594 1309 1846 1364 famulos.

1404 1420 1533 1478 CIV.

671 1538 811 1594 Crux
848 1545 974 1592 ovat
1000 1537 1148 1593 orbis
1180 1537 1376 1602 honor,
1399 1535 1599 1591 Christi
1625 1534 1852 1590 victoria
1882 1532 2050 1599 clara,

740 1628 922 1682 Gloria
952 1635 1282 1692 sanctorum,
1310 1626 1508 1696 palma,
1540 1625 1706 1680 decus
1734 1624 1880 1678 fidei.

1415 1739 1524 1794 CV.

668 1855 767 1910 Hic
787 1856 864 1911 sal
892 1863 946 1910 et
973 1870 1190 1924 corpus,
1223 1861 1534 1909 sanctorum
1564 1851 1654 1906 hic
1678 1851 1905 1921 pignora
1933 1862 2110 1914 sacra,

667 1948 992 2012 Exorcismi,
1012 1947 1208 2010 oleum,
1245 1944 1533 2008 medicina,
1563 1944 1654 1998 hic
1688 1943 1923 1998 chrisma
1950 1939 2164 1995 salutis.

665 2077 797 2133 CVI.
847 2109 918 2120 -—
947 2076 1137 2132 Versus
1177 2078 1232 2131 in
1272 2075 1510 2155 sepulcro
1558 2087 1584 2116 ι
1626 2075 1794 2128 sancti
1830 2069 2064 2127 Ferrutii
2106 2087 2251 2125 mar-

1390 2158 1538 2216 tyrts.

671 2263 926 2335 Martyris
953 2279 1082 2334 ergo
1111 2263 1248 2318 sacri
1287 2259 1487 2317 dudum
1514 2259 1621 2314 huc
1650 2255 1930 2312 transtulit
1955 2269 2100 2320 ossa,

737 2354 968 2408 Ferrutii
999 2353 1182 2407 Lullus
1211 2351 1406 2422 praesul
1435 2358 1489 2404 et
1521 2349 1681 2404 Urbis
1703 2350 1898 2403 honor.

661 2442 961 2512 Riculphus
990 2452 1109 2513 post
1144 2444 1281 2508 haec,
1310 2441 1660 2509 Haistulphus
1690 2437 1888 2509 praesul
1915 2445 1971 2492 et
1998 2436 2134 2506 ipse,

732 2532 1075 2602 Amplificant
1104 2531 1304 2595 auiam,
1336 2531 1605 2585 aedificant
1635 2527 1919 2584 tumulum.

659 2620 899 2688 Quorum
924 2637 1203 2677 successor
1226 2621 1349 2675 vilis
1373 2620 1646 2684 Babanus,
1677 2621 1744 2673 ad
1777 2619 1949 2673 instar

728 2711 1011 2782 Majorum,
1055 2713 1194 2767 hanc
1225 2727 1408 2766 arcam
1439 2711 1679 2766 condidit
1707 2720 1761 2764 et
1789 2709 2024 2764 titulum.

1316 294 1376 348 Β.
1415 289 1668 345 RABANI
1709 286 1928 345 ΜΑυῐιι
1970 285 2290 342 ARCIIIEP.
2329 283 2638 341 MOGUNT.
2671 282 2951 340 OPERUM
2983 284 3161 340 PARS
3195 285 3278 342 IV.

2283 402 2332 459 A

3670 301 3745 356 liii

3071 398 3220 456 CV'II.

2358 507 2590 565 Grandis
2615 510 2788 565 honor
2815 509 3013 566 Christi
3042 511 3328 570 cultoribus
3344 526 3490 574 exstat
3512 523 3668 594 ubique,

2429 601 2659 657 Maxime
2681 602 2774 672 qui
2793 617 2892 672 pro
2919 604 3036 672 ipso
3056 603 3167 672 jam
3195 622 3400 675 posuere
3427 614 3621 670 animam.

2359 690 2560 746 Horum
2585 708 2709 746 nam
2731 709 2868 748 unus
2893 702 3011 748 erat
3033 694 3307 752 Ferrutius
3331 700 3477 758 almus
3498 714 3542 760 et
3561 718 3665 777 aptus

2428 783 2648 856 Martyr,
2677 800 2798 840 cum
2825 785 3031 841 Albano
3059 789 3341 847 testificaris
3367 797 3502 851 socio.

2358 873 2584 930 Praemia
2608 876 2762 944 queis
2781 875 3028 932 Christus
3055 878 3241 934 tribuit
3258 897 3348 951 pro
3366 887 3569 957 sanguine
3588 890 3667 948 fuso

2425 964 2705 1021 .Eternam
2732 966 2897 1021 vitam
2924 977 2979 1022 et
3003 983 3168 1037 regna
3193 985 3402 1042 superna
3426 975 3526 1044 poli.

2356 1054 2536 1110 Edidit
2563 1057 2662 1112 hos
2691 1072 2877 1112 versus
2905 1057 3189 1126 Rabanus,
3214 1072 3413 1119 coactus
3436 1081 3574 1122 amore

2428 1145 2774 1213 Sanctorum,
2797 1151 3142 1219 omnipotens
3169 1153 3250 1207 cui
3273 1156 3494 1212 miserere
3512 1159 3624 1214 Deus.

2355 1270 2530 1325 CVIII.
2552 1303 2624 1312 —
2651 1267 2842 1328 Versus
2886 1275 2955 1329 ad
2997 1275 3290 1344 sepulcrum
3314 1277 3339 1316 δ
3364 1283 3501 1335 sancti
3522 1281 3737 1342 Iastium-

3031 1345 3258 1414 fessoris.

2354 1455 2647 1527 Presbyter
2669 1459 2919 1530 egregius
2947 1460 3106 1514 simul
3138 1468 3191 1514 et
3227 1462 3470 1520 confessor
3488 1466 3664 1524 honestus

2424 1547 2588 1603 lstbic
2612 1548 2859 1604 Justinus
2878 1559 3070 1620 pausat
3093 1551 3388 1609 honorifice.

2356 1637 2523 1704 Quem
2545 1638 2797 1709 Otgarius
2816 1641 3012 1710 praesul
3042 1642 3281 1696 Romana
3308 1646 3471 1700 ascivit
3490 1649 3540 1702 ab
3553 1650 3637 1704 urbe
3655 1661 3684 1704 et

2279 1752 2326 1812 Β
2425 1730 2719 1786 Ecclesiam
2740 1731 3018 1790 aedificanti
3052 1749 3173 1789 ossa
3201 1752 3345 1791 sacra
3369 1739 3444 1792 hic
3465 1743 3604 1809 posuit.

2356 1825 2460 1880 Iste
2487 1824 2700 1894 quidem
2721 1833 2962 1892 sanctus,
2991 1841 3296 1898 quanquam
3318 1845 3410 1883 non
3429 1833 3615 1902 sanguine
3630 1833 3697 1888 fuso

2424 1913 2604 1998 Carne
2624 1923 2770 1970 esset
2799 1926 3029 1987 martyr,
3045 1927 3222 1972 mente
3247 1927 3404 1974 tamen
3429 1921 3575 1976 fuerat.

2352 2003 2592 2075 Corpora
2622 2013 2954 2074 sanctorum,
2983 2009 3080 2078 qui
3109 2021 3231 2065 sunt
3251 2027 3340 2081 pro
3363 2013 3534 2067 nomine
3554 2014 3676 2070 Christi

2421 2096 2597 2152 Carne
2626 2099 2895 2164 trucidati,
2928 2102 3174 2156 condidit
3193 2112 3246 2158 et
3275 2105 3464 2160 tumulo.

2351 2187 2487 2244 Hinc
2514 2189 2724 2245 laudem
2754 2191 2807 2245 in
2841 2201 2985 2246 terra
3017 2195 3235 2259 meruit,
3258 2203 3402 2265 atque
3427 2197 3589 2266 insuper
3603 2212 3675 2252 arce

2419 2282 2690 2338 Coelorum
2718 2282 2883 2338 vitam
2909 2293 2962 2340 et
2992 2299 3160 2356 regna
3185 2287 3328 2342 beata
3355 2289 3484 2342 simul

2348 2372 2458 2428 Hos
2483 2389 2582 2445 ego
2608 2373 2860 2430 Rabanus
2887 2390 3083 2431 versus
3112 2377 3234 2442 feci,
3263 2385 3314 2432 et
3341 2394 3499 2447 precor
3517 2389 3556 2430 ut
3576 2393 3630 2431 me

2415 2463 2792 2532 Commendes,
2821 2466 3012 2532 lector,
3040 2475 3100 2522 tu
3128 2469 3362 2540 precibus
3385 2469 3570 2523 Domino.

2344 2598 2601 2654 (ΠΧ-ο
2640 2599 2718 2654 De
2760 2617 2918 2671 capsa
2945 2618 3111 2672 quam
3143 2601 3420 2657 Isanbertus
3439 2602 3716 2668 mammia}.

2343 2708 2421 2763 En
2447 2725 2568 2764 arca
2601 2710 2718 2765 haec
2750 2709 2990 2765 claustro
3012 2712 3250 2768 custodit
3277 2713 3475 2767 maxime
3495 2726 3636 2782 θερείην

1664 2822 1955 2880 SCIIOLIA
1990 2819 2502 2878 CHRISTOPHORI
2541 2823 2891 2879 BROWEIII.

654 2954 766 2993 sem
801 2938 1086 2991 malumus.
1130 2936 1320 3007 Attigit
1352 2937 1491 2990 hanc
1527 2934 1950 3007 controversiam
1971 2974 1985 2997 ,
2006 2933 2226 3007 ﬂorum
2336 2933 2729 3007 Canonicorum
2757 2936 3064 3007 collegium,
3093 2937 3442 3002 Bleideustadt,
3462 2938 3714 3007 diligentiusiit

653 3009 796 3062 Boic.
823 3007 914 3060 lib.
946 3024 979 3060 v
1015 3007 1224 3060 Marcus
1247 3003 1522 3069 Velserns,
1552 3015 1605 3058 et
1633 3006 1808 3059 Caroli
1836 3003 2059 3057 Martelli
2089 3015 2226 3056 tem-

650 3078 875 3149 poribus
901 3077 976 3132 ait
1005 3078 1056 3131 in
1098 3077 1442 3131 Germaniam
1468 3076 1709 3149 venisse;
1745 3083 1804 3149 ut.
1839 3073 2035 3149 Molani
2064 3074 2232 3128 Chro-

653 3144 923 3217 nologiam
964 3149 1423 3217 liicﬁprzcterealn,
1449 3146 1539 3213 qui
1579 3147 1648 3200 ad
1681 3147 1724 3217 57
1752 3144 2097 3217 Novembris,
2129 3161 2235 3213 quo

650 3213 915 3284 depositio
949 3213 1005 3270 S.
1044 3213 1288 3270 Priminii
1323 3216 1656 3278 celebratur,
1682 3215 1879 3270 obiisse
1913 3214 2024 3268 vult
2045 3255 2060 3278 ,
2094 3229 2235 3284 anno

652 3281 809 3356 1034.
851 3287 1250 3356 Eisengrcinius
1283 3285 1336 3340 in
1368 3285 1619 3356 Catalogo
1664 3286 1881 3339 testium
1911 3286 2067 3356 verit.
2099 3281 2234 3338 Vitae

647 3355 887 3409 Pirminii
937 3355 1403 3422 auctoreslaudat
1447 3355 1842 3409 Warmannum
1919 3355 2232 3422 episcopum

647 3371 887 3409 l’ll‘mlllll
937 3371 1182 3410 auctores
1224 3371 1403 3409 laudat
1455 3371 1842 3409 vvarmannum
1919 3371 1948 3408 e
1989 3371 2230 3422 tscopnm

647 3425 1114 3496 Constantienscm
1142 3466 1155 3486 ,
1195 3421 1480 3496 IIcnricum
1520 3425 1772 3496 comitem
1809 3441 1848 3496 ag
1873 3371 2085 3496 Cagye,
2118 3425 2230 3496 Au-

646 3495 884 3563 gienscm
928 3496 1196 3556 abbatem,
1228 3503 1281 3547 et
1313 3495 1364 3546 in
1393 3493 1609 3548 Aerouii
1655 3494 1805 3548 lacus
1837 3493 2010 3548 insula
2047 3493 2232 3563 Augite

647 3565 850 3628 divitis,
890 3566 1032 3633 quod
1078 3565 1401 3618 monasterio
1453 3581 1678 3630 nomen,
1734 3565 2068 3620 conditorem
2109 3565 2229 3618 lau-

647 3635 740 3688 dat
772 3635 1012 3705 impense
1038 3634 1366 3705 Walafridus
1409 3634 1666 3699 Strabus,
1698 3650 1804 3690 non
1845 3649 2230 3705 usquequaque

647 3703 885 3778 remotus
921 3705 994 3778 ah
1023 3714 1179 3760 :etate
1223 3703 1513 3778 Per-minii,
1559 3714 1614 3778 et
1633 3706 1791 3778 istius
1831 3703 2018 3778 gregis
2038 3703 2230 3778 farciri-

645 3776 931 3831 mandrita.
957 3775 1090 3829 Eum
1113 3791 1254 3846 saepe
1275 3776 1382 3830 cito
1403 3789 1471 3830 ex
1490 3776 1671 3846 Antiq.
1695 3775 1960 3840 Lection.,
1979 3783 2110 3830 tom.
2129 3775 2223 3830 VI:

764 3908 969 3972 Rhenus
991 3909 1052 3958 ab
1075 3908 1308 3972 Ausonio,
1335 3922 1431 3972 quo
1455 3909 1647 3958 ducitur
1674 3908 1893 3970 Alpibus,
1916 3920 2083 3972 aequor

767 3971 939 4032 Miscet
966 3974 1012 4019 in
1036 3971 1247 4019 occiduis
1275 3971 1477 4018 diffusus
1499 3972 1715 4032 partibus
1739 3973 1932 4031 ingens.

765 4031 902 4081 Illius
926 4033 971 4079 in
999 4034 1158 4081 medio
1182 4031 1676 4093 suspenditur’insula
1696 4032 1867 4092 ﬂuctu,

766 4094 928 4155 Augla
953 4106 1128 4142 nomen
1154 4092 1369 4155 habens;
1390 4093 1522 4155 jacet
1549 4093 1669 4141 hanc
1689 4093 1945 4142 Germania
1971 4092 2098 4142 circa

763 4153 876 4216 Ilaec
897 4155 1024 4202 solet
1049 4157 1277 4216 egregias
1298 4153 1641 4202 moiiacliorum
1668 4156 1878 4214 gignere
1904 4159 2106 4216 turmas.

762 4215 956 4264 Primus
977 4216 1033 4273 in,
1052 4213 1141 4264 hac
1159 4213 1351 4264 sanctus
1368 4218 1640 4265 construxit
1660 4213 1834 4263 indeuia
1860 4213 2039 4276 praesul

763 4277 1040 4336 Pirminius,
1070 4279 1323 4338 ternisque
1349 4289 1556 4338 gregem
1576 4285 1860 4340 protexerat
1881 4278 2034 4325 annis.

638 4377 775 4445 Quia
808 4391 940 4432 vero
971 4393 1162 4432 versus
1191 4392 1325 4446 quos
1357 4377 1684 4432 illustramus
1715 4377 1864 4446 petiti
1893 4392 1924 4430 a
1963 4375 2213 4441 Rabano,

677 4463 743 4502 uo
765 4449 1031 4502 servirent
1058 4449 1348 4510 memoriae,
1377 4449 1466 4500 ubi
1496 4449 1741 4516 przesulis
1764 4446 1995 4500 defuncti
2020 4461 2217 4514 corpus

677 4464 743 4502 uo
765 4464 1031 4502 servirent
1058 4464 1348 4510 memoriae,
1377 4464 1466 4500 nm
1496 4464 1741 4516 przesuns
1764 4464 1995 4500 deuincti
2020 4464 2217 4514 corpus

634 4464 934 4587 sepositum
961 4518 1080 4583 fuit,
1099 4517 1269 4571 facem
1292 4519 1444 4572 nobis
1458 4517 1768 4586 pneclarum
1784 4516 2218 4587 Walafridusac-

635 4586 834 4651 cendit,
859 4605 979 4642 cum
1004 4587 1289 4657 sepulturas
1309 4587 1484 4642 locum
1507 4588 1804 4642 renudavit.
1827 4586 2053 4656 Subjicit
2070 4587 2214 4642 enim

634 4657 794 4712 hosce
816 4674 1005 4712 versus
1039 4676 1052 4712 :

755 4770 913 4834 Hujus
928 4755 1140 4833 quisque
1161 4772 1279 4822 velit
1297 4778 1510 4821 sanctam
1533 4783 1834 4834 cognoscere
1859 4771 2024 4834 vitam,

753 4831 862 4894 Ipsa
885 4831 1106 4896 sepulcra
1125 4841 1288 4897 petat;
1314 4836 1435 4883 satis
1460 4838 1562 4895 ipse
1586 4831 1808 4897 probabit
1833 4833 1882 4882 in
1911 4831 2186 4882 Hornbach.

625 4930 788 5001 Atqui
832 4933 1113 4989 llornbach
1146 4935 1530 4989 monasterium
1581 4943 1664 4989 est
1706 4933 1764 4987 S.
1799 4933 2074 4987 Benedicti
2103 4931 2214 4986 Me-

629 5003 796 5056 tensis
825 5004 1102 5068 ditecesis,
1133 5005 1184 5059 in
1211 5005 1570 5060 llundefrnchi
1606 5012 1801 5067 tractu,
1845 5003 1987 5057 haud
2026 5003 2210 5072 procul

626 5073 823 5142 oppido
867 5073 1110 5142 Biponte,
1143 5074 1295 5142 cujus
1335 5075 1734 5139 'flirithemius,
1763 5073 2031 5128 Chronico
2078 5073 2202 5126 Ilir-

627 5144 920 5214 saugiensi,
943 5147 1008 5198 ad
1038 5161 1125 5197 an.
1150 5145 1308 5210 1085,
1329 5155 1384 5198 et
1405 5145 1832 5214 Spanheimensi,
1853 5143 1919 5197 ad
1939 5158 2030 5214 an.
2051 5142 2205 5214 N70,

627 5213 890 5284 meminit,
920 5222 972 5268 et
999 5215 1191 5269 tabulae
1213 5225 1410 5271 nostra:
1448 5213 1768 5271 Mctcnsium
1815 5213 2101 5284 praesulum
2153 5213 2207 5268 in

626 5283 902 5352 Stephano
923 5286 1195 5354 episcopo.

694 5349 737 5428 αξ
774 5355 846 5408 De
885 5349 1134 5428 Ferrutio
1188 5365 1440 5428 martyre;
1471 5372 1535 5411 ex
1584 5349 1915 5428 Meginhardi
1959 5367 2209 5428 senmone

621 5423 786 5496 inulta
818 5426 1016 5493 promit
1039 5435 1228 5496 auctor
1253 5423 1386 5496 Mog.
1423 5426 1640 5492 Rerum,
1666 5423 1757 5481 lib.
1791 5439 1852 5489 ll,
1889 5423 2132 5496 capri“,
2153 5435 2209 5479 et

622 5493 816 5564 Iib.er,
852 5497 918 5549 ad
949 5496 1006 5550 S.
1040 5495 1176 5550 Lulli
1232 5493 1424 5550 Vitam.
1465 5499 1598 5564 Quia
1637 5512 1765 5553 vero
1805 5493 2062 5564 martyris
2097 5495 2204 5549 Ca-

620 5563 803 5636 stello,
833 5567 973 5635 quod
1004 5575 1188 5621 contra
1221 5563 1618 5636 Moguntiabnm
1646 5571 1880 5622 carceris
1928 5563 2205 5636 semestris

620 5633 870 5702 squalore
894 5645 1297 5691 consummatus
1313 5633 1531 5699 dicitur,
1549 5638 1776 5706 indeque
1801 5653 1828 5689 a
1855 5634 2004 5689 Lullo
2028 5643 2205 5690 trans-

619 5711 865 5772 portatus
931 5707 986 5758 in
1042 5707 1425 5761 monasterium
1489 5709 1933 5760 transrlienanum
1982 5744 1996 5769 ,
2057 5721 2200 5760 nunc

2337 3001 2919 3078 despic_i_endum__erit'
2939 3001 3283 3078 Moguntinis,
3325 3001 3437 3078 quia
3469 3001 3643 3078 quomodo
3663 3025 3712 3061 ιιι

2337 3089 2458 3127 cum
2487 3075 2692 3129 Albano
2737 3075 3056 3150 Martyrium
3081 3079 3127 3134 is
3153 3075 3366 3146 obierit',
3399 3075 3559 3150 quando
3577 3077 3714 3132 Baiani

2336 3144 2409 3198 ita
2436 3144 2713 3214 loquitur:

2579 3277 2758 3343 lartyr
2781 3294 2889 3330 cum
2910 3281 3102 3334 Albano
3125 3283 3370 3334 testiﬁcans
3386 3283 3520 3332 socio:

2334 3379 2549 3455 nemine
2604 3391 2726 3455 post
2773 3383 3078 3449 Rabanum,
3111 3385 3246 3455 quod
3284 3384 3442 3446 sciam,
3461 3383 3544 3436 sive
3560 3387 3708 3455 vetemu-

2332 3450 2444 3525 sivc
2465 3449 2844 3525 recentiorum.
2887 3455 2941 3525 in
2971 3449 3332 3525 illius-palma:
3365 3449 3708 3525 societateutastjri-

2333 3520 2489 3575 bente
2518 3521 2860 3577 Ferrutium?
2884 3523 3106 3580 Scilicet
3132 3519 3270 3579 recte
3295 3525 3460 3579 fatetur
3485 3519 3706 3590 Meginlnr-Jus

2331 3605 2428 3646 suo
2457 3600 2694 3668 tempore
2720 3593 3130 3668 latuisseActus
3158 3595 3212 3650 S.
3243 3594 3462 3668 Ferrutii,
3482 3589 3704 3668 sive

2331 3676 2448 3734 ιίηῃ
2493 3660 2739 3732 penuria,
2777 3665 2889 3718 sive
2926 3665 3220 3734 deperiisse
3263 3665 3480 3720 bellorum
3502 3660 3703 3734 tui-binim:

2330 3731 2902 3802 unde’translationis
2941 3731 3029 3789 ille
3085 3746 3284 3790 tantum
3330 3733 3570 3789 memoriam
3601 3731 3702 3802 attigit

2331 3801 2463 3872 Eam
2494 3804 2584 3857 ubi
2617 3819 2648 3856 a
2697 3803 2848 3858 Lullo
2892 3807 3168 3861 conditum
3214 3799 3702 3872 exornatumquegsctjt’ﬂ‘

2325 3869 2802 3942 ﬂleidenstadinm,
2831 3873 2947 3942 ejus
2995 3891 3320 3931 successores
3357 3875 3476 3928 addit
3499 3867 3700 3942 Rubellium-

2327 3939 2733 4013 Haistolphum,
2781 3938 3060 4000 Ra'banum
3088 3987 3102 4010 ,
3148 3946 3322 4001 eadem
3365 3943 3578 3997 devotione
3611 3938 3699 4013 luunt

2325 4009 2572 4068 sanctum
2615 4009 2866 4078 coluisse,
2906 4009 3191 4072 ecclesiam
3238 4015 3544 4086 ampliﬁcasse,
3570 4009 3698 4062 tumin

2326 4093 2632 4139 sanctarum
2679 4088 2994 4141 exuviarum
3045 4088 3290 4144 decenter
3317 4082 3698 4152 composuissent

2323 4165 2480 4232 ΡΨθὲ
2510 4155 2731 4221 ams“!
2767 4173 2866 4227 ρτο
2890 4159 3062 4232 Sacris
3091 4159 3289 4232 ossibus
3313 4149 3578 4232 excubantes.
3596 4149 3696 4232 hutn-

2323 4216 2508 4278 nitatis
2538 4216 2744 4280 summa
2769 4216 3132 4284 consolatione
3161 4229 3350 4281 fovisse.
3378 4227 3482 4290 Qum
3497 4216 3697 4275 eadede

2321 4291 2421 4368 pus
2458 4294 2549 4368 .his
2599 4298 3001 4368 epigrammatis
3039 4299 3332 4368 complexus
3374 4292 3695 4368 estliabanuslzu

2321 4361 2426 4417 hoc
2456 4355 2980 4437 insupérfmajorum
3007 4355 3259 4437 exemplo,
3283 4380 3435 4420 arcam
3460 4363 3513 4416 ibi
3531 4369 3566 4411 et
3582 4355 3692 4427 titulun

2241 4420 2294 4480 Ῑ)
2319 4436 2544 4509 martyri
2579 4420 3186 4509 con'didisseipsinsque
3222 4420 3376 4492 studio
3405 4443 3449 4487 et
3486 4441 3607 4485 amore
3627 4421 3693 4476 sui-

2318 4503 2489 4572 psisse
2511 4505 2713 4560 laudes.

2393 4575 2419 4650 ξι
2452 4573 2646 4650 Justini
2698 4578 3023 4650 confessoris
3055 4581 3137 4636 liis
3189 4578 3464 4650 sepulcrum.

2319 4642 2483 4718 §i_IiCtB
2510 4647 2592 4718 vel
2617 4647 2799 4718 templi
2823 4650 2880 4704 S.
2904 4649 3110 4707 Iustino
3138 4655 3202 4706 ab
3239 4642 3428 4717 Otgario
3445 4642 3688 4718 archiegft‘lif"

2316 4711 2627 4795 pinguntino
2654 4703 2820 4795 erecti
2843 4703 3288 4795 quatuorialtari—a
3303 4703 3346 4771 υει
3373 4703 3687 4795 numer?

2315 4780 2569 4860 lebrabit,
2617 4780 2982 4860 quminienii
3030 4793 3110 4846 sui
3152 4780 3685 4860 monumentis

2316 4847 2600 4931 traducere
2636 4847 2872 4931 ’ξωᾶυίίῖ
2920 4861 3194 4931 Temporis
3242 4871 3294 4920 et
3334 4847 3683 4931 οιφιίτίοειίε

2313 4929 2508 5000 damna
2533 4926 2802 5000 Justinum
2832 4926 3217 5000 penitus-nobis
3237 4928 3521 5000 abstulerant,
3542 4929 3604 5000 nisi

2313 4998 2717 5070 ligenstadiensi
2741 4991 2975 5056 basilica
3014 5002 3071 5057 S.
3105 5001 3304 5057 Martini
3341 4991 3679 5070 ejus

2311 5050 2474 5143 suis
2502 5050 3079 5143 inesseinesse;
3105 5050 3428 5143 answers...
3457 5050 3679 5143 Remigii:

2311 5131 2442 5202 rius,
2467 5147 2521 5192 et
2559 5139 2803 5207 sepulcro
2825 5143 3057 5197 conditis
3098 5131 3295 5198 ossibus
3317 5131 3561 5207 θρἱεηρίκη
3579 5131 3676 5207 WE

2309 5185 2442 5281 is}?
2461 5185 3675 5284 az,_t;aaag:;ui“,;;2;3;emissas:iungi-3

2308 5267 2636 5349 martyribus
2662 5267 3126 5349 operatn'nav'asse
3160 5284 3212 5337 in
3235 5267 3675 5337 Christianorum“

2307 5351 2540 5410 cutione,
2578 5350 2839 5404 meminit.

2378 5393 2839 5475 Ε’νῖᾶυᾶὲιῖῖὶἓὲἱὶἱέ
2872 5425 2924 5478 in
2974 5425 3152 5494 Antiq.
3201 5419 3361 5480 γωδ..
3400 5413 3546 5494 no.1.
3578 5393 3670 5494 mi

2305 5495 2435 5550 {iam
2480 5498 2751 5562 veterum_
2775 5489 3177 5560 monachorum,
3224 5494 3271 5547 in
3310 5504 3358 5543 re
3395 5489 3602 5562 ‘IE’VO‘I‘EE:

2303 5540 3290 5637 e'twpictoriaT—Utri“hic-"artis
3311 5540 3498 5615 exculte
3515 5540 3667 5610 specii!“

2303 5637 2488 5694 habes.

3578 5457 3669 5519 fabrili
3757 5495 3759 5519 ς
