3944 6320
327 460 464 517 16ιὸ

393 573 559 647 Cujus
587 573 864 646 relliquias
891 587 986 630 ara
1011 571 1188 630 dicata
1213 578 1378 628 tenet.
1709 637 1713 644 _

323 666 588 739 Prmsepis
613 665 704 722 hic
729 657 858 738 pars
885 673 997 730 est,
1019 673 1075 720 et
1118 664 1298 735 portio
1325 647 1514 718 sancta
1566 657 1822 733 sepulcri,

393 757 591 814 Montis
619 758 811 815 Oliveti
839 771 1131 828 mensaque
1158 764 1311 828 grata
1334 760 1538 810 manet.

323 849 631 920 Discipulus
646 848 860 905 Domini
894 848 1151 914 Thomas,
1180 844 1475 917 Simonque
1500 845 1730 912 Zelotes,

391 941 527 999 Cum
560 939 696 998 Juda
722 941 910 998 Jacobi
945 955 1101 997 sacra
1141 935 1325 996 Iecant
1347 939 1515 1010 spolia
1539 939 1648 996 hic.

323 1034 568 1104 Scriptor
587 1032 863 1104 Evangelii
893 1031 1128 1098 Marcus,
1145 1040 1354 1103 martyr
1381 1017 1689 1087 Bonifacius
1713 1037 1894 1102 atque,

393 1123 578 1180 Sixtus
606 1131 662 1180 et
703 1118 966 1188 Albanus,
995 1121 1383 1192 Ferrutiusque
1408 1131 1646 1188 manent,

318 1216 690 1273 Landebertus
718 1229 892 1283 amor,
916 1214 1238 1271 Pancratius
1259 1221 1420 1284 atque
1456 1212 1742 1286 Georgius,

388 1306 525 1364 Cum
549 1306 833 1364 Valentino
862 1320 988 1364 ecce
1013 1306 1245 1362 aderunt
1279 1305 1446 1362 socio.

318 1441 529 1500 CXXII.
561 1472 627 1483 —
648 1441 715 1496 In
739 1441 916 1496 abside
941 1439 1060 1498 vero
1075 1439 1319 1506 australi;
1339 1441 1497 1510 juxta
1517 1437 1684 1496 altare
1713 1438 1775 1496 S.
1804 1431 1897 1494 Pe-

603 1514 673 1567 tri
695 1522 743 1567 et
764 1512 941 1580 Pauli,
970 1513 1024 1566 hi
1049 1527 1226 1568 versus
1253 1513 1587 1566 continentur

319 1625 434 1681 Iloc
463 1624 636 1680 altare
672 1624 867 1680 Petrus
895 1624 1150 1696 princeps
1177 1623 1483 1693 Paulusque
1513 1623 1793 1695 magister;

385 1715 519 1772 Cum
572 1725 763 1772 Sancto
808 1716 1026 1772 Anrlrea
1052 1715 1156 1771 rite
1177 1715 1370 1786 juvant
1405 1713 1633 1770 meritis.

315 1806 416 1862 Hic
439 1807 684 1863 Clemens
707 1815 908 1878 pastor,
942 1806 1228 1863 Marcellus
1276 1820 1414 1884 papa
1437 1807 1649 1872 beatus,

385 1897 618 1954 Sanctus
647 1886 972 1965 Alexander,
997 1906 1160 1970 atque
1187 1897 1442 1953 Callistus
1473 1904 1657 1954 ovant.

311 1991 547 2065 lnelytus
589 1991 860 2060 Urbanus,
885 1991 1163 2063 Sylvester
1199 2004 1265 2045 ac
1288 1989 1581 2055 Fabianus,

382 2083 674 2140 Pontiﬁces
703 2085 900 2141 summi
926 2084 1018 2142 hic
1040 2091 1166 2140 vota
1205 2082 1294 2154 pia
1315 2066 1634 2153 suscipiunt;

311 2223 540 2282 CXXIII.
571 2254 642 2265 —
677 2221 847 2295 Super
885 2223 1185 2295 proximum
1213 2237 1343 2295 Avero
1376 2218 1569 2286 altare,
1597 2215 1654 2273 in
1678 2209 1892 2273 sinislra

369 2369 376 2374 ι
754 2293 762 2295 ⁷
798 2303 947 2365 parte
991 2293 1080 2348 isti
1109 2293 1266 2364 positi
1286 2299 1428 2346 sunt.

309 2407 423 2464 Hoc
444 2407 614 2462 altare
633 2413 782 2462 tenet
802 2396 1130 2477 Stephanus,
1159 2402 1488 2459 Laurentius
1512 2409 1692 2473 atque,

381 2497 584 2554 Levitze
611 2495 788 2553 o'liicio
829 2497 1202 2568 martyrioque
1231 2495 1394 2552 sacri.

307 2588 569 2660 Agapitus
589 2587 793 2657 pariter
816 2595 872 2643 et
893 2585 1265 2644 Felicissimus
1293 2583 1490 2649 almus,
1547 2638 1558 2650 ,

378 2680 535 2734 Hunc
564 2678 780 2734 titulum
806 2679 1042 2734 retinent
1061 2666 1226 2748 atque
1264 2675 1452 2731 dicant
1498 2673 1731 2732 meritis;

307 2769 408 2826 Hic
432 2765 557 2828 ovat
582 2778 638 2825 et
659 2769 862 2835 Zenon,
888 2769 1224 2834 Vincentius,
1265 2767 1426 2822 ambo
1457 2765 1694 2821 ministri

375 2863 478 2932 Qui
510 2861 727 2921 fuerant
747 2861 969 2927 Christi,
1009 2877 1156 2918 nunc
1186 2868 1243 2917 et
1271 2861 1326 2916 in
1348 2871 1476 2914 arce
1501 2848 1741 2914 manent.

304 2995 537 3054 CXXIV.
558 3025 629 3038 —
649 2994 826 3068 Supra
856 2995 1098 3077 dextrum
1119 3010 1235 3078 uero
1259 2992 1428 3049 altare
1462 2990 1549 3046 isti
1595 2998 1715 3044 sunt
1767 3005 1891 3042 con-

975 3074 1176 3136 scripti;

304 3157 565 3232 Martyrio
586 3159 826 3230 insignes
852 3157 1150 3214 Venantius
1187 3163 1348 3228 atque
1373 3153 1647 3224 Quirinus,

374 3249 668 3306 Pontiﬁces
702 3251 833 3306 clari
857 3251 998 3306 hunc
1028 3248 1242 3304 titulum
1270 3249 1526 3304 retinent.

306 3341 537 3398 Sanctus
561 3341 886 3408 Alexander,
917 3339 1200 3397 Cornelius
1230 3349 1394 3411 atque
1439 3339 1652 3406 beatus,

375 3432 637 3488 Rectores
669 3431 866 3488 sammi
909 3430 1053 3488 sedis
1078 3429 1407 3502 apostolicre.

305 3524 406 3581 llic
442 3525 681 3581 Isidorus
707 3534 856 3591 ovat,
884 3525 1081 3596 praesul
1110 3524 1419 3580 Theodulus
1461 3535 1518 3580 et
1563 3523 1758 3591 almus,

376 3615 476 3684 Qui
507 3615 708 3672 Christi
740 3617 893 3671 testis
911 3614 1094 3671 clarus
1114 3615 1168 3670 in
1200 3616 1332 3671 orbe
1377 3615 1500 3670 fuit.

306 3707 575 3764 Maximus
606 3707 945 3780 Hippolytus,
973 3705 1160 3764 Victor
1179 3715 1235 3762 et
1281 3705 1560 3762 Candidus
1593 3704 1732 3776 ipse,

376 3801 510 3858 Cum
541 3811 734 3874 quater
756 3802 846 3858 hic
865 3800 1019 3857 denis
1040 3801 1373 3872 martyribus
1396 3799 1646 3855 aderunt.

303 3934 513 3992 CXXV.
537 3965 608 3977 --
635 3933 703 3990 In
755 3933 932 3988 abside
957 3948 1076 3988 vero
1104 3931 1414 4003 aquilonali,
1433 3933 1595 4003 juxta
1614 3926 1762 3985 aram
1792 3929 1888 3984 Det

637 4005 924 4076 genitricis,
951 4004 1006 4058 Ιιὶ
1025 4020 1201 4058 versus
1230 4004 1582 4057 continentur.

303 4119 468 4190 Virgo
491 4119 586 4175 Dei
611 4118 846 4191 genitrix
873 4118 1016 4173 hanc
1042 4131 1191 4172 aram
1215 4126 1272 4171 tu
1299 4117 1422 4187 ipsa’
1443 4115 1640 4184 dicato,

374 4212 474 4267 llic
498 4220 677 4267 tecum
720 4217 937 4265 maneat
970 4207 1353 4278 virgineusque
1371 4207 1590 4262 chorus.

302 4303 506 4376 Agnes,
538 4301 760 4368 Cecilia,
781 4299 995 4355 Juliana
1017 4307 1072 4354 et
1094 4307 1303 4368 martyr
1338 4296 1570 4368 Agatha,

373 4393 691 4465 Euphemia,
734 4390 993 4461 Eutropia
1023 4397 1188 4459 atque
1241 4387 1601 4443 Pudentiana.

301 4485 518 4550 Ruﬁna,
567 4483 774 4548 Prisca,
798 4483 1162 4552 Emeritaque,
1192 4489 1248 4536 et
1269 4479 1438 4535 Lioba
1461 4480 1646 4547 beata;

374 4575 475 4631 llic
502 4577 680 4631 astent
718 4574 858 4629 votis
886 4571 1102 4645 Brigida
1123 4581 1178 4627 et
1199 4571 1458 4644 Eugenia.

303 4687 536 4746 CXXVI.
563 4719 636 4730 —
657 4685 756 4742 Cui
777 4687 1072 4758 proximum
1099 4685 1287 4751 altare,
1317 4685 1455 4757 quod
1478 4686 1554 4758 Ain
1595 4683 1883 4757 aquilonali

584 4769 732 4829 parte
765 4755 992 4822 constat,
1018 4757 1122 4828 hos
1145 4755 1594 4812 versuscontiuet.

302 4873 349 4933 0
390 4874 680 4932 Benedicte
727 4874 905 4940 Pater,
947 4873 1335 4930 monachorum
1393 4873 1630 4930 maxime
1675 4880 1878 4945 pastOr,

375 4966 490 5026 Hoc
533 4965 849 5036 altarcjuva
869 4967 971 5022 rite
996 4966 1103 5021 tuis
1127 4965 1400 5035 precibus.

1133 452 1461 514 CARMINA.
1501 483 1570 496 —-
1606 451 1850 511 SECTIO
1887 452 1928 508 Ι.
1967 452 2297 514 POEMATA
2330 452 2420 512 DE
2454 452 2790 512 DIVERSII.

1923 573 1975 632 Α
2003 565 2332 652 Ουψῦεηιιε
2378 567 2594 652 praesul,
2638 567 2950 640 Arnulphul
2996 570 3279 645 cpiscopus
3308 571 3501 641 ιιωιιι,

1913 4644 1963 4704 D

3435 453 3572 513 ηις

2071 647 2173 714 Hic
2198 657 2379 714 adsint
2409 647 2608 727 iecum,
2630 666 2837 731 noSque
2854 656 3044 730 juvent
3091 663 3319 721 meritis.

2001 747 2147 804 Felix
2169 746 2431 814 Justinus,
2465 748 2610 806 Goar
2639 759 2695 806 et
2716 750 2997 822 presbyter
3021 750 3216 820 almus,

2071 838 2205 896 Cum
2241 839 2536 898 Fortunato
2559 840 2663 896 hoc
2687 840 2846 898 simul
2889 849 2940 897 et
2961 839 3180 898 iaciant.

1999 1013 2254 1073 CXXVII.
2275 1045 2344 1058 σα-
2368 1016 2436 1073 In
2459 1018 2645 1102 deatra
2675 1035 2793 1101 ver?
2818 1020 3049 1102 partegtii
3087 1017 3263 1075 versus
3294 1037 3448 1092 super
3497 1022 3577 1076 al-

2538 1101 2651 1146 tare
2671 1100 2850 1159 scripti
2869 1100 3008 1145 sunt.

1999 1212 2114 1278 Hoc
2138 1210 2310 1277 altare
2338 1209 2486 1278 tenet
2514 1197 2806 1277 Cervasius
2829 1229 2992 1291 atque
3016 1201 3314 1288 Protasius,

2069 1311 2328 1384 Martyrio
2358 1312 2602 1383 insignes
2635 1311 2824 1382 sicque
2850 1306 3221 1370 Sebastianus.

1999 1403 2172 1470 Vitus,
2208 1405 2468 1473 Sinicius,
2494 1403 2718 1461 Cosmas
2742 1404 2902 1460 simul
2932 1405 2987 1460 et
3013 1405 3329 1474 Damianus,

2069 1497 2380 1554 Gordianus
2410 1497 2620 1569 pariter
2644 1504 2808 1567 atque
2833 1496 3164 1568 Epimachus
3190 1503 3399 1554 amant.

1999 1591 2221 1662 Sergius
2252 1594 2329 1646 'et
2377 1589 2646 1655 Bacchus,
2695 1589 2893 1645 Protus
2952 1589 3116 1644 simul
3148 1598 3310 1666 atque
3333 1588 3572 1663 Hyacin-

2069 1681 2302 1738 Sanctus
2345 1680 2605 1739 Nazarius
2627 1691 2833 1754 martyr
2855 1690 2911 1738 et
2937 1681 3050 1754 ipse
3073 1682 3215 1754 pius.
3427 1683 3575 1749 thus,

1934 1911 1938 1913 .
1998 1847 2270 1917 CXXVIII.
2300 1889 2372 1902 —-
2393 1859 2476 1914 Ad
2505 1871 2710 1915 crucem
2731 1875 2855 1931 erga
2881 1847 3048 1915 altare
3071 1861 3295 1931 positam
3320 1861 3416 1920 hac
3457 1859 3579 1917 reli-

1922 1931 1969 1992 B
2561 1932 2714 1992 quius
2765 1931 3010 1986 continet.

2561 1932 2714 2002 quius
2765 1931 3010 1986 continet.

1996 2065 2133 2122 Pars
2167 2066 2346 2124 crucis
2370 2067 2461 2122 hic
2487 2066 2698 2123 Domini
2727 2075 2832 2135 est,
2864 2083 2969 2139 qua
2998 2060 3248 2126 Christus
3275 2067 3420 2127 seela
3445 2043 3579 2130 bea-

2065 2161 2251 2219 Portio
2277 2161 2480 2218 sudarii
2507 2153 2808 2234 chlamydis
2834 2169 2999 2233 atque
3025 2177 3219 2219 sacrae.
3449 2160 3576 2235 [vit,

1995 2249 2142 2324 Papa
2167 2266 2235 2308 en
2265 2248 2582 2323 Gregorius,
2611 2250 2876 2308 Martinus
2898 2249 3097 2323 przesul
3131 2260 3186 2307 et
3207 2250 3401 2316 almus.

2065 2341 2386 2399 Ambrosius
2420 2343 2610 2398 doctor
2640 2349 2802 2412 atque
2832 2341 3118 2398 Medardus
3149 2342 3334 2397 o'vant.
3370 2353 3372 2356 '

1997 2432 2324 2491 Maximinus
2352 2433 2527 2500 adest,
2558 2432 2882 2500 Germanus,
2911 2433 3110 2503 hicque
3133 2429 3411 2504 Remigius

2065 2521 2289 2599 Virgine
2313 2539 2437 2582 cum
2459 2524 2654 2598 insigni
2681 2533 2737 2579 et
2760 2523 2998 2596 martyre
3024 2523 3338 2581 Anastasia.

1994 2677 2231 2736 CXXIX.
2267 2711 2337 2722 -—
2356 2678 2436 2750 In,
2466 2679 2646 2734 abside
2680 2680 2838 2734 etiam
2885 2677 3196 2734 occidentali
3224 2679 3390 2750 ipsius
3417 2680 3555 2736 ccclc

2064 2751 2178 2814 ciw,
2199 2750 2358 2820 juxta
2383 2749 2552 2806 altare
2577 2751 2919 2820 prtecursoric
2972 2750 3206 2817 Domini,
3244 2749 3344 2806 isti
3400 2767 3575 2808 versus

2063 2821 2249 2890 scripti
2277 2824 2421 2875 sunt.

1993 2951 2093 3009 llic
2119 2951 2300 3024 praeco
2345 2953 2574 3026 insignis
2594 2953 2797 3011 Christi
2826 2963 2882 3013 et
2907 2954 3150 3026 Baptista
3177 2946 3437 3023 Joannes.

2005 3124 2008 3127 _
2065 3044 2314 3120 Scriptor
2333 3048 2612 3121 Evangelii
2643 3057 2808 3120 atque
2852 3049 3090 3106 Joannes
3118 3058 3265 3107 ovat.

1994 3133 2204 3212 Ilioque
2226 3139 2540 3214 Dionysius,
2571 3139 2868 3214 Chylianus
2895 3150 3104 3215 martyr
3129 3149 3186 3199 et
3211 3141 3386 3200 almus

2064 3236 2321 3293 Astantes
2345 3245 2505 3292 orant
2527 3251 2652 3292 cum
2677 3236 2842 3293 sociis
2884 3236 3114 3307 pariter.

1993 3329 2336 3387 Marcellinus
2359 3330 2516 3386 adest
2534 3338 2760 3401 martyr,
2791 3336 2847 3387 et
2870 3328 3069 3386 Petrus
3092 3329 3378 3393 honestus,

2063 3419 2294 3488 Nereus,
2318 3421 2580 3486 Achilles,
2612 3419 2906 3491 Priscaque
2929 3428 2985 3476 et
3011 3420 3127 3491 ipse
3146 3419 3362 3492 Aquila.

1991 3507 2235 3568 Romano
2267 3512 2499 3578 Marcus,
2527 3512 2783 3584 Crispino
2811 3511 3214 3584 Crispinianus,

2059 3604 2314 3674 Adjuncti
2338 3607 2604 3662 assistunt
2642 3621 2771 3662 ecce
2803 3606 2977 3663 sacris
3003 3603 3277 3677 precibus.

1990 3694 2131 3750 Ecce
2181 3696 2465 3751 Tiburtius
2493 3697 2586 3752 hic
2607 3711 2849 3767 prmsens
2878 3711 3002 3754 cum
3041 3689 3332 3752 Valeriano

2061 3774 2411 3856 CaasariOque
2433 3786 2594 3843 simul
2622 3797 2747 3844 vota
2785 3789 2873 3859 pia
2913 3787 3208 3859 accipiunt.

1989 3877 2329 3950 Quapropter
2380 3893 2578 3936 moneo
2625 3888 2852 3936 cunctos
2896 3879 2991 3950 qui
3055 3879 3163 3936 huc
3207 3877 3314 3936 rite
3353 3877 3580 3951 propin:

3285 3967 3500 4042 [quant.

2059 4057 2261 4116 Orandi
2302 4075 2488 4128 causa,
2514 4068 2576 4116 ut
2613 4070 2796 4119 mente
2838 4061 3008 4134 proba
3036 4061 3141 4119 hoc
3178 4059 3402 4119 faciant;

1986 4210 2200 4275 CXXX.
2231 4251 2302 4263 -
2321 4221 2403 4276 Ad
2441 4217 2676 4276 Fuldam
2698 4238 2815 4278 vero
2839 4221 3059 4278 ecclesia
3102 4209 3312 4277 Sancta:
3355 4188 3564 4285 Παιήων,

2055 4307 2173 4374 qua:
2193 4291 2248 4346 in
2269 4295 2568 4374 montersita
2588 4303 2685 4362 est,
2709 4293 2767 4348 in
2810 4303 3008 4365 crypta,
3030 4290 3272 4348 orientali
3317 4290 3415 4344 hac
3443 4288 3569 4346 reli-

2055 4378 2207 4434 quias
2237 4373 2481 4418 continet.

1987 4513 2065 4568 En
2096 4517 2298 4572 montis
2323 4515 2472 4574 Sinai
2521 4519 2826 4576 tabularum
2849 4535 2915 4576 ac
2943 4519 3120 4591 portio
3155 4533 3308 4576 sacra

2061 4601 2289 4660 Condita
2317 4605 2406 4662 hic
2433 4606 2645 4664 Domini
2675 4616 2758 4664 est
2789 4609 3050 4680 praesepis
3075 4615 3243 4678 atque
3268 4605 3373 4664 sui.

1990 4694 2092 4750 llic
2131 4694 2321 4753 Sixtus
2350 4712 2512 4771 papa,
2539 4699 2764 4772 Magnus
2785 4698 3074 4756 Januarius
3100 4706 3284 4770 atque,

2060 4785 2262 4843 Levitae
2287 4791 2428 4846 sacri
2453 4792 2714 4863 martyrio
2732 4799 2789 4847 et
2822 4790 3006 4846 validi.

1989 4877 2219 4937 llermes
2244 4881 2332 4937 hic
2369 4892 2598 4955 martyr,
2623 4883 2881 4951 Quirinus
2907 4879 3302 4953 Sulpitiusque',

2061 4969 2374 5041 Eustratus,
2405 4971 2668 5032 Romulus
2687 4981 2910 5048 perpete
2928 4973 3088 5030 laude
3112 4982 3352 5031 manent.

1265 5199 1276 5209 ἰ
1329 5103 1620 5184 SCHOLIA
1656 5123 2169 5189 CHRlSTOPHORI
2191 5130 2548 5192 enowmu.

303 5271 550 5332 Saxones
581 5271 879 5327 absentiam
918 5266 1126 5332 Caroli,
1159 5266 1212 5322 in
1252 5265 1404 5322 italia
1437 5271 1624 5320 contra
1658 5261 1880 5320 Deside-

301 5346 446 5418 rium
479 5341 890 5418 Longobardum
927 5339 1123 5418 bellum
1152 5338 1418 5418 gerentis,
1455 5335 1741 5418 suamrati
1781 5349 1876 5390 oc-

305 5407 829 5477 casionemfviolato
855 5409 1045 5474 limite,
1079 5407 1449 5463 Friteslariam
1484 5407 1676 5477 iterata
1709 5419 1877 5476 popu-

302 5486 504 5543 latione
538 5476 874 5539 infestarunt.
911 5481 966 5534 id
1012 5480 1156 5549 quod
1196 5478 1444 5534 Francici
1487 5476 1872 5549 annalescum

297 5556 610 5618 Anastasio,
645 5554 921 5624 Reginone
949 5559 1013 5624 et
1031 5545 1269 5624 aliis_,_ad
1295 5562 1495 5624 antrum
1527 5547 1630 5601 775
1661 5545 1744 5601 vel
1773 5546 1876 5602 774
1979 5570 2100 5609 ossa
2130 5555 2188 5610 s.
2222 5545 2378 5611 Lnll‘i;

1273 5619 1581 5673 ontiﬁcalus
1608 5633 1872 5672 annorum
1976 5626 2217 5682 ecclesiae
2243 5619 2622 5684 Hirstel'dehsis
2652 5628 2708 5682 hi
2736 5632 2952 5682 exstant
2978 5619 3162 5676 tituli':

298 5627 547 5685 referunt
581 5643 594 5679 :
627 5619 753 5681 cuni
775 5630 954 5676 autem
982 5619 1039 5674 S.
1072 5619 1204 5674 LnIIi

299 5699 558 5772 periocha
581 5695 952 5772 contineatur,
983 5705 1102 5761 qua:
1131 5687 1306 5772 {134i
1343 5704 1512 5772 usque
1552 5687 1630 5772 ad.
1781 5703 1875 5741 ex-

301 5757 508 5832 currit,
548 5768 692 5822 circa
729 5763 940 5820 Domini
983 5757 1107 5816 ann.
1147 5760 1250 5817 780
1293 5757 1438 5816 hanc
1465 5757 1870 5832 translationem

301 5827 506 5892 factam
532 5838 673 5892 haud
714 5846 916 5892 temere
953 5833 1228 5902 coniicias.
1259 5833 1330 5902 At
1363 5829 1586 5886 basilica
1611 5827 1678 5883 ad
1708 5843 1869 5899 quam

302 5908 691 5979 epigrammata
736 5908 1004 5977 pertinent
1043 5919 1162 5974 quae
1197 5917 1340 5958 nunc
1373 5907 1484 5972 prae
1523 5914 1686 5956 manu
1721 5907 1869 5964 sunt,

1987 5283 2151 5335 anno,
2179 5282 2240 5327 ut
2262 5271 2587 5330 Lambertus
2615 5271 2826 5340 scribit,
2863 5254 2970 5328 850
2997 5264 3082 5325 vei
3111 5243 3303 5340 δεμ-ν
3331 5264 3562 5340 Kalend;

1986 5341 2326 5414 novembris,
2361 5344 2428 5399 ab
2455 5344 2571 5414 ipso
2601 5338 2844 5410 Rabano,
2873 5351 2987 5398 tum
3017 5338 3437 5412 Moguntiacensi
3456 5353 3562 5398 ,ar-

1984 5412 2348 5486 chiepiscopo,
2365 5412 2610 5486 dedicata
2631 5423 2732 5480 est,
2747 5417 3043 5486 eodemque
3064 5422 3326 5486 tempore,
3340 5417 3557 5486 postero

1981 5479 2188 5540 scilicet
2215 5479 2381 5552 anno,
2411 5485 2667 5541 translata
2695 5494 2821 5541 sunt
2849 5485 2906 5539 in
2931 5479 3097 5552 alium
3117 5479 3352 5552 basilicae
3379 5479 3558 5552 locum

2412 5555 2618 5627 Quippe
2648 5556 2701 5610 in
2732 5555 2899 5610 veteri
2931 5551 3175 5627 catalogo
3202 5549 3558 5622 reliquiarum

2047 5741 2104 5815 δ.
2135 5742 2438 5815 ῑγὶέιρενιιιε
2455 5742 2612 5798 abbas
2638 5741 3127 5815 totushicprafsens
3151 5745 3224 5790 est
3248 5750 3482 5806 corpore:

2047 5813 2109 5870 S.
2147 5809 2332 5869 Lu'llus
2358 5814 2628 5885 episcopus
2655 5811 2924 5882 requiescit
2951 5809 3034 5863 hic
3061 5821 3298 5880 corpore.
