3944 6320
551 313 688 381 1687
1186 318 1244 371 Β.
1285 301 1536 371 IlABANI
1575 309 1790 370 MAURI
1827 305 2143 362 ARCHIEP.
2187 303 2494 363 MOGUNT.
2539 302 2823 381 OPEBUM
2861 301 3038 356 PARS
3075 301 3160 356 IV.
3582 304 3674 360 ιω

554 431 859 495 τἰιοοὰυιυε
889 442 1115 507 martyr,
1151 429 1481 488 Humbe'rtus
1515 425 1710 500 praesul
1747 431 1803 479 et
1833 421 2031 486 almus,

624 528 926 585 Cum-almo
947 524 1228 596 Wigberto
1260 523 1348 577 hic
1378 527 1503 575 ovat
1528 527 1584 573 et
1609 515 1775 572 socio.

555 623 718 694 Virgo
744 621 903 691 digna
932 632 1086 673 sacra
1118 617 1231 671 haec
1254 614 1458 684 pariter
1485 619 1539 666 et
1560 607 1797 664 Emerita
1829 603 2033 674 fulgent

624 711 887 785 Equales
914 708 1123 765 meritis
1150 715 1315 778 atque
1337 703 1509 759 sacris
1537 698 1813 772 precibus.

554 867 788 926 CXXXI.
826 897 898 908 —
929 866 995 920 In
1022 863 1234 919 ecclesia
1257 861 1438 917 Sancti
1459 858 1660 913 Justini
1681 852 2011 926 confessoris,
2050 849 2136 902 isti

698 955 872 994 uersus
892 937 1070 1005 scripti
1096 944 1238 999 sunt,
1270 934 1364 986 hoc
1407 942 1480 985 est
1512 931 1563 983 in
1587 928 1760 999 primo
1783 925 1968 978 altu'c.

559 1071 674 1128 Hoc
705 1071 875 1126 altare
901 1068 1046 1124 dicat
1069 1065 1269 1122 Christi
1301 1078 1430 1117 vere
1462 1074 1590 1116 ecce
1619 1055 1921 1127 sepulcrum

628 1163 869 1244 Virginis
894 1171 950 1216 et
969 1159 1159 1214 matris
1185 1155 1552 1224 relliquiaeque
1573 1151 1782 1220 juvant.

543 1236 1098 1324 'Scriptor'Evangelii
1121 1248 1350 1309 Marcus,
1384 1253 1590 1312 martyr
1611 1236 1915 1294 Bonifacius
1954 1241 2134 1302 atque,

628 1347 835 1417 Martyr
861 1352 916 1399 et
938 1333 1180 1397 Albanus
1210 1336 1617 1407 suscipiuntque
1646 1343 1854 1400 preces.

807 1495 1064 1554 CXXXII.
1112 1525 1182 1536 --
1219 1492 1284 1548 In
1317 1485 1604 1562 aquilonali
1629 1484 1798 1538 altare
1820 1482 1894 1534 hi.

564 1637 666 1692 Hic
721 1621 1030 1705 Stephanus
1075 1637 1305 1698 martyr,
1351 1620 1556 1693 martyr
1599 1614 1922 1673 Laurentius
1987 1623 2138 1678 aeque

627 1726 794 1782 Sacra
824 1724 1006 1778 locant
1043 1719 1212 1790 spolia
1234 1719 1394 1787 atque
1420 1728 1569 1767 aram
1599 1706 1851 1764 retinent.

557 1817 789 1872 Sanctus
819 1813 1148 1876 Alexander,
1173 1809 1422 1864 Urbanus
1473 1818 1612 1874 papa
1640 1801 1846 1863 beatus,

630 1906 862 1965 Severus
894 1903 1093 1976 prassul
1123 1902 1292 1956 mixta
1323 1898 1505 1954 locant
1553 1892 1740 1964 spolia.

838 2061 1116 2122 CXXXIII.
1148 2092 1217 2103 —
1247 2059 1314 2114 In
1343 2055 1569 2112 australi
1601 2067 1718 2108 vero
1750 2046 1855 2104 isti.

547 2181 706 2259 'ﬂanc
731 2216 881 2257 aram
909 2198 1180 2272 Fabianus
1203 2195 1366 2251 habet
1401 2189 1780 2248 sanctissimus
1809 2183 1934 2252 ecce

585 2289 760 2377 "Cum
808 2289 1117 2366 marcellino
1170 2297 1333 2355 atque
1355 2285 1517 2338 Petro
1551 2278 1730 2336 sociis.

556 2365 654 2441 llic
693 2392 820 2439 ovat
862 2365 1149 2452 Agapitus,
1172 2386 1380 2448 martyr
1398 2371 1772 2430 'Felicissimus
1793 2365 1956 2431 atque

629 2473 828 2530 Sancta
855 2473 1111 2528 Felicitas
1133 2477 1340 2540 martyr
1367 2475 1422 2522 et
1452 2466 1566 2534 ipsa
1587 2475 1761 2518 sacra.

894 2623 1176 2684 CXXXIV.
1211 2654 1281 2664 —
1309 2621 1392 2676 Ad
1427 2633 1630 2674 crucem
1681 2613 1786 2670 isti.

553 2753 708 2824 'Alma
739 2763 917 2820 crucis
939 2761 1069 2818 Jesu
1095 2761 1186 2816 hic
1211 2757 1388 2830 portio
1415 2755 1631 2811 condita
1657 2748 1858 2807 Christi
1885 2755 1987 2810 est,

627 2861 745 2927 Quo
773 2857 1019 2912 ascendit
1044 2855 1263 2919 coelum,
1295 2867 1422 2922 pars
1450 2848 1611 2904 simul
1645 2856 1807 2916 atque
1853 2843 1983 2899 loci.

557 2950 824 3020 Principis
847 2950 935 3004 hic
956 2948 1127 3012 Petri,
1164 2945 1392 2999 Andrezc
1421 2942 1604 2996 fratris
1634 2947 1688 2993 et
1713 2935 1872 3005 hujus

628 3042 914 3096 Multorum
942 3040 1008 3094 ad
1031 3039 1194 3092 vitam
1221 3037 1446 3107 pignora
1469 3049 1625 3088 sacra
1649 3038 1891 3085 manent.

558 3135 695 3190 Ecce
721 3132 1001 3188 Tiburtius
1027 3130 1116 3184 hic.
1138 3128 1306 3182 fratre
1338 3135 1420 3181 est
1459 3141 1582 3180 cum
1605 3116 1918 3183 Valeriano,

623 3227 780 3282 Astat
805 3224 1068 3278 Martinus
1090 3229 1142 3276 et
1165 3221 1488 3276 Benedictus
1519 3233 1708 3272 ovans.

553 3318 753 3374 Cecilia
783 3317 872 3372 hic
889 3326 1122 3386 martyr,
1155 3314 1319 3368 Lioba
1346 3320 1402 3367 et
1428 3310 1768 3387 sanctissima
1805 3311 1976 3384 virgo,

630 3411 764 3466 Vota
789 3411 888 3479 pia
915 3409 1189 3478 accipiunt
1233 3417 1398 3474 atque
1439 3403 1550 3458 Deo
1576 3404 1838 3459 referunt.

719 3569 986 3628 CXXXV.
1028 3601 1094 3610 ——
1125 3583 1150 3611 α
1172 3569 1240 3624 1η
1269 3569 1485 3624 ecclesia
1519 3568 1702 3625 Sancti
1729 3554 1962 3642 Philippi

563 3703 672 3760 Hoc
695 3699 862 3758 altare
893 3709 1046 3758 tenet
1068 3703 1122 3756 in
1145 3701 1377 3778 dorqatej
1404 3701 1509 3757 rite
1532 3702 1784 3774 Philippi,

631 3796 924 3866 Belliquias
943 3801 1151 3860 sacras,
1181 3794 1355 3849 lector
1377 3795 1622 3859 honeste,
1649 3795 1780 3867 lege.

556 3887 658 3945 Hic
695 3903 893 3942 mensa:
921 3887 1152 3948 Domini,
1181 3885 1270 3940 hic
1289 3885 1468 3956 portio
1490 3900 1645 3940 sacra
1677 3885 1910 3956 sepulcri
1934 3898 2037 3953 est,

635 3984 733 4039 Hic
761 3983 962 4038 Christi
992 3996 1249 4036 ascensus
1289 3995 1416 4050 pars
1445 3981 1752 4035 veneranda
1777 3981 1963 4035 satis.“

564 4073 663 4130 Hic
723 4071 950 4128 Michael
983 4071 1237 4146 princeps
1262 4070 1720 4126 turmae'coelestis
1749 4071 2031 4126 honorem.

633 4165 871 4221 Sortitur
899 4163 1071 4218 sancti
1095 4170 1258 4230 atque
1283 4162 1386 4215 viri
1409 4161 1636 4231 pariter.

562 4257 802 4314 Albanus
831 4263 1060 4324 martyr,
1090 4252 1398 4308 Bonifacius
1424 4253 1597 4308 almus
1617 4262 1672 4308 et
1699 4253 1833 4325 ipse,

632 4347 768 4402 Cum
790 4345 1098 4399 Marcellino
1120 4344 1208 4398 hic
1231 4352 1358 4398 ovat
1395 4352 1559 4412 atque
1599 4343 1780 4398 Petro.

558 4440 823 4494 Martinus
849 4434 1064 4504 praesul,
1107 4434 1428 4488 Benedictus
1451 4433 1646 4488 nobilis
1669 4435 1856 4500 abbas;

632 4515 878 4584 Gaudent
898 4533 1117 4580 orantes
1143 4525 1550 4594 suscipiuntque
1571 4525 1782 4594 preces.

560 4621 659 4674 llic
689 4619 991 4689 quicunque
1016 4616 1149 4670 velis
1181 4624 1333 4686 grata
1359 4616 1666 4685 persolvere
1688 4626 1834 4682 vota,

636 4707 749 4764 Hoc
767 4707 929 4764 corde
951 4705 1152 4761 mundo
1189 4715 1280 4761 tuo
1310 4706 1483 4777 rogito
1528 4704 1715 4761 facias.

732 4861 1012 4919 CXXXVI.
1040 4891 1112 4903 —-
1132 4861 1212 4914 Ad
1237 4861 1405 4915 altare
1441 4861 1496 4915 in
1520 4861 1689 4916 medio
1709 4861 1958 4918 ecclesia;

563 4997 822 5056 Continet
853 4997 967 5050 hac
997 5011 1088 5050 ara
1113 5004 1426 5052 sanctorum
1473 4997 1700 5068 pignora
1739 4995 1913 5063 sacra,

633 5093 704 5148 Et
729 5089 932 5144 Christi
961 5089 1170 5144 Domini
1201 5104 1428 5144 munera
1450 5089 1604 5144 valde
1628 5090 1737 5159 pia.

568 5185 704 5241 Nam
735 5180 911 5238 crucis
940 5179 1028 5235 hic
1048 5194 1175 5250 pars
1199 5189 1300 5244 est,
1341 5194 1446 5250 qua
1475 5179 1721 5234 Christus
1750 5179 1908 5237 saacla
1937 5179 2134 5250 beavit,

637 5272 756 5340 Quo
785 5269 1074 5326 crucifixus
1104 5277 1221 5324 erat
1248 5269 1614 5338 Calvarimque
1641 5269 1812 5326 locus.

531 5405 536 5412 ι
567 5363 878 5420 Pn'ecursor
905 5359 1112 5415 Domini
1145 5368 1327 5414 manet
1380 5361 1486 5424 hic,
1512 5359 1768 5432 Cyriacus
1793 5369 1848 5418 et
1871 5363 2062 5430 almus,

642 5455 843 5528 lartyr
869 5453 1158 5519 Fabianus,
1185 5460 1241 5508 et
1263 5451 1561 5522 Cyprianus
1582 5455 1755 5518 adest.

2157 424 2209 483 Δ

2583 411 2888 472 CXXXVII.
2905 443 2974 453 —
2993 411 3060 466 In
3083 411 3257 464 dextro
3291 411 3450 464 altare.

2235 527 2327 584 Bis
2366 526 2481 583 seni
2509 525 2734 606 comites
2772 530 3099 579 venerantur
3119 528 3258 577 sorte
3278 521 3434 584 beata,

2304 619 2404 677 Hic
2431 619 2558 675 Jesu
2577 617 2800 683 Christi,
2824 631 3029 686 nosque
3055 612 3244 684 juvant
3265 614 3478 684 precibus

2513 708 2839 786 CXXXVIII.
2865 758 2935 768 —
2955 726 3027 782 In
3048 727 3256 780 sinistro
3278 726 3439 780 altare.

2235 845 2336 901 Hic
2383 841 2616 912 genitrix
2660 840 2858 896 Christi
2904 847 3197 894 veneratur
3218 846 3388 893 sancta
3414 837 3559 903 Maria,

2307 933 2616 1004 Virginibus
2638 931 2809 985 sacris
2831 931 3100 984 associata
3131 939 3322 984 manet.

2235 1022 2335 1082 Hic
2358 1025 2538 1094 Agnes
2582 1020 3037 1102 martyr,Juliana
3060 1029 3261 1090 martyr
3289 1028 3338 1074 et
3369 1021 3483 1089 ipsa,

2305 1117 2501 1174 Cecilia
2523 1124 2578 1172 et
2601 1115 2791 1180 L-io'ba;
2829 1123 3038 1185 martyr
3062 1112 3267 1184 Agatba
3287 1111 3446 1167 simul.

2235 1247 2516 1307 CXXXIX.
2545 1278 2616 1289 —
2641 1247 2709 1303 In
2745 1235 2960 1302 ecclesia
2989 1243 3160 1299 sancti
3197 1241 3458 1307 Saturnini,
3479 1243 3522 1295 in
3543 1257 3676 1297 suum

2582 1387 2588 1392 ι
2911 1317 3103 1370 altare.

2236 1432 2350 1488 Hoc
2376 1431 2628 1502 templum
2679 1428 2890 1484 Domini
2921 1434 3197 1482 sacratum
3222 1433 3302 1479 est
3333 1424 3512 1478 nomine
3531 1423 3675 1488 Christi,

2304 1522 2469 1592 Cujus
2499 1523 2588 1577 hic
2613 1521 2753 1577 dona
2787 1521 3004 1575 condita
3033 1519 3137 1574 rite
3162 1518 3370 1572 micant.

2236 1615 2500 1686 Praesepis
2531 1614 2761 1677 Domini,
2786 1627 2988 1668 mensa:
3018 1611 3178 1666 simul
3207 1621 3357 1680 atque
3377 1607 3559 1678 sepulcri

2307 1703 2680 1770 Ascensusque
2707 1699 2788 1754 sui
2810 1700 2989 1769 portio
3016 1713 3173 1753 sacra
3203 1703 3384 1751 manet.

2162 1776 2210 1834 Β
2236 1793 2493 1865 Princeps
2517 1794 2606 1847 hic
2651 1793 2844 1847 Petrus
2884 1791 3075 1862 pollet,
3105 1788 3391 1857 Paulusque
3417 1786 3621 1856 magism

2305 1887 2654 1957 lnsignesque
2679 1885 2780 1939 viri
2814 1883 3080 1955 martyrio
3109 1881 3339 1936 rutilant.

2236 1979 2377 2034 Ecce
2405 1977 2646 2033 Albanus
2670 1977 2843 2042 adest,
2873 1986 3083 2047 martyr
3106 1973 3396 2029 Bonifacius
3427 1979 3566 2040 atque,

2308 2071 2533 2126 Nomine
2562 2086 2660 2142 pro
2687 2069 2886 2125 Christi
2915 2068 3012 2138 qui
3033 2082 3279 2122 meruere
3301 2065 3439 2120 mori.

2236 2163 2528 2222 Pontiﬁces
2552 2161 2746 2218 summi
2780 2161 3048 2216 Martinus
3076 2161 3451 2230 Bemigiusque,

2304 2255 2704 2324 Confessorque
2737 2253 2898 2310 simul
2927 2253 3034 2308 rite
3059 2252 3328 2322 Philippus
3367 2260 3517 2306 orant.

2653 2365 2810 2422 CXL.
2839 2394 2911 2406 —-
2931 2364 2999 2420 In
3023 2338 3207 2418 deitro
3233 2363 3400 2416 altare.

2231 2483 2312 2538 En
2335 2481 2564 2538 comites
2583 2479 2786 2536 Christi
2812 2479 2896 2535 bis
2921 2494 3058 2534 seno
3088 2493 3306 2533 munere
3332 2476 3445 2532 clari

2303 2578 2466 2632 Aram
2491 2565 2630 2630 hanc
2657 2572 2775 2644 iure
2813 2573 2996 2628 dicant
3028 2581 3192 2642 atque
3219 2569 3580 2642 piantprecibut.

2610 2684 2788 2741 CXLI.
2819 2715 2889 2724 —
2909 2683 2974 2738 In
2997 2666 3216 2739 sinistro
3243 2682 3410 2737 altare.

2235 2783 2397 2874 Virgo
2425 2783 2617 2867 Maria,
2641 2789 2737 2856 Dei
2766 2801 3020 2873 genitrix,
3062 2802 3165 2856 hoc
3187 2800 3296 2870 ipsa
3319 2799 3469 2854 dicato

2287 2893 2493 2959 Altare,
2522 2907 2760 2963 praesens
2792 2902 2950 2962 atque
2967 2892 3162 2960 juvato
3187 2905 3335 2962 prece
3360 2905 3372 2942 :

2237 2987 2628 3059 VirgineuSque
2663 2987 2860 3041 chorus
2885 2988 3097 3056 pariter
3135 2986 3337 3040 laetetur
3360 2991 3406 3036 et
3430 2981 3574 3042 almus,

2311 3080 2410 3135 llic
2440 3088 2616 3135 tecum
2644 3081 2883 3151 gaudens
2907 3078 3129 3148 adjuvet
3153 3088 3206 3133 et
3232 3077 3434 3132 meritis.

2242 3171 2441 3228 Cecilia
2463 3172 2616 3242 virgo
2645 3172 2752 3237 hic,
2783 3172 2960 3242 Agnes
2982 3181 3039 3226 et
3075 3181 3276 3241 martyr
3293 3169 3488 3238 Agatlia,

2312 3265 2476 3322 Lucia
2501 3281 2622 3321 cum
2648 3264 2812 3320 Lioba
2827 3276 2881 3321 et
2906 3263 3123 3320 Juliana
3153 3273 3373 3320 manent.

2416 3361 2618 3433 CXLII.
2643 3408 2714 3419 —
2734 3375 2816 3432 Ad
2842 3394 3050 3432 crucem
3079 3378 3134 3432 in
3167 3369 3324 3431 medio
3349 3371 3546 3427 ecclesia.

2241 3492 2374 3548 Pars
2398 3491 2575 3546 crucis
2603 3491 2692 3546 hic
2733 3491 2944 3546 Domini
2988 3499 3097 3555 est,
3138 3489 3228 3559 qui
3258 3499 3466 3542 summus
3488 3485 3617 3548 regna!
3640 3474 3670 3526 II

2315 3582 2588 3653 Sanguine
2614 3583 2704 3652 qui
2736 3583 2855 3638 fuso
2882 3582 3040 3638 saecla
3071 3582 3249 3638 beavit
3270 3592 3434 3634 ovans.
3583 3568 3672 3641 [ιτα

2241 3674 2340 3730 Hic
2367 3673 2592 3730 Michael
2621 3673 2838 3743 gaudet,
2865 3674 3026 3729 simul
3053 3683 3108 3729 et
3138 3673 3361 3742 Baptista
3386 3668 3592 3726 Joannes.

2308 3765 2657 3836 Insignesque
2687 3766 2789 3822 viri
2827 3765 3090 3836 martyrio
3119 3763 3312 3836 placiti.

2241 3856 2341 3914 Hic
2369 3866 2590 3912 sanctus
2617 3856 2941 3928 Stephanus,
2970 3857 3241 3912 Fabianus
3262 3869 3371 3910 cum
3389 3849 3563 3922 Cyriaco

2311 3951 2485 4020 Atque
2509 3935 2829 4005 Sebastiano
2853 3949 3115 4019 martyrio
3137 3947 3364 4003 rutilant.

2241 4030 2340 4097 Hic
2362 4040 2680 4094 Benedictus
2700 4049 2825 4094 ovat
2847 4081 2860 4105 ,
2901 4039 2988 4095 hic
3014 4055 3152 4110 papa
3173 4025 3436 4106 Gregorius
3457 4035 3562 4084 astat

2313 4130 2620 4200 Suscipiunt
2651 4137 2774 4186 veta
2805 4140 2980 4218 atque
2995 4130 3107 4186 Deo
3135 4127 3370 4186 referunt.

2917 4285 3142 4341 CXLIII.

2168 4470 2209 4496 ι,
2243 4426 2406 4496 Virgo
2427 4424 2596 4480 Maria
2625 4424 2718 4480 Dei
2743 4422 2972 4494 genitrix
2999 4422 3203 4477 intacta
3232 4414 3457 4474 Tonantis

2161 4485 2216 4546 υ
2312 4518 2447 4574 Cum
2469 4502 2605 4572 Nato
2631 4518 2771 4572 hanc
2796 4515 2974 4570 aulam
2998 4515 3234 4570 continet
3255 4519 3396 4577 atque
3412 4503 3538 4557 dicat.

2240 4610 2431 4667 Petrus
2453 4618 2506 4664 et
2531 4607 2780 4662 Andreas
2800 4608 3016 4672 Fratres,
3047 4595 3135 4661 hic
3161 4599 3342 4659 Paulus
3361 4605 3410 4652 et
3431 4593 3558 4648 almus

2311 4703 2554 4773 Scriptor
2585 4685 2862 4772 Evangelii
2888 4703 3048 4770 atque
3075 4692 3298 4753 Joannes
3317 4696 3441 4745 ovat.

2241 4795 2340 4852 Hic
2374 4810 2551 4866 praeco
2578 4794 2801 4865 insignis
2822 4791 2980 4848 simul
3005 4800 3059 4845 et
3085 4773 3306 4860 baptista
3340 4781 3540 4838 Joannes.

2242 4903 2248 4910 ‘
2311 4871 2574 4942 Martinus
2601 4885 2796 4956 prmsul
2822 4892 2876 4940 et
2894 4882 3196 4938 Bonifacius
3214 4878 3310 4934 est.

2241 4970 2428 5034 Levita
2449 4978 2539 5033 hic
2567 4976 2892 5047 Stephanus,
2916 4971 3234 5029 Laurentius
3252 4976 3302 5023 et
3320 4959 3552 5034 Cyriacus.

2311 5070 2522 5126 Adsunt
2557 5083 2680 5123 cum
2713 5067 2921 5123 Albano
2948 5075 3110 5134 atque
3137 5057 3390 5130 Dionysio.

2242 5259 2473 5330 Sanctus
2500 5259 2841 5334 Maximinus,
3210 5252 3560 5328 Gregoriusquo,

2309 5363 2598 5420 Pontifices
2623 5363 2775 5427 clari,
2797 5361 2887 5415 hic
2907 5356 3281 5424 Ferrutiusque
3298 5345 3492 5402 manent-

2240 5457 2340 5512 Ilic
2367 5456 2550 5527 Agnes
2574 5454 2727 5524 virgo
2755 5451 2955 5524 pariter
2983 5459 3038 5505 et
3061 5447 3255 5515 martyr
3277 5432 3456 5508 Agatba

1587 5611 1873 5671 SCHOLIA
1913 5613 2422 5673 CHRISTOPHORI
2458 5609 2804 5673 BROWER‘I.

712 5747 858 5804 ﬂans
886 5750 937 5803 in
969 5749 1184 5832 diesgui
1223 5745 1529 5818 Moguntina
1563 5744 1736 5801 adhuc
1765 5745 2106 5816 inquirimus.
