3944 6320
3561 323 3650 382 ιῡκ

565 313 694 392 φρει
1165 314 1223 366 Β.
1265 311 1518 368 RABA’NI
1559 311 1778 368 MAUlll
1815 311 2134 366 ARCHlEP.
2181 310 2487 402 MOGUPiT.
2531 311 2812 367 ΟΡεηωι
2847 312 3020 367 PARS
3065 311 3151 366 Π.

631 421 1020 498 Praedicator“
1049 421 1170 479 lldel
1199 424 1518 479 utsalutem
2166 427 2217 485 Α
2523 421 2684 495 Virgo
2707 433 2883 494 gestat
2902 426 3135 496 parvula.

916 513 1144 570 Mundus
1167 513 1410 579 haberet.
2202 501 2204 521 ³
2521 513 2735 571 Christo
2763 522 2910 580 nato,
2936 523 3038 572 etc.

633 603 898 678 Martyres
923 620 1046 661 cum
1086 605 1387 678 virginibus
1412 608 1622 677 pararit
2452 606 2650 676 Factor
2673 607 2816 673 coeli,
2848 617 3003 664 terrae
3029 607 3192 678 factor

631 697 713 752 Ad
738 696 998 754 honorem
1026 697 1190 770 Regis
1219 697 1273 754 in
1298 713 1424 755 arce
1445 700 1645 768 magni.
2507 696 2676 753 Vulva
2699 707 2782 754 est
2803 698 3013 762 clausus
3034 699 3248 754 feminae.

630 787 997 855 Christianam
1022 788 1171 845 ducit
1193 790 1263 845 ad
1285 797 1432 846 astra
1458 789 1667 859 plebem
1691 791 1759 848 ad
2519 790 2724 845 Auctor
2752 806 2995 846 summus
3022 792 3346 863 angelorum,

910 879 1119 950 Gaudia
1145 879 1288 934 vitae.
2515 879 2604 935 Fit
2631 896 2871 953 praesepe
2890 881 3151 937 conditus.

626 969 835 1040 Corpus
863 969 979 1024 haec
1005 967 1205 1027 Christi
1233 968 1489 1039 copulans
1512 969 1743 1034 adunat,
2515 972 2732 1030 Christo
2763 982 2913 1040 nato,
2938 982 3044 1030 etc.

549 1060 552 1062 ’
627 1058 866 1117 Membra
889 1075 1011 1115 cum
1033 1062 1292 1116 membris
1319 1061 1491 1117 sociat
1513 1062 1779 1116 valenter.
2446 1062 2632 1135 Palmo
2658 1063 2855 1120 coelum
2881 1065 2974 1135 qui
3001 1067 3232 1130 metitur,

626 1150 864 1207 Membra
891 1150 1143 1222 supponit
1173 1152 1359 1222 capiti,
1391 1161 1553 1224 caput
1577 1169 1720 1219 cum,

2453 1133 2460 1152 ’
2519 1133 2982 1224 Τεηθιιιηοιειιὶιίι
3007 1156 3165 1226 pugili
3196 1157 3423 1232 [pugillo].

906 1243 1146 1315 Corpore
1167 1243 1366 1317 jungit.
2511 1245 2718 1303 Pannis
2755 1247 2944 1319 paucis
2969 1248 3261 1315 obvolutus,
3405 1255 3407 1258 ’

624 1335 762 1392 Ecce
782 1335 896 1392 haec
917 1335 1155 1404 dilectio,
1179 1349 1308 1394 vera
1331 1339 1448 1395 haec
1474 1354 1594 1404 arx,
2511 1333 2697 1392 Infans
2723 1337 2873 1409 vagit
2898 1337 3169 1408 parvulus.

623 1426 842 1482 Summa
872 1427 1156 1494 virtutum,
1189 1438 1351 1502 caput
1379 1439 1435 1486 et
1464 1431 1648 1500 regina
2514 1424 2730 1482 Christo
2753 1413 2912 1506 nato.
2937 1436 3045 1483 etc.
3163 1415 3168 1420 ’

619 1517 905 1575 Plenitudo
933 1520 1048 1577 haec
1073 1517 1210 1592 legis
1235 1529 1290 1576 et
1315 1521 1599 1593 utriusque
1646 1509 1650 1516 “
2448 1517 2577 1587 Qua:
2600 1518 2785 1573 divisit
2809 1517 2983 1573 lucem
3010 1519 3079 1573 ab
3111 1519 3316 1585 umbris,

900 1611 1044 1670 Fons
1075 1612 1350 1670 bonitatis.
2507 1607 2718 1664 Summi
2741 1609 2973 1679 primum
2997 1609 3236 1673 dextera,
3311 1593 3314 1604 ’

615 1702 784 1760 Nemo
805 1704 1082 1783 viventum
1111 1706 1227 1762 sine
1248 1707 1352 1763 hac
1373 1706 1579 1762 videbit
2505 1701 2697 1778 Matris
2720 1710 2984 1760 mammas
3013 1719 3142 1760 ecce
3169 1711 3359 1776 tractat,

617 1794 780 1864 Regis
803 1797 991 1853 aeterni
1016 1796 1234 1865 faciem,
1263 1797 1359 1854 sed
1388 1806 1508 1852 atra
2151 1786 2202 1880 ξ
2512 1787 2693 1852 Laetis
2717 1804 2904 1867 potum
2935 1796 3240 1867 quzesitans.
3356 1785 3358 1790 ’

613 1887 865 1947 lntroibit
891 1898 1096 1960 tartara
1121 1899 1292 1948 torret
1319 1891 1464 1948 hunc
1482 1904 1596 1968 quo
2500 1885 2721 1943 Christo
2747 1895 2896 1952 nato,
2923 1895 3032 1944 etc.

897 1984 1106 2040 lnferus
1133 1984 1350 2041 ardens.

613 2072 870 2144 ﬂancqne
896 2074 1209 2131 mandatum
1235 2077 1442 2133 vocitat
1469 2093 1671 2135 novum
1694 2087 1905 2148 auctor,

613 2163 764 2242 Hanc
800 2167 1002 2224 habere
1027 2168 1145 2240 ejus
1171 2171 1396 2228 comites
1414 2169 1639 2242 jubebat
1882 2159 1910 2209 ι’

615 2239 799 2324 Valde,
830 2260 956 2337 hinc
986 2276 1085 2318 nos
1117 2261 1258 2319 hanc
1286 2239 1583 2321 habeamus
1603 2281 1793 2323 omnes

894 2349 1119 2416 Pectore
1155 2369 1314 2424 puro.

2504 2255 2661 2330 Sugit
2687 2259 2881 2314 matris
2903 2258 3096 2315 ubera.

2454 2367 2457 2369 ·
2499 2346 2715 2406 Christo
2737 2357 2888 2415 nato,
2918 2359 3027 2404 etc.

2436 2437 2482 2496 Ο
2507 2440 2668 2497 beata
2693 2449 2869 2497 mater
2891 2439 3134 2508 Christi,

763 2486 824 2542 ιι.
868 2518 937 2528 -
963 2500 988 2528 ι
1025 2504 1235 2556 annus
1266 2506 1333 2548 υε
1371 2507 1579 2577 sum
1610 2508 1822 2582 no-m:
2442 2486 2475 2520 "
2498 2486 2669 2590 ΒΞξίιῖ
2693 2486 3107 2606 astant};

747 2622 957 2681 Lumen
981 2625 1191 2684 clarum
1215 2627 1318 2684 rite
1345 2627 1516 2701 fulget

819 2715 952 2773 Orto
975 2732 1172 2790 magno
1201 2719 1377 2777 sidere

815 2806 966 2874 Quod
991 2823 1087 2878 per
1109 2817 1278 2865 totum
1308 2810 1554 2880 splendet
1573 2813 1783 2880 orbem.

813 2898 1044 2958 Umbras
1065 2903 1240 2959 noctis
1262 2901 1546 2975 aufugans,
1784 2895 1792 2906 ’

804 2991 1025 3050 Christo
1055 3002 1184 3051 nato
1209 2993 1360 3067 Rege
1377 3011 1594 3071 magno.

810 3084 978 3143 Totus
1003 3089 1152 3144 orbis
1178 3091 1431 3161 gaudeat.

743 3178 860 3233 Dux
889 3178 956 3234 de
982 3177 1145 3248 Juda,
1172 3195 1333 3253 quem
1370 3185 1640 3260 propheta.

810 3269 954 3326 Olim
975 3269 1093 3342 jam
1120 3274 1464 3345 praedixerat,
1601 3267 1605 3271 ’
1636 3263 1643 3275 ’

803 3360 984 3418 Laetus
1013 3365 1172 3421 nobis
1195 3380 1317 3422 esse
1338 3368 1509 3432 venit,

807 3453 1052 3510 Bethlem
1082 3470 1314 3513 nascens
1335 3451 1558 3530 inclyta.

806 3541 1024 3601 Christo
1051 3553 1182 3602 nato
1212 3545 1362 3620 Rege
1384 3564 1607 3622 magno.

810 3635 980 3692 Totus
1003 3637 1153 3695 orbis
1179 3641 1432 3711 gaudeat.
1606 3629 1613 3642 ’

742 3729 895 3786 Hunc
919 3731 1118 3804 regalis
1139 3732 1293 3804 virgo
1313 3741 1490 3790 mater
1509 3774 1530 3808 ,_

803 3821 967 3878 Partu
995 3823 1234 3895 gaudens
1257 3824 1448 3881 edidit.
1525 3815 1531 3820 ’

802 3915 975 3984 Quem
1004 3917 1220 3974 Gabriel
1247 3919 1538 3986 nuntiavit,

806 4006 1145 4066 Salvatorem
1167 4011 1421 4080 gentium.
1543 4009 1545 4011 ’

798 4099 1017 4158 Christo
1047 4111 1196 4170 nato,
1223 4112 1332 4160 etc.

739 4192 874 4250 Cum
903 4202 1151 4264 pastores
1179 4194 1511 4253 excubantes

800 4284 944 4342 Cura
965 4287 1179 4343 mordet
1206 4302 1333 4344 nam
1363 4288 1564 4359 gregis.

799 4375 992 4434 Clarus
1015 4377 1162 4450 ipsos
1184 4380 1252 4435 ad
1271 4372 1586 4446 laetandum,

790 4469 1123 4528 Exhortatur
1146 4471 1388 4528 nuntius.
1589 4461 1595 4469 ’

793 4561 1011 4619 Christo
1032 4571 1176 4628 nato,
1204 4570 1312 4618 etc.

729 4653 1064 4711 Concinebat
1083 4653 1418 4724 angelorum,

796 4745 975 4800 Turba
1000 4745 1123 4801 lteta
1151 4744 1418 4800 laudibus.

797 4840 978 4896 Terrte
1001 4854 1190 4911 pacem
1209 4838 1588 4910 praedicantes,

793 4929 941 4988 Ccelo
975 4932 1207 4988 reddunt
1233 4931 1481 5003 gloriam.

792 5024 1009 5082 Christo
1041 5034 1186 5090 nato,
1215 5033 1322 5081 etc.

727 5116 772 5175 Ο
797 5117 1115 5188 stupendum
1139 5117 1554 5188 mirandumque

779 5209 1192 5268 Sacramentum
1227 5209 1435 5281 glorise.

792 5301 944 5380 Quod
967 5301 1268 5358 Tonantem
1292 5315 1454 5372 supra
1479 5307 1700 5364 cuncta,

1519 5429 1810 5490 SCHOLIA
1847 5421 2367 5512 CHRISTOPHORI‘
2399 5417 2747 5493 BROWERI.

2500 2713 2650 2772 Laeta
2684 2717 2837 2788 virgo
2876 2717 3070 2774 Maria.

2495 2805 2714 2864 Christo
2737 2817 2886 2875 nato,
2913 2816 3023 2866 etc.

2429 2900 2582 2958 Votis
2607 2901 2753 2958 adsis
2777 2911 2831 2958 tu
2856 2904 3090 2974 piorum,

2495 3180 2638 3236 Laus
2671 3194 2874 3243 corona
2903 3179 3112 3252 glorise.

2494 3270 2712 3328 Christo
2742 3281 2892 3338 nato,
2924 3279 3030 3326 etc.

2490 3439 2821 3524 Angelorum
2846 3454 3088 3526 agmina.

2491 3638 2832 3694 Arcanorum
2858 3637 3103 3703 conseia.

2489 3729 2708 3788 Christo
2733 3739 2883 3798 nato,
2907 3739 3018 3787 etc.
3103 3718 3108 3722 ”

2437 3899 2443 3911 “
2488 3913 2663 3971 Sexus
2685 3914 2862 3970 omnis
2891 3913 3117 3984 appetit.

2482 4097 2833 4182 Deprecando
2852 4104 3095 4188 p‘otege.

2482 4188 2700 4246 Christo
2721 4191 2876 4254 nato,
2900 4197 3008 4244 etc.

2478 4373 2805 4446 Angelorum
2832 4372 3090 4430 millibus.

2485 4743 2654 4800 Totus
2681 4743 2829 4799 orbis
2859 4741 3107 4815 gaudeat.

2341 5013 2593 5072 Carmina
2622 5011 2854 5083 psallere
2874 5024 3006 5065 voce
3026 5007 3139 5079 lyra

2433 1975 2506 2034 Os
2530 1977 2849 2050 praaclarum
2870 1976 3201 2042 Conditoris,

2504 2069 2936 2141 Quod'formavit
2964 2073 3242 2136 szeculum,

2499 2164 2579 2222 En
2605 2165 2880 2222 admotum
2904 2181 3055 2222 nunc
3081 2164 3303 2221 libenter

2501 2621 2584 2680 'l‘u
2612 2622 2734 2682 laus
2757 2625 2903 2680 orbis
2929 2634 2988 2682 et
3013 2628 3224 2718 regina.

2497 2991 2672 3049 Omne
2695 3007 2921 3050 servans
2946 2996 3229 3051 saeculum.

2499 3087 2832 3145 Patriarcbis
2860 3087 3226 3168 et'prophetis

2488 3361 2627 3418 Ecce
2655 3370 2879 3432 sperant
2902 3359 3227 3427 laetabunda,

2485 3545 2691 3602 Christi
2715 3545 2926 3616 plebem
2951 3545 3099 3615 quod
3128 3545 3398 3632 gubernest

2424 3821 2560 3906 blam
2590 3831 2666 3889 te,
2691 3821 2858 3894 Virgo
2882 3819 3081 3878 caelebs
3101 3829 3282 3906 nupta.

2488 4006 2571 4064 Tu
2599 4015 2852 4080 parentes
2877 4015 3042 4077 atque
3067 4015 3224 4060 natos

2417 4279 2626 4340 Gaudet
2648 4279 2846 4336 coelum
2879 4295 3003 4336 cum
3032 4279 3276 4352 supernis

2483 4464 2671 4546 Omnis
2698 4473 2859 4521 terrae
2878 4464 3182 4536 plenitudo,

2483 4558 2688 4616 Pontus
2706 4598 2722 4625 ,
2752 4566 2920 4634 astra,
2945 4555 3188 4612 ﬂumina.

2485 4649 2705 4707 Christo
2729 4657 2859 4724 nato
2881 4649 3030 4720 Rege
3058 4662 3278 4718 magno,

2371 4879 2458 4936 Ill.
2497 4910 2566 4921 —
2602 4891 2810 4934 prunus
2843 4890 2910 4931 ns
2947 4890 3156 4932 NATALE
3192 4855 3511 4938 macellum.

2408 5106 2584 5162 Edere
2616 5114 2745 5160 tunc
2764 5103 2915 5174 juvat
2941 5111 3059 5157 arte
3083 5099 3270 5163 melos,

2407 5197 2690 5267 Quomodo
2710 5196 2882 5252 lactea
2919 5195 3068 5250 turba
3091 5194 3255 5264 perit,

2404 5288 2672 5366 Principis
2699 5285 2860 5358 impie
2885 5299 3020 5340 caesa
3049 5283 3189 5338 dolo.

579 5571 606 5596 ιι
648 5549 1070 5609 Iurisconsultus
1116 5547 1295 5602 clarus
1345 5544 1611 5602 Henricus
1657 5543 1908 5600 Canisius
1955 5557 2078 5599 cum
2187 5538 2360 5596 Natali
2388 5536 2621 5609 Domini,
2648 5531 3110 5609 metrotrochaico
3143 5513 3653 5609 tetrantetrosgr‘lm

516 5623 781 5698 [δερδοιίῑ
825 5619 1228 5698 Asrsliarenais
1272 5616 1510 5698 spissopi
1559 5629 1752 5698 noema.
1797 5622 2077 5698 '9cense}.:
2183 5619 2237 5666 ει
2260 5616 2896 5698 3.985319"..Ealif‘lilﬂi

503 5675 906 5762 τῖιὶξιῐῖόῖηξν
940 5689 1139 5762 ᾼηιίτιη
1161 5675 1790 5762 ιθριῖοηῑεένιῑιεει-ει,
1816 5694 1965 5762 _tom.
2009 5682 2077 5762 vi
2187 5675 2391 5762 ῃιιιιιιῐῃ
2418 5677 2592 5762 prodi,
2616 5684 2676 5734 ut
2698 5675 3005 5733 conditione
3027 5687 3151 5744 poss

505 5748 704 5836 promit
744 5762 884 5817 inter
909 5758 1009 5815 alia
1040 5748 1102 5816 et'
1127 5759 1270 5814 hunc
1299 5757 1556 5826 hymnum
1585 5748 1713 5810 sane
1742 5755 1980 5821 dulcem,
2015 5756 2082 5810 de
2187 5753 2320 5808 liore
2351 5748 2527 5806 liceat.

517 5839 527 5864 ι

2183 5585 2853 5680 εῖῑῑιξεῑηςξ·ῖξξίεῖίιῖῖεε
2885 5585 3023 5680 ωηο
3055 5585 3168 5680 duo.
3194 5614 3329 5680 μειβ
3361 5585 3651 5680 “iiii-‘35:

3155 5649 3401 5726 iden'ti—um
3424 5659 3496 5717 hic
3511 5649 3566 5708 uti
3581 5655 3650 5700 ωι·
