  <div class='ocr_page' id='page_1' title='image "/cluster/home/n/w/nwhite01/storage/ocr_20150623/112/hvd.32044015685407/832.png"; bbox 0 0 3944 6320; ppageno 0'>
   <div class='ocr_carea' id='block_1_1' title="bbox 285 405 3514 511">
    <p class='ocr_par' dir='ltr' id='par_1_1' title="bbox 285 405 3514 511">
     <span class='ocr_line' id='line_1_1' title="bbox 285 405 3514 511; baseline 0.002 -11"><span class='ocrx_word' id='word_1_1' title='bbox 285 444 422 502; x_wconf 69' lang='lat' dir='ltr'><strong>ms</strong></span> <span class='ocrx_word' id='word_1_2' title='bbox 826 405 842 417; x_wconf 62' lang='grc'><strong><em>’</em></strong></span> <span class='ocrx_word' id='word_1_3' title='bbox 1341 445 1664 499; x_wconf 60' lang='lat' dir='ltr'><strong>manus.</strong></span> <span class='ocrx_word' id='word_1_4' title='bbox 1703 476 1767 486; x_wconf 83' lang='lat'><em>—</em></span> <span class='ocrx_word' id='word_1_5' title='bbox 1810 446 2052 508; x_wconf 77' lang='lat' dir='ltr'><strong>SECTIO</strong></span> <span class='ocrx_word' id='word_1_6' title='bbox 2086 450 2148 506; x_wconf 82' lang='grc' dir='ltr'><strong>ιι.</strong></span> <span class='ocrx_word' id='word_1_7' title='bbox 2193 451 2427 511; x_wconf 61' lang='grc' dir='ltr'><strong>ηηικι.</strong></span> <span class='ocrx_word' id='word_1_8' title='bbox 3376 449 3514 507; x_wconf 69' lang='lat' dir='ltr'><strong>ms</strong></span> 
     </span>
    </p>
   </div>
   <div class='ocr_carea' id='block_1_2' title="bbox 485 557 3248 632">
    <p class='ocr_par' dir='ltr' id='par_1_2' title="bbox 485 557 3248 632">
     <span class='ocr_line' id='line_1_2' title="bbox 485 557 3248 632; baseline 0 -18"><span class='ocrx_word' id='word_1_9' title='bbox 485 557 708 630; x_wconf 82' lang='lat' dir='ltr'><strong>Ipsaque</strong></span> <span class='ocrx_word' id='word_1_10' title='bbox 736 572 993 630; x_wconf 80' lang='lat' dir='ltr'><strong>sanguine</strong></span> <span class='ocrx_word' id='word_1_11' title='bbox 1029 557 1191 612; x_wconf 84' lang='lat' dir='ltr'><strong>tincla</strong></span> <span class='ocrx_word' id='word_1_12' title='bbox 1216 570 1313 612; x_wconf 84' lang='lat' dir='ltr'><strong>suo</strong></span> <span class='ocrx_word' id='word_1_13' title='bbox 1341 567 1442 611; x_wconf 87' lang='lat' dir='ltr'><strong>est.</strong></span> <span class='ocrx_word' id='word_1_14' title='bbox 1871 568 1921 628; x_wconf 73' lang='grc' dir='ltr'>Α</span> <span class='ocrx_word' id='word_1_15' title='bbox 2091 561 2260 628; x_wconf 83' lang='lat' dir='ltr'><strong>Quem</strong></span> <span class='ocrx_word' id='word_1_16' title='bbox 2283 559 2467 616; x_wconf 68' lang='lat' dir='ltr'><strong>Judaea</strong></span> <span class='ocrx_word' id='word_1_17' title='bbox 2489 570 2676 616; x_wconf 84' lang='lat' dir='ltr'><strong>tenens</strong></span> <span class='ocrx_word' id='word_1_18' title='bbox 2702 559 2850 616; x_wconf 83' lang='lat' dir='ltr'><strong>orbis</strong></span> <span class='ocrx_word' id='word_1_19' title='bbox 2881 559 2934 614; x_wconf 86' lang='lat' dir='ltr'><strong>in</strong></span> <span class='ocrx_word' id='word_1_20' title='bbox 2964 559 3170 632; x_wconf 80' lang='lat' dir='ltr'><strong>ultima,</strong></span> <span class='ocrx_word' id='word_1_21' title='bbox 3243 617 3248 622; x_wconf 90' lang='lat'><strong>_</strong></span> 
     </span>
    </p>
   </div>
   <div class='ocr_carea' id='block_1_3' title="bbox 416 648 2984 722">
    <p class='ocr_par' dir='ltr' id='par_1_3' title="bbox 416 648 2984 722">
     <span class='ocr_line' id='line_1_3' title="bbox 416 648 2984 722; baseline 0.001 -19"><span class='ocrx_word' id='word_1_22' title='bbox 416 649 518 705; x_wconf 84' lang='lat' dir='ltr'><strong>Ast</strong></span> <span class='ocrx_word' id='word_1_23' title='bbox 545 650 635 704; x_wconf 87' lang='lat' dir='ltr'><strong>ubi</strong></span> <span class='ocrx_word' id='word_1_24' title='bbox 667 665 724 705; x_wconf 90' lang='lat' dir='ltr'><strong>se</strong></span> <span class='ocrx_word' id='word_1_25' title='bbox 750 648 948 704; x_wconf 77' lang='lat' dir='ltr'><strong>furiata</strong></span> <span class='ocrx_word' id='word_1_26' title='bbox 980 648 1098 703; x_wconf 88' lang='lat' dir='ltr'><strong>lues</strong></span> <span class='ocrx_word' id='word_1_27' title='bbox 2085 650 2302 706; x_wconf 71' lang='lat' dir='ltr'><strong>Diﬂusis</strong></span> <span class='ocrx_word' id='word_1_28' title='bbox 2331 651 2739 708; x_wconf 82' lang='lat' dir='ltr'><strong>radiisnuntiat</strong></span> <span class='ocrx_word' id='word_1_29' title='bbox 2764 651 2984 722; x_wconf 80' lang='lat' dir='ltr'><strong>inclyta.</strong></span> 
     </span>
    </p>
   </div>
   <div class='ocr_carea' id='block_1_4' title="bbox 403 722 2993 812">
    <p class='ocr_par' dir='ltr' id='par_1_4' title="bbox 403 722 2993 812">
     <span class='ocr_line' id='line_1_4' title="bbox 403 722 2993 812; baseline 0.002 -19"><span class='ocrx_word' id='word_1_30' title='bbox 403 803 412 812; x_wconf 38' lang='grc' dir='ltr'><strong><em>ο</em></strong></span> <span class='ocrx_word' id='word_1_31' title='bbox 487 736 722 803; x_wconf 81' lang='lat' dir='ltr'><strong>Excitat,</strong></span> <span class='ocrx_word' id='word_1_32' title='bbox 753 737 914 808; x_wconf 92' lang='lat' dir='ltr'><strong>inque</strong></span> <span class='ocrx_word' id='word_1_33' title='bbox 937 752 1122 793; x_wconf 84' lang='lat' dir='ltr'><strong>necem</strong></span> <span class='ocrx_word' id='word_1_34' title='bbox 1143 737 1354 793; x_wconf 87' lang='lat' dir='ltr'><strong>Domini</strong></span> <span class='ocrx_word' id='word_1_35' title='bbox 2018 740 2258 802; x_wconf 84' lang='lat' dir='ltr'><strong>Herodes</strong></span> <span class='ocrx_word' id='word_1_36' title='bbox 2286 742 2506 810; x_wconf 87' lang='lat' dir='ltr'><strong>capiens</strong></span> <span class='ocrx_word' id='word_1_37' title='bbox 2531 722 2725 812; x_wconf 75' lang='lat' dir='ltr'><strong>impius</strong></span> <span class='ocrx_word' id='word_1_38' title='bbox 2750 742 2993 808; x_wconf 89' lang='lat' dir='ltr'><strong>auribus,</strong></span> 
     </span>
    </p>
   </div>
   <div class='ocr_carea' id='block_1_5' title="bbox 482 828 3212 897">
    <p class='ocr_par' dir='ltr' id='par_1_5' title="bbox 482 828 3212 897">
     <span class='ocr_line' id='line_1_5' title="bbox 482 828 3212 897; baseline 0.001 -11"><span class='ocrx_word' id='word_1_39' title='bbox 482 828 748 886; x_wconf 83' lang='lat' dir='ltr'><strong>Provocat</strong></span> <span class='ocrx_word' id='word_1_40' title='bbox 773 831 952 886; x_wconf 85' lang='lat' dir='ltr'><strong>invida</strong></span> <span class='ocrx_word' id='word_1_41' title='bbox 979 829 1333 895; x_wconf 87' lang='lat' dir='ltr'><strong>corda‘ducis,</strong></span> <span class='ocrx_word' id='word_1_42' title='bbox 2089 830 2240 897; x_wconf 83' lang='lat' dir='ltr'><strong>Quod</strong></span> <span class='ocrx_word' id='word_1_43' title='bbox 2269 830 2386 886; x_wconf 79' lang='lat' dir='ltr'><strong>Rex</strong></span> <span class='ocrx_word' id='word_1_44' title='bbox 2411 831 2502 886; x_wconf 88' lang='lat' dir='ltr'><strong>hic</strong></span> <span class='ocrx_word' id='word_1_45' title='bbox 2525 830 2702 887; x_wconf 91' lang='lat' dir='ltr'><strong>fuerat</strong></span> <span class='ocrx_word' id='word_1_46' title='bbox 2726 841 2886 888; x_wconf 90' lang='lat' dir='ltr'><strong>natus</strong></span> <span class='ocrx_word' id='word_1_47' title='bbox 2911 833 2964 888; x_wconf 90' lang='lat' dir='ltr'><strong>in</strong></span> <span class='ocrx_word' id='word_1_48' title='bbox 2987 833 3212 890; x_wconf 80' lang='lat' dir='ltr'><strong>urbibus</strong></span> 
     </span>
    </p>
   </div>
   <div class='ocr_carea' id='block_1_6' title="bbox 488 909 3197 997">
    <p class='ocr_par' dir='ltr' id='par_1_6' title="bbox 488 909 3197 997">
     <span class='ocr_line' id='line_1_6' title="bbox 488 909 3197 997; baseline 0.002 -22"><span class='ocrx_word' id='word_1_49' title='bbox 488 909 711 976; x_wconf 75' lang='lat' dir='ltr'><strong>Concite</strong></span> <span class='ocrx_word' id='word_1_50' title='bbox 733 920 953 975; x_wconf 81' lang='lat' dir='ltr'><strong>mittere</strong></span> <span class='ocrx_word' id='word_1_51' title='bbox 973 920 1117 990; x_wconf 81' lang='lat' dir='ltr'><strong>cogit</strong></span> <span class='ocrx_word' id='word_1_52' title='bbox 1141 935 1266 976; x_wconf 90' lang='lat' dir='ltr'><strong>eum</strong></span> <span class='ocrx_word' id='word_1_53' title='bbox 2087 921 2304 988; x_wconf 59' lang='lat' dir='ltr'><strong>Iudaeae,</strong></span> <span class='ocrx_word' id='word_1_54' title='bbox 2334 923 2480 978; x_wconf 90' lang='lat' dir='ltr'><strong>hunc</strong></span> <span class='ocrx_word' id='word_1_55' title='bbox 2504 923 2666 978; x_wconf 89' lang='lat' dir='ltr'><strong>citius</strong></span> <span class='ocrx_word' id='word_1_56' title='bbox 2689 938 2931 994; x_wconf 74' lang='lat' dir='ltr'><strong>quaerere</strong></span> <span class='ocrx_word' id='word_1_57' title='bbox 2952 927 3197 997; x_wconf 77' lang='lat' dir='ltr'><strong>przecipit</strong></span> 
     </span>
    </p>
   </div>
   <div class='ocr_carea' id='block_1_7' title="bbox 491 1009 3213 1085">
    <p class='ocr_par' dir='ltr' id='par_1_7' title="bbox 491 1009 3213 1085">
     <span class='ocr_line' id='line_1_7' title="bbox 491 1009 3213 1085; baseline 0.003 -19"><span class='ocrx_word' id='word_1_58' title='bbox 491 1009 750 1067; x_wconf 83' lang='lat' dir='ltr'><strong>Sternere</strong></span> <span class='ocrx_word' id='word_1_59' title='bbox 783 1017 838 1068; x_wconf 93' lang='lat' dir='ltr'><strong>et</strong></span> <span class='ocrx_word' id='word_1_60' title='bbox 862 1011 1073 1083; x_wconf 87' lang='lat' dir='ltr'><strong>agmina</strong></span> <span class='ocrx_word' id='word_1_61' title='bbox 1099 1010 1252 1082; x_wconf 92' lang='lat' dir='ltr'><strong>plura</strong></span> <span class='ocrx_word' id='word_1_62' title='bbox 1276 1027 1425 1066; x_wconf 85' lang='lat' dir='ltr'><strong>nece.</strong></span> <span class='ocrx_word' id='word_1_63' title='bbox 2091 1012 2304 1079; x_wconf 82' lang='lat' dir='ltr'><strong>Tristis,</strong></span> <span class='ocrx_word' id='word_1_64' title='bbox 2328 1029 2559 1085; x_wconf 84' lang='lat' dir='ltr'><strong>moxque</strong></span> <span class='ocrx_word' id='word_1_65' title='bbox 2580 1016 2697 1072; x_wconf 91' lang='lat' dir='ltr'><strong>neci</strong></span> <span class='ocrx_word' id='word_1_66' title='bbox 2723 1016 2936 1072; x_wconf 87' lang='lat' dir='ltr'><strong>tradere</strong></span> <span class='ocrx_word' id='word_1_67' title='bbox 2960 1015 3213 1074; x_wconf 88' lang='lat' dir='ltr'><strong>destinat.</strong></span> 
     </span>
    </p>
   </div>
   <div class='ocr_carea' id='block_1_8' title="bbox 418 1101 3076 1174">
    <p class='ocr_par' dir='ltr' id='par_1_8' title="bbox 418 1101 3076 1174">
     <span class='ocr_line' id='line_1_8' title="bbox 418 1101 3076 1174; baseline 0.002 -16"><span class='ocrx_word' id='word_1_68' title='bbox 418 1102 528 1158; x_wconf 89' lang='lat' dir='ltr'><strong>Ceu</strong></span> <span class='ocrx_word' id='word_1_69' title='bbox 547 1101 633 1159; x_wconf 93' lang='lat' dir='ltr'><strong>leo</strong></span> <span class='ocrx_word' id='word_1_70' title='bbox 662 1117 788 1159; x_wconf 90' lang='lat' dir='ltr'><strong>nam</strong></span> <span class='ocrx_word' id='word_1_71' title='bbox 816 1101 998 1159; x_wconf 91' lang='lat' dir='ltr'><strong>fremit</strong></span> <span class='ocrx_word' id='word_1_72' title='bbox 1020 1102 1074 1159; x_wconf 93' lang='lat' dir='ltr'><strong>in</strong></span> <span class='ocrx_word' id='word_1_73' title='bbox 1104 1102 1332 1168; x_wconf 80' lang='lat' dir='ltr'><strong>facinus,</strong></span> <span class='ocrx_word' id='word_1_74' title='bbox 2018 1103 2270 1161; x_wconf 84' lang='lat' dir='ltr'><strong>inventus</strong></span> <span class='ocrx_word' id='word_1_75' title='bbox 2292 1105 2550 1164; x_wconf 87' lang='lat' dir='ltr'><strong>Dominus</strong></span> <span class='ocrx_word' id='word_1_76' title='bbox 2573 1106 2748 1162; x_wconf 87' lang='lat' dir='ltr'><strong>indice</strong></span> <span class='ocrx_word' id='word_1_77' title='bbox 2775 1106 2953 1162; x_wconf 89' lang='lat' dir='ltr'><strong>sidere</strong></span> <span class='ocrx_word' id='word_1_78' title='bbox 2973 1116 3076 1174; x_wconf 90' lang='lat' dir='ltr'><strong>est,</strong></span> 
     </span>
    </p>
   </div>
   <div class='ocr_carea' id='block_1_9' title="bbox 488 1193 3261 1269">
    <p class='ocr_par' dir='ltr' id='par_1_9' title="bbox 488 1193 3261 1269">
     <span class='ocr_line' id='line_1_9' title="bbox 488 1193 3261 1269; baseline 0.002 -17"><span class='ocrx_word' id='word_1_79' title='bbox 488 1194 654 1269; x_wconf 76' lang='lat' dir='ltr'><strong>Cujus</strong></span> <span class='ocrx_word' id='word_1_80' title='bbox 685 1197 753 1253; x_wconf 93' lang='lat' dir='ltr'><strong>ab</strong></span> <span class='ocrx_word' id='word_1_81' title='bbox 787 1211 882 1253; x_wconf 90' lang='lat' dir='ltr'><strong>ore</strong></span> <span class='ocrx_word' id='word_1_82' title='bbox 911 1204 1065 1253; x_wconf 90' lang='lat' dir='ltr'><strong>tener</strong></span> <span class='ocrx_word' id='word_1_83' title='bbox 1091 1196 1272 1254; x_wconf 89' lang='lat' dir='ltr'><strong>subito</strong></span> <span class='ocrx_word' id='word_1_84' title='bbox 2090 1193 2150 1248; x_wconf 87' lang='lat' dir='ltr'><strong>in</strong></span> <span class='ocrx_word' id='word_1_85' title='bbox 2178 1193 2418 1251; x_wconf 85' lang='lat' dir='ltr'><strong>Bethlem</strong></span> <span class='ocrx_word' id='word_1_86' title='bbox 2438 1196 2652 1266; x_wconf 84' lang='lat' dir='ltr'><strong>pariter</strong></span> <span class='ocrx_word' id='word_1_87' title='bbox 2679 1211 2908 1266; x_wconf 89' lang='lat' dir='ltr'><strong>cumque</strong></span> <span class='ocrx_word' id='word_1_88' title='bbox 2934 1197 3261 1268; x_wconf 83' lang='lat' dir='ltr'><strong>parentibus.</strong></span> 
     </span>
    </p>
   </div>
   <div class='ocr_carea' id='block_1_10' title="bbox 489 1284 3213 1363">
    <p class='ocr_par' dir='ltr' id='par_1_10' title="bbox 489 1284 3213 1363">
     <span class='ocr_line' id='line_1_10' title="bbox 489 1284 3213 1363; baseline -0.001 -18"><span class='ocrx_word' id='word_1_89' title='bbox 489 1289 689 1362; x_wconf 77' lang='lat' dir='ltr'><strong>Effugit</strong></span> <span class='ocrx_word' id='word_1_90' title='bbox 712 1304 884 1361; x_wconf 87' lang='lat' dir='ltr'><strong>agnus</strong></span> <span class='ocrx_word' id='word_1_91' title='bbox 905 1288 960 1346; x_wconf 89' lang='lat' dir='ltr'><strong>in</strong></span> <span class='ocrx_word' id='word_1_92' title='bbox 989 1303 1122 1345; x_wconf 86' lang='lat' dir='ltr'><strong>arva</strong></span> <span class='ocrx_word' id='word_1_93' title='bbox 1151 1289 1341 1363; x_wconf 88' lang='lat' dir='ltr'><strong>procul</strong></span> <span class='ocrx_word' id='word_1_94' title='bbox 1371 1307 1383 1342; x_wconf 89' lang='lat'>:</span> <span class='ocrx_word' id='word_1_95' title='bbox 2090 1284 2188 1340; x_wconf 87' lang='lat' dir='ltr'><strong>Cui</strong></span> <span class='ocrx_word' id='word_1_96' title='bbox 2219 1301 2342 1340; x_wconf 75' lang='lat' dir='ltr'><strong>mox</strong></span> <span class='ocrx_word' id='word_1_97' title='bbox 2370 1302 2500 1359; x_wconf 91' lang='lat' dir='ltr'><strong>ergo</strong></span> <span class='ocrx_word' id='word_1_98' title='bbox 2529 1286 2668 1360; x_wconf 82' lang='lat' dir='ltr'><strong>Magi</strong></span> <span class='ocrx_word' id='word_1_99' title='bbox 2692 1303 2917 1344; x_wconf 90' lang='lat' dir='ltr'><strong>munera</strong></span> <span class='ocrx_word' id='word_1_100' title='bbox 2945 1287 3213 1353; x_wconf 87' lang='lat' dir='ltr'><strong>deferunt,</strong></span> 
     </span>
    </p>
   </div>
   <div class='ocr_carea' id='block_1_11' title="bbox 485 1376 3517 1452">
    <p class='ocr_par' dir='ltr' id='par_1_11' title="bbox 485 1376 3517 1452">
     <span class='ocr_line' id='line_1_11' title="bbox 485 1376 3517 1452; baseline 0.001 -20"><span class='ocrx_word' id='word_1_101' title='bbox 485 1376 662 1434; x_wconf 80' lang='lat' dir='ltr'><strong>Vertit</strong></span> <span class='ocrx_word' id='word_1_102' title='bbox 693 1379 748 1434; x_wconf 93' lang='lat' dir='ltr'><strong>in</strong></span> <span class='ocrx_word' id='word_1_103' title='bbox 779 1379 1067 1436; x_wconf 90' lang='lat' dir='ltr'><strong>innocuum</strong></span> <span class='ocrx_word' id='word_1_104' title='bbox 1086 1394 1236 1434; x_wconf 91' lang='lat' dir='ltr'><strong>arma</strong></span> <span class='ocrx_word' id='word_1_105' title='bbox 1264 1393 1504 1450; x_wconf 81' lang='lat' dir='ltr'><strong>gregem,</strong></span> <span class='ocrx_word' id='word_1_106' title='bbox 2091 1377 2259 1442; x_wconf 86' lang='lat' dir='ltr'><strong>Thus,</strong></span> <span class='ocrx_word' id='word_1_107' title='bbox 2284 1378 2582 1449; x_wconf 86' lang='lat' dir='ltr'><strong>myrrham,</strong></span> <span class='ocrx_word' id='word_1_108' title='bbox 2605 1393 2799 1434; x_wconf 89' lang='lat' dir='ltr'><strong>aurum</strong></span> <span class='ocrx_word' id='word_1_109' title='bbox 2830 1380 2897 1444; x_wconf 84' lang='lat' dir='ltr'><strong>ab</strong></span> <span class='ocrx_word' id='word_1_110' title='bbox 2920 1378 3106 1450; x_wconf 91' lang='lat' dir='ltr'><strong>Ophir,</strong></span> <span class='ocrx_word' id='word_1_111' title='bbox 3133 1379 3267 1452; x_wconf 89' lang='lat' dir='ltr'><strong>regi,</strong></span> <span class='ocrx_word' id='word_1_112' title='bbox 3291 1377 3517 1447; x_wconf 86' lang='lat' dir='ltr'><strong>homini,</strong></span> 
     </span>
    </p>
   </div>
   <div class='ocr_carea' id='block_1_12' title="bbox 487 1465 3520 1551">
    <p class='ocr_par' dir='ltr' id='par_1_12' title="bbox 487 1465 3520 1551">
     <span class='ocr_line' id='line_1_12' title="bbox 487 1465 3520 1551; baseline 0.001 -27"><span class='ocrx_word' id='word_1_113' title='bbox 487 1469 707 1535; x_wconf 81' lang='lat' dir='ltr'><strong>Atterit,</strong></span> <span class='ocrx_word' id='word_1_114' title='bbox 737 1469 1030 1534; x_wconf 77' lang='lat' dir='ltr'><strong>excruciat,</strong></span> <span class='ocrx_word' id='word_1_115' title='bbox 1055 1469 1255 1526; x_wconf 88' lang='lat' dir='ltr'><strong>lacerat</strong></span> <span class='ocrx_word' id='word_1_116' title='bbox 1281 1489 1292 1523; x_wconf 95' lang='lat'>:</span> <span class='ocrx_word' id='word_1_117' title='bbox 2024 1465 2173 1520; x_wconf 86' lang='lat' dir='ltr'><strong>lianc</strong></span> <span class='ocrx_word' id='word_1_118' title='bbox 2202 1474 2324 1520; x_wconf 79' lang='lat' dir='ltr'><strong>trux</strong></span> <span class='ocrx_word' id='word_1_119' title='bbox 2353 1467 2466 1536; x_wconf 92' lang='lat' dir='ltr'><strong>ipse</strong></span> <span class='ocrx_word' id='word_1_120' title='bbox 2488 1467 2612 1523; x_wconf 90' lang='lat' dir='ltr'><strong>licet</strong></span> <span class='ocrx_word' id='word_1_121' title='bbox 2643 1469 2830 1524; x_wconf 90' lang='lat' dir='ltr'><strong>saeviat</strong></span> <span class='ocrx_word' id='word_1_122' title='bbox 2851 1469 3088 1538; x_wconf 85' lang='lat' dir='ltr'><strong>horride,</strong></span> <span class='ocrx_word' id='word_1_123' title='bbox 3363 1468 3520 1551; x_wconf 79' lang='lat' dir='ltr'><strong>[Deo.</strong></span> 
     </span>
    </p>
   </div>
   <div class='ocr_carea' id='block_1_13' title="bbox 421 1556 3060 1631">
    <p class='ocr_par' dir='ltr' id='par_1_13' title="bbox 421 1556 3060 1631">
     <span class='ocr_line' id='line_1_13' title="bbox 421 1556 3060 1631; baseline 0 -17"><span class='ocrx_word' id='word_1_124' title='bbox 421 1558 511 1620; x_wconf 84' lang='lat' dir='ltr'><strong>Sic</strong></span> <span class='ocrx_word' id='word_1_125' title='bbox 538 1559 798 1625; x_wconf 85' lang='lat' dir='ltr'><strong>Herodes,</strong></span> <span class='ocrx_word' id='word_1_126' title='bbox 829 1560 1142 1616; x_wconf 88' lang='lat' dir='ltr'><strong>stimulante</strong></span> <span class='ocrx_word' id='word_1_127' title='bbox 1169 1561 1329 1624; x_wconf 82' lang='lat' dir='ltr'><strong>chao,</strong></span> <span class='ocrx_word' id='word_1_128' title='bbox 2095 1556 2332 1613; x_wconf 86' lang='lat' dir='ltr'><strong>Herodes</strong></span> <span class='ocrx_word' id='word_1_129' title='bbox 2345 1557 2534 1627; x_wconf 90' lang='lat' dir='ltr'><strong>jubeat</strong></span> <span class='ocrx_word' id='word_1_130' title='bbox 2553 1561 2759 1616; x_wconf 73' lang='lat' dir='ltr'><strong>caedere</strong></span> <span class='ocrx_word' id='word_1_131' title='bbox 2788 1561 3060 1631; x_wconf 88' lang='lat' dir='ltr'><strong>parvulos.</strong></span> 
     </span>
    </p>
   </div>
   <div class='ocr_carea' id='block_1_14' title="bbox 496 1648 3165 1722">
    <p class='ocr_par' dir='ltr' id='par_1_14' title="bbox 496 1648 3165 1722">
     <span class='ocr_line' id='line_1_14' title="bbox 496 1648 3165 1722; baseline 0 -18"><span class='ocrx_word' id='word_1_132' title='bbox 496 1650 643 1707; x_wconf 82' lang='lat' dir='ltr'><strong>More</strong></span> <span class='ocrx_word' id='word_1_133' title='bbox 671 1650 781 1722; x_wconf 87' lang='lat' dir='ltr'><strong>lupi</strong></span> <span class='ocrx_word' id='word_1_134' title='bbox 819 1651 1162 1718; x_wconf 86' lang='lat' dir='ltr'><strong>furibundus,</strong></span> <span class='ocrx_word' id='word_1_135' title='bbox 1191 1667 1396 1714; x_wconf 90' lang='lat' dir='ltr'><strong>amens,</strong></span> <span class='ocrx_word' id='word_1_136' title='bbox 2095 1649 2335 1718; x_wconf 78' lang='lat' dir='ltr'><strong>Regnum</strong></span> <span class='ocrx_word' id='word_1_137' title='bbox 2361 1648 2464 1703; x_wconf 88' lang='lat' dir='ltr'><strong>rite</strong></span> <span class='ocrx_word' id='word_1_138' title='bbox 2485 1664 2641 1704; x_wconf 90' lang='lat' dir='ltr'><strong>suum</strong></span> <span class='ocrx_word' id='word_1_139' title='bbox 2661 1649 2887 1704; x_wconf 81' lang='lat' dir='ltr'><strong>firmiter</strong></span> <span class='ocrx_word' id='word_1_140' title='bbox 2910 1652 3165 1722; x_wconf 85' lang='lat' dir='ltr'><strong>undique,</strong></span> 
     </span>
    </p>
   </div>
   <div class='ocr_carea' id='block_1_15' title="bbox 494 1737 3132 1815">
    <p class='ocr_par' dir='ltr' id='par_1_15' title="bbox 494 1737 3132 1815">
     <span class='ocr_line' id='line_1_15' title="bbox 494 1737 3132 1815; baseline 0.001 -19"><span class='ocrx_word' id='word_1_141' title='bbox 494 1741 723 1797; x_wconf 80' lang='lat' dir='ltr'><strong>Parvula</strong></span> <span class='ocrx_word' id='word_1_142' title='bbox 753 1742 918 1797; x_wconf 85' lang='lat' dir='ltr'><strong>millia</strong></span> <span class='ocrx_word' id='word_1_143' title='bbox 949 1751 1131 1815; x_wconf 81' lang='lat' dir='ltr'><strong>strage</strong></span> <span class='ocrx_word' id='word_1_144' title='bbox 1161 1742 1328 1805; x_wconf 89' lang='lat' dir='ltr'><strong>dedit,</strong></span> <span class='ocrx_word' id='word_1_145' title='bbox 2092 1737 2372 1804; x_wconf 84' lang='lat' dir='ltr'><strong>Servatur,</strong></span> <span class='ocrx_word' id='word_1_146' title='bbox 2402 1739 2630 1796; x_wconf 89' lang='lat' dir='ltr'><strong>Domino</strong></span> <span class='ocrx_word' id='word_1_147' title='bbox 2654 1740 2860 1795; x_wconf 91' lang='lat' dir='ltr'><strong>corruit</strong></span> <span class='ocrx_word' id='word_1_148' title='bbox 2899 1740 3132 1798; x_wconf 85' lang='lat' dir='ltr'><strong>invidus.</strong></span> 
     </span>
    </p>
   </div>
   <div class='ocr_carea' id='block_1_16' title="bbox 497 1829 2970 1909">
    <p class='ocr_par' dir='ltr' id='par_1_16' title="bbox 497 1829 2970 1909">
     <span class='ocr_line' id='line_1_16' title="bbox 497 1829 2970 1909; baseline -0.002 -16"><span class='ocrx_word' id='word_1_149' title='bbox 497 1837 787 1909; x_wconf 88' lang='lat' dir='ltr'><strong>Turgidus,</strong></span> <span class='ocrx_word' id='word_1_150' title='bbox 810 1838 1062 1895; x_wconf 89' lang='lat' dir='ltr'><strong>horridus</strong></span> <span class='ocrx_word' id='word_1_151' title='bbox 1087 1845 1247 1908; x_wconf 89' lang='lat' dir='ltr'><strong>atque</strong></span> <span class='ocrx_word' id='word_1_152' title='bbox 1269 1836 1416 1892; x_wconf 81' lang='lat' dir='ltr'><strong>ferox</strong></span> <span class='ocrx_word' id='word_1_153' title='bbox 1444 1856 1458 1906; x_wconf 79' lang='lat'><strong>;</strong></span> <span class='ocrx_word' id='word_1_154' title='bbox 2025 1830 2106 1884; x_wconf 88' lang='lat' dir='ltr'><strong>En</strong></span> <span class='ocrx_word' id='word_1_155' title='bbox 2131 1838 2215 1886; x_wconf 89' lang='lat' dir='ltr'><strong>est</strong></span> <span class='ocrx_word' id='word_1_156' title='bbox 2238 1830 2338 1885; x_wconf 92' lang='lat' dir='ltr'><strong>ista</strong></span> <span class='ocrx_word' id='word_1_157' title='bbox 2368 1829 2483 1886; x_wconf 92' lang='lat' dir='ltr'><strong>dies</strong></span> <span class='ocrx_word' id='word_1_158' title='bbox 2505 1845 2726 1888; x_wconf 91' lang='lat' dir='ltr'><strong>munere</strong></span> <span class='ocrx_word' id='word_1_159' title='bbox 2751 1831 2970 1898; x_wconf 87' lang='lat' dir='ltr'><strong>nobilis,</strong></span> 
     </span>
    </p>
   </div>
   <div class='ocr_carea' id='block_1_17' title="bbox 495 1921 3219 1997">
    <p class='ocr_par' dir='ltr' id='par_1_17' title="bbox 495 1921 3219 1997">
     <span class='ocr_line' id='line_1_17' title="bbox 495 1921 3219 1997; baseline -0.001 -15"><span class='ocrx_word' id='word_1_160' title='bbox 495 1925 744 1982; x_wconf 88' lang='lat' dir='ltr'><strong>Christus</strong></span> <span class='ocrx_word' id='word_1_161' title='bbox 770 1934 828 1982; x_wconf 89' lang='lat' dir='ltr'><strong>et</strong></span> <span class='ocrx_word' id='word_1_162' title='bbox 855 1941 1006 1981; x_wconf 89' lang='lat' dir='ltr'><strong>arma</strong></span> <span class='ocrx_word' id='word_1_163' title='bbox 1026 1925 1266 1997; x_wconf 44' lang='lat' dir='ltr'><strong>.nefanda</strong></span> <span class='ocrx_word' id='word_1_164' title='bbox 1296 1927 1449 1980; x_wconf 87' lang='lat' dir='ltr'><strong>vitat.</strong></span> <span class='ocrx_word' id='word_1_165' title='bbox 1879 1922 1928 1988; x_wconf 84' lang='lat' dir='ltr'><strong>B</strong></span> <span class='ocrx_word' id='word_1_166' title='bbox 2095 1921 2370 1994; x_wconf 89' lang='lat' dir='ltr'><strong>Baptismo</strong></span> <span class='ocrx_word' id='word_1_167' title='bbox 2396 1924 2511 1979; x_wconf 61' lang='lat' dir='ltr'><strong>haec</strong></span> <span class='ocrx_word' id='word_1_168' title='bbox 2533 1925 2742 1979; x_wconf 91' lang='lat' dir='ltr'><strong>Domini</strong></span> <span class='ocrx_word' id='word_1_169' title='bbox 2772 1924 2969 1980; x_wconf 88' lang='lat' dir='ltr'><strong>nobilis</strong></span> <span class='ocrx_word' id='word_1_170' title='bbox 2997 1926 3219 1981; x_wconf 74' lang='lat' dir='ltr'><strong>exstitit.</strong></span> 
     </span>
    </p>
   </div>
   <div class='ocr_carea' id='block_1_18' title="bbox 418 2011 3244 2087">
    <p class='ocr_par' dir='ltr' id='par_1_18' title="bbox 418 2011 3244 2087">
     <span class='ocr_line' id='line_1_18' title="bbox 418 2011 3244 2087; baseline -0.001 -13"><span class='ocrx_word' id='word_1_171' title='bbox 418 2019 550 2087; x_wconf 84' lang='lat' dir='ltr'><strong>Quis</strong></span> <span class='ocrx_word' id='word_1_172' title='bbox 587 2019 686 2075; x_wconf 87' lang='lat' dir='ltr'><strong>tibi</strong></span> <span class='ocrx_word' id='word_1_173' title='bbox 718 2028 845 2075; x_wconf 89' lang='lat' dir='ltr'><strong>tunc</strong></span> <span class='ocrx_word' id='word_1_174' title='bbox 873 2017 1018 2074; x_wconf 92' lang='lat' dir='ltr'><strong>lanio</strong></span> <span class='ocrx_word' id='word_1_175' title='bbox 1047 2011 1208 2075; x_wconf 83' lang='lat' dir='ltr'><strong>ardor</strong></span> <span class='ocrx_word' id='word_1_176' title='bbox 1235 2027 1373 2087; x_wconf 84' lang='lat' dir='ltr'><strong>erat,</strong></span> <span class='ocrx_word' id='word_1_177' title='bbox 2094 2015 2246 2082; x_wconf 86' lang='lat' dir='ltr'><strong>Quod</strong></span> <span class='ocrx_word' id='word_1_178' title='bbox 2271 2014 2452 2069; x_wconf 84' lang='lat' dir='ltr'><strong>vinum</strong></span> <span class='ocrx_word' id='word_1_179' title='bbox 2482 2014 2740 2070; x_wconf 90' lang='lat' dir='ltr'><strong>Dominus</strong></span> <span class='ocrx_word' id='word_1_180' title='bbox 2766 2015 2969 2070; x_wconf 79' lang='lat' dir='ltr'><strong>fecerat</strong></span> <span class='ocrx_word' id='word_1_181' title='bbox 2993 2031 3060 2071; x_wconf 77' lang='lat' dir='ltr'><strong>ex</strong></span> <span class='ocrx_word' id='word_1_182' title='bbox 3086 2031 3244 2086; x_wconf 89' lang='lat' dir='ltr'><strong>aqua,</strong></span> 
     </span>
    </p>
   </div>
   <div class='ocr_carea' id='block_1_19' title="bbox 490 2085 3293 2182">
    <p class='ocr_par' dir='ltr' id='par_1_19' title="bbox 490 2085 3293 2182">
     <span class='ocr_line' id='line_1_19' title="bbox 490 2085 3293 2182; baseline -0.002 -15"><span class='ocrx_word' id='word_1_183' title='bbox 490 2111 642 2168; x_wconf 83' lang='lat' dir='ltr'><strong>Talia</strong></span> <span class='ocrx_word' id='word_1_184' title='bbox 671 2126 792 2166; x_wconf 92' lang='lat' dir='ltr'><strong>cum</strong></span> <span class='ocrx_word' id='word_1_185' title='bbox 830 2126 1043 2182; x_wconf 85' lang='lat' dir='ltr'><strong>quoque</strong></span> <span class='ocrx_word' id='word_1_186' title='bbox 1073 2085 1430 2182; x_wconf 67' lang='lat' dir='ltr'><strong>prospiceres.</strong></span> <span class='ocrx_word' id='word_1_187' title='bbox 2094 2097 2447 2162; x_wconf 81' lang='lat' dir='ltr'><strong>Commendat</strong></span> <span class='ocrx_word' id='word_1_188' title='bbox 2471 2104 2678 2175; x_wconf 87' lang='lat' dir='ltr'><strong>placide</strong></span> <span class='ocrx_word' id='word_1_189' title='bbox 2707 2106 2824 2162; x_wconf 53' lang='lat' dir='ltr'><strong>haec</strong></span> <span class='ocrx_word' id='word_1_190' title='bbox 2849 2121 2999 2161; x_wconf 89' lang='lat' dir='ltr'><strong>sacra</strong></span> <span class='ocrx_word' id='word_1_191' title='bbox 3026 2085 3293 2178; x_wconf 82' lang='lat' dir='ltr'><strong>dogmata.</strong></span> 
     </span>
    </p>
   </div>
   <div class='ocr_carea' id='block_1_20' title="bbox 484 2196 3185 2275">
    <p class='ocr_par' dir='ltr' id='par_1_20' title="bbox 484 2196 3185 2275">
     <span class='ocr_line' id='line_1_20' title="bbox 484 2196 3185 2275; baseline -0.003 -16"><span class='ocrx_word' id='word_1_192' title='bbox 484 2204 711 2259; x_wconf 88' lang='lat' dir='ltr'><strong>Pectore</strong></span> <span class='ocrx_word' id='word_1_193' title='bbox 733 2217 938 2274; x_wconf 84' lang='lat' dir='ltr'><strong>quosve</strong></span> <span class='ocrx_word' id='word_1_194' title='bbox 960 2202 1128 2260; x_wconf 90' lang='lat' dir='ltr'><strong>dabas</strong></span> <span class='ocrx_word' id='word_1_195' title='bbox 1149 2203 1400 2275; x_wconf 90' lang='lat' dir='ltr'><strong>gemitus,</strong></span> <span class='ocrx_word' id='word_1_196' title='bbox 2024 2196 2330 2254; x_wconf 87' lang='lat' dir='ltr'><strong>Gaudemus</strong></span> <span class='ocrx_word' id='word_1_197' title='bbox 2358 2197 2562 2269; x_wconf 88' lang='lat' dir='ltr'><strong>pariter</strong></span> <span class='ocrx_word' id='word_1_198' title='bbox 2589 2197 2857 2253; x_wconf 91' lang='lat' dir='ltr'><strong>mentibus</strong></span> <span class='ocrx_word' id='word_1_199' title='bbox 2882 2213 2948 2253; x_wconf 89' lang='lat' dir='ltr'><strong>en</strong></span> <span class='ocrx_word' id='word_1_200' title='bbox 2973 2212 3185 2268; x_wconf 88' lang='lat' dir='ltr'><strong>precor.</strong></span> 
     </span>
    </p>
   </div>
   <div class='ocr_carea' id='block_1_21' title="bbox 490 2289 3230 2364">
    <p class='ocr_par' dir='ltr' id='par_1_21' title="bbox 490 2289 3230 2364">
     <span class='ocr_line' id='line_1_21' title="bbox 490 2289 3230 2364; baseline -0.002 -15"><span class='ocrx_word' id='word_1_201' title='bbox 490 2291 626 2350; x_wconf 87' lang='lat' dir='ltr'><strong>Cum</strong></span> <span class='ocrx_word' id='word_1_202' title='bbox 655 2293 882 2364; x_wconf 85' lang='lat' dir='ltr'><strong>puerilia</strong></span> <span class='ocrx_word' id='word_1_203' title='bbox 911 2293 1152 2349; x_wconf 89' lang='lat' dir='ltr'><strong>membra</strong></span> <span class='ocrx_word' id='word_1_204' title='bbox 1175 2307 1387 2357; x_wconf 89' lang='lat' dir='ltr'><strong>secans,</strong></span> <span class='ocrx_word' id='word_1_205' title='bbox 2094 2290 2246 2358; x_wconf 84' lang='lat' dir='ltr'><strong>Quod</strong></span> <span class='ocrx_word' id='word_1_206' title='bbox 2275 2290 2430 2345; x_wconf 91' lang='lat' dir='ltr'><strong>nobis</strong></span> <span class='ocrx_word' id='word_1_207' title='bbox 2457 2289 2714 2346; x_wconf 89' lang='lat' dir='ltr'><strong>Dominus</strong></span> <span class='ocrx_word' id='word_1_208' title='bbox 2743 2289 2832 2346; x_wconf 90' lang='lat' dir='ltr'><strong>hic</strong></span> <span class='ocrx_word' id='word_1_209' title='bbox 2856 2290 2976 2362; x_wconf 91' lang='lat' dir='ltr'><strong>pius</strong></span> <span class='ocrx_word' id='word_1_210' title='bbox 3000 2291 3230 2346; x_wconf 85' lang='lat' dir='ltr'><strong>advenit.</strong></span> 
     </span>
    </p>
   </div>
   <div class='ocr_carea' id='block_1_22' title="bbox 485 2381 3170 2453">
    <p class='ocr_par' dir='ltr' id='par_1_22' title="bbox 485 2381 3170 2453">
     <span class='ocr_line' id='line_1_22' title="bbox 485 2381 3170 2453; baseline 0.001 -16"><span class='ocrx_word' id='word_1_211' title='bbox 485 2381 744 2438; x_wconf 83' lang='lat' dir='ltr'><strong>Matribus</strong></span> <span class='ocrx_word' id='word_1_212' title='bbox 776 2383 889 2452; x_wconf 93' lang='lat' dir='ltr'><strong>ipse</strong></span> <span class='ocrx_word' id='word_1_213' title='bbox 916 2381 1101 2453; x_wconf 88' lang='lat' dir='ltr'><strong>lugere</strong></span> <span class='ocrx_word' id='word_1_214' title='bbox 1123 2381 1325 2438; x_wconf 89' lang='lat' dir='ltr'><strong>dabas?</strong></span> <span class='ocrx_word' id='word_1_215' title='bbox 2095 2381 2247 2450; x_wconf 88' lang='lat' dir='ltr'><strong>Quod</strong></span> <span class='ocrx_word' id='word_1_216' title='bbox 2276 2391 2460 2438; x_wconf 87' lang='lat' dir='ltr'><strong>nostra</strong></span> <span class='ocrx_word' id='word_1_217' title='bbox 2485 2382 2655 2438; x_wconf 80' lang='lat' dir='ltr'><strong>voluit</strong></span> <span class='ocrx_word' id='word_1_218' title='bbox 2678 2398 2903 2440; x_wconf 90' lang='lat' dir='ltr'><strong>munera</strong></span> <span class='ocrx_word' id='word_1_219' title='bbox 2927 2399 3140 2440; x_wconf 88' lang='lat' dir='ltr'><strong>sumere</strong></span> <span class='ocrx_word' id='word_1_220' title='bbox 3156 2426 3170 2448; x_wconf 91' lang='lat'><strong>,</strong></span> 
     </span>
    </p>
   </div>
   <div class='ocr_carea' id='block_1_23' title="bbox 419 2470 3232 2546">
    <p class='ocr_par' dir='ltr' id='par_1_23' title="bbox 419 2470 3232 2546">
     <span class='ocr_line' id='line_1_23' title="bbox 419 2470 3232 2546; baseline -0.001 -18"><span class='ocrx_word' id='word_1_221' title='bbox 419 2473 535 2539; x_wconf 81' lang='lat' dir='ltr'><strong>Dux</strong></span> <span class='ocrx_word' id='word_1_222' title='bbox 556 2473 751 2538; x_wconf 90' lang='lat' dir='ltr'><strong>bonus,</strong></span> <span class='ocrx_word' id='word_1_223' title='bbox 782 2472 988 2528; x_wconf 90' lang='lat' dir='ltr'><strong>arbiter</strong></span> <span class='ocrx_word' id='word_1_224' title='bbox 1009 2472 1279 2544; x_wconf 87' lang='lat' dir='ltr'><strong>egregius,</strong></span> <span class='ocrx_word' id='word_1_225' title='bbox 2095 2470 2248 2538; x_wconf 85' lang='lat' dir='ltr'><strong>Quod</strong></span> <span class='ocrx_word' id='word_1_226' title='bbox 2280 2472 2546 2541; x_wconf 89' lang='lat' dir='ltr'><strong>baptisma</strong></span> <span class='ocrx_word' id='word_1_227' title='bbox 2571 2472 2734 2538; x_wconf 90' lang='lat' dir='ltr'><strong>dedit,</strong></span> <span class='ocrx_word' id='word_1_228' title='bbox 2769 2472 2957 2546; x_wconf 87' lang='lat' dir='ltr'><strong>pocula</strong></span> <span class='ocrx_word' id='word_1_229' title='bbox 2987 2472 3232 2528; x_wconf 86' lang='lat' dir='ltr'><strong>contulit.</strong></span> 
     </span>
    </p>
   </div>
   <div class='ocr_carea' id='block_1_24' title="bbox 491 2559 3270 2636">
    <p class='ocr_par' dir='ltr' id='par_1_24' title="bbox 491 2559 3270 2636">
     <span class='ocr_line' id='line_1_24' title="bbox 491 2559 3270 2636; baseline 0 -18"><span class='ocrx_word' id='word_1_230' title='bbox 491 2562 764 2636; x_wconf 78' lang='lat' dir='ltr'><strong>Sanguine</strong></span> <span class='ocrx_word' id='word_1_231' title='bbox 789 2561 1301 2633; x_wconf 88' lang='lat' dir='ltr'><strong>pascerisiunocuo.</strong></span> <span class='ocrx_word' id='word_1_232' title='bbox 2023 2560 2158 2627; x_wconf 66' lang='lat' dir='ltr'><strong>Nam</strong></span> <span class='ocrx_word' id='word_1_233' title='bbox 2186 2575 2283 2618; x_wconf 83' lang='lat' dir='ltr'><strong>rex</strong></span> <span class='ocrx_word' id='word_1_234' title='bbox 2310 2559 2558 2617; x_wconf 87' lang='lat' dir='ltr'><strong>Christus</strong></span> <span class='ocrx_word' id='word_1_235' title='bbox 2587 2561 2759 2629; x_wconf 91' lang='lat' dir='ltr'><strong>adest,</strong></span> <span class='ocrx_word' id='word_1_236' title='bbox 2791 2563 2938 2618; x_wconf 88' lang='lat' dir='ltr'><strong>orbis</strong></span> <span class='ocrx_word' id='word_1_237' title='bbox 2970 2571 3025 2618; x_wconf 89' lang='lat' dir='ltr'><strong>et</strong></span> <span class='ocrx_word' id='word_1_238' title='bbox 3051 2563 3270 2630; x_wconf 89' lang='lat' dir='ltr'><strong>arbiter,</strong></span> 
     </span>
    </p>
   </div>
   <div class='ocr_carea' id='block_1_25' title="bbox 491 2652 3109 2729">
    <p class='ocr_par' dir='ltr' id='par_1_25' title="bbox 491 2652 3109 2729">
     <span class='ocr_line' id='line_1_25' title="bbox 491 2652 3109 2729; baseline -0.001 -17"><span class='ocrx_word' id='word_1_239' title='bbox 491 2653 820 2725; x_wconf 87' lang='lat' dir='ltr'><strong>Corporibus</strong></span> <span class='ocrx_word' id='word_1_240' title='bbox 846 2652 1084 2709; x_wconf 91' lang='lat' dir='ltr'><strong>minimis</strong></span> <span class='ocrx_word' id='word_1_241' title='bbox 1114 2653 1360 2729; x_wconf 59' lang='lat' dir='ltr'><strong>inhians,</strong></span> <span class='ocrx_word' id='word_1_242' title='bbox 2093 2652 2210 2711; x_wconf 79' lang='lat' dir='ltr'><strong>Lux</strong></span> <span class='ocrx_word' id='word_1_243' title='bbox 2234 2655 2300 2712; x_wconf 91' lang='lat' dir='ltr'><strong>de</strong></span> <span class='ocrx_word' id='word_1_244' title='bbox 2325 2655 2443 2712; x_wconf 91' lang='lat' dir='ltr'><strong>luce</strong></span> <span class='ocrx_word' id='word_1_245' title='bbox 2463 2656 2572 2725; x_wconf 90' lang='lat' dir='ltr'><strong>pia,</strong></span> <span class='ocrx_word' id='word_1_246' title='bbox 2597 2663 2652 2712; x_wconf 90' lang='lat' dir='ltr'><strong>et</strong></span> <span class='ocrx_word' id='word_1_247' title='bbox 2672 2654 2831 2712; x_wconf 83' lang='lat' dir='ltr'><strong>Pater</strong></span> <span class='ocrx_word' id='word_1_248' title='bbox 2848 2657 3109 2712; x_wconf 87' lang='lat' dir='ltr'><strong>omnium.</strong></span> 
     </span>
    </p>
   </div>
   <div class='ocr_carea' id='block_1_26' title="bbox 496 2745 3210 2816">
    <p class='ocr_par' dir='ltr' id='par_1_26' title="bbox 496 2745 3210 2816">
     <span class='ocr_line' id='line_1_26' title="bbox 496 2745 3210 2816; baseline 0 -16"><span class='ocrx_word' id='word_1_249' title='bbox 496 2745 717 2803; x_wconf 84' lang='lat' dir='ltr'><strong>Viscera</strong></span> <span class='ocrx_word' id='word_1_250' title='bbox 746 2745 927 2803; x_wconf 85' lang='lat' dir='ltr'><strong>sobria</strong></span> <span class='ocrx_word' id='word_1_251' title='bbox 957 2745 1243 2802; x_wconf 89' lang='lat' dir='ltr'><strong>dilaceras.</strong></span> <span class='ocrx_word' id='word_1_252' title='bbox 2095 2746 2196 2813; x_wconf 88' lang='lat' dir='ltr'><strong>Qui</strong></span> <span class='ocrx_word' id='word_1_253' title='bbox 2219 2760 2317 2802; x_wconf 94' lang='lat' dir='ltr'><strong>nos</strong></span> <span class='ocrx_word' id='word_1_254' title='bbox 2340 2746 2407 2801; x_wconf 90' lang='lat' dir='ltr'><strong>ad</strong></span> <span class='ocrx_word' id='word_1_255' title='bbox 2423 2745 2653 2816; x_wconf 90' lang='lat' dir='ltr'><strong>patriam</strong></span> <span class='ocrx_word' id='word_1_256' title='bbox 2674 2746 2836 2802; x_wconf 89' lang='lat' dir='ltr'><strong>ducat</strong></span> <span class='ocrx_word' id='word_1_257' title='bbox 2853 2754 2907 2800; x_wconf 90' lang='lat' dir='ltr'><strong>et</strong></span> <span class='ocrx_word' id='word_1_258' title='bbox 2926 2747 3210 2816; x_wconf 87' lang='lat' dir='ltr'><strong>optimam,</strong></span> 
     </span>
    </p>
   </div>
   <div class='ocr_carea' id='block_1_27' title="bbox 484 2837 2971 2910">
    <p class='ocr_par' dir='ltr' id='par_1_27' title="bbox 484 2837 2971 2910">
     <span class='ocr_line' id='line_1_27' title="bbox 484 2837 2971 2910; baseline -0.002 -13"><span class='ocrx_word' id='word_1_259' title='bbox 484 2839 692 2897; x_wconf 86' lang='lat' dir='ltr'><strong>Gaudia</strong></span> <span class='ocrx_word' id='word_1_260' title='bbox 719 2853 866 2894; x_wconf 88' lang='lat' dir='ltr'><strong>mors</strong></span> <span class='ocrx_word' id='word_1_261' title='bbox 888 2837 1065 2895; x_wconf 84' lang='lat' dir='ltr'><strong>aliena</strong></span> <span class='ocrx_word' id='word_1_262' title='bbox 1090 2837 1263 2902; x_wconf 90' lang='lat' dir='ltr'><strong>dabit,</strong></span> <span class='ocrx_word' id='word_1_263' title='bbox 2091 2837 2158 2902; x_wconf 78' lang='lat' dir='ltr'><strong>Et</strong></span> <span class='ocrx_word' id='word_1_264' title='bbox 2187 2839 2310 2896; x_wconf 60' lang='lat' dir='ltr'><strong>vitae</strong></span> <span class='ocrx_word' id='word_1_265' title='bbox 2334 2837 2498 2895; x_wconf 79' lang='lat' dir='ltr'><strong>faciat</strong></span> <span class='ocrx_word' id='word_1_266' title='bbox 2525 2838 2721 2910; x_wconf 87' lang='lat' dir='ltr'><strong>gaudia</strong></span> <span class='ocrx_word' id='word_1_267' title='bbox 2747 2846 2971 2895; x_wconf 89' lang='lat' dir='ltr'><strong>metere.</strong></span> 
     </span>
    </p>
   </div>
   <div class='ocr_carea' id='block_1_28' title="bbox 415 2929 2630 3003">
    <p class='ocr_par' dir='ltr' id='par_1_28' title="bbox 415 2929 2630 3003">
     <span class='ocr_line' id='line_1_28' title="bbox 415 2929 2630 3003; baseline 0.005 -22"><span class='ocrx_word' id='word_1_268' title='bbox 415 2929 556 3002; x_wconf 78' lang='lat' dir='ltr'><strong>Ergo</strong></span> <span class='ocrx_word' id='word_1_269' title='bbox 581 2945 699 3003; x_wconf 90' lang='lat' dir='ltr'><strong>age,</strong></span> <span class='ocrx_word' id='word_1_270' title='bbox 729 2938 925 2995; x_wconf 88' lang='lat' dir='ltr'><strong>tortor,</strong></span> <span class='ocrx_word' id='word_1_271' title='bbox 955 2929 1144 2995; x_wconf 90' lang='lat' dir='ltr'><strong>adure,</strong></span> <span class='ocrx_word' id='word_1_272' title='bbox 1175 2941 1317 2985; x_wconf 87' lang='lat' dir='ltr'><strong>seca.</strong></span> <span class='ocrx_word' id='word_1_273' title='bbox 2327 2974 2373 3003; x_wconf 61' lang='grc' dir='ltr'><strong>ιτ</strong></span> <span class='ocrx_word' id='word_1_274' title='bbox 2511 2939 2630 3003; x_wconf 49' lang='grc' dir='ltr'><strong>,ηας</strong></span> 
     </span>
    </p>
   </div>
   <div class='ocr_carea' id='block_1_29' title="bbox 534 2974 3146 3036">
    <p class='ocr_par' dir='ltr' id='par_1_29' title="bbox 534 2974 3146 3036">
     <span class='ocr_line' id='line_1_29' title="bbox 534 2974 3146 3036; baseline -0.002 0"><span class='ocrx_word' id='word_1_275' title='bbox 534 2974 554 3035; x_wconf 76' lang='lat'><strong>.&#39;</strong></span> <span class='ocrx_word' id='word_1_276' title='bbox 581 2974 699 3036; x_wconf 56' lang='lat'><strong>7?&quot;</strong></span> <span class='ocrx_word' id='word_1_277' title='bbox 734 2974 925 3036; x_wconf 68' lang='lat' dir='ltr'><strong>&quot;&#39;&quot;I&quot;</strong></span> <span class='ocrx_word' id='word_1_278' title='bbox 955 2974 1144 3036; x_wconf 72' lang='grc' dir='ltr'><strong>“““”ἶ’</strong></span> <span class='ocrx_word' id='word_1_279' title='bbox 1175 2974 1317 3036; x_wconf 72' lang='grc' dir='ltr'><strong>’ζ’ἷ“’</strong></span> <span class='ocrx_word' id='word_1_280' title='bbox 2327 2974 2394 3031; x_wconf 87' lang='lat' dir='ltr'><strong>V.</strong></span> <span class='ocrx_word' id='word_1_281' title='bbox 2422 2989 2719 3031; x_wconf 75' lang='lat' dir='ltr'><strong>—rmuvus</strong></span> <span class='ocrx_word' id='word_1_282' title='bbox 2756 2991 2809 3030; x_wconf 70' lang='lat' dir='ltr'><strong>ia</strong></span> <span class='ocrx_word' id='word_1_283' title='bbox 2843 2991 3146 3032; x_wconf 69' lang='grc' dir='ltr'><strong>εριριωιιλ.</strong></span> 
     </span>
    </p>
   </div>
   <div class='ocr_carea' id='block_1_30' title="bbox 487 3020 1323 3087">
    <p class='ocr_par' dir='ltr' id='par_1_30' title="bbox 487 3020 1323 3087">
     <span class='ocr_line' id='line_1_30' title="bbox 487 3020 1323 3087; baseline 0 -10"><span class='ocrx_word' id='word_1_284' title='bbox 487 3023 674 3080; x_wconf 86' lang='lat' dir='ltr'><strong>Divide</strong></span> <span class='ocrx_word' id='word_1_285' title='bbox 702 3023 946 3080; x_wconf 86' lang='lat' dir='ltr'><strong>membra</strong></span> <span class='ocrx_word' id='word_1_286' title='bbox 974 3030 1162 3080; x_wconf 85' lang='lat' dir='ltr'><strong>coacta</strong></span> <span class='ocrx_word' id='word_1_287' title='bbox 1186 3020 1323 3087; x_wconf 92' lang='lat' dir='ltr'><strong>luto,</strong></span> 
     </span>
    </p>
   </div>
   <div class='ocr_carea' id='block_1_31' title="bbox 486 3110 2992 3192">
    <p class='ocr_par' dir='ltr' id='par_1_31' title="bbox 486 3110 2992 3192">
     <span class='ocr_line' id='line_1_31' title="bbox 486 3110 2992 3192; baseline -0.001 -24"><span class='ocrx_word' id='word_1_288' title='bbox 486 3112 708 3170; x_wconf 86' lang='lat' dir='ltr'><strong>Solvere</strong></span> <span class='ocrx_word' id='word_1_289' title='bbox 734 3127 851 3169; x_wconf 89' lang='lat' dir='ltr'><strong>rem</strong></span> <span class='ocrx_word' id='word_1_290' title='bbox 873 3111 1118 3184; x_wconf 83' lang='lat' dir='ltr'><strong>fragilem</strong></span> <span class='ocrx_word' id='word_1_291' title='bbox 1140 3111 1301 3169; x_wconf 87' lang='lat' dir='ltr'><strong>facile</strong></span> <span class='ocrx_word' id='word_1_292' title='bbox 1327 3120 1430 3168; x_wconf 87' lang='lat' dir='ltr'><strong>est.</strong></span> <span class='ocrx_word' id='word_1_293' title='bbox 2233 3110 2392 3166; x_wconf 89' lang='lat' dir='ltr'><strong>Venit</strong></span> <span class='ocrx_word' id='word_1_294' title='bbox 2427 3111 2572 3192; x_wconf 82' lang='lat' dir='ltr'><strong>Deus</strong></span> <span class='ocrx_word' id='word_1_295' title='bbox 2605 3110 2778 3168; x_wconf 88' lang='lat' dir='ltr'><strong>factus</strong></span> <span class='ocrx_word' id='word_1_296' title='bbox 2812 3111 2992 3179; x_wconf 89' lang='lat' dir='ltr'><strong>homo,</strong></span> 
     </span>
    </p>
   </div>
   <div class='ocr_carea' id='block_1_32' title="bbox 491 3201 2966 3276">
    <p class='ocr_par' dir='ltr' id='par_1_32' title="bbox 491 3201 2966 3276">
     <span class='ocr_line' id='line_1_32' title="bbox 491 3201 2966 3276; baseline -0.001 -17"><span class='ocrx_word' id='word_1_297' title='bbox 491 3202 609 3262; x_wconf 84' lang='lat' dir='ltr'><strong>Non</strong></span> <span class='ocrx_word' id='word_1_298' title='bbox 637 3211 885 3276; x_wconf 89' lang='lat' dir='ltr'><strong>penetrat</strong></span> <span class='ocrx_word' id='word_1_299' title='bbox 908 3203 1062 3260; x_wconf 89' lang='lat' dir='ltr'><strong>dolor</strong></span> <span class='ocrx_word' id='word_1_300' title='bbox 1091 3203 1318 3261; x_wconf 89' lang='lat' dir='ltr'><strong>interius</strong></span> <span class='ocrx_word' id='word_1_301' title='bbox 1892 3271 1920 3276; x_wconf 83' lang='lat'>_</span> <span class='ocrx_word' id='word_1_302' title='bbox 2305 3201 2552 3258; x_wconf 80' lang='lat' dir='ltr'><strong>Exsultet</strong></span> <span class='ocrx_word' id='word_1_303' title='bbox 2585 3202 2762 3258; x_wconf 87' lang='lat' dir='ltr'><strong>omnis</strong></span> <span class='ocrx_word' id='word_1_304' title='bbox 2798 3202 2966 3258; x_wconf 90' lang='lat' dir='ltr'><strong>natio.</strong></span> 
     </span>
    </p>
   </div>
   <div class='ocr_carea' id='block_1_33' title="bbox 485 3271 3140 3370">
    <p class='ocr_par' dir='ltr' id='par_1_33' title="bbox 485 3271 3140 3370">
     <span class='ocr_line' id='line_1_33' title="bbox 485 3271 3140 3370; baseline -0 -19"><span class='ocrx_word' id='word_1_305' title='bbox 485 3271 681 3351; x_wconf 77' lang='lat' dir='ltr'><strong>Mentis</strong></span> <span class='ocrx_word' id='word_1_306' title='bbox 705 3294 762 3349; x_wconf 92' lang='lat' dir='ltr'><strong>in</strong></span> <span class='ocrx_word' id='word_1_307' title='bbox 783 3307 908 3350; x_wconf 88' lang='lat' dir='ltr'><strong>arce</strong></span> <span class='ocrx_word' id='word_1_308' title='bbox 927 3301 1112 3370; x_wconf 86' lang='lat' dir='ltr'><strong>manet</strong></span> <span class='ocrx_word' id='word_1_309' title='bbox 1132 3293 1413 3350; x_wconf 78' lang='lat' dir='ltr'><strong>Dominus.</strong></span> <span class='ocrx_word' id='word_1_310' title='bbox 1877 3271 1930 3336; x_wconf 65' lang='grc' dir='ltr'>ε</span> <span class='ocrx_word' id='word_1_311' title='bbox 2303 3295 2509 3351; x_wconf 85' lang='lat' dir='ltr'><strong>Caelum</strong></span> <span class='ocrx_word' id='word_1_312' title='bbox 2547 3295 2696 3352; x_wconf 90' lang='lat' dir='ltr'><strong>dedit</strong></span> <span class='ocrx_word' id='word_1_313' title='bbox 2726 3295 2876 3351; x_wconf 75' lang='lat' dir='ltr'><strong>sidus</strong></span> <span class='ocrx_word' id='word_1_314' title='bbox 2909 3307 3104 3350; x_wconf 77' lang='lat' dir='ltr'><strong>novum</strong></span> <span class='ocrx_word' id='word_1_315' title='bbox 3125 3333 3140 3361; x_wconf 91' lang='lat'><strong>,</strong></span> 
     </span>
    </p>
   </div>
   <div class='ocr_carea' id='block_1_34' title="bbox 422 3383 3046 3457">
    <p class='ocr_par' dir='ltr' id='par_1_34' title="bbox 422 3383 3046 3457">
     <span class='ocr_line' id='line_1_34' title="bbox 422 3383 3046 3457; baseline -0 -17"><span class='ocrx_word' id='word_1_316' title='bbox 422 3384 518 3454; x_wconf 77' lang='lat' dir='ltr'><strong>llic</strong></span> <span class='ocrx_word' id='word_1_317' title='bbox 545 3385 751 3442; x_wconf 86' lang='lat' dir='ltr'><strong>funeris</strong></span> <span class='ocrx_word' id='word_1_318' title='bbox 781 3385 908 3457; x_wconf 90' lang='lat' dir='ltr'><strong>quia</strong></span> <span class='ocrx_word' id='word_1_319' title='bbox 930 3400 1094 3441; x_wconf 91' lang='lat' dir='ltr'><strong>causa</strong></span> <span class='ocrx_word' id='word_1_320' title='bbox 1117 3383 1249 3450; x_wconf 83' lang='lat' dir='ltr'><strong>fuit,</strong></span> <span class='ocrx_word' id='word_1_321' title='bbox 2309 3387 2548 3457; x_wconf 81' lang='lat' dir='ltr'><strong>Apparet</strong></span> <span class='ocrx_word' id='word_1_322' title='bbox 2572 3395 2762 3443; x_wconf 88' lang='lat' dir='ltr'><strong>auctor</strong></span> <span class='ocrx_word' id='word_1_323' title='bbox 2784 3385 3046 3441; x_wconf 89' lang='lat' dir='ltr'><strong>omnium.</strong></span> 
     </span>
    </p>
   </div>
   <div class='ocr_carea' id='block_1_35' title="bbox 489 3476 2916 3550">
    <p class='ocr_par' dir='ltr' id='par_1_35' title="bbox 489 3476 2916 3550">
     <span class='ocr_line' id='line_1_35' title="bbox 489 3476 2916 3550; baseline 0 -18"><span class='ocrx_word' id='word_1_324' title='bbox 489 3477 715 3534; x_wconf 65' lang='lat' dir='ltr'><strong>Praemia</strong></span> <span class='ocrx_word' id='word_1_325' title='bbox 743 3478 830 3534; x_wconf 88' lang='lat' dir='ltr'><strong>his</strong></span> <span class='ocrx_word' id='word_1_326' title='bbox 853 3493 1014 3550; x_wconf 87' lang='lat' dir='ltr'><strong>super</strong></span> <span class='ocrx_word' id='word_1_327' title='bbox 1035 3484 1182 3535; x_wconf 88' lang='lat' dir='ltr'><strong>astra</strong></span> <span class='ocrx_word' id='word_1_328' title='bbox 1213 3476 1380 3533; x_wconf 87' lang='lat' dir='ltr'><strong>dabit.</strong></span> <span class='ocrx_word' id='word_1_329' title='bbox 2231 3477 2364 3549; x_wconf 75' lang='lat' dir='ltr'><strong>Magi</strong></span> <span class='ocrx_word' id='word_1_330' title='bbox 2401 3477 2648 3534; x_wconf 90' lang='lat' dir='ltr'><strong>ferebant</strong></span> <span class='ocrx_word' id='word_1_331' title='bbox 2673 3493 2916 3540; x_wconf 88' lang='lat' dir='ltr'><strong>munera,</strong></span> 
     </span>
    </p>
   </div>
   <div class='ocr_carea' id='block_1_36' title="bbox 487 3568 2936 3643">
    <p class='ocr_par' dir='ltr' id='par_1_36' title="bbox 487 3568 2936 3643">
     <span class='ocr_line' id='line_1_36' title="bbox 487 3568 2936 3643; baseline 0 -20"><span class='ocrx_word' id='word_1_332' title='bbox 487 3568 566 3624; x_wconf 88' lang='lat' dir='ltr'><strong>Tu</strong></span> <span class='ocrx_word' id='word_1_333' title='bbox 595 3582 807 3639; x_wconf 90' lang='lat' dir='ltr'><strong>quoque</strong></span> <span class='ocrx_word' id='word_1_334' title='bbox 833 3568 1022 3624; x_wconf 88' lang='lat' dir='ltr'><strong>mortis</strong></span> <span class='ocrx_word' id='word_1_335' title='bbox 1046 3575 1256 3624; x_wconf 89' lang='lat' dir='ltr'><strong>amator</strong></span> <span class='ocrx_word' id='word_1_336' title='bbox 1280 3581 1490 3631; x_wconf 90' lang='lat' dir='ltr'><strong>amens,</strong></span> <span class='ocrx_word' id='word_1_337' title='bbox 2296 3569 2463 3626; x_wconf 86' lang='lat' dir='ltr'><strong>Primi</strong></span> <span class='ocrx_word' id='word_1_338' title='bbox 2491 3571 2651 3643; x_wconf 84' lang='lat' dir='ltr'><strong>legati</strong></span> <span class='ocrx_word' id='word_1_339' title='bbox 2679 3571 2936 3642; x_wconf 91' lang='lat' dir='ltr'><strong>gentium.</strong></span> 
     </span>
    </p>
   </div>
   <div class='ocr_carea' id='block_1_37' title="bbox 487 3657 3089 3730">
    <p class='ocr_par' dir='ltr' id='par_1_37' title="bbox 487 3657 3089 3730">
     <span class='ocr_line' id='line_1_37' title="bbox 487 3657 3089 3730; baseline -0.001 -16"><span class='ocrx_word' id='word_1_340' title='bbox 487 3659 676 3717; x_wconf 86' lang='lat' dir='ltr'><strong>Mortis</strong></span> <span class='ocrx_word' id='word_1_341' title='bbox 706 3661 763 3716; x_wconf 92' lang='lat' dir='ltr'><strong>in</strong></span> <span class='ocrx_word' id='word_1_342' title='bbox 785 3659 988 3714; x_wconf 79' lang='lat' dir='ltr'><strong>extima</strong></span> <span class='ocrx_word' id='word_1_343' title='bbox 1009 3659 1133 3730; x_wconf 83' lang='lat' dir='ltr'><strong>jure</strong></span> <span class='ocrx_word' id='word_1_344' title='bbox 1159 3657 1332 3722; x_wconf 87' lang='lat' dir='ltr'><strong>cadis,</strong></span> <span class='ocrx_word' id='word_1_345' title='bbox 1789 3671 1793 3674; x_wconf 87' lang='grc'><strong>·</strong></span> <span class='ocrx_word' id='word_1_346' title='bbox 2299 3660 2427 3724; x_wconf 83' lang='lat' dir='ltr'><strong>Quae</strong></span> <span class='ocrx_word' id='word_1_347' title='bbox 2459 3677 2582 3715; x_wconf 91' lang='lat' dir='ltr'><strong>cum</strong></span> <span class='ocrx_word' id='word_1_348' title='bbox 2619 3675 2774 3716; x_wconf 86' lang='lat' dir='ltr'><strong>sacro</strong></span> <span class='ocrx_word' id='word_1_349' title='bbox 2807 3660 3089 3730; x_wconf 88' lang='lat' dir='ltr'><strong>mysterio.</strong></span> 
     </span>
    </p>
   </div>
   <div class='ocr_carea' id='block_1_38' title="bbox 486 3748 3070 3824">
    <p class='ocr_par' dir='ltr' id='par_1_38' title="bbox 486 3748 3070 3824">
     <span class='ocr_line' id='line_1_38' title="bbox 486 3748 3070 3824; baseline -0.002 -16"><span class='ocrx_word' id='word_1_350' title='bbox 486 3751 554 3808; x_wconf 90' lang='lat' dir='ltr'><strong>Et</strong></span> <span class='ocrx_word' id='word_1_351' title='bbox 578 3751 835 3824; x_wconf 87' lang='lat' dir='ltr'><strong>gemitum</strong></span> <span class='ocrx_word' id='word_1_352' title='bbox 860 3751 978 3806; x_wconf 89' lang='lat' dir='ltr'><strong>sine</strong></span> <span class='ocrx_word' id='word_1_353' title='bbox 1005 3750 1111 3806; x_wconf 83' lang='lat' dir='ltr'><strong>line</strong></span> <span class='ocrx_word' id='word_1_354' title='bbox 1138 3748 1310 3805; x_wconf 90' lang='lat' dir='ltr'><strong>dabis.</strong></span> <span class='ocrx_word' id='word_1_355' title='bbox 2307 3749 2536 3820; x_wconf 82' lang='lat' dir='ltr'><strong>Signant</strong></span> <span class='ocrx_word' id='word_1_356' title='bbox 2571 3751 2786 3805; x_wconf 87' lang='lat' dir='ltr'><strong>latentis</strong></span> <span class='ocrx_word' id='word_1_357' title='bbox 2823 3749 3070 3821; x_wconf 87' lang='lat' dir='ltr'><strong>gloriam.</strong></span> 
     </span>
    </p>
   </div>
   <div class='ocr_carea' id='block_1_39' title="bbox 418 3839 3002 3913">
    <p class='ocr_par' dir='ltr' id='par_1_39' title="bbox 418 3839 3002 3913">
     <span class='ocr_line' id='line_1_39' title="bbox 418 3839 3002 3913; baseline -0.002 -13"><span class='ocrx_word' id='word_1_358' title='bbox 418 3845 586 3900; x_wconf 83' lang='lat' dir='ltr'><strong>Cedat</strong></span> <span class='ocrx_word' id='word_1_359' title='bbox 611 3857 763 3899; x_wconf 88' lang='lat' dir='ltr'><strong>amor</strong></span> <span class='ocrx_word' id='word_1_360' title='bbox 788 3843 1183 3913; x_wconf 87' lang='lat' dir='ltr'><strong>lacrymantum</strong></span> <span class='ocrx_word' id='word_1_361' title='bbox 1209 3839 1507 3895; x_wconf 86' lang='lat' dir='ltr'><strong>hominum.</strong></span> <span class='ocrx_word' id='word_1_362' title='bbox 2236 3841 2439 3896; x_wconf 79' lang='lat' dir='ltr'><strong>Aurum</strong></span> <span class='ocrx_word' id='word_1_363' title='bbox 2475 3843 2710 3912; x_wconf 92' lang='lat' dir='ltr'><strong>potentis</strong></span> <span class='ocrx_word' id='word_1_364' title='bbox 2741 3843 3002 3911; x_wconf 86' lang='lat' dir='ltr'><strong>regmina,</strong></span> 
     </span>
    </p>
   </div>
   <div class='ocr_carea' id='block_1_40' title="bbox 486 3931 3148 4006">
    <p class='ocr_par' dir='ltr' id='par_1_40' title="bbox 486 3931 3148 4006">
     <span class='ocr_line' id='line_1_40' title="bbox 486 3931 3148 4006; baseline -0.001 -16"><span class='ocrx_word' id='word_1_365' title='bbox 486 3937 589 4004; x_wconf 90' lang='lat' dir='ltr'><strong>Qui</strong></span> <span class='ocrx_word' id='word_1_366' title='bbox 614 3934 889 3992; x_wconf 88' lang='lat' dir='ltr'><strong>celebrare</strong></span> <span class='ocrx_word' id='word_1_367' title='bbox 914 3947 1166 4006; x_wconf 88' lang='lat' dir='ltr'><strong>suprema</strong></span> <span class='ocrx_word' id='word_1_368' title='bbox 1192 3931 1386 3997; x_wconf 86' lang='lat' dir='ltr'><strong>solent,</strong></span> <span class='ocrx_word' id='word_1_369' title='bbox 2299 3932 2506 3989; x_wconf 84' lang='lat' dir='ltr'><strong>Numen</strong></span> <span class='ocrx_word' id='word_1_370' title='bbox 2536 3949 2752 3992; x_wconf 87' lang='lat' dir='ltr'><strong>sacrum</strong></span> <span class='ocrx_word' id='word_1_371' title='bbox 2779 3935 2903 3990; x_wconf 90' lang='lat' dir='ltr'><strong>thus</strong></span> <span class='ocrx_word' id='word_1_372' title='bbox 2926 3934 3148 3999; x_wconf 81' lang='lat' dir='ltr'><strong>indicat,</strong></span> 
     </span>
    </p>
   </div>
   <div class='ocr_carea' id='block_1_41' title="bbox 488 4022 3196 4098">
    <p class='ocr_par' dir='ltr' id='par_1_41' title="bbox 488 4022 3196 4098">
     <span class='ocr_line' id='line_1_41' title="bbox 488 4022 3196 4098; baseline 0.001 -20"><span class='ocrx_word' id='word_1_373' title='bbox 488 4024 688 4080; x_wconf 83' lang='lat' dir='ltr'><strong>Flebile</strong></span> <span class='ocrx_word' id='word_1_374' title='bbox 709 4024 868 4079; x_wconf 87' lang='lat' dir='ltr'><strong>cedat</strong></span> <span class='ocrx_word' id='word_1_375' title='bbox 887 4032 942 4079; x_wconf 91' lang='lat' dir='ltr'><strong>et</strong></span> <span class='ocrx_word' id='word_1_376' title='bbox 969 4022 1200 4079; x_wconf 85' lang='lat' dir='ltr'><strong>ollicium</strong></span> <span class='ocrx_word' id='word_1_377' title='bbox 1232 4041 1243 4075; x_wconf 91' lang='lat'>:</span> <span class='ocrx_word' id='word_1_378' title='bbox 2309 4025 2648 4096; x_wconf 90' lang='lat' dir='ltr'><strong>Carnemque</strong></span> <span class='ocrx_word' id='word_1_379' title='bbox 2667 4027 2886 4098; x_wconf 87' lang='lat' dir='ltr'><strong>myrrha</strong></span> <span class='ocrx_word' id='word_1_380' title='bbox 2912 4036 3196 4091; x_wconf 86' lang='lat' dir='ltr'><strong>mortuam,</strong></span> 
     </span>
    </p>
   </div>
   <div class='ocr_carea' id='block_1_42' title="bbox 489 4113 3102 4188">
    <p class='ocr_par' dir='ltr' id='par_1_42' title="bbox 489 4113 3102 4188">
     <span class='ocr_line' id='line_1_42' title="bbox 489 4113 3102 4188; baseline 0.001 -19"><span class='ocrx_word' id='word_1_381' title='bbox 489 4114 814 4186; x_wconf 85' lang='lat' dir='ltr'><strong>Martyribus</strong></span> <span class='ocrx_word' id='word_1_382' title='bbox 843 4113 966 4186; x_wconf 90' lang='lat' dir='ltr'><strong>quia</strong></span> <span class='ocrx_word' id='word_1_383' title='bbox 999 4127 1162 4184; x_wconf 82' lang='lat' dir='ltr'><strong>regna</strong></span> <span class='ocrx_word' id='word_1_384' title='bbox 1187 4121 1396 4182; x_wconf 84' lang='lat' dir='ltr'><strong>patent,</strong></span> <span class='ocrx_word' id='word_1_385' title='bbox 2307 4116 2488 4173; x_wconf 85' lang='lat' dir='ltr'><strong>Mundi</strong></span> <span class='ocrx_word' id='word_1_386' title='bbox 2515 4119 2748 4188; x_wconf 90' lang='lat' dir='ltr'><strong>piantem</strong></span> <span class='ocrx_word' id='word_1_387' title='bbox 2775 4119 3102 4174; x_wconf 86' lang='lat' dir='ltr'><strong>machinam.</strong></span> 
     </span>
    </p>
   </div>
   <div class='ocr_carea' id='block_1_43' title="bbox 487 4205 2957 4276">
    <p class='ocr_par' dir='ltr' id='par_1_43' title="bbox 487 4205 2957 4276">
     <span class='ocr_line' id='line_1_43' title="bbox 487 4205 2957 4276; baseline 0.002 -16"><span class='ocrx_word' id='word_1_388' title='bbox 487 4205 692 4261; x_wconf 84' lang='lat' dir='ltr'><strong>Gaudia</strong></span> <span class='ocrx_word' id='word_1_389' title='bbox 723 4213 1087 4276; x_wconf 88' lang='lat' dir='ltr'><strong>perpetuoque</strong></span> <span class='ocrx_word' id='word_1_390' title='bbox 1111 4213 1352 4259; x_wconf 88' lang='lat' dir='ltr'><strong>manent.</strong></span> <span class='ocrx_word' id='word_1_391' title='bbox 2240 4209 2502 4274; x_wconf 78' lang='lat' dir='ltr'><strong>Herodes,</strong></span> <span class='ocrx_word' id='word_1_392' title='bbox 2530 4209 2701 4275; x_wconf 83' lang='lat' dir='ltr'><strong>hostis</strong></span> <span class='ocrx_word' id='word_1_393' title='bbox 2727 4210 2957 4274; x_wconf 81' lang='lat' dir='ltr'><strong>invidus,</strong></span> 
     </span>
    </p>
   </div>
   <div class='ocr_carea' id='block_1_44' title="bbox 417 4295 3030 4373">
    <p class='ocr_par' dir='ltr' id='par_1_44' title="bbox 417 4295 3030 4373">
     <span class='ocr_line' id='line_1_44' title="bbox 417 4295 3030 4373; baseline 0.003 -23"><span class='ocrx_word' id='word_1_394' title='bbox 417 4297 462 4356; x_wconf 84' lang='lat'>0</span> <span class='ocrx_word' id='word_1_395' title='bbox 487 4296 616 4351; x_wconf 89' lang='lat' dir='ltr'><strong>sccii</strong></span> <span class='ocrx_word' id='word_1_396' title='bbox 643 4296 758 4352; x_wconf 91' lang='lat' dir='ltr'><strong>sine</strong></span> <span class='ocrx_word' id='word_1_397' title='bbox 786 4297 892 4352; x_wconf 89' lang='lat' dir='ltr'><strong>line</strong></span> <span class='ocrx_word' id='word_1_398' title='bbox 920 4295 1086 4350; x_wconf 89' lang='lat' dir='ltr'><strong>Deum</strong></span> <span class='ocrx_word' id='word_1_399' title='bbox 2305 4301 2520 4372; x_wconf 89' lang='lat' dir='ltr'><strong>Ignorat</strong></span> <span class='ocrx_word' id='word_1_400' title='bbox 2541 4301 2654 4358; x_wconf 62' lang='lat' dir='ltr'><strong>hate</strong></span> <span class='ocrx_word' id='word_1_401' title='bbox 2678 4302 3030 4373; x_wconf 84' lang='lat' dir='ltr'><strong>trucissimus,</strong></span> 
     </span>
    </p>
   </div>
   <div class='ocr_carea' id='block_1_45' title="bbox 484 4388 3136 4465">
    <p class='ocr_par' dir='ltr' id='par_1_45' title="bbox 484 4388 3136 4465">
     <span class='ocr_line' id='line_1_45' title="bbox 484 4388 3136 4465; baseline 0.002 -21"><span class='ocrx_word' id='word_1_402' title='bbox 484 4388 733 4444; x_wconf 87' lang='lat' dir='ltr'><strong>Carmine</strong></span> <span class='ocrx_word' id='word_1_403' title='bbox 749 4388 861 4458; x_wconf 89' lang='lat' dir='ltr'><strong>jam</strong></span> <span class='ocrx_word' id='word_1_404' title='bbox 887 4401 1221 4452; x_wconf 85' lang='lat' dir='ltr'><strong>resonemus,</strong></span> <span class='ocrx_word' id='word_1_405' title='bbox 1250 4402 1372 4447; x_wconf 82' lang='lat' dir='ltr'><strong>eum</strong></span> <span class='ocrx_word' id='word_1_406' title='bbox 2301 4391 2550 4448; x_wconf 89' lang='lat' dir='ltr'><strong>Christus</strong></span> <span class='ocrx_word' id='word_1_407' title='bbox 2587 4392 2745 4450; x_wconf 91' lang='lat' dir='ltr'><strong>saluti</strong></span> <span class='ocrx_word' id='word_1_408' title='bbox 2776 4395 3035 4465; x_wconf 86' lang='lat' dir='ltr'><strong>gentium,</strong></span> <span class='ocrx_word' id='word_1_409' title='bbox 3133 4409 3136 4412; x_wconf 73' lang='lat'><strong><em>&#39;</em></strong></span> 
     </span>
    </p>
   </div>
   <div class='ocr_carea' id='block_1_46' title="bbox 490 4480 3119 4556">
    <p class='ocr_par' dir='ltr' id='par_1_46' title="bbox 490 4480 3119 4556">
     <span class='ocr_line' id='line_1_46' title="bbox 490 4480 3119 4556; baseline 0.002 -22"><span class='ocrx_word' id='word_1_410' title='bbox 490 4481 591 4549; x_wconf 91' lang='lat' dir='ltr'><strong>Qui</strong></span> <span class='ocrx_word' id='word_1_411' title='bbox 614 4496 708 4538; x_wconf 86' lang='lat' dir='ltr'><strong>sua</strong></span> <span class='ocrx_word' id='word_1_412' title='bbox 729 4495 950 4536; x_wconf 91' lang='lat' dir='ltr'><strong>munera</strong></span> <span class='ocrx_word' id='word_1_413' title='bbox 976 4481 1078 4536; x_wconf 89' lang='lat' dir='ltr'><strong>rite</strong></span> <span class='ocrx_word' id='word_1_414' title='bbox 1103 4480 1248 4536; x_wconf 91' lang='lat' dir='ltr'><strong>dedit</strong></span> <span class='ocrx_word' id='word_1_415' title='bbox 1272 4499 1286 4546; x_wconf 89' lang='lat'><strong>;</strong></span> <span class='ocrx_word' id='word_1_416' title='bbox 2300 4483 2427 4552; x_wconf 65' lang='lat' dir='ltr'><strong>Quae</strong></span> <span class='ocrx_word' id='word_1_417' title='bbox 2455 4485 2534 4540; x_wconf 92' lang='lat' dir='ltr'><strong>sic</strong></span> <span class='ocrx_word' id='word_1_418' title='bbox 2558 4484 2827 4540; x_wconf 88' lang='lat' dir='ltr'><strong>ministrat</strong></span> <span class='ocrx_word' id='word_1_419' title='bbox 2843 4485 3119 4556; x_wconf 81' lang='lat' dir='ltr'><strong>providus.</strong></span> 
     </span>
    </p>
   </div>
   <div class='ocr_carea' id='block_1_47' title="bbox 487 4571 2926 4646">
    <p class='ocr_par' dir='ltr' id='par_1_47' title="bbox 487 4571 2926 4646">
     <span class='ocr_line' id='line_1_47' title="bbox 487 4571 2926 4646; baseline 0.002 -19"><span class='ocrx_word' id='word_1_420' title='bbox 487 4573 677 4629; x_wconf 88' lang='lat' dir='ltr'><strong>Nostra</strong></span> <span class='ocrx_word' id='word_1_421' title='bbox 699 4571 929 4629; x_wconf 89' lang='lat' dir='ltr'><strong>libenter</strong></span> <span class='ocrx_word' id='word_1_422' title='bbox 948 4580 1004 4627; x_wconf 90' lang='lat' dir='ltr'><strong>et</strong></span> <span class='ocrx_word' id='word_1_423' title='bbox 1029 4571 1143 4642; x_wconf 88' lang='lat' dir='ltr'><strong>ipse</strong></span> <span class='ocrx_word' id='word_1_424' title='bbox 1165 4573 1310 4628; x_wconf 90' lang='lat' dir='ltr'><strong>canit</strong></span> <span class='ocrx_word' id='word_1_425' title='bbox 1347 4591 1358 4625; x_wconf 94' lang='lat'><strong>:</strong></span> <span class='ocrx_word' id='word_1_426' title='bbox 1874 4625 1924 4646; x_wconf 47' lang='grc' dir='ltr'>ἢ</span> <span class='ocrx_word' id='word_1_427' title='bbox 2237 4573 2359 4630; x_wconf 82' lang='lat' dir='ltr'><strong>Jesu</strong></span> <span class='ocrx_word' id='word_1_428' title='bbox 2384 4589 2670 4644; x_wconf 86' lang='lat' dir='ltr'><strong>precamur</strong></span> <span class='ocrx_word' id='word_1_429' title='bbox 2692 4575 2893 4646; x_wconf 91' lang='lat' dir='ltr'><strong>optime</strong></span> <span class='ocrx_word' id='word_1_430' title='bbox 2910 4617 2926 4642; x_wconf 91' lang='lat'><strong>,</strong></span> 
     </span>
    </p>
   </div>
   <div class='ocr_carea' id='block_1_48' title="bbox 485 4625 3006 4739">
    <p class='ocr_par' dir='ltr' id='par_1_48' title="bbox 485 4625 3006 4739">
     <span class='ocr_line' id='line_1_48' title="bbox 485 4625 3006 4739; baseline 0.001 -20"><span class='ocrx_word' id='word_1_431' title='bbox 485 4625 1070 4736; x_wconf 26' lang='lat' dir='ltr'><strong>Christus—wetﬁoptimus</strong></span> <span class='ocrx_word' id='word_1_432' title='bbox 1093 4625 1345 4720; x_wconf 77' lang='lat' dir='ltr'><strong>hic</strong></span> <span class='ocrx_word' id='word_1_433' title='bbox 1369 4673 1474 4720; x_wconf 89' lang='lat' dir='ltr'><strong>est.</strong></span> <span class='ocrx_word' id='word_1_434' title='bbox 1874 4625 1926 4685; x_wconf 74' lang='lat' dir='ltr'><strong>D</strong></span> <span class='ocrx_word' id='word_1_435' title='bbox 1956 4673 1958 4676; x_wconf 76' lang='lat'><strong><em>&#39;</em></strong></span> <span class='ocrx_word' id='word_1_436' title='bbox 2240 4625 2256 4629; x_wconf 29' lang='grc' dir='ltr'>ν</span> 
     </span>
    </p>
   </div>
   <div class='ocr_carea' id='block_1_49' title="bbox 578 4753 3114 4856">
    <p class='ocr_par' dir='ltr' id='par_1_49' title="bbox 578 4753 3114 4856">
     <span class='ocr_line' id='line_1_49' title="bbox 578 4753 3114 4856; baseline -0.008 -6"><span class='ocrx_word' id='word_1_437' title='bbox 578 4792 668 4850; x_wconf 88' lang='lat' dir='ltr'><strong>lV.</strong></span> <span class='ocrx_word' id='word_1_438' title='bbox 693 4824 756 4835; x_wconf 87' lang='lat'><strong>—-</strong></span> <span class='ocrx_word' id='word_1_439' title='bbox 787 4806 814 4836; x_wconf 70' lang='grc' dir='ltr'>ι</span> <span class='ocrx_word' id='word_1_440' title='bbox 845 4807 1052 4856; x_wconf 61' lang='lat' dir='ltr'><strong>ursinus</strong></span> <span class='ocrx_word' id='word_1_441' title='bbox 1088 4809 1154 4849; x_wconf 78' lang='lat' dir='ltr'><strong>DE</strong></span> <span class='ocrx_word' id='word_1_442' title='bbox 1192 4810 1491 4850; x_wconf 67' lang='lat' dir='ltr'><strong>EPIPHANIA.</strong></span> <span class='ocrx_word' id='word_1_443' title='bbox 2310 4753 2549 4856; x_wconf 50' lang='grc' dir='ltr'><strong>ῨτοἮΡίί</strong></span> <span class='ocrx_word' id='word_1_444' title='bbox 2578 4755 2815 4812; x_wconf 54' lang='lat' dir='ltr'><strong>rerum“</strong></span> <span class='ocrx_word' id='word_1_445' title='bbox 2838 4758 2981 4827; x_wconf 73' lang='lat' dir='ltr'><strong>quod</strong></span> <span class='ocrx_word' id='word_1_446' title='bbox 3010 4757 3114 4814; x_wconf 57' lang='lat' dir='ltr'><strong>ubi</strong></span> 
     </span>
    </p>
   </div>
   <div class='ocr_carea' id='block_1_50' title="bbox 1383 4848 3014 4912">
    <p class='ocr_par' dir='ltr' id='par_1_50' title="bbox 1383 4848 3014 4912">
     <span class='ocr_line' id='line_1_50' title="bbox 1383 4848 3014 4912; baseline 0.001 -11"><span class='ocrx_word' id='word_1_447' title='bbox 1383 4848 1394 4912; x_wconf 73' lang='grc' dir='ltr'><em>ξ</em></span> <span class='ocrx_word' id='word_1_448' title='bbox 2308 4848 2507 4903; x_wconf 86' lang='lat' dir='ltr'><strong>Laudis</strong></span> <span class='ocrx_word' id='word_1_449' title='bbox 2530 4856 2742 4904; x_wconf 85' lang='lat' dir='ltr'><strong>sacrata</strong></span> <span class='ocrx_word' id='word_1_450' title='bbox 2769 4863 3014 4906; x_wconf 84' lang='lat' dir='ltr'><strong>munera.</strong></span> 
     </span>
    </p>
   </div>
   <div class='ocr_carea' id='block_1_51' title="bbox 343 4928 1385 5001">
    <p class='ocr_par' dir='ltr' id='par_1_51' title="bbox 343 4928 1385 5001">
     <span class='ocr_line' id='line_1_51' title="bbox 343 4928 1385 5001; baseline -0.002 -15"><span class='ocrx_word' id='word_1_451' title='bbox 343 4932 422 4993; x_wconf 75' lang='lat' dir='ltr'><strong>En</strong></span> <span class='ocrx_word' id='word_1_452' title='bbox 449 4928 570 4987; x_wconf 64' lang='lat' dir='ltr'><strong>eali</strong></span> <span class='ocrx_word' id='word_1_453' title='bbox 592 4929 818 4986; x_wconf 87' lang='lat' dir='ltr'><strong>rutilant</strong></span> <span class='ocrx_word' id='word_1_454' title='bbox 845 4928 1046 4984; x_wconf 89' lang='lat' dir='ltr'><strong>lumine</strong></span> <span class='ocrx_word' id='word_1_455' title='bbox 1075 4928 1352 5001; x_wconf 88' lang='lat' dir='ltr'><strong>splendida</strong></span> <span class='ocrx_word' id='word_1_456' title='bbox 1371 4969 1385 4994; x_wconf 93' lang='lat'><strong>,</strong></span> 
     </span>
    </p>
   </div>
   <div class='ocr_carea' id='block_1_52' title="bbox 419 5005 3018 5092">
    <p class='ocr_par' dir='ltr' id='par_1_52' title="bbox 419 5005 3018 5092">
     <span class='ocr_line' id='line_1_52' title="bbox 419 5005 3018 5092; baseline -0.005 -14"><span class='ocrx_word' id='word_1_457' title='bbox 419 5024 708 5083; x_wconf 88' lang='lat' dir='ltr'><strong>Testantur</strong></span> <span class='ocrx_word' id='word_1_458' title='bbox 737 5021 1022 5078; x_wconf 88' lang='lat' dir='ltr'><strong>Dominum</strong></span> <span class='ocrx_word' id='word_1_459' title='bbox 1051 5036 1274 5078; x_wconf 90' lang='lat' dir='ltr'><strong>nascere</strong></span> <span class='ocrx_word' id='word_1_460' title='bbox 1299 5021 1600 5092; x_wconf 84' lang='lat' dir='ltr'><strong>parvulum.</strong></span> <span class='ocrx_word' id='word_1_461' title='bbox 2461 5005 2549 5061; x_wconf 73' lang='lat' dir='ltr'><strong>Vl.</strong></span> <span class='ocrx_word' id='word_1_462' title='bbox 2571 5035 2637 5045; x_wconf 90' lang='lat'>-</span> <span class='ocrx_word' id='word_1_463' title='bbox 2663 5021 2794 5060; x_wconf 79' lang='lat' dir='ltr'><strong>rrsu</strong></span> <span class='ocrx_word' id='word_1_464' title='bbox 2843 5019 3018 5064; x_wconf 62' lang='lat' dir='ltr'><strong>suos.</strong></span> 
     </span>
    </p>
   </div>
   <div class='ocr_carea' id='block_1_53' title="bbox 415 5108 3108 5192">
    <p class='ocr_par' dir='ltr' id='par_1_53' title="bbox 415 5108 3108 5192">
     <span class='ocr_line' id='line_1_53' title="bbox 415 5108 3108 5192; baseline 0 -25"><span class='ocrx_word' id='word_1_465' title='bbox 415 5113 516 5179; x_wconf 88' lang='lat' dir='ltr'><strong>Qui</strong></span> <span class='ocrx_word' id='word_1_466' title='bbox 542 5110 741 5168; x_wconf 89' lang='lat' dir='ltr'><strong>format</strong></span> <span class='ocrx_word' id='word_1_467' title='bbox 769 5110 994 5166; x_wconf 86' lang='lat' dir='ltr'><strong>minima</strong></span> <span class='ocrx_word' id='word_1_468' title='bbox 1024 5119 1080 5166; x_wconf 91' lang='lat' dir='ltr'><strong>et</strong></span> <span class='ocrx_word' id='word_1_469' title='bbox 1103 5118 1251 5166; x_wconf 88' lang='lat' dir='ltr'><strong>creat</strong></span> <span class='ocrx_word' id='word_1_470' title='bbox 1275 5108 1465 5176; x_wconf 89' lang='lat' dir='ltr'><strong>ardua,</strong></span> <span class='ocrx_word' id='word_1_471' title='bbox 2236 5121 2482 5177; x_wconf 54' lang='lat' dir='ltr'><strong>Christus</strong></span> <span class='ocrx_word' id='word_1_472' title='bbox 2517 5119 2845 5192; x_wconf 60' lang='lat' dir='ltr'><strong>Redemptor</strong></span> <span class='ocrx_word' id='word_1_473' title='bbox 2872 5120 3108 5191; x_wconf 78' lang='lat' dir='ltr'><strong>plebium</strong></span> 
     </span>
    </p>
   </div>
   <div class='ocr_carea' id='block_1_54' title="bbox 416 5201 3128 5282">
    <p class='ocr_par' dir='ltr' id='par_1_54' title="bbox 416 5201 3128 5282">
     <span class='ocr_line' id='line_1_54' title="bbox 416 5201 3128 5282; baseline -0.001 -22"><span class='ocrx_word' id='word_1_474' title='bbox 416 5204 587 5276; x_wconf 79' lang='lat' dir='ltr'><strong>Regni</strong></span> <span class='ocrx_word' id='word_1_475' title='bbox 611 5213 825 5275; x_wconf 81' lang='lat' dir='ltr'><strong>sceptra</strong></span> <span class='ocrx_word' id='word_1_476' title='bbox 851 5211 1060 5270; x_wconf 78' lang='lat' dir='ltr'><strong>tenens,</strong></span> <span class='ocrx_word' id='word_1_477' title='bbox 1080 5210 1164 5259; x_wconf 89' lang='lat' dir='ltr'><strong>est</strong></span> <span class='ocrx_word' id='word_1_478' title='bbox 1188 5201 1330 5258; x_wconf 91' lang='lat' dir='ltr'><strong>Deus</strong></span> <span class='ocrx_word' id='word_1_479' title='bbox 1353 5211 1514 5271; x_wconf 89' lang='lat' dir='ltr'><strong>atque</strong></span> <span class='ocrx_word' id='word_1_480' title='bbox 1534 5202 1713 5257; x_wconf 87' lang='lat' dir='ltr'><strong>homo.</strong></span> <span class='ocrx_word' id='word_1_481' title='bbox 2311 5211 2581 5282; x_wconf 60' lang='lat' dir='ltr'><strong>napgisma</strong></span> <span class='ocrx_word' id='word_1_482' title='bbox 2609 5219 2892 5267; x_wconf 59' lang='lat' dir='ltr'><strong>consecrat</strong></span> <span class='ocrx_word' id='word_1_483' title='bbox 2911 5225 3128 5280; x_wconf 56' lang='lat' dir='ltr'><strong>nmium,</strong></span> 
     </span>
    </p>
   </div>
   <div class='ocr_carea' id='block_1_55' title="bbox 345 5294 3026 5367">
    <p class='ocr_par' dir='ltr' id='par_1_55' title="bbox 345 5294 3026 5367">
     <span class='ocr_line' id='line_1_55' title="bbox 345 5294 3026 5367; baseline 0.001 -13"><span class='ocrx_word' id='word_1_484' title='bbox 345 5297 506 5354; x_wconf 76' lang='lat' dir='ltr'><strong>Duxit</strong></span> <span class='ocrx_word' id='word_1_485' title='bbox 530 5295 685 5351; x_wconf 88' lang='lat' dir='ltr'><strong>stella</strong></span> <span class='ocrx_word' id='word_1_486' title='bbox 713 5294 897 5366; x_wconf 84' lang='lat' dir='ltr'><strong>Magos</strong></span> <span class='ocrx_word' id='word_1_487' title='bbox 925 5294 1151 5366; x_wconf 89' lang='lat' dir='ltr'><strong>mystica</strong></span> <span class='ocrx_word' id='word_1_488' title='bbox 1176 5307 1417 5364; x_wconf 68' lang='lat' dir='ltr'><strong>quaerere</strong></span> <span class='ocrx_word' id='word_1_489' title='bbox 1446 5335 1459 5359; x_wconf 89' lang='lat'><strong>,</strong></span> <span class='ocrx_word' id='word_1_490' title='bbox 2307 5302 2494 5360; x_wconf 88' lang='lat' dir='ltr'><strong>Venite</strong></span> <span class='ocrx_word' id='word_1_491' title='bbox 2516 5302 2696 5358; x_wconf 91' lang='lat' dir='ltr'><strong>cuncti</strong></span> <span class='ocrx_word' id='word_1_492' title='bbox 2721 5303 3026 5367; x_wconf 86' lang='lat' dir='ltr'><strong>criminum,</strong></span> 
     </span>
    </p>
   </div>
   <div class='ocr_carea' id='block_1_56' title="bbox 419 5387 3024 5462">
    <p class='ocr_par' dir='ltr' id='par_1_56' title="bbox 419 5387 3024 5462">
     <span class='ocr_line' id='line_1_56' title="bbox 419 5387 3024 5462; baseline -0.003 -15"><span class='ocrx_word' id='word_1_493' title='bbox 419 5391 582 5462; x_wconf 77' lang='lat' dir='ltr'><strong>Regis</strong></span> <span class='ocrx_word' id='word_1_494' title='bbox 606 5389 819 5461; x_wconf 82' lang='lat' dir='ltr'><strong>pacifici</strong></span> <span class='ocrx_word' id='word_1_495' title='bbox 841 5388 946 5444; x_wconf 88' lang='lat' dir='ltr'><strong>rite</strong></span> <span class='ocrx_word' id='word_1_496' title='bbox 964 5387 1249 5443; x_wconf 88' lang='lat' dir='ltr'><strong>cunabula.</strong></span> <span class='ocrx_word' id='word_1_497' title='bbox 2313 5393 2518 5450; x_wconf 71' lang='lat' dir='ltr'><strong>Lavare</strong></span> <span class='ocrx_word' id='word_1_498' title='bbox 2550 5393 2738 5450; x_wconf 75' lang='lat' dir='ltr'><strong>sordes</strong></span> <span class='ocrx_word' id='word_1_499' title='bbox 2765 5394 3024 5448; x_wconf 81' lang='lat' dir='ltr'><strong>omnium.</strong></span> 
     </span>
    </p>
   </div>
   <div class='ocr_carea' id='block_1_57' title="bbox 1285 5522 2506 5588">
    <p class='ocr_par' dir='ltr' id='par_1_57' title="bbox 1285 5522 2506 5588">
     <span class='ocr_line' id='line_1_57' title="bbox 1285 5522 2506 5588; baseline 0.007 -10"><span class='ocrx_word' id='word_1_500' title='bbox 1285 5522 1574 5578; x_wconf 80' lang='lat' dir='ltr'><strong>SCHOLIA</strong></span> <span class='ocrx_word' id='word_1_501' title='bbox 1613 5523 2120 5587; x_wconf 77' lang='lat' dir='ltr'><strong>CHIUSTOPHORI</strong></span> <span class='ocrx_word' id='word_1_502' title='bbox 2157 5529 2506 5588; x_wconf 77' lang='lat' dir='ltr'><strong>BROWERI.</strong></span> 
     </span>
    </p>
   </div>
   <div class='ocr_carea' id='block_1_58' title="bbox 347 5636 3529 5716">
    <p class='ocr_par' dir='ltr' id='par_1_58' title="bbox 347 5636 3529 5716">
     <span class='ocr_line' id='line_1_58' title="bbox 347 5636 3529 5716; baseline -0.003 -17"><span class='ocrx_word' id='word_1_503' title='bbox 347 5658 372 5686; x_wconf 78' lang='grc' dir='ltr'>ι</span> <span class='ocrx_word' id='word_1_504' title='bbox 409 5643 588 5710; x_wconf 77' lang='lat' dir='ltr'><strong>T-hus,</strong></span> <span class='ocrx_word' id='word_1_505' title='bbox 619 5649 1144 5716; x_wconf 80' lang='lat' dir='ltr'><strong>myrrham,_aurum</strong></span> <span class='ocrx_word' id='word_1_506' title='bbox 1177 5638 1244 5693; x_wconf 87' lang='lat' dir='ltr'><strong>ab</strong></span> <span class='ocrx_word' id='word_1_507' title='bbox 1279 5636 1468 5710; x_wconf 87' lang='lat' dir='ltr'><strong>Ophir.</strong></span> <span class='ocrx_word' id='word_1_508' title='bbox 1507 5637 1619 5694; x_wconf 82' lang='lat' dir='ltr'><strong>Hoc</strong></span> <span class='ocrx_word' id='word_1_509' title='bbox 1647 5645 1848 5716; x_wconf 67' lang='lat' dir='ltr'><strong>postre-</strong></span> <span class='ocrx_word' id='word_1_510' title='bbox 1957 5641 2254 5716; x_wconf 56' lang='lat' dir='ltr'><strong>Scriptura;</strong></span> <span class='ocrx_word' id='word_1_511' title='bbox 2279 5643 2619 5716; x_wconf 73' lang='lat' dir='ltr'><strong>interpretes.</strong></span> <span class='ocrx_word' id='word_1_512' title='bbox 2653 5644 2751 5716; x_wconf 81' lang='lat' dir='ltr'><strong>Adi</strong></span> <span class='ocrx_word' id='word_1_513' title='bbox 2793 5645 2852 5697; x_wconf 80' lang='grc' dir='ltr'><strong>Β.</strong></span> <span class='ocrx_word' id='word_1_514' title='bbox 2885 5639 3242 5716; x_wconf 63' lang='lat' dir='ltr'><strong>Ariarmotani</strong></span> <span class='ocrx_word' id='word_1_515' title='bbox 3263 5639 3529 5716; x_wconf 61' lang='lat' dir='ltr'><strong>praefatin</strong></span> 
     </span>
    </p>
   </div>
   <div class='ocr_carea' id='block_1_59' title="bbox 275 5709 3528 5786">
    <p class='ocr_par' dir='ltr' id='par_1_59' title="bbox 275 5709 3528 5786">
     <span class='ocr_line' id='line_1_59' title="bbox 275 5709 3528 5786; baseline -0.004 -14"><span class='ocrx_word' id='word_1_516' title='bbox 275 5730 422 5772; x_wconf 77' lang='lat' dir='ltr'><strong>mum</strong></span> <span class='ocrx_word' id='word_1_517' title='bbox 458 5717 525 5772; x_wconf 85' lang='lat' dir='ltr'><strong>ad</strong></span> <span class='ocrx_word' id='word_1_518' title='bbox 565 5709 1157 5786; x_wconf 32' lang='lat' dir='ltr'><strong>SalomonisAclassgm,</strong></span> <span class='ocrx_word' id='word_1_519' title='bbox 1199 5709 1331 5781; x_wconf 58' lang='lat' dir='ltr'><strong>quae</strong></span> <span class='ocrx_word' id='word_1_520' title='bbox 1359 5723 1548 5786; x_wconf 78' lang='lat' dir='ltr'><strong>aurum</strong></span> <span class='ocrx_word' id='word_1_521' title='bbox 1584 5709 1846 5786; x_wconf 76' lang='lat' dir='ltr'><strong>ex__0phir</strong></span> <span class='ocrx_word' id='word_1_522' title='bbox 1953 5709 2161 5786; x_wconf 63' lang='lat' dir='ltr'><strong>p_em&#39;in</strong></span> <span class='ocrx_word' id='word_1_523' title='bbox 2199 5709 2664 5786; x_wconf 66' lang='lat' dir='ltr'><strong>Phaleg,&#39;Joseph,</strong></span> <span class='ocrx_word' id='word_1_524' title='bbox 2707 5715 2890 5786; x_wconf 72' lang='grc' dir='ltr'><strong>Αςοςι,</strong></span> <span class='ocrx_word' id='word_1_525' title='bbox 2922 5712 3013 5766; x_wconf 77' lang='lat' dir='ltr'><strong>lib.</strong></span> <span class='ocrx_word' id='word_1_526' title='bbox 3059 5728 3098 5778; x_wconf 83' lang='grc' dir='ltr'><strong>ι,</strong></span> <span class='ocrx_word' id='word_1_527' title='bbox 3134 5726 3182 5766; x_wconf 82' lang='lat' dir='ltr'><strong>c.</strong></span> <span class='ocrx_word' id='word_1_528' title='bbox 3215 5713 3268 5776; x_wconf 70' lang='grc' dir='ltr'><strong>δ,</strong></span> <span class='ocrx_word' id='word_1_529' title='bbox 3307 5721 3390 5764; x_wconf 69' lang='grc' dir='ltr'><strong>εις</strong></span> <span class='ocrx_word' id='word_1_530' title='bbox 3469 5711 3528 5770; x_wconf 61' lang='grc' dir='ltr'><strong>ιβ</strong></span> 
     </span>
    </p>
   </div>
   <div class='ocr_carea' id='block_1_60' title="bbox 275 5777 2979 5858">
    <p class='ocr_par' dir='ltr' id='par_1_60' title="bbox 275 5777 2979 5858">
     <span class='ocr_line' id='line_1_60' title="bbox 275 5777 2979 5858; baseline -0.004 -16"><span class='ocrx_word' id='word_1_531' title='bbox 275 5788 602 5858; x_wconf 83' lang='lat' dir='ltr'><strong>apportavit,</strong></span> <span class='ocrx_word' id='word_1_532' title='bbox 633 5785 844 5858; x_wconf 78' lang='lat' dir='ltr'><strong>aliaque</strong></span> <span class='ocrx_word' id='word_1_533' title='bbox 882 5782 1001 5858; x_wconf 73' lang='lat' dir='ltr'><strong>loca</strong></span> <span class='ocrx_word' id='word_1_534' title='bbox 1041 5777 1334 5858; x_wconf 63' lang='lat' dir='ltr'><strong>Scriptura:</strong></span> <span class='ocrx_word' id='word_1_535' title='bbox 1374 5780 1585 5858; x_wconf 64' lang='lat' dir='ltr'><strong>veteris</strong></span> <span class='ocrx_word' id='word_1_536' title='bbox 1611 5777 1847 5858; x_wconf 71' lang='lat' dir='ltr'><strong>alludere</strong></span> <span class='ocrx_word' id='word_1_537' title='bbox 1953 5783 2102 5841; x_wconf 78' lang='lat' dir='ltr'><strong>Novo</strong></span> <span class='ocrx_word' id='word_1_538' title='bbox 2130 5786 2280 5852; x_wconf 73' lang='lat' dir='ltr'><strong>orbe,</strong></span> <span class='ocrx_word' id='word_1_539' title='bbox 2305 5777 2642 5841; x_wconf 62' lang='lat' dir='ltr'><strong>Bd&#39;chium&#39;in</strong></span> <span class='ocrx_word' id='word_1_540' title='bbox 2667 5784 2800 5856; x_wconf 73' lang='lat' dir='ltr'><strong>psal.</strong></span> <span class='ocrx_word' id='word_1_541' title='bbox 2833 5798 2979 5838; x_wconf 72' lang='lat' dir='ltr'><strong>uix.</strong></span> 
     </span>
    </p>
   </div>
   <div class='ocr_carea' id='block_1_61' title="bbox 275 5848 1849 5926">
    <p class='ocr_par' dir='ltr' id='par_1_61' title="bbox 275 5848 1849 5926">
     <span class='ocr_line' id='line_1_61' title="bbox 275 5848 1849 5926; baseline -0.007 -12"><span class='ocrx_word' id='word_1_542' title='bbox 275 5848 505 5914; x_wconf 68' lang='lat' dir='ltr'><strong>videtur.</strong></span> <span class='ocrx_word' id='word_1_543' title='bbox 532 5848 603 5912; x_wconf 77' lang='lat' dir='ltr'><strong>Dc</strong></span> <span class='ocrx_word' id='word_1_544' title='bbox 625 5855 730 5908; x_wconf 75' lang='lat' dir='ltr'><strong>situ</strong></span> <span class='ocrx_word' id='word_1_545' title='bbox 753 5848 807 5909; x_wconf 65' lang='lat' dir='ltr'><strong>6t</strong></span> <span class='ocrx_word' id='word_1_546' title='bbox 834 5852 1105 5907; x_wconf 79' lang='lat' dir='ltr'><strong>netatione</strong></span> <span class='ocrx_word' id='word_1_547' title='bbox 1125 5848 1292 5926; x_wconf 78' lang='lat' dir='ltr'><strong>Ophir</strong></span> <span class='ocrx_word' id='word_1_548' title='bbox 1323 5849 1547 5906; x_wconf 88' lang='lat' dir='ltr'><strong>multum</strong></span> <span class='ocrx_word' id='word_1_549' title='bbox 1573 5848 1849 5921; x_wconf 69' lang='lat' dir='ltr'><strong>inquiiunt</strong></span> 
     </span>
    </p>
   </div>
  </div>
