3944 6320
543 347 680 410 ηδε

527 441 555 470 ’ί
816 441 1084 518 .ordaiii;
1093 475 1303 514 amnem
1329 459 1576 520 dedicat,
1609 447 1619 457 ’

892 538 1143 607 Salvator
1175 551 1348 605 undas
1374 545 1614 631 expiatis.

886 642 1090 700 Fontes
1115 643 1293 714 abyssi
1320 641 1562 705 ﬁumina,

892 734 1187 791 Consecrat
1210 734 1356 788 orbis
1378 730 1590 786 artifex.

821 823 1004 880 Fletus
1025 838 1238 878 amaros
1261 822 1486 884 fundite,

893 914 1086 969 Mentis
1111 919 1317 968 secreta
1341 910 1578 983 pandite.

899 1006 1066 1062 Salsa:
1092 1021 1188 1076 per
1213 1021 1308 1059 ora
1346 992 1616 1074 lacrymae,

897 1097 1116 1152 Dulcem
1153 1083 1377 1150 salutem
1415 1099 1739 1164 prtrparent.

822 1187 934 1244 Fex
966 1187 1110 1241 nulla
1145 1202 1246 1241 nos
1283 1184 1610 1254 coinquinet,

894 1269 1079 1332 Mortis
1117 1284 1340 1330 vetusta:
1377 1274 1573 1344 portio.

896 1366 1003 1422 Sed
1030 1365 1165 1421 lacis
1191 1366 1330 1419 alma
1358 1363 1586 1427 mansio,

895 1459 1073 1514 Vitam
1097 1472 1390 1529 perennem
1417 1455 1680 1510 conferat.

706 1575 813 1631 Vll.
834 1605 906 1616 —
925 1590 1134 1652 erasus
1163 1588 1419 1629 DICENDUS
1443 1587 1497 1626 IN
1529 1585 1723 1626 pascua
1752 1585 1957 1626 boum.

687 1692 980 1768 Cantemus
1006 1691 1232 1764 Doruingo
1259 1691 1476 1758 Deoque
1504 1697 1710 1751 nostro,

755 1782 976 1838 Fratres
1006 1781 1308 1858 unanimes,
1341 1779 1536 1849 probas
1564 1785 1813 1832 vereuter

758 1877 966 1933 Laudes
997 1893 1063 1932 ex
1091 1875 1272 1930 animo
1304 1875 1392 1943 pio
1422 1879 1698 1933 canentes,

757 1969 907 2024 Nunc
937 1966 1214 2022 Paschalia
1245 1964 1378 2019 festa
1405 1978 1527 2019 eum
1557 1973 1823 2017 tenemus.

757 2059 1003 2117 Surrexit
1029 2059 1152 2129 quia
1182 2056 1430 2120 Christus
1455 2070 1486 2108 a
1512 2053 1782 2123 sepulcro,

753 2151 1058 2206 Collaetetur
1096 2149 1256 2202 homo
1301 2145 1467 2213 choro
1505 2141 1838 2213 angelorum.

693 2243 872 2315 Agnus
901 2255 1094 2310 nempe
1123 2254 1278 2310 sacer
1304 2247 1484 2307 patres
1507 2236 1572 2290 de
1599 2233 1854 2306 Egypto,

759 2331 898 2388 Olim
925 2331 1188 2386 eduxerat
1207 2329 1350 2395 edito
1376 2343 1588 2396 cruore.
1853 2317 1856 2322 ’

757 2425 824 2479 Et
845 2439 985 2478 nunc
1011 2421 1273 2492 sanguine
1299 2419 1545 2474 Christus
1567 2433 1596 2472 a
1625 2417 1864 2491 tenebris

763 2518 1121 2576 lnfernalibus
1147 2517 1260 2586 ipse
1280 2529 1379 2569 nos
1401 2511 1648 2568 redemit.

759 2611 1002 2668 Surrexit
1022 2609 1146 2680 quia
1166 2649 1180 2672 ,
1203 2617 1308 2662 etc.

688 2705 788 2774 Qui
829 2704 967 2759 sicut
1003 2701 1256 2773 papulum
1293 2698 1414 2754 tulit
1449 2699 1705 2770 priorem,

754 2794 857 2851 Per
892 2794 1136 2860 Rubrum
1175 2806 1325 2856 mare
1360 2790 1514 2846 hoste
1549 2789 1620 2845 ibi
1658 2790 1995 2858 interempto.

757 2889 849 2944 Sic
884 2888 1203 2958 baptismate
1239 2898 1443 2952 nosque
1483 2883 1748 2948 liberavit,

765 2979 1060 3036 Submerso
1098 2977 1288 3033 zabulo
1324 2975 1464 3030 unda
1501 2975 1788 3046 passionis.

767 3072 1037 3137 Surrexit,
1077 3080 1183 3126 etc.

689 3169 820 3223 Nam
853 3167 1035 3222 .ludaaa
1061 3165 1298 3222 fremens
1326 3180 1512 3220 necem
1543 3164 1777 3235 paravit,

765 3261 980 3316 Christo
1005 3259 1208 3314 inferre
1235 3258 1412 3313 erucis
1440 3256 1562 3314 dolo
1596 3256 1876 3326 magistro,

764 3352 938 3423 Quam
973 3353 1164 3412 sedare
1188 3350 1374 3419 nequit
1399 3349 1488 3418 pia
1520 3348 1750 3410 medela,
1873 3335 1882 3342 ’

760 3444 871 3499 Nec
891 3444 1042 3498 verbi
1071 3441 1308 3496 studium
1331 3439 1459 3494 boni
1483 3439 1741 3508 parentis.

759 3536 1025 3599 Surrexit,
1062 3544 1168 3589 etc.

693 3627 966 3681 Prendunt
995 3633 1112 3680 arte
1140 3640 1301 3690 nova,
1331 3624 1594 3697 prodente
1620 3623 1858 3687 alumno,

769 3719 1054 3774 Doctorem
1084 3717 1334 3772 manibus
1362 3717 1582 3771 trahunt
1611 3715 1827 3785 ligando
1853 3705 1866 3768 Ξ

763 3811 1002 3866 Tradunt
1024 3809 1265 3880 pontiﬁci
1292 3810 1416 3865 dein
1443 3819 1692 3880 tyranno,
1926 3877 1928 3879 _

761 3904 1031 3958 insontem
1054 3910 1115 3958 ut
1138 3901 1364 3966 cruciet,
1390 3902 1537 3972 pium
1559 3917 1622 3956 ac
1643 3899 1892 3969 ﬂagellet.

764 3997 1032 4062 Surrexit,
1061 4005 1167 4052 etc.

691 4089 982 4160 Postquam
1011 4087 1141 4142 dant
1169 4086 1372 4156 alapas,
1402 4095 1624 4140 vomunt
1647 4085 1872 4140 salivam

764 4181 820 4234 in
848 4193 1060 4234 sacram
1089 4177 1302 4240 faciem,
1329 4184 1385 4229 et
1413 4185 1573 4245 caput
1600 4185 1865 4230 coronant

761 4270 961 4339 Spinis,
994 4269 1049 4323 in
1078 4282 1238 4322 cruce
1263 4267 1406 4321 hunc
1431 4273 1652 4336 repente
1680 4265 1842 4337 ﬁgunt
1867 4284 1878 4317 :

761 4363 952 4417 Polum
979 4358 1050 4414 fel
1085 4357 1368 4422 dederant,
1397 4355 1536 4412 latus
1561 4356 1827 4412 terebant.

771 4451 1040 4516 Surrexit,
1073 4458 1182 4506 etc.

691 4547 953 4601 Emittens
983 4541 1220 4597 animam
1252 4542 1416 4597 chaos
1445 4547 1712 4611 penetrat,

759 4636 1008 4692 Christus
1035 4635 1224 4691 mortis
1251 4649 1420 4688 ovans
1449 4629 1638 4702 fug'ans
1674 4631 1940 4686 tenebras.

739 4728 942 4784 -Justos
965 4726 1197 4796 eripuit,
1223 4725 1408 4796 ligavit
1434 4725 1666 4786 hostem,

765 4823 979 4875 Donans
999 4827 1144 4874 astra
1171 4819 1296 4888 piis,
1324 4817 1560 4874 dolorem
1584 4817 1794 4886 iniquis

774 4911 1044 4975 Surrexit,
1077 4921 1181 4964 etc.

1187 345 1243 396 Β.
1281 343 1528 396 BADA?“
1571 338 1782 394 MAL'BI
1825 334 2140 389 AliCllllﬁP.
2185 329 2486 386 )ZOGUNT.
2529 331 2744 420 OPERI

2084 334 2140 386 P.
2185 329 2486 386 )ZOGUNT.
2529 331 2809 420 OPERUM
2845 330 3019 384 PARS
3057 329 3139 383 Π.
3547 340 3636 397 1|“

2135 460 2183 512 Δ

2359 449 2542 520 Surgit
2571 448 2800 510 diluculo
2831 464 2860 502 a
2901 463 3093 520 sopore
3123 450 3296 503 mortis

2427 525 2676 606 Salvator
2702 538 2910 609 placide
2933 537 3122 609 angelo
3138 528 3362 595 ministro

2425 633 2682 689 Custodes
2717 631 2973 702 pavitant,
3002 631 3076 700 pii
3107 631 3360 694 resultant,

2435 724 2679 780 Gaudent
2702 723 2942 794 discipuli
2961 765 2976 788 ,
3007 723 3168 790 invidi
3197 723 3427 780 dolebant.

2433 815 2699 880 Surrexit,
2731 826 2837 872 etc.
3105 803 3108 805 Α

2359 907 2642 978 Cognoscit
2662 895 2828 962 Maria
2852 923 2916 963 ex
2941 922 3074 964 sono
3099 909 3404 978 magistrum,

2430 1001 2665 1056 Thomas
2688 1016 2892 1072 perque
2915 1001 3055 1068 latus
3085 1002 3244 1064 Deum
3273 985 3496 1068 reclamat.

2427 1090 2686 1161 Flagrans
2709 1079 2815 1145 rite
2833 1081 3028 1146 Petrus
3055 1085 3164 1145 adit
3186 1077 3466 1162 sepulcrum,

2435 1182 2494 1239 ln
2518 1193 2701 1238 monte
2730 1184 3018 1239 Dominum
3046 1185 3380 1255 undecimque
3400 1186 3578 1250 adorant.

2431 1274 2692 1342 Surrexit,
2717 1285 2823 1333 etc.

2361 1364 2520 1442 Quid,
2551 1363 2755 1432 Juda‘a,
2787 1365 2920 1420 furis
2947 1367 3060 1422 Deo
3092 1367 3361 1433 reluctans,

2439 1457 2674 1529 Fingens
2694 1466 2811 1513 arte
2834 1459 3012 1514 scelus
3037 1459 3159 1514 dolo
3183 1443 3394 1530 reperto,

2432 1550 2688 1605 Furatum
2710 1551 3003 1619 crepitans,
3030 1552 3122 1621 qui
3149 1563 3267 1606 ovat
3291 1569 3539 1618 coruscans,

2433 1641 2534 1708 Qui
2568 1641 2824 1695 mundum
2859 1651 3099 1714 reparat,
3132 1642 3289 1700 Satan
3318 1646 3526 1700 trucidat?

2435 1737 2700 1803 Surrexit,
2732 1748 2838 1794 etc.
2926 1723 2932 1734 ’
3067 1721 3070 1726 ’
3329 1717 3350 1729 ”

2367 1827 2612 1882 Laudant
2631 1817 2774 1883 astra
2801 1829 2907 1898 poli
2937 1845 3092 1884 mare
3119 1831 3395 1899 solumque.

2435 1919 2742 1974 Gaudentes
2777 1920 3064 1976 Dominum
3102 1923 3276 1978 vivere
3306 1923 3541 1986 Christum,

2446 2009 2638 2064 Tristis
2663 2009 2774 2064 sola
2803 2011 2950 2065 doles
2983 2011 3168 2080 iniqua
3200 2011 3407 2082 ﬁngens,

2438 2103 2673 2158 Consors
2699 2103 3027 2168 dazmonum,
3053 2104 3310 2172 particeps
3329 2106 3545 2174 gehenna.

2441 2193 2687 2248 Surrexit
2707 2195 2832 2263 quia
2858 2193 3114 2250 Christus
3144 2211 3173 2248 a
3199 2196 3436 2265 sepulcro,

2441 2285 2743 2342 Collzetetur
2771 2289 2932 2346 homo
2954 2270 3134 2370 choro
3163 2287 3454 2362 angelorum.

2362 2457 2492 2519 Ylll.
2516 2489 2583 2499 —
2605 2471 2628 2500 ι
2656 2476 2706 2514 tu
2739 2475 3059 2518 xscssswxs
3090 2479 3268 2518 Domst
3289 2479 3349 2518 AD
3372 2478 3590 2518 vrsrrurx.

2511 2610 2672 2666 Adest
2700 2611 2815 2668 dies
2841 2624 3064 2669 sanctus
3088 2613 3205 2680 Dei,

2587 2703 2742 2760 Claro
2773 2707 3127 2776 resplendens
3153 2709 3360 2764 lumine.

2585 2798 2702 2866 Quo
2731 2799 2905 2854 vietor
2929 2801 2996 2854 ad
3033 2802 3202 2856 ccelos
3229 2809 3420 2872 potens.

2585 2891 2699 2945 Rex
2730 2891 2976 2948 Christus
3005 2887 3288 2950 exsultans
3312 2898 3444 2965 petit.

2515 2982 2682 3046 Quem
2718 2983 2872 3036 turba
2898 2992 3028 3039 tunc
3052 3001 3177 3039 cum
3208 2985 3432 3039 laudibus

2582 3073 2798 3128 Fortem
2825 3074 3098 3130 resultans
3128 3078 3388 3147 przedieat.

2589 3162 2786 3232 Regem
2825 3165 3248 3234 triumphantem
3272 3181 3472 3236 sequens

2587 3255 2762 3308 intrat
2794 3256 3041 3326 polorum
3069 3258 3283 3326 januas.

2514 3343 2628 3400 llnc
2659 3354 2785 3401 tunc
2810 3346 3057 3403 videntes
3087 3350 3348 3419 principes

2588 3437 2726 3493 Hinc
2747 3439 3139 3510 obstupescunt
3167 3443 3415 3512 protinus,

2587 3531 2718 3600 Quis
2747 3535 2817 3588 sit
2843 3532 3064 3590 Tonans
3087 3537 3422 3606 interrogant,

2589 3623 2750 3678 Tanti
2770 3623 2920 3680 ducis
2949 3626 3038 3681 hic
3069 3627 3342 3682 transitus.

2531 3715 2780 3771 Reddunt
2804 3711 2998 3786 quibus
3031 3733 3159 3773 mox
3189 3720 3374 3786 prmvia

2588 3808 2712 3864 Haec
2742 3809 3056 3879 angelorum
3087 3817 3202 3865 tum
3229 3810 3443 3880 agmina,

2591 3900 2702 3956 Rex
2739 3900 2920 3971 gloria:
2950 3900 3129 3963 fortis,
3160 3909 3344 3972 potens

2594 3992 2690 4046 Est
2715 3993 2816 4047 iste
2841 3994 3100 4048 virtutum
3127 3994 3286 4048 Deus.

2517 4085 2763 4141 Claustra
2795 4092 2880 4138 ast
2907 4093 3092 4152 patent
3121 4100 3244 4138 mox
3274 4084 3454 4144 omnia.

2591 4175 2839 4231 Gaudent
2868 4176 2922 4228 in
2952 4175 3060 4229 alto
3089 4175 3276 4238 millia,

2587 4267 2860 4322 Christum
2896 4257 3172 4322 sedentem
3197 4253 3313 4321 cum
3339 4263 3495 4317 vident

2593 4361 2796 4414 Lzetum
2829 4375 3059 4430 superna
3092 4360 3281 4430 gloria.

2521 4449 2564 4528 Ο
2589 4449 2701 4504 Rex
2730 4465 2974 4528 supernae
3007 4449 3216 4520 glorire,

2588 4545 2689 4612 Qui
2719 4525 2891 4601 Patris
2921 4547 2971 4600 in
3002 4547 3192 4600 dextro
3222 4545 3355 4601 sedes

2595 4639 2673 4692 Tu
2697 4653 2795 4692 nos
2820 4637 2940 4691 vide
2963 4638 3206 4692 clemens
3232 4646 3348 4690 tuos

2596 4724 2750 4799 l\:unc
2795 4723 3145 4793 deprecantes
3184 4723 3414 4778 servulos

2517 4816 2592 4904 pa
2626 4831 2796 4884 spem,
2826 4815 2986 4869 ﬁdem
3012 4823 3066 4869 et
3090 4815 3424 4874 catholicam.

2592 4907 2666 4960 Da
2696 4905 2981 4961 cha'ritatis
3009 4921 3253 4970 munera,

1563 5020 1857 5077 SCHOLlA
1897 5019 2406 5079 cutnsroruom
2447 4983 2795 5106 enervant.

626 5150 648 5176 ει
692 5135 905 5208 Primus
928 5134 1016 5208 hi_c
1038 5134 1267 5208 hymnus
1295 5145 1401 5202 est,
1427 5136 1516 5207 qui
1548 5137 1601 5190 in
1629 5136 1814 5208 multis
1841 5135 2134 5208 Galliarum

552 5220 600 5262 et
633 5206 936 5262 Germania:
963 5205 1218 5263 Ecclesiis
1240 5205 1508 5276 receptus.
1538 5207 1739 5262 Retulit
1763 5222 1885 5260 eum
1919 5207 1968 5259 in
1999 5205 2137 5260 The-

554 5293 772 5332 satll‘llm
808 5292 993 5344 suum,
1026 5288 1202 5341 caute,
1248 5279 1512 5348 siquidem
1568 5277 1843 5348 legendus,
1873 5276 2136 5346 Georgius

557 5349 832 5403 Fabricius
857 5388 872 5411 ,
906 5348 1096 5403 incerti
1137 5353 1371 5413 auctoris
1411 5349 1587 5403 titulo.
1622 5349 1954 5417 luspeximus
1983 5349 2136 5417 hym-

555 5436 745 5475 norunt
781 5417 973 5471 librum
994 5458 1008 5482 ,
1049 5418 1286 5474 Coloniae
1313 5431 1438 5473 ante
1466 5430 1679 5472 centum
1721 5434 1890 5471 annos
1922 5418 2134 5472 l-lcnrici

555 5488 822 5558 Quentelii
863 5490 1003 5558 typis
1035 5504 1327 5551 excusum,
1373 5504 1475 5542 una
1517 5505 1639 5552 cum
1681 5489 2034 5556 expositione,
2077 5498 2132 5543 ut

557 5574 750 5628 magna
786 5569 911 5612 tunc
951 5561 1208 5630 temporis
1248 5567 1365 5627 erat
1404 5559 1892 5630 ecclresiastieorum
1936 5560 2132 5630 carmi-
2175 5601 2178 5604 .

559 5644 686 5682 nqu
726 5628 1140 5699 reverentia,'iu
1173 5645 1279 5699 quo
1309 5629 1546 5683 nonnulli
1570 5645 1632 5683 ex
1669 5630 1782 5693 his,
1812 5645 1904 5699 seu
1941 5628 1992 5682 in
2032 5628 2130 5684 Ec-

559 5699 723 5752 clesia
770 5698 952 5752 usitati
989 5698 1344 5762 enarrantur;
1399 5715 1447 5751 v.
1492 5715 1544 5765 ς.
1587 5714 1637 5750 ix
1675 5716 1685 5750 :
1721 5700 1784 5751 de
1818 5698 2130 5752 Ascensione

562 5767 794 5861 flamini,
823 5775 873 5819 et
900 5783 1026 5821 xvltt
1058 5783 1071 5818 :
1099 5767 1277 5821 Prmrn
1300 5767 1602 5837 pra‘tlnrns,
1628 5783 1770 5819 snrrr
1791 5780 1834 5821 et
1858 5771 2122 5838 propheta,

2241 5137 2308 5218 <19
2337 5135 2498 5218 nat-nn
2539 5134 2606 5217 επ
2870 5134 3163 5218 Baptism;
3476 5148 3487 5182 =
3514 5125 3692 5218 {ire

2241 5204 2437 5280 Clu-isti
2468 5207 2662 5280 pervia.
2695 5204 3032 5280 [leuiquexu
3066 5225 3078 5280 :_
3109 5204 3260 5280 Quoi!
3291 5205 3460 5280 c_h_ort_ts
3491 5208 3691 5280 calling-

2242 5265 2504 5331 nernndns
2544 5276 2778 5340 olim',‘in
2812 5265 3188 5328 P’uriﬁeatio‘ue
3219 5265 3273 5328 S.
3311 5273 3486 5326 Marte.
3511 5268 3608 5340 Nam
3627 5277 3690 5314 ce-

2243 5351 2362 5413 teri,
2395 5364 2529 5416 quos
2552 5347 2784 5400 Ecclesia
2809 5345 3391 5416 ltomanattequentat,
3421 5339 3544 5416 Vetti,
3563 5343 3692 5416 trefit?

2242 5403 2501 5489 Spiritus,
2548 5419 2635 5489 hic
2676 5418 2838 5489 uno
2884 5416 3002 5489 aliis
3045 5415 3101 5489 s.
3142 5403 3692 5489 Agiirgsgo.__.iugg_lg{e

2241 5473 2371 5543 x'vu.
2415 5473 2514 5542 SS'.
2554 5473 2914 5557 ap'usiulol‘nm
2943 5485 3084 5557 Petri
3116 5493 3169 5538 et
3199 5484 3345 5538 Pauli
3369 5481 3510 5540 feriis,
3535 5473 3694 5557 ΕΙΡίὲ

2781 5539 3334 5619 ΟΙινίδιενδαηριονωη,
3363 5539 3508 5622 xtvet
3523 5539 3601 5622 xvi:
3624 5539 3692 5592 Τέθί

2237 5613 2459 5691 Christe,
2483 5628 2728 5698 splendor
2759 5624 2955 5698 Patris,
2985 5627 3074 5695 qui
3106 5615 3155 5679 in
3180 5613 3384 5698 laudem
3409 5613 3622 5698 Michaelis
3639 5623 3692 5659 tr-

2237 5700 2477 5772 chaugeli
2509 5693 2798 5764 canuntur,
2831 5693 3036 5752 incerto
3065 5696 3268 5752 auctori
3299 5693 3573 5748 tribuuntur.
