3944 6320
171 362 303 420 1687
1201 356 1523 412 CARMINA.
1566 387 1636 396 —-
1676 355 1754 408 SE

1842 355 1916 411 'lO
1954 355 2017 413 ll.
2058 356 2294 411 HYMNI.
3263 356 3398 413 καί

513 481 707 556 Grates
731 478 847 548 pias
876 478 976 532 rite
1001 485 1060 532 ut
1091 477 1187 530 tibi
1757 476 1808 531 Α
2326 471 2578 540 Patrique
2604 484 2826 539 compar
2849 470 3028 526 unice.

508 569 816 626 Reddamus
843 569 990 644 omni
1017 576 1274 636 tempore.
2325 565 2457 618 Cum
2486 563 2689 638 Spiritu
2717 563 3010 632 paracleto,

409 683 497 737 IX.
520 693 632 724 -α
659 697 789 737 ιτευ
835 697 887 736 nv
924 693 1234 746 ASCENSIONE
1273 692 1478 754 bonum.

2329 653 2577 722 Regnans
2599 667 2695 722 per
2717 667 2875 708 omne
2901 652 3172 708 saeculum.

302 795 523 849 Festum
553 809 693 866 nunc
722 793 933 861 celebre
957 805 1254 862 magnaque
1283 788 1474 860 gaudia

2113 765 2203 825 Il.
2231 794 2303 805 —
2325 777 2535 844 DYMNIIS
2563 777 2629 828 ne
2652 778 2858 838 sum:
2881 777 3113 834 cnntsrt.

300 885 636 956 Compellunt
669 886 878 939 animos
917 884 1152 963 carmina
1192 895 1462 953 promere,
2252 875 2561 938 Gratuletur
2578 875 2754 934 omnis
2774 890 2922 940 caro,

303 976 436 1031 Cum
462 976 706 1032 Christus
745 976 937 1030 solium
975 973 1184 1029 scandit
1219 973 1286 1028 ad
1323 973 1568 1035 arduum,
2324 967 2464 1022 Nato
2484 967 2699 1022 Christo
2719 967 2964 1022 Domino.
3059 1009 3061 1012 ‹

369 1064 636 1122 leorum
675 1063 1053 1136 pius.arbiter.
2325 1057 2460 1125 Quia
2486 1057 2640 1128 culpa
2661 1056 2996 1127 prot0plasti,

299 1157 622 1213 Conscendit
636 1157 873 1228 jubilans
893 1155 1048 1210 lsetus
1077 1154 1144 1208 ad
1169 1153 1392 1219 aethera,
1479 1139 1482 1142 ’
2327 1148 2559 1228 Carnem
2589 1157 2828 1203 nostram
2861 1147 3045 1202 induit.

302 1249 619 1304 Sanctorum
644 1248 870 1320 populus
891 1246 1147 1318 praedicat
1170 1244 1452 1315 inclytum,
2328 1240 2399 1296 Ut
2418 1240 2654 1312 salvaret
2673 1255 2808 1318 quos
2827 1239 3107 1310 plasmavit

300 1340 544 1396 Concinit
565 1341 768 1410 pariter
789 1338 1064 1410 angelicus
1085 1336 1288 1412 chorus
2327 1332 2469 1385 Deus
2492 1331 2788 1410 sapientiae.

371 1403 604 1485 Victoris
637 1430 762 1486 boni
802 1403 1045 1500 gloriam.
1281 1408 1288 1412 ⁷
2033 1478 2048 1491 ,
2255 1421 2675 1494 Magnam'valde
2693 1403 3108 1484 commendavit,

300 1521 400 1588 Qui
438 1511 702 1576 scandens
741 1536 966 1590 superos
1005 1517 1217 1574 vincula
1253 1516 1502 1572 vinxerat
2319 1513 2424 1568 Per
2442 1511 2699 1567 Joannem
2721 1512 2968 1582 gratiam.

298 1613 511 1667 Donans
549 1613 831 1681 terrigenis
865 1625 1091 1664 munera
1128 1607 1378 1678 plurima,
2325 1603 2633 1673 Baptizatus
2652 1603 2705 1657 in
2726 1602 2978 1665 Jordane,

301 1702 589 1757 Districtus
625 1701 840 1772 rediens
877 1699 1078 1754 arbiter
1111 1696 1352 1752 omnium
2323 1695 2478 1748 Lavit
2500 1692 2683 1748 mundi
2710 1692 2960 1756 crimina,

371 1793 472 1860 Qui
513 1794 658 1846 mitis
696 1791 854 1846 modo
893 1791 1126 1845 transiit.
1759 1821 1804 1879 Β
2327 1785 2748 1858 Utcredentium
2768 1792 3021 1854 purgaret

299 1887 549 1952 Oramus,
588 1886 832 1958 Domine,
873 1885 1120 1940 conditor
1157 1883 1377 1965 inclyte,
1759 1875 1805 1902 ”⁴
2325 1877 2574 1933 Gentium
2601 1875 2830 1947 piacula.

301 1979 530 2034 Devotos
569 1968 800 2034 famulos
829 1965 1062 2047 respice,
1101 1959 1376 2054 protegep
2255 1971 2489 2026 Verbum
2517 1967 2693 2043 Patris
2719 1982 2846 2041 caro
2874 1965 3095 2033 factum,

303 2067 378 2122 Ne
415 2084 514 2124 nos
551 2068 688 2123 livor
724 2068 861 2124 edax
899 2065 1157 2120 daemonis
1192 2066 1384 2121 obruat
2317 2062 2568 2117 Nascitur
2585 2075 2650 2115 ex
2673 2060 2914 2130 Virgine.

371 2158 660 2229 Demergat
694 2157 778 2212 vel
815 2157 870 2210 in
907 2155 1127 2210 inferos.
2328 2153 2444 2207 Non
2467 2152 2647 2224 amisit
2668 2151 2947 2213 deitatem,

303 2254 372 2308 Ut
407 2268 530 2308 cum
553 2239 930 2307 ’ﬂammivoma
969 2250 1112 2304 nube
1148 2247 1458 2311 reverteris,
2329 2233 2580 2302 Formam
2601 2243 2741 2298 servi
2763 2241 2994 2309 accepit,

302 2343 522 2400 Occulta
561 2342 840 2397 hominum
876 2339 1111 2410 pandere
1142 2337 1412 2408 judicans,
2320 2323 2686 2405 Utpeccatum
2711 2332 2776 2387 de
2795 2339 3036 2401 peccato,

302 2435 380 2502 Nc
412 2436 508 2491 des
545 2434 802 2504 supplicia
842 2431 1059 2500 horrida
1097 2429 1273 2484 noxiis
1405 2412 1418 2424 ﬁ
1878 2451 1892 2461 ο
2323 2410 2617 2484 Damnaret
2638 2424 3006 2493 Omnipotens.

372 2524 477 2582 Sed
508 2519 670 2595 justis
695 2515 849 2578 bona
871 2511 1126 2602 ‘pracmla.
1779 2507 1784 2511 ’
2253 2519 2425 2587 Quem
2448 2534 2546 2574 vox
2569 2525 2791 2598 paterna
2811 2513 3044 2578 vocavit,

298 2614 498 2690 Praesta
534 2614 656 2680 hoc,
695 2605 903 2685 genitor
941 2611 1161 2680 Optime,
1198 2605 1457 2688 maxime,
2279 2609 2290 2617 ‘
2329 2611 2470 2666 Ecce
2494 2624 2645 2664 meus
2665 2607 2854 2662 Filius.

304 2685 415 2763 Hoc
451 2718 528 2774 tu,
568 2707 702 2762 Nate
730 2706 824 2761 Dei
861 2713 916 2760 et
951 2705 1091 2759 bone
1129 2701 1382 2771 Spiritus,
1452 2685 1457 2688 ἠ
2325 2702 2383 2756 In
2406 2715 2512 2770 quo
2529 2699 2630 2754 sibi
2651 2685 2990 2766 complacuit,

301 2785 552 2876 Degnans
589 2807 847 2871 perpetuo
881 2794 1080 2867 fulgida
1119 2792 1358 2848 Trinitas
2327 2781 2487 2854 Coeli,
2511 2778 2665 2843 terra:
2688 2773 2990 2848 Dominus,

317 2879 320 2883 ’
372 2895 476 2975 Per
508 2904 703 2975 cuncta
737 2894 827 2966 pie
860 2891 1076 2948 saecula.
2327 2881 2452 2950 Ipsi,
2475 2887 2680 2950 gentes,
2703 2875 2938 2940 obedite,

489 3025 556 3083 Χ.
579 3058 652 3069 -
670 3042 880 3083 nrunus
915 3041 970 3081 ω
1002 3035 1396 3080 rssrscos'm.

2317 2971 2621 3041 Regesque,
2644 2967 2955 3022 subdimini.

1834 3091 1946 3146 ιιι.
1981 3118 2052 3132 --
2110 3100 2319 3143 munus
2375 3100 2428 3138 nv
2479 3095 2885 3137 PL‘Itll-‘ICATIONE
2941 3092 3154 3146 sancra
3206 3089 3407 3131 manu.

576 3161 731 3228 Veni,
753 3167 964 3216 creator
986 3157 1234 3228 Spiritus,
1762 3170 1808 3232 ο

653 3249 856 3305 Menles
881 3253 1094 3322 tuorum
1116 3245 1299 3326 visita.
1774 3245 1780 3252 ‘

645 3343 806 3414 Imple
823 3357 1050 3413 superna
1075 3327 1247 3413 gratla

653 3435 782 3503 Quae
809 3443 865 3490 tu
890 3435 1085 3490 creasti
1115 3442 1342 3503 pectora.

586 3525 684 3594 Qui
710 3527 1020 3582 Paracletus
1045 3527 1260 3592 diceris,

657 3620 866 3674 Donum
893 3619 987 3673 Dei
1014 3619 1282 3673 altissimi.

658 3709 802 3766 Fons
829 3709 1006 3774 vivus,
1036 3709 1197 3780 ignis,
1229 3693 1486 3774 Charitas,

2014 3201 2167 3270 Quod
2188 3201 2391 3256 chorus
2412 3205 2594 3251 vatum
2619 3193 2958 3262 venerandus
2983 3191 3128 3256 olim,

2013 3293 2216 3362 Spiritu
2247 3298 2436 3364 sancto
2462 3289 2659 3344 cecinit
2685 3286 2918 3360 repletus

2010 3387 2068 3444 ln
2095 3387 2191 3441 Dei
2218 3384 2419 3439 factum
2445 3381 2705 3452 genitrice
2730 3387 2946 3436 constat

2251 3473 2382 3550 Esse
2419 3471 2668 3525 Mariam.

2015 3567 2140 3622 Ilaec
2165 3567 2332 3621 Deum
2359 3564 2481 3619 coeli
2505 3563 2894 3632 Dominumque
2918 3568 3076 3616 terra

2013 3658 2180 3732 V’irgo
2201 3655 2446 3722 concepit
2471 3653 2788 3722 peperitque
2813 3650 2986 3718 virgo,

2015 3751 2190 3821 Atque
2217 3758 2340 3820 post
2367 3756 2582 3817 partum
2609 3744 2807 3820 meruit
2826 3756 3048 3808 manere

2267 3837 2544 3913 Inviolata.

2019 3931 2188 4001 Quem
2216 3943 2379 3984 senex
2397 3927 2576 3997 justus
2597 3924 2814 3986 Simeon
2840 3923 2891 3978 in
2920 3921 3060 3976 ulnis

2019 4003 2074 4097 In
2109 4023 2266 4078 domo
2297 4019 2525 4090 sumpsit
2550 4019 2762 4092 Domini
2793 4017 3032 4086 gavisus,

2019 4117 2098 4180 0b
2119 4114 2260 4186 quod
2289 4120 2530 4184 Optatum
2559 4110 2776 4181 proprio
2806 4109 3015 4164 videret

2033 4188 2039 4194 ’
2261 4203 2487 4258 Lumine
2509 4201 2800 4275 Christum.

2019 4297 2099 4352 Tu
2127 4296 2301 4351 libens
2322 4293 2482 4357 votis,
2512 4279 2761 4362 petimus,
2791 4297 3128 4362 prccantum,

2024 4389 2182 4460 Regis
2205 4386 2390 4444 aeterni
2413 4385 2665 4455 genitrix,
2700 4381 2898 4438 iaveto.

2020 4483 2178 4544 Clara
2208 4497 2328 4551 qua;
2357 4479 2483 4534 celsi
2511 4478 2750 4532 retinens
2773 4475 2983 4547 Olympi

2267 4570 2452 4641 Regna
2477 4568 2676 4638 petisti.
2879 4554 2894 4563 ’

2025 4667 2108 4724 Sit
2136 4667 2246 4720 Deo
2275 4671 2460 4726 nostro
2487 4662 2649 4716 decus
2669 4668 2722 4713 et
2742 4665 3000 4728 potestas,

2025 4757 2110 4812 Sit
2135 4755 2281 4810 salus
2307 4737 2524 4822 perpes,
2557 4751 2627 4805 sit
2653 4749 2826 4803 honor
2851 4744 3124 4816 perennis.

2031 4849 2132 4918 Qui
2159 4848 2267 4918 poli
2293 4861 2502 4901 summa
2529 4843 2730 4920 residet
2751 4841 2805 4895 in
2832 4853 2957 4894 arce

2273 4936 2470 4991 Trinus
2490 4942 2544 4990 et
2565 4948 2727 4987 unus.

1851 5055 1984 5110 Xlll.
2009 5083 2077 5092 —-
2096 5065 2226 5105 imi
2245 5062 2464 5123 ‘nvnxus
2499 5061 2550 5099 IN
2590 5056 2957 5098 somnum:
2985 5053 3197 5096 sum:
3221 5051 3397 5092 nam

660 3799 724 3866 Ε*
754 3799 1012 3870 spiritalis
1037 3800 1238 3854 unctio.

590 3891 669 3946 'I'u
701 3888 1032 3959 septiformis
1062 3903 1302 3954 munere,

665 3982 875 4037 Dextra:
902 3981 998 4036 Dei
1030 3989 1084 4033 tu
1116 3980 1331 4051 digitus.

661 4073 743 4129 Tu
775 4073 875 4128 rite
904 4071 1228 4142 promissum
1253 4057 1452 4135 Patris.

662 4168 924 4222 Sermone
949 4166 1124 4221 ditans
1153 4171 1390 4237 guttura.

596 4259 845 4316 Accende
879 4258 1058 4312 lumen
1085 4257 1356 4324 sensibus,

609 4341 618 4345 ’
661 4351 884 4407 Infunde
909 4364 1147 4404 amorem
1172 4349 1443 4404 cordibus.

659 4440 882 4496 Inﬁrma
913 4439 1083 4494 nostri
1109 4438 1372 4508 corporis,

659 4519 871 4585 Virtute
898 4521 1120 4583 ﬁrmans
1141 4529 1424 4598 perpetim.
1769 4519 1826 4576 Β

593 4619 815 4686 Hostem
839 4620 1064 4690 repellas
1086 4619 1314 4690 longius,
1426 4606 1431 4610 ⁷
1786 4600 1792 4606 ”

663 4714 966 4784 Pacemque
988 4714 1152 4768 dones
1178 4715 1442 4785 protinus.

671 4806 903 4860 Ductore
928 4804 1005 4858 sic
1034 4812 1084 4858 te
1112 4804 1330 4873 praevio,
1429 4787 1432 4791 ’

666 4896 912 4950 Vitemus
939 4883 1096 4949 omne
1126 4894 1350 4968 noxium.

599 4985 703 5042 Per
733 4993 783 5039 te
812 4985 1046 5039 sciamus
1077 4985 1142 5036 da
1170 4982 1402 5046 Patrem,

670 5074 962 5130 Noscamus
995 5084 1155 5143 atque
1191 5073 1406 5138 Filium,

674 5157 750 5220 Te
781 5165 1056 5234 utriusque
1083 5164 1362 5236 Spiritum,
1407 5150 1413 5156 ’
2127 5155 2214 5211 Fit
2242 5163 2394 5224 porta
2415 5151 2614 5206 Christi
2639 5150 2848 5219 pervia,

665 5256 960 5312 Credamus
988 5255 1132 5336 omni
1167 5240 1428 5332 tempore.
2201 5244 2419 5298 Referta
2448 5241 2602 5312 plena
2627 5241 2798 5309 gratia
2825 5255 2840 5306 ;

603 5348 804 5425 Praesta
840 5347 962 5420 hoc,
1001 5331 1161 5425 Pater
1189 5331 1454 5425 piissime,
2209 5335 2534 5404 'I‘ransitquc
2560 5331 2698 5398 Rex,
2721 5342 2774 5387 et
2797 5337 3078 5404 permanet

1171 5500 1461 5569 SCHOLIA
1495 5498 2002 5558 CHRISTOPHORI
2037 5492 2384 5552 BROWERI.

261 5661 289 5700 ι
313 5646 370 5704 Si
393 5645 650 5716 quaeritur
671 5649 850 5697 utrum
887 5637 1140 5716 [tabanus
1161 5635 1417 5716 carminis
1455 5644 1646 5690 auctor
1682 5636 1753 5716 s_it
1856 5643 2034 5716 tamen
2063 5628 2247 5692 Italiae,
2274 5626 2498 5716 .Angliae,
2527 5633 2631 5678 etc.
2667 5621 2732 5716 In
2751 5616 3040 5716 liodiernis
3079 5615 3328 5672 Ecclesia
3359 5614 3394 5670 Ι

189 5692 1020 5780 necne:hove-sanewmﬁemoratu
1060 5709 1278 5780 dignum
1315 5714 1418 5772 est,
1452 5716 1667 5780 exstare
1700 5707 1750 5758 in
1855 5703 1970 5758 bris
1998 5703 2184 5757 deesse
2211 5692 2389 5754 sciunt
2419 5709 2628 5752 omnes.
2667 5692 2890 5746 DANIEL.

191 5776 433 5856 oinnihus
473 5787 582 5843 fere
622 5781 903 5861 breviariis
947 5776 1531 5858 γςιυεςῇερς-τωςιηὶω,
1581 5791 1754 5846 neque
