3944 6320
150 356 274 412 1661
1201 349 1528 407 CARMINA.
1569 379 1636 388 —
1675 344 1914 402 SECTIO
1948 347 2012 402 ll.
2053 344 2284 401 HYMNL
3232 335 3368 392 1662

280 460 523 524 Exsultat
551 473 842 531 generosus
869 458 991 530 cmli
1015 474 1176 536 regna
1203 467 1391 532 potens
1417 467 1621 512 tenens.
1722 461 1776 516 A
1870 456 1974 511 Pro
2003 455 2216 512 Christo
2242 463 2432 512 cuncta
2459 454 2549 526 qui
2578 453 2796 511 meliora
2821 452 2991 510 daret.

215 550 369 618 Cujus
392 560 682 622 perpetuus
709 558 889 606 exstat
917 560 970 606 et
995 550 1244 620 inclytus,
1804 545 2275 619 Ccntuplicemque
2300 557 2504 602 metens
2528 546 2756 601 fructum
2781 547 2870 603 hic
2891 544 3087 614 accipit
3108 541 3366 614 amplum,

279 641 474 696 Paulus
501 656 624 696 nam
653 641 854 706 socius,
881 640 1068 695 doctor
1095 650 1149 695 et
1179 640 1434 710 optimus,
1875 637 2094 706 Insuper
2123 647 2381 710 aeternam
2413 637 2654 706 possidet
2682 644 2736 690 et
2769 637 3032 704 requiem.

281 733 484 790 Christi
511 749 606 788 vas
634 733 926 803 pretiosum
959 742 1012 788 et
1045 743 1222 787 rector
1248 712 1428 804 populi.
1457 731 1570 785 Dei.
1807 726 2007 796 Dignus
2031 728 2248 800 quidem
2276 727 2431 782 laude
2453 743 2532 791 es,
2562 727 2726 781 vitam
2755 727 2871 795 sine
2893 725 3119 790 crimine
3145 723 3369 790 ducens,

218 826 293 880 En
318 839 455 895 quos
481 825 583 879 iste
604 831 782 888 vocat,
811 823 900 901 ille
931 839 1089 894 supra
1126 823 1298 887 locat;
1877 819 1978 886 Qui
2007 820 2108 874 :evi
2136 821 2214 874 sic
2239 828 2407 874 metas
2432 819 2702 874 clauserat
2723 829 2778 873 et
2800 832 3072 871 numeros.

285 920 433 987 Quos
458 919 656 974 Paulus
682 919 919 982 adhibet,
951 920 1048 973 hos
1074 918 1268 974 Petrus
1297 917 1484 973 inserit
1513 935 1525 970 :
1807 907 2002 974 Accola
2021 909 2134 979 jam
2169 909 2377 964 Domini
2406 925 2605 964 saevum
2629 909 2742 978 jam
2775 909 2976 962 vicerat
3000 907 3224 973 hostem,

285 1009 486 1064 Christi
518 1009 672 1064 testis
702 1016 926 1082 uterque
952 1019 1055 1074 est,
1085 991 1210 1064 coeli
1243 1009 1376 1062 civis
1397 1019 1452 1062 et
1481 1007 1670 1080 incola.
1879 999 2010 1055 Cum
2037 999 2254 1054 Christo
2277 1006 2464 1071 regnat
2493 998 2675 1052 accola
2704 1012 2848 1052 nunc
2876 996 3104 1067 Domini.

221 1098 488 1156 Christum
512 1107 687 1157 morte
712 1100 891 1154 crucis
917 1116 1039 1164 nam
1069 1089 1310 1168 sequitur
1338 1099 1548 1162 PetrUS,
1810 1089 2018 1144 δθυάίθ
2053 1105 2247 1160 magna
2283 1089 2377 1152 Del
2398 1089 2510 1158 lam
2541 1089 2764 1144 ίηίηνίῐ
2792 1090 2966 1154 limus,
2988 1096 3041 1142 ei
3067 1085 3154 1142 me

285 1188 420 1245 Cum
447 1204 619 1245 ctesus
649 1190 827 1259 capite
853 1189 1050 1243 Paulus
1079 1199 1134 1244 et
1161 1189 1381 1244 horride
1405 1199 1506 1252 est,
1878 1179 2076 1234 anil-at
2103 1195 2198 1234 vos
2229 1180 2296 1234 ad
2321 1179 2515 1250 gaudia
2542 1195 2733 1251 magna
2764 1179 2878 1234 Dei.

293 1279 538 1335 Victores
569 1287 730 1348 caput
753 1295 914 1334 unum
944 1279 1102 1332 ambo
1131 1279 1234 1333 rite
1264 1288 1446 1333 tenent
1471 1279 1652 1332 Deum.
1813 1273 2083 1343 Sanguine
2113 1287 2304 1342 nempe
2327 1288 2427 1327 suo
2453 1273 2694 1342 requiem
2719 1273 2820 1330 sibi
2851 1281 3127 1341 comparat
3152 1271 3370 1333 almum,

224 1369 328 1424 Nos
353 1369 544 1425 horum
570 1370 844 1439 precibus,
875 1370 1111 1434 Christe,
1139 1370 1396 1439 piissimis
1881 1361 2115 1432 [ruperat
2139 1363 2281 1418 hanc
2304 1361 2459 1428 nobis
2486 1362 2746 1439 sanguine
2778 1377 2970 1432 nempe
2998 1378 3116 1428 suo.

291 1458 367 1532 'l‘e
401 1460 566 1527 dones
595 1459 753 1525 citius
777 1475 997 1530 poscere
1031 1460 1269 1535 caelitus;
1814 1451 2072 1526 Martyrio
2097 1453 2318 1523 decorat
2345 1453 2604 1524 quidquid
2625 1452 2912 1508 Germania
2941 1452 3128 1518 nutrit,
3183 1455 3186 1458 ’

290 1548 446 1628 Absit
469 1549 611 1620 quod
634 1540 810 1605 scelus
831 1565 992 1614 omne
1011 1559 1066 1604 et
1093 1534 1282 1605 cuneta
1309 1549 1530 1612 veniant
1555 1549 1709 1625 bene.
1885 1546 1952 1600 Et
1981 1546 2200 1616 proprio
2227 1545 2466 1602 sobolem
2489 1546 2753 1616 martyrio
2779 1544 3021 1608 decorat.

223 1639 489 1698 immunes
524 1640 772 1711 manibus
800 1641 968 1700 simus
997 1650 1051 1715 et
1080 1641 1306 1702 actibus,
1815 1636 1861 1694 0
1887 1637 2086 1706 patria,
2117 1651 2150 1692 ο
2183 1636 2412 1706 populus
2443 1643 2595 1690 tanto
2621 1636 2790 1690 ditata
2817 1643 3060 1705 patrono,

323 1727 552 1803 Sensum
582 1730 744 1790 corde
767 1731 914 1799 pium
944 1731 1132 1785 confer
1155 1740 1206 1785 et
1235 1730 1518 1799 optimum,
1888 1727 1992 1781 Per
2014 1741 2175 1798 quem
2201 1726 2310 1781 vita
2337 1726 2508 1792 venit,
2534 1740 2567 1780 o
2595 1725 2793 1794 patria,
2825 1739 2857 1778 ο
2881 1723 3135 1796 populus!
3265 1791 3273 1806 ε

293 1819 362 1876 Ut
387 1831 438 1874 te
462 1821 564 1875 rite
590 1820 828 1876 colentes
852 1836 1140 1876 cernamus
1158 1821 1446 1875 Dominum
1468 1834 1674 1890 greges.
1740 1810 1787 1886 B
1817 1820 2091 1889 Dignaque
2116 1833 2236 1888 qua:
2267 1817 2466 1882 fueras,
2504 1833 2537 1872 ο
2562 1825 2750 1886 terque
2775 1826 3072 1887 quaterque
3097 1814 3274 1880 beata,
3295 1855 3304 1861 .

221 1911 382 1980 Cujus
407 1911 554 1967 orbis
579 1913 770 1977 honor,
800 1910 952 1981 cujus
977 1921 1032 1967 et
1055 1913 1254 1966 aethera
1270 1951 1286 1980 ,
1884 1909 2120 1980 Pratsule
2149 1910 2359 1980 hocque
2385 1909 2498 1980 regi
2526 1908 2794 1979 dignaque
2816 1924 2934 1978 quae
2960 1906 3164 1962 fueras!

289 1999 455 2069 (Itstjus
479 2001 588 2056 vita
616 2001 784 2069 salus,
815 2011 870 2057 et
893 2003 1030 2057 bona
1061 1989 1319 2069 maxima,
1349 2027 1354 2032 ’
1815 2001 2001 2058 Gloria
2027 2001 2188 2072 digna
2218 2001 2350 2066 Deo,
2377 1999 2541 2055 talem
2573 1999 2664 2070 qui
2695 1999 2843 2058 illum
2873 1999 3021 2056 dedit
3043 2011 3181 2064 esse,

278 2093 1189 2166 Esteuinomeninwvum,regnum
1203 2103 1518 2168 perpetuum
1535 2095 1713 2150 simul.
1887 2091 2098 2164 Quique
2127 2092 2275 2148 dedit
2299 2091 2476 2156 nobis,
2510 2090 2680 2162 gloria
2707 2106 2899 2161 magna
2930 2090 3058 2145 Deo.

220 2185 302 2240 Sit
329 2184 478 2240 Patri
509 2186 750 2256 ingenito
779 2185 950 2257 gloria
977 2187 1212 2241 maxima
1816 2187 1997 2262 Gloria
2021 2200 2215 2256 magna
2241 2185 2352 2241 Deo
2374 2199 2608 2255 semper,
2635 2199 2732 2254 per
2759 2183 2952 2238 saecula
2980 2190 3173 2238 cuncta

287 2275 370 2332 Sit
397 2275 534 2332 Nato
564 2277 769 2346 pariter
795 2293 1031 2333 consona
1062 2279 1250 2348 gloria,
1887 2278 2139 2334 Dicamus
2163 2290 2353 2332 omnes
2386 2293 2399 2328 :
2433 2275 2613 2332 Gloria
2641 2283 2835 2346 magna
2861 2275 2990 2330 Deo.

286 2365 421 2444 Cum
450 2365 604 2421 Flatu
629 2367 791 2422 simul
813 2368 953 2424 almo
982 2383 1079 2438 per
1105 2377 1297 2425 cuncta
1328 2368 1415 2440 pie
1443 2370 1655 2449 ε’»ειεςιιιειτ
1939 2408 2080 2470 XXI.
2105 2439 2173 2452 __
2195 2423 2252 2466 ω
2276 2421 2489 2465 unus
2517 2420 2710 2464 suc"
2740 2419 2964 2463 unus
2993 2419 3263 2460 “081°”.

217 2501 334 2556 XX.
362 2529 433 2544 -—
451 2517 659 2560 timus
683 2517 738 2561 IN
763 2520 974 2565 LAUDEI!
1001 2519 1046 2561 s.
1076 2521 1340 2576 BONIFACII
1367 2522 1654 2582 nummis,
1955 2543 2120 2602 Nobis
2148 2557 2277 2601 ecce
2301 2543 2418 2599 dies
2446 2542 2635 2600 ordine
2660 2557 2918 2612 congruo,

144 2636 350 2707 Inclyta
384 2649 692 2696 sanctorum
724 2657 844 2698 cum
876 2643 1042 2716 gloria
1071 2645 1267 2701 crescit
1291 2645 1506 2716 ubique.

219 2729 288 2782 Et
316 2730 566 2808 meritum
599 2732 856 2804 splendor
879 2735 1047 2806 fulget
1070 2737 1123 2790 in
1153 2735 1285 2792 orbe
1313 2737 1434 2794 soli.

143 2817 276 2912 Asia
305 2822 614 2898 magniﬁcat
639 2824 898 2890 Jacobum
917 2867 931 2890 ,
962 2827 1198 2883 Ausonia
1225 2843 1438 2900 quoque
1477 2826 1714 2912 Petrum,

216 2910 589 2985 Joannemque
617 2916 884 2987 Ephesus,
909 2917 1092 2978 Africa
1119 2918 1468 2990 Cyprianum.

144 3001 266 3057 Non
297 3003 476 3060 minus
504 3007 750 3079 exaltans
776 3009 1012 3064 celebrat
1043 2995 1332 3066 Germania
1361 3009 1545 3082 laudes

217 3092 288 3147 Et
307 3093 568 3152 Bonifacii
599 3112 735 3168 Opus
756 3101 1014 3172 martyris
1043 3101 1354 3158 almificum.
1440 3084 1447 3089 l

143 3181 378 3256 Ordinat
403 3186 550 3263 hunc
573 3187 770 3257 Roma,
794 3191 1065 3267 mittitque
1099 3190 1378 3249 Britannia
1405 3203 1579 3250 mater

218 3273 508 3332 Ductorem
541 3279 753 3358 populis
778 3280 882 3337 hoc
911 3283 1074 3339 deeus
1101 3283 1374 3340 Ecclesiae.

149 3362 474 3422 Pontiﬁcem
497 3381 767 3425 summum
791 3371 1067 3443 signorum
1098 3374 1320 3445 fulmine
1348 3375 1572 3448 clarum,

217 3455 444 3538 Eloquio
466 3461 716 3537 nitidum,
747 3455 987 3532 moribus
1009 3451 1302 3540 egregium.
1571 3454 1573 3456 E

143 3544 325 3602 Tanta
351 3551 681 3626 prophetalis
703 3570 864 3623 quem
891 3558 1063 3626 gratia
1095 3558 1247 3615 fulcit
1275 3561 1517 3626 honoris,

220 3635 461 3695 Ventura
491 3649 551 3694 ut
576 3643 743 3696 multa
767 3646 971 3700 rettulit
995 3649 1073 3702 uti
1103 3665 1261 3704 nova.

144 3727 322 3794 Quem
359 3727 596 3788 Francos
624 3732 897 3805 Frcsoque
927 3738 1086 3815 simul
1125 3740 1377 3813 Saxoque
1412 3744 1719 3806 ministrum

221 3819 464 3877 IEternte
492 3823 618 3877 vitae
642 3825 900 3894 prtedicet
926 3842 1047 3884 esse
1073 3829 1197 3884 sibi.

147 3913 474 3986 Quanquam
503 3915 800 3974 Fresonum
829 3933 960 3992 gens
988 3922 1226 3978 moribus
1248 3921 1412 3979 effera
1439 3939 1653 3996 semper

223 4004 476 4078 Martyris
500 4021 630 4078 ergo
655 4025 848 4079 manus
873 4012 1132 4083 sanguine
1157 4013 1409 4084 polluerit
1442 4034 1455 4068 :

146 4096 414 4154 Prmdixit
449 4098 651 4172 Christi
678 4103 772 4158 sed
797 4118 901 4158 vox
926 4105 1206 4160 verissima
1237 4106 1380 4178 quod
1401 4087 1550 4163 nunc

222 4193 480 4249 Cernitur
505 4179 783 4266 impletum
809 4195 1055 4272 pluribus
1082 4213 1206 4255 esse
1241 4198 1392 4256 locis.

148 4283 306 4350 Quod
337 4293 480 4341 terra
512 4286 764 4353 moritur,
801 4287 1130 4344 frumentum
1154 4289 1382 4361 plurima
1408 4291 1622 4358 confert

223 4377 468 4445 Semina,
494 4377 838 4450 fructumque
869 4381 1231 4454 multiplicare
1257 4383 1439 4441 studet
1464 4404 1477 4438 :

150 4465 354 4537 Sicque
381 4470 680 4526 sacerdotis
705 4472 917 4527 Domini
943 4472 1216 4530 laetissima
1239 4477 1438 4533 crescit

225 4561 422 4617 Paucis
447 4577 514 4619 ex
541 4564 726 4635 granis
753 4565 1100 4636 glorificanda
1123 4584 1296 4640 seges.

151 4651 397 4708 Mortuus
421 4669 548 4710 ecce
573 4655 753 4722 modo,
783 4657 1076 4729 vivensque
1105 4657 1312 4715 solebat
1353 4668 1414 4716 ut
1442 4669 1588 4727 ante,

226 4743 494 4802 Lucratur
524 4745 738 4820 Christo
759 4750 973 4820 agmina
997 4751 1308 4826 multivaga.

155 4833 322 4906 Signa
351 4846 572 4892 movent
593 4839 838 4908 populos,
865 4835 1097 4898 cernent'
1117 4825 1383 4913 magnalia
1413 4845 1558 4908 caeci,

228 4918 614 4999 Sudorumque
631 4945 798 4986 sonus
822 4932 1049 4987 auribus
1077 4932 1189 5002 ipse
1215 4941 1386 4994 tonat.

156 5013 470 5073 Morborum
495 5019 708 5092 fugiunt
736 5019 908 5090 labes,
939 5021 1089 5086 furor
1121 5024 1318 5094 impius
1343 5027 1445 5082 atri

231 5107 500 5164 Dtemonis
520 5110 735 5189 absistit
763 5113 1016 5184 martyris
1039 5130 1110 5184 ex.
1132 5117 1404 5185 precibus.

159 5195 361 5268 Sicque
390 5207 540 5254 tuum
568 5200 828 5258 famulum
854 5202 1103 5264 Christus
1129 5206 1317 5263 ditavit
1341 5209 1564 5278 honore,

235 5290 304 5345 Ut
338 5293 708 5377 regnet_cmlo,
741 5295 970 5366 imperet
992 5305 1154 5369 atque
1175 5299 1309 5356 solo.

161 5379 453 5437 Multorum
479 5394 710 5441 aeternas
731 5387 994 5444 Dominus
1017 5391 1110 5454 dat
1139 5404 1388 5447 crescere
1413 5391 1618 5459 laudes,

233 5473 379 5540 Quos
406 5474 529 5530 fidei
556 5477 808 5534 meritum
840 5480 1044 5536 fecerat
1070 5495 1191 5538 esse
1220 5498 1424 5540 sacros.

167 5562 274 5619 Sed
305 5568 497 5624 merito
518 5570 774 5628 Ecclesia
801 5573 1090 5630 laudantur
1115 5577 1167 5631 in
1199 5579 1332 5634 orbe
1359 5577 1626 5649 magistri,

237 5657 382 5724 Quos
405 5676 540 5731 opus
570 5672 626 5719 et
652 5667 878 5723 verbum
902 5677 1172 5739 przeparat
1195 5677 1357 5740 atque
1385 5671 1534 5726 fides.

167 5749 309 5819 F.th
337 5753 416 5806 vir
442 5755 542 5811 ista
569 5754 663 5812 Dei
696 5772 954 5828 spernens
978 5760 1246 5816 mundana
1276 5762 1511 5832 reliquit,

1957 2635 2118 2705 Venit
2142 2636 2284 2690 hunc
2305 2635 2560 2701 celebris,
2592 2634 2792 2699 clarus,
2818 2633 3084 2698 amabilis,

2097 2726 2214 2794 Quo
2241 2726 2413 2781 victor
2436 2740 2597 2796 super
2625 2723 2732 2779 alta

2099 2817 2321 2874 Scandit
2343 2830 2572 2887 propere
2603 2815 2781 2870 sidera

1959 2907 2204 2965 Andreas
2227 2906 2443 2962 Domini
2473 2913 2692 2961 sanctus
2722 2903 2997 2976 apostolus

1960 2987 2371 3067 Germanusque
2391 2996 2536 3052 Petri
2573 2994 2833 3066 principis
2863 2992 3064 3064 inclyti,

2081 3089 2339 3166 Princeps
2369 3088 2483 3157 ipse
2510 3085 2702 3150 virilis,
2995 3103 2998 3106 ’

2073 3180 2311 3238 Consors
2337 3179 2600 3252 martyrio
2629 3177 2748 3232 fuit.

1962 3273 2102 3329 Dum
2131 3271 2405 3330 Christum
2437 3268 2662 3326 comites
2689 3265 2962 3340 gressibus
2991 3273 3044 3318 et
3077 3279 3235 3336 pares

1967 3366 2266 3436 Exaequant
2291 3361 2517 3434 pariter,
2551 3359 2799 3431 dogmata
2827 3356 3081 3425 colligunt

1981 3443 1983 3446 i
2103 3459 2254 3534 Ejus,
2283 3467 2458 3515 morte
2483 3464 2781 3529 sequuntur

2105 3551 2174 3607 Et
2197 3551 2422 3622 vestigia
2447 3566 2544 3620 per
2570 3563 2808 3604 crucem.

1967 3644 2212 3711 Piscator
2239 3644 2417 3698 fuerat
2441 3642 2631 3706 Petrus
2658 3651 2712 3697 et
2741 3641 3003 3705 Andreas,

1968 3737 2097 3806 Post
2118 3734 2279 3788 ambo
2306 3733 2522 3804 rapiunt
2545 3732 2690 3787 orbis
2717 3740 2772 3786 et
2804 3732 3032 3801 agmina,

2102 3825 2331 3886 Vastant
2360 3839 2578 3895 aequora
2605 3825 2810 3889 mundi,

2103 3918 2186 3973 Ad
2216 3933 2380 3988 regna
2417 3926 2579 3986 atque
2606 3915 2824 3970 trahunt
2849 3915 2974 3986 poli.

1969 4011 2201 4067 Laudem
2231 4009 2333 4064 rite
2358 4009 2538 4070 crucis
2562 4006 2772 4062 fortiter
2799 4013 3077 4076 expetunt,

1969 4104 2102 4182 Dum
2134 4101 2334 4166 Christi
2361 4101 2630 4171 crepitant
2656 4099 2721 4155 de
2747 4113 2906 4154 cruce
2935 4097 3186 4168 gloriam,

2103 4193 2238 4250 Coeli
2265 4208 2430 4264 regna
2461 4199 2767 4262 capessunt,

2106 4286 2284 4342 Vitam
2309 4287 2376 4342 de
2409 4301 2574 4340 cruce
2601 4284 2873 4370 golligunt.

1966 4379 2210 4436 Andreas
2242 4378 2450 4447 utique,
2478 4375 2816 4446 conspiciens
2841 4387 3078 4436 crucem,

1973 4469 2251 4528 Exclamat
2277 4469 2456 4525 subito
2481 4467 2659 4522 taliter
2686 4467 2938 4522 intonans
2967 4482 2980 4516 :

2111 4561 2293 4628 Salve,
2325 4569 2512 4617 sancte
2539 4558 2860 4627 triumphus,

2107 4653 2307 4713 Christi
2333 4659 2624 4724 perpetuus
2650 4649 2842 4704 honor.

1970 4749 2052 4806 Me
2082 4762 2227 4804 nunc
2252 4756 2308 4802 tu
2337 4743 2594 4800 famulum
2628 4741 2840 4811 suscipe
2869 4751 3152 4800 cernuum,

1972 4843 2100 4910 Quae
2127 4838 2328 4894 dudum
2356 4835 2642 4891 Dominum
2669 4829 2939 4888 extuleras
2965 4827 3134 4898 pium.

2113 4932 2193 4988 Tu
2223 4946 2366 4985 nunc
2395 4928 2558 4984 redde
2586 4925 2864 4994 magistro,

2121 5025 2251 5093 Quae
2277 5037 2364 5077 me
2390 5019 2724 5090 exquisieras
2752 5019 2881 5073 Deo.

1975 5116 2142 5186 Hujus
2166 5129 2264 5171 nos
2287 5113 2559 5185 precibus,
2596 5109 2826 5174 Christe,
2851 5106 3107 5180 piissimis

1980 5206 2234 5272 Absolve,
2256 5205 2510 5275 petimus,
2542 5202 2658 5272 ipse
2681 5199 2919 5254 reatibus

2117 5298 2249 5353 Luci
2275 5297 2426 5352 trade
2457 5294 2785 5364 redemptos,

2122 5389 2366 5459 Purgans
2393 5385 2653 5456 sanguine.
2683 5382 2887 5439 noxios.

1977 5485 2054 5539 Da
2080 5491 2317 5538 mentem
2345 5479 2604 5544 sobriam,
2631 5478 2708 5533 sic
2736 5477 2878 5547 regis
2908 5473 3191 5542 advenam,

1979 5577 2056 5630 Da
2085 5584 2292 5631 stamen
2319 5572 2498 5643 operis
2523 5570 2589 5626 de
2616 5569 2728 5625 fece
2751 5566 3011 5638 corporis,

2126 5665 2292 5729 Intus,
2324 5663 2475 5728 foris,
2509 5663 2709 5731 ubique

2124 5759 2200 5812 Tu
2228 5772 2344 5825 nos,
2375 5755 2585 5828 inclyte,
2622 5761 2861 5823 pmlegc.
