3944 6320
703 376 841 432 1667
1376 373 1436 428 Β.
1479 373 1731 428 RABANI
1770 373 1987 430 MAUEI
2026 371 2288 430 ABCﬂIEl

1935 375 1987 430 ill
2026 371 2338 430 ABCﬂlEP.
2382 370 2688 428 HOGIJNT.
2727 370 3006 428 OPERUM
3044 371 3220 427 PARS
3252 373 3330 429 ιγ.
3678 391 3747 450 ης
3787 327 3794 448 ll

776 489 945 544 Deum
981 501 1188 552 verum,
1228 501 1519 552 summum,
1559 488 1785 558 justum,
1817 489 1997 543 omnia
2034 487 2123 557 qui
2155 501 2281 540 con«
2309 491 2359 545 Α
2457 483 2608 540 Unde
2666 501 2828 556 regna
2874 499 3086 556 semper
3126 485 3240 541 laeta
3280 503 3515 560 capessere
3548 496 3748 568 (ρωιοᾱαε,

776 669 945 738 Quem
983 671 1073 740 qui
1104 670 1283 735 timet,
1315 669 1432 741 ipse
1452 670 1616 726 habet
1642 670 1923 726 charitatis
1950 669 2242 724 vinculum.
2386 666 2583 732 Xriste,
2616 667 2735 722 fave
2761 669 2922 732 votis,
2953 659 3079 724 Jcsu
3113 672 3292 742 regum
3310 671 3411 729 lle:
3435 675 3478 730 et
3493 659 3664 746 Domine,

709 765 833 818 Dira
865 762 1055 828 fames,
1081 763 1302 834 duplum
1333 763 1534 818 malum
1559 772 1643 819 est
1670 765 1864 833 cupido
1885 763 2136 833 pessima,
2454 761 2630 818 Trahe
2656 764 2724 819 ad
2755 763 2933 835 teﬁqui
2959 765 3009 818 te
3033 763 3220 820 volunt
3255 766 3483 824 charitate
3501 775 3662 844 sequia,

776 853 1091 910 Dimittendi
1113 863 1168 910 et
1192 853 1420 923 augendi
1440 869 1655 924 semper
1679 854 1786 909 erit
1809 854 2000 918 anxia;
2453 852 2587 919 Quia
2618 863 2672 907 tu
2701 869 2760 909 es
2787 854 2897 908 vita
2922 851 3122 922 luxque
3147 855 3328 925 viaque
3347 870 3569 928 perpetua.

776 944 895 1012 Ipsa
911 958 1142 1012 namque
1159 952 1212 997 et
1230 943 1474 1012 gehenna
1506 960 1779 1014 nunquam
1803 945 2025 1000 dicunt:
2053 942 2277 999 Sumcit.
2387 941 2615 996 Ymnum
2657 942 2752 997 tibi
2781 958 2926 998 nunc
2950 951 3251 1026 cantamus,
3281 961 3412 1001 sacra
3439 961 3578 1006 sancta
3602 955 3748 1025 charim,

704 1035 784 1090 Ex
816 1037 998 1091 radice
1023 1035 1306 1090 charitatis
1325 1039 1516 1090 cuncta
1546 1039 1684 1092 bona
1708 1037 1998 1106 prodeunt,
2453 1031 2586 1100 Quia
2617 1042 2672 1087 tu
2700 1048 2759 1087 es
2780 1031 3058 1088 benedicta
3089 1035 3230 1089 celsa
3250 1039 3480 1093 scandens
3503 1033 3657 1111 ethera,

777 1125 1022 1196 Namque
1044 1125 1226 1195 lingua
1254 1125 1570 1193 angelorum
1601 1125 1761 1180 simul
1797 1133 1959 1196 atque
1979 1126 2278 1192 hominum,
2453 1125 2582 1190 Qua:
2609 1134 2694 1179 est
2721 1140 2880 1180 omen
2907 1134 3072 1194 atque
3099 1141 3289 1183 nomen
3321 1128 3405 1184 Dei
3423 1128 3560 1188 Patris
3579 1135 3704 1204 gloria:

778 1216 915 1270 Huic
936 1216 1048 1270 sola
1077 1223 1410 1284 comparata,
1435 1232 1555 1285 quae
1580 1225 1665 1271 est
1687 1228 1861 1271 mater
1885 1217 2150 1272 omnium.
2381 1212 2682 1284 Zmaragdo
2706 1214 2851 1269 luces
2871 1214 3169 1284 pulchrior,
3193 1219 3330 1272 omni
3349 1235 3518 1288 gemma
3541 1222 3680 1278 clarior.

704 1306 841 1361 Fera
870 1305 1049 1370 fallax,
1084 1305 1223 1361 fetor
1251 1306 1444 1372 malus,
1476 1307 1594 1362 haec
1619 1316 1702 1363 est
1730 1309 1978 1375 avaritia,
2451 1303 2606 1360 Nitor
2634 1305 2939 1376 splendens,
2972 1321 3139 1376 super
3164 1309 3326 1362 aethra
3351 1311 3510 1365 sedens
3527 1311 3604 1368 alto
3618 1314 3710 1379 solio,

777 1395 906 1461 Qua:
933 1396 1017 1449 est
1042 1396 1214 1450 tristis
1235 1403 1289 1450 et
1314 1411 1508 1466 rugosa
1537 1405 1592 1452 et
1621 1397 2018 1463 intollerahills,
2451 1391 2558 1451 Fac
2587 1405 2648 1450 ut
2669 1406 2845 1452 tecum
2879 1397 3148 1453 charitate
3173 1413 3434 1468 regnemus
3457 1402 3645 1472 ingloria.

779 1485 899 1555 Ipsa
929 1487 1054 1551 sibi,
1084 1487 1212 1541 nulli
1237 1486 1463 1542 fratrum
1487 1487 1700 1544 confert
1725 1489 2072 1544 adminicula.
2475 1509 2683 1565 χχγῃ,
2715 1540 2781 1550 __
2800 1525 2853 1565 ιη
2890 1525 3248 1567 nsum-1.“;
3275 1513 3534 1572 suam,"
3559 1533 3696 1575 om“

725 1577 910 1643 Grata,
943 1579 1060 1640 laeta
1092 1583 1147 1634 et
1175 1578 1368 1634 alacris
1394 1581 1564 1634 virtus
1587 1581 1690 1636 ista
1717 1582 1972 1645 maxima,

779 1669 982 1733 Credit,
1011 1681 1157 1724 amat
1187 1680 1346 1740 atque
1369 1681 1573 1741 Sperat,
1602 1673 1890 1741 omniaque
1912 1673 2138 1727 sustinet
2169 1689 2182 1725 :

777 1758 1053 1814 Patienter
1080 1769 1272 1816 cuncta
1293 1769 1530 1831 gestans,
1570 1761 1718 1816 laxat
1742 1771 1925 1817 nostra
1955 1762 2202 1817 crimina.
2307 1821 2348 1838 ᾖ

701 1847 853 1902 Heu!
905 1864 1067 1917 quam
1096 1849 1323 1904 dolenda
1365 1851 1525 1905 nimis
1565 1851 1679 1906 haec
1714 1860 1798 1906 est
1844 1852 2018 1906 inanis
2055 1851 2269 1922 stipula,
2306 1837 2350 1896 Β

695 1934 698 1941 ’
772 1939 1000 2010 Semper
1045 1942 1282 1996 stridens
1320 1952 1478 2014 atque
1521 1945 1774 2000 mordens
1821 1943 2180 2014 frendensq'ue
2220 1945 2275 2000 in

1980 2035 2160 2108 [labiis
2185 2038 2198 2090 !

775 2122 900 2190 Qnae
929 2128 1028 2180 nec'
1059 2126 1158 2180 sibi
1189 2127 1496 2194 miseretur,
1520 2144 1621 2184 nec
1647 2127 1915 2185 succurrit
1938 2127 2075 2183 aliis.

700 2213 795 2268 Ille
819 2231 1052 2285 namque
1081 2219 1364 2274 charitatis
1391 2222 1636 2290 sequitur
1665 2223 1892 2293 vestigia

771 2307 873 2373 Qui
919 2316 976 2362 et
1029 2307 1225 2367 fratres
1277 2319 1462 2377 amat,
1511 2323 1733 2384 propter
1783 2313 2174 2384 Dominumque
2219 2314 2274 2369 in'

1933 2401 2198 2476 [proximo

785 2493 1103 2557 Vcneratur,
1131 2501 1190 2546 ut
1211 2488 1294 2546 lein
1321 2494 1480 2548 docet
1502 2492 1771 2563 diligendo
1796 2493 2014 2565 iugiter.

699 2583 884 2653 Iialips
927 2581 1218 2658 [Chalybs]
1265 2582 1393 2637 item
1441 2580 1722 2638 infernalis
1741 2591 1829 2638 est
1876 2599 2076 2640 avarus
2121 2583 2275 2640 cieri:

2069 2675 2210 2748 [cus,

767 2752 874 2850 Πϋί
897 2765 1144 2836 exempla
1174 2764 1577 2836 Scripturarum
1601 2766 1952 2822 convertitin
1973 2767 2185 2832 vitium,

775 2853 920 2923 Quod
951 2872 1049 2912 nec
1075 2855 1272 2911 Paulus
1300 2855 1444 2910 inter
1471 2864 1687 2910 sanctos
1713 2855 1982 2910 nominari
2019 2855 2229 2912 censuit
2253 2849 2268 2908 Ξ

695 2946 901 3002 Laetum
935 2958 1115 3002 tamen
1145 2947 1457 3017 largitorem
1486 2947 1662 3017 ipsum
1690 2955 1836 3000 amat
1860 2947 2137 3011 Dominus,

767 3038 868 3104 Qui
894 3038 1090 3094 alacris
1117 3053 1331 3108 semper
1356 3053 1512 3092 suum
1539 3037 1783 3108 impertit
1812 3036 2170 3108 pauperibus;

768 3128 895 3198 Ejus
929 3145 1161 3200 namque
1182 3129 1407 3197 justitize
1433 3137 1714 3198 permanet
1742 3130 1795 3184 in
1825 3127 2040 3184 saecula.

695 3220 833 3276 Male
861 3236 992 3276 vero
1021 3221 1309 3276 distributa
1345 3219 1518 3290 ipsum
1554 3227 1702 3274 amat
1729 3219 2010 3274 Dominum
2039 3236 2054 3272 :

764 3310 988 3378 Quando
1015 3326 1110 3366 ore
1139 3310 1521 3375 murmuranti,
1547 3311 1712 3366 corde
1741 3325 1954 3380 quoque
1987 3311 2210 3375 dolenti,

765 3402 867 3454 Dat
897 3413 1098 3464 tamen,
1126 3400 1220 3456 sed
1240 3399 1354 3468 jam
1382 3416 1490 3454 non
1510 3400 1614 3454 erit
1639 3416 1848 3456 summo
1877 3401 1988 3458 Deo
2017 3399 2235 3472 placita;

697 3491 834 3544 Natu
865 3491 959 3545 Dei
989 3487 1113 3545 felix
1150 3491 1314 3546 homo
1345 3489 1642 3544 colluctatur
1670 3489 1945 3553 fratribus,

769 3579 1048 3635 Misellinis
1073 3587 1129 3634 et
1153 3579 1389 3650 pupillis,
1425 3587 1481 3633 et
1499 3580 1682 3650 egenis
1709 3591 1766 3635 et
1784 3580 2063 3652 orphanis,

764 3672 822 3726 In
853 3671 941 3727 his
968 3681 1322 3743 susceperunt
1351 3670 1452 3726 viri
1477 3671 1606 3726 celsi
1635 3671 1940 3727 Dominum.

693 3766 834 3822 Olim
857 3767 1079 3838 jamque
1104 3765 1379 3821 exstitisse
1409 3779 1578 3821 sacrm
1605 3764 1785 3820 ferunt
1808 3767 2036 3837 paginzr,

761 3859 914 3927 Quod
939 3875 1040 3915 nec
1065 3859 1206 3914 ullus
1232 3867 1362 3929 puto
1387 3858 1519 3914 latet
1543 3872 1835 3929 pauperem
1870 3867 1925 3914 et
1952 3859 2197 3915 divitem;

764 3953 909 4018 Quos
943 3950 1036 4019 qui
1061 3949 1175 4004 vult
1201 3949 1709 4004 considerare.......

697 4040 909 4110 Pauper
935 4039 1058 4094 felix
1091 4039 1386 4095 collocatur
1410 4040 1530 4094 sinu
1555 4053 1765 4095 summo
1787 4038 2016 4094 Abrahae

765 4130 1108 4194 Patriarchac,
1137 4130 1488 4200 glomeratur,
1516 4130 1680 4185 decos
1705 4131 1907 4185 sanctis
1938 4129 2156 4195 aedibus,

761 4220 919 4274 Dives
946 4224 1074 4274 vero
1103 4224 1386 4274 catenatus
1413 4221 1756 4290 mancipatur
1781 4219 2012 4290 ignibus.

2778 1607 2944 1674 (Apud
2966 1609 3297 1674 Thomasium,
3321 1617 3424 1662 tom.
3444 1612 3511 1673 ll.)

2834 1711 3075 1781 Christe,
3112 1713 3422 1785 Redemptor
3442 1719 3627 1783 omnium,

2777 1803 3050 1861 Conserva
3088 1815 3210 1862 tuos
3231 1805 3440 1863 famulos

2764 1893 2943 1950 Beata:
2967 1910 3188 1965 semper
3210 1897 3416 1967 virginis

2761 1983 3010 2040 Placatus
3037 1986 3243 2042 sanctis
3267 1987 3498 2057 precibus.

2827 2073 2996 2130 Beata
3024 2091 3243 2145 quoque
3265 2077 3454 2146 agmina

2763 2163 3081 2219 Caelestium
3113 2167 3408 2236 spirituum,

2760 2253 3070 2322 Praeterito,
3105 2256 3400 2327 praesentia,

2764 2345 2966 2402 Futura
2995 2347 3143 2402 mala
3173 2347 3366 2420 pellite.

2833 2439 2996 2495 Vates
3021 2442 3219 2496 aeterni
3243 2441 3430 2498 Iudicis

2758 2531 3116 2602 Apostolique
3153 2533 3376 2600 Domini,

2769 2621 3100 2692 Suppliciter
3127 2626 3444 2694 exposcimus

2761 2713 2970 2772 Salvari
3001 2720 3210 2774 vestris
3231 2721 3472 2790 precibus.

2830 2807 3100 2878 Martyres
3121 2811 3216 2866 Dei
3237 2801 3414 2883 inclyti

2759 2895 3222 2972 Confessoresque
3250 2901 3415 2970 lucidi,

2753 2983 2960 3046 Vestris
2985 2993 3324 3050 orationibus

2761 3068 2869 3137 Nos
2891 3081 3026 3137 ferte
3047 3083 3108 3138 in
3140 3084 3450 3143 coelestibus.

2295 3161 2343 3240 (ᾖ
2830 3173 2994 3229 Chori
3018 3185 3331 3233 sanctarum
3359 3179 3573 3250 virginum

2764 3264 3265 3339 Monachorumque
3291 3271 3496 3326 omnium

2753 3351 2926 3413 Simul
2953 3375 3076 3414 cum
3113 3363 3314 3417 sanctis
3333 3363 3540 3418 omnibus

2756 3445 3046 3504 Consortes
3077 3450 3286 3508 Christi
3314 3452 3472 3509 facite.

2821 3539 3049 3596 Gentem
3079 3544 3292 3601 auferte
3321 3546 3541 3616 perfidam

2755 3629 3107 3688 Credentium
3135 3636 3203 3692 de
3232 3635 3432 3700 ﬁnibus,

2760 3721 2832 3777 Ut
2854 3721 3068 3780 Christo
3087 3725 3287 3782 laudes
3312 3728 3493 3783 debitas

2757 3811 3138 3872 Persolvamus
3167 3809 3422 3873 alacriter.

2794 3911 2801 3921 '
2829 3903 3012 3960 Gloria
3046 3904 3198 3962 Patri
3227 3909 3444 3978 ingenito

2756 3995 2992 4068 Ejusque
3019 3996 3324 4073 Unigenito,

2762 4087 2877 4144 Una
2907 4105 3028 4144 cum
3051 4102 3242 4148 sancto
3267 4092 3449 4164 Spiritu

2777 4177 2834 4234 In
2863 4181 3195 4251 sempiterna
3223 4182 3421 4239 sarcula.

689 4308 888 4375 taarc,
917 4307 1087 4363 frater
1115 4307 1442 4374 Christiane,
1474 4274 1733 4380 tale‘post
1757 4274 1987 4364 erilium
2724 4356 2745 4380 ᾖ
2777 4379 2780 4380 ν
3210 4274 3390 4330 Amen-

761 4399 832 4453 Es
853 4399 1136 4454 immemor
1159 4408 1513 4471 utrorumque
1533 4400 1786 4455 mternale
1815 4400 2095 4470 praemium
2114 4395 2140 4454 17

1935 4395 2140 4456 mium?"
2724 4378 2955 4436 XXVIII.
2980 4412 3050 4424 -—
3075 4398 3130 4438 ιη
3169 4395 3335 4440 εουει
3370 4397 3528 4439 resto.

759 4489 861 4556 Qui
887 4501 1106 4562 propter
1138 4491 1301 4546 vitam
1332 4492 1492 4546 istam
1531 4507 1752 4563 parvam
1787 4493 1935 4564 capis
1965 4501 2113 4548 tuum
2143 4509 2258 4548 me-
2291 4523 2343 4587 Π
2819 4493 2970 4561 Jesu,
2994 4495 3244 4553 Salvator
3260 4497 3440 4563 saeculi,

1988 4582 2192 4656 [t-itum,
2291 4582 2326 4587 ⁷⁷
2761 4584 3073 4656 Redemptis
3104 4605 3204 4659 Ope
3230 4589 3451 4654 subveni,

690 4670 803 4726 Rex
829 4681 1081 4738 aeternus,
1113 4673 1311 4729 Rector
1341 4690 1526 4745 regum
1559 4674 1842 4746 legumque
1875 4676 2188 4747 dispositor,
2750 4677 2816 4732 Et
2843 4681 2930 4747 pia
2956 4680 3049 4735 Dei
3077 4683 3303 4752 genitrix

759 4760 877 4830 Ipse
921 4763 1086 4819 reddo
1129 4761 1351 4837 [reddit]
1392 4764 1600 4820 cunctis
1642 4779 1852 4834 aequum
1888 4780 1984 4835 pro
2021 4766 2178 4821 factis
2205 4775 2259 4820 ct
2755 4770 2993 4828 Salutem
3019 4779 3184 4843 posCe
3212 4775 3426 4830 miseris.

1935 4856 2187 4930 [meritis,
2815 4862 3000 4920 Ctetns
3022 4881 3209 4921 omnes
3233 4865 3437 4935 angelici

757 4941 887 5009 Quae
906 4955 1027 5015 post
1050 4947 1209 5018 hujus
1229 4945 1372 5002 saecli
1393 4957 1608 5002 noctem
1632 4963 1729 5003 nos
1752 4949 1805 5004 in
1824 4950 1932 5004 imo
1951 4959 2253 5019 penetrant.
2748 4951 3185 5009 Patriarcharnnt
3212 4956 3362 5010 cunei

690 5025 832 5088 Sana
873 5035 976 5091 [ide
1003 5047 1190 5092 sancte
1219 5035 1444 5110 [sanctae
1468 5036 1606 5109 spei]
1635 5040 1814 5104 homo,
1844 5040 2063 5094 intende
2095 5056 2252 5110 saga-
2753 5043 2818 5096 Et
2853 5044 3235 5113 prophetarum
3260 5045 3434 5099 merita

1567 5175 1570 5180 .
2018 5129 2195 5204 [citer,
2741 5132 2904 5188 Nobis
2932 5147 3218 5205 precentur
3245 5135 3453 5191 veniam.

757 5213 888 5292 Quia
913 5226 1128 5271 cessant
1154 5218 1284 5274 fides
1313 5229 1475 5289 atque
1497 5219 1611 5289 ipsa
1643 5235 1765 5289 spes
1787 5220 1838 5274 in
1864 5221 2071 5287 ultimo,
2822 5224 3060 5296 Baptista
3091 5227 3286 5282 Christi
3319 5225 3512 5297 prazvius

755 5305 895 5361 Laeta
922 5319 1098 5363 tamen
1122 5308 1235 5364 haec
1262 5310 1316 5365 in
1344 5326 1516 5366 mvum
1549 5310 1695 5365 clara
1727 5319 1917 5380 regnat
1937 5313 2192 5367 charitas.
2748 5316 2813 5369 Et
2835 5317 3068 5387 claviger
3093 5319 3367 5379 aethereus,

685 5394 823 5450 Toto
848 5397 969 5453 nisu
992 5413 1024 5454 ο
1049 5397 1206 5453 beata
1227 5401 1511 5456 charitatis
1531 5402 1741 5456 viscera
2743 5407 2876 5461 Cum
2904 5409 3115 5464 caeteris
3146 5409 3388 5478 apostolis

755 5485 984 5557 Semper
997 5500 1174 5544 mente
1196 5491 1420 5545 retinete
1438 5531 1452 5555 ,
1476 5506 1690 5560 semper
1717 5505 1811 5546 ore
1833 5492 2084 5562 promite,
2745 5496 2850 5551 Nos
2873 5497 3082 5552 solvant
3106 5515 3241 5553 nexu
3270 5495 3495 5553 criminis.

754 5579 820 5632 Et
845 5588 951 5633 tam
976 5581 1116 5635 dictu
1145 5594 1304 5651 atque
1328 5581 1472 5636 factu
1494 5584 1757 5652 proximis
1780 5583 2091 5654 impenditc.
2816 5588 3024 5644 Chorus
3048 5600 3287 5644 sacratus
3315 5595 3571 5656 martyrum,

683 5657 818 5720 Viva
852 5667 994 5731 tuba,
1023 5669 1232 5739 salpinx
1259 5679 1467 5737 sancta,
1496 5682 1551 5727 et
1575 5683 1886 5728 sanctarum
1916 5675 2128 5746 agmina
2744 5675 3023 5730 Confessio
3045 5679 3369 5733 sacerdotum

754 5755 879 5811 Ilaec
907 5760 1164 5829 exemplis
1189 5763 1364 5818 verbis
1394 5765 1563 5818 sacris
1592 5765 1902 5820 cecinerunt
1928 5767 2152 5838 populis,
2693 5815 2698 5818 .
2746 5767 2812 5822 Et
2839 5769 3110 5838 virginalis
3137 5771 3344 5826 castitas
