4074 6220
207 364 3618 427 υ

839 595 1467 686 EDITOBUM
1528 595 2298 688 PATROLOGIZE
2357 600 2978 688 PBt/EFATIO.

291 1065 344 1122 A
389 1055 646 1138 pueritia
695 1054 759 1113 in
807 1050 1036 1112 litteris
1082 1047 1277 1110 sacris
1325 1053 1388 1109 et
1445 1047 1726 1126 profanis
1782 1048 2103 1110 institutus
2163 1051 2610 1112 Constantinus
2665 1053 3326 1132 Porphyrogennetus.
3391 1058 3616 1117 Leonis

216 1156 516 1237 Sapientis
573 1153 739 1213 ﬁlius
796 1156 859 1211 et
914 1150 1229 1220 alumnus,
1284 1147 1468 1225 plura
1524 1165 1714 1225 quam
1770 1153 1952 1226 pater
2010 1148 2207 1210 edidit
2260 1150 2602 1222 volumina,
2665 1151 2894 1230 quibus
2949 1171 3196 1213 summa
3262 1153 3400 1231 ejus
3469 1175 3612 1216 eru-

199 1257 346 1316 ditio
406 1261 470 1314 et
527 1253 752 1330 ingens
806 1248 1165 1309 litterarum
1243 1264 1422 1306 amor
1501 1245 1762 1306 miriﬁce
1838 1248 2222 1308 elucescunt.
2283 1249 2484 1327 Major
2547 1256 2759 1310 tamen
2837 1251 3212 1330 scriptorum
3271 1253 3408 1330 ejus
3468 1273 3613 1332 pars

201 1357 363 1416 circa
434 1355 811 1432 argumenta
879 1348 1148 1428 profana
1221 1353 1548 1418 versatur;
1630 1346 1834 1408 minor
1919 1365 2066 1426 pars
2149 1354 2524 1426 argumenta
2607 1350 2843 1411 ordinis
2928 1352 3187 1413 moralis
3270 1353 3369 1413 vel
3450 1353 3611 1414 sacri

204 1459 446 1514 tractat.

276 1551 512 1612 Odaria
566 1545 950 1614 catannctia,
1011 1563 1150 1622 quae
1206 1543 1270 1604 in
1328 1561 1513 1603 usum
1563 1541 1856 1604 Ecclesiae
1910 1545 2282 1623 composuit,
2334 1545 2472 1624 jam
2523 1547 2833 1609 edidimus
2891 1566 3036 1609 cum
3110 1549 3359 1629 scriptis
3433 1550 3607 1612 litur-

198 1648 348 1725 gicis
383 1646 580 1726 patris
611 1644 771 1723 ejus,
804 1639 1176 1719 Patrologiaz
1201 1645 1374 1700 tomo
1403 1641 1583 1712 CVII,
1620 1659 1765 1718 pag.
1800 1640 1938 1700 299.

281 1745 625 1806 Homiliam
683 1743 760 1802 de
819 1738 1229 1800 translatione
1287 1738 1695 1816 reliquiarum
1756 1739 1956 1799 sancti
2007 1740 2270 1801 Joannis
2325 1741 2777 1821 Chrysostomi,
2837 1762 3029 1822 quam
3088 1750 3334 1806 exstare
3391 1745 3612 1807 asserit

200 1844 482 1914 Allatius,
519 1841 612 1903 De
641 1839 1000 1920 Symconum
1029 1835 1299 1914 scriptis,
1333 1854 1395 1914 p.
1431 1838 1568 1913 111,
1602 1855 1733 1912 prae
1770 1836 2060 1897 manibus
2091 1857 2216 1899 non
2249 1839 2577 1900 habemus.

280 1942 600 2002 Habemus
657 1943 868 1998 autem
926 1933 1254 1995 homiliam
1316 1933 1452 2011 ejus
1520 1934 1607 1993 De
1681 1933 2064 1996 translatione
2119 1938 2406 2014 imaginis
2462 1937 2800 2017 Edessena,
2857 1958 2895 2000 a
2950 1941 3322 2002 Combeﬁsio
3379 1942 3611 2004 editam

199 2039 268 2099 in
328 2039 567 2117 Manip.
629 2053 825 2096 rerum
887 2031 1341 2111 Constantinop.
1402 2033 1582 2091 Hanc
1639 2049 1677 2090 a
1731 2032 2139 2094 Constantino
2195 2033 2797 2112 Porphyrogenneto
2856 2036 3152 2115 scriptam
3199 2038 3387 2099 fuisse
3435 2039 3613 2100 dubi-

217 2141 432 2196 tarunt
485 2131 791 2202 nonnulli,
849 2129 958 2208 qui
1016 2147 1154 2188 eam
1214 2129 1320 2187 uni
1371 2147 1449 2188 ex
1519 2129 1982 2189 successoribus
2038 2131 2428 2192 Constantini
2495 2133 2893 2195 tribuendam
2957 2155 3089 2197 esse
3146 2137 3606 2199 existimarunt.

206 2235 281 2292 At
338 2247 692 2310 perperam.
749 2230 838 2288 Ex
896 2225 1163 2285 historia
1228 2225 1392 2284 enim
1470 2225 2169 2305 Constantinopolitana
2243 2234 2487 2289 constat
2562 2230 2903 2306 imaginem
2982 2233 3361 2293 Edessenam
3441 2253 3607 2295 anno

205 2329 451 2389 Domini
511 2329 628 2386 944
680 2322 1286 2402 Constantinopolim
1363 2323 1552 2383 fuisse
1626 2323 2024 2396 translatam,
2085 2330 2148 2384 et
2199 2325 2524 2386 homiliam
2586 2328 2705 2387 hac
2771 2329 3094 2390 occasione
3152 2331 3476 2391 recitatam
3525 2333 3605 2392 ab

189 2429 569 2508 imperatore
646 2427 762 2486 CP.
847 2424 1037 2484 fuisse
1121 2424 1560 2502 compositam.
1646 2427 1846 2483 Porro
1928 2441 2096 2484 anno
2182 2428 2298 2484 944
2379 2426 2590 2486 nullus
2673 2427 3016 2506 imperator
3094 2431 3211 2490 CP.
3299 2431 3607 2508 regnabat

193 2533 424 2608 praeter
451 2523 930 2587 Constantinum
959 2540 974 2594 ;
1005 2521 1138 2600 ipse
1167 2520 1381 2599 igitur,
1413 2526 1474 2580 et
1505 2539 1628 2580 non
1658 2520 1840 2592 alius,
1875 2520 2067 2599 hujus
2095 2521 2375 2583 homiliaa
2406 2530 2627 2585 auctor
2659 2524 2986 2587 habendus
3017 2533 3128 2588 est.

276 2621 533 2683 Novella:
594 2617 1059 2683 Constitutiones
1116 2616 1526 2688 Constantini,
1580 2616 1707 2676 fere
1773 2634 2014 2687 omnes,
2089 2618 2445 2695 argumenti
2521 2619 2682 2679 sacri
2756 2639 2863 2680 seu
2939 2623 3341 2684 ecclesiastici
3415 2631 3602 2696 sunt;

196 2739 273 2781 ac
330 2718 592 2800 proinde
648 2718 752 2777 hic
809 2714 1165 2795 repetendae
1224 2715 1499 2775 fuerunt.
1558 2714 1770 2774 Prima
1831 2720 2090 2775 vocatur
2146 2734 2183 2774 a
2240 2717 2470 2776 Graecis
2551 2716 2767 2777 Tomus
2839 2719 3110 2798 Unionis,
3191 2723 3337 2800 quia
3413 2724 3598 2783 ﬁnem

193 2817 492 2898 imposuit
575 2814 901 2876 schismati
974 2812 1040 2872 in
1113 2811 1282 2872 clero
1356 2811 1647 2872 orientali
1717 2818 1936 2872 exorto
2015 2811 2096 2872 ob
2171 2820 2429 2891 quartas
2512 2815 2764 2893 nuptias
2831 2817 3058 2877 Leonis
3137 2820 3472 2897 Sapientis.
3533 2823 3602 2880 In

190 2933 381 2995 opere
435 2914 524 2975 De
577 2913 914 2973 cerimoniis
969 2910 1120 2971 aula:
1173 2909 1544 2990 Byzantina},
1604 2909 1714 2970 lib.
1768 2927 1813 2982 ι,
1875 2909 2078 2988 capite
2134 2912 2232 2982 36,
2296 2912 2591 2988 leguntur
2665 2912 3046 2975 Observanda
3114 2914 3177 2974 in
3232 2916 3604 2994 processione

186 3014 422 3073 unionis
479 3011 782 3083 Ecclesia,
837 3028 936 3069 seu
991 3007 1236 3088 quando
1320 3010 1530 3067 Tomus
1585 3008 1823 3066 unionis
1881 3005 2168 3068 Ecclesia
2219 3010 2611 3088 praelegitur;
2671 3029 2748 3071 ex
2813 3013 3042 3092 quibus
3098 3014 3393 3093 colligere
3458 3016 3603 3076 licet

187 3113 416 3172 festum
448 3107 943 3171 anniversarium
971 3105 1142 3165 illius
1174 3104 1420 3165 unionis
1451 3105 1600 3165 olim
1634 3107 1752 3166 ΟΡ.
1787 3105 1976 3165 fuisse
2007 3105 2414 3167 celebratum.

268 3213 440 3290 Opus
505 3208 626 3268 hoc
681 3209 771 3266 De
827 3204 1169 3266 cerimoniis
1217 3202 1372 3264 aulas
1427 3203 1556 3266 ΟΡ.
1620 3203 1817 3263 multo
1876 3222 1950 3264 ex
2008 3204 2213 3282 capite
2270 3205 2350 3265 ad
2418 3205 2859 3267 elucidandam
2926 3207 3253 3268 historiam
3307 3209 3600 3271 ecclesia-

175 3309 405 3369 sticam
468 3305 836 3368 orientalem
895 3309 956 3363 et
1014 3307 1242 3362 statum
1303 3301 1597 3363 Ecclesiae
1655 3301 1902 3362 civilem
1961 3302 2025 3361 in
2087 3303 2338 3363 Oriente
2398 3303 2680 3365 inservit.
2745 3308 3006 3366 Constat
3079 3307 3246 3366 enim
3318 3309 3597 3386 antiquis

175 3415 243 3467 et
301 3406 479 3467 novis
535 3401 951 3472 documentis,
1029 3400 1360 3478 diligenter
1434 3399 1735 3468 collectis,
1813 3399 2042 3477 quibus
2110 3401 2554 3462 descrinuntur
2627 3403 2951 3482 utriusque
3026 3406 3354 3484 potestatis
3421 3407 3594 3485 jura,

172 3506 384 3566 officia
437 3511 499 3564 et
552 3521 835 3563 munera.
897 3502 986 3561 Ex
1041 3519 1115 3560 eo
1173 3505 1438 3578 apparet
1507 3499 1929 3576 patriarcham
1982 3502 2098 3560 CP.
2162 3500 2437 3579 primum
2508 3507 2649 3580 post
2700 3503 3147 3583 imperatorem
3229 3506 3440 3567 locum
3519 3508 3586 3567 in

180 3610 317 3664 toto
374 3603 640 3681 imperio
695 3615 1076 3678 occupasse;
1137 3616 1210 3658 ac
1267 3616 1433 3677 saepe
1492 3597 1720 3675 saepius
1796 3615 1896 3658 res
1961 3597 2172 3658 civiles
2223 3600 2718 3679 administrasse,
2781 3621 2906 3662 non
2963 3621 3140 3663 secus
3196 3623 3268 3663 ac
3321 3605 3593 3682 impera-

181 3710 284 3762 tor
332 3721 428 3761 res
495 3699 949 3760 ecclesiasticas
1014 3696 1328 3756 moderari
1400 3695 1696 3755 audebat.
1771 3697 1839 3755 In
1899 3695 2114 3756 multis
2187 3697 2531 3777 imperator
2588 3718 2674 3776 se,
2735 3707 2805 3760 ut
2875 3700 3038 3759 ﬁlius
3112 3703 3404 3762 Ecclesia:
3475 3704 3591 3763 ob-

185 3791 725 3878 sequentissimus,
789 3795 1148 3856 auctoritati
1205 3792 1580 3873 patriarchae
1637 3792 2058 3870 subjiciebat;
2122 3795 2230 3854 sed
2292 3796 2528 3874 pariter
2584 3797 2943 3874 patriarcha
2999 3797 3117 3858 ΟΡ.
3181 3806 3249 3858 ιιι
3305 3800 3593 3860 subditus

194 3896 597 3974 imperatoris
649 3894 1080 3954 devotissimus
1158 3910 1290 3953 sese
1352 3909 1569 3970 gerere
1639 3891 1904 3951 solebat.
1966 3892 2035 3950 In
2090 3892 2357 3970 publicis
2412 3899 2622 3954 tamen
2680 3896 2840 3955 aulae
2898 3895 3251 3956 cerimoniis
3307 3897 3587 3974 ejusdem

193 3996 336 4053 fere
367 3990 750 4051 auctoritatis
777 3997 834 4051 et
853 3986 1178 4068 dignitatis
1210 4005 1342 4048 esse
1374 3987 1770 4048 videbantur.

277 4099 577 4154 Attamen
630 4092 941 4150 Romanus
983 4088 1296 4159 Pontifex,
1346 4087 1456 4146 illa
1511 4085 1719 4146 adhuc
1769 4090 1977 4157 aetate,
2031 4104 2256 4165 nempe
2306 4092 2449 4165 post
2499 4087 2774 4148 schisma
2822 4088 3226 4162 Photianum,
3266 4097 3332 4150 ut
3362 4091 3603 4169 primus

191 4190 559 4271 patriarcha
615 4195 677 4248 et
735 4194 924 4266 caput
983 4186 1174 4247 totius
1231 4183 1525 4246 Ecclesia:
1575 4183 1988 4244 tractabatur.
2023 4183 2162 4263 Ipse
2215 4185 2386 4245 solus
2442 4185 2522 4245 ab
2579 4186 2961 4266 imperatore
3020 4187 3209 4247 Pater
3261 4190 3604 4268 spiritualis

189 4290 391 4369 ipsius
473 4286 930 4366 appellabatur,
994 4304 1120 4362 quo
1203 4282 1454 4343 nomine
1536 4282 1748 4341 nullus
1821 4282 2184 4359 patriarcha
2258 4288 2489 4361 praeter
2541 4284 2751 4363 ipsum
2827 4284 3176 4360 colebatur,
3253 4292 3323 4346 ut
3393 4287 3604 4348 videre

187 4394 286 4447 est
342 4386 406 4445 in
474 4383 761 4445 formulis
833 4380 1144 4443 scribendi
1215 4381 1293 4440 ad
1371 4379 1786 4458 patriarchas,
1864 4380 2093 4458 quibus
2173 4381 2512 4441 utebantur
2584 4382 2998 4461 imperatores
3072 4385 3604 4463 Constantinopo—

187 4484 395 4550 litani,
428 4489 490 4542 et
520 4500 679 4560 quas
725 4479 1172 4541 Constantinus
1224 4476 1866 4555 Porphyrogennetus
1925 4477 2181 4556 collegit
2234 4478 2300 4537 in
2357 4497 2546 4558 opere
2602 4480 2692 4540 De
2748 4481 3094 4540 ceremoniis
3148 4481 3302 4541 aula
3355 4481 3606 4561 Byzan-

186 4585 354 4651 tinze,
385 4581 495 4639 lib.
529 4597 596 4651 ιι,
636 4597 775 4658 cap.
811 4581 912 4638 48.

273 4679 514 4739 Ibidem
575 4677 1018 4737 describuntur
1072 4693 1197 4734 non
1275 4677 1521 4733 tantum
1598 4672 1957 4732 cerimonias
2036 4673 2100 4731 in
2177 4679 2502 4752 posterum
2590 4674 2991 4749 adhibendae,
3067 4675 3175 4735 sed
3255 4675 3443 4736 etiam
3519 4695 3607 4736 eze

189 4795 339 4853 quae
394 4776 736 4854 aliquando
794 4773 1094 4833 adhibitae
1168 4773 1445 4846 fuerunt,
1503 4769 1752 4847 quando
1812 4770 2126 4848 principes
2177 4770 2459 4832 extranei
2505 4771 2820 4832 civitatem
2878 4775 2995 4834 ΟΡ.
3057 4772 3415 4834 visitarunt.
3479 4775 3596 4852 Ita,

184 4874 466 4952 exempli
497 4873 723 4951 gratia,
760 4872 1032 4949 legimus
1078 4869 1308 4930 ibidem
1371 4867 1602 4946 quibus
1657 4867 1879 4927 ritibus
1937 4875 2187 4947 recepta
2245 4876 2338 4929 est
2395 4870 2475 4930 ab
2531 4869 2912 4948 imperatore
2969 4871 3378 4931 celeberrima
3441 4873 3600 4930 Rus-

178 4974 296 5032 siae
359 4971 732 5050 principissa
789 4969 969 5048 Olga,
1026 4986 1168 5046 quae
1223 4965 1402 5026 initio
1460 4965 2383 5045 saeculixConstantinopolim
2439 4969 2630 5045 venit,
2691 4974 2754 5028 et
2807 4968 3000 5047 paulo
3058 4974 3203 5047 post
3258 4970 3597 5029 Russorum

181 5067 671 5130 conversionem
694 5067 773 5128 ad
804 5067 992 5126 fidem
1023 5063 1443 5126 Christianam
1479 5063 1882 5141 praeparavit.

265 5165 670 5228 Constant'ni
739 5163 1318 5246 porphyrogenneti
1383 5161 1559 5240 jussu
1637 5160 2055 5240 compositum
2132 5169 2226 5223 est
2309 5163 2496 5224 etiam
2595 5165 3052 5243 Compendium
3159 5165 3373 5242 legum
3454 5164 3608 5226 civi-

179 5266 346 5324 lium
435 5270 498 5324 et
563 5263 1151 5336 ecclesiasticarum,
1221 5279 1300 5322 ex
1383 5278 1508 5338 quo
1587 5258 1735 5337 jura
1819 5258 2114 5321 Ecclesia:
2201 5265 2263 5320 et
2343 5261 2473 5321 fata
2580 5259 2716 5338 ejus
2799 5260 2865 5321 in
2946 5261 3220 5342 Imperio
3307 5261 3615 5324 Orientali

176 5367 684 5440 cognoscuntur.

263 5464 510 5520 Practer
577 5459 786 5520 Vitam
857 5459 1053 5540 patris
1122 5457 1218 5519 sui
1297 5455 1522 5516 Leonis
1605 5459 1666 5515 et
1749 5455 1849 5515 avi
1933 5455 2028 5515 sui
2109 5455 2322 5516 Basilii
2387 5457 2767 5535 Macedonis,
2841 5458 3286 5519 Constantinus
3370 5459 3618 5537 scripsit

181 5557 537 5618 Historiam
583 5563 861 5618 veterum
925 5573 1286 5636 regnorum,
1355 5553 1453 5612 vel
1507 5553 1714 5630 potius
1788 5552 2043 5631 collegit
2115 5556 2427 5631 Excerpta
2498 5554 2799 5614 historica
2861 5556 3240 5635 scriptorum
3317 5557 3606 5634 antiquo-

175 5677 322 5717 rum
386 5674 659 5734 quorum
717 5657 1035 5737 specimen
1093 5653 1353 5716 exhibet
1407 5653 1480 5710 D.
1541 5652 1722 5712 Card.
1786 5659 1858 5712 A.
1920 5652 2051 5713 Mai
2107 5652 2168 5712 in
2230 5654 2606 5732 Scriptorum
2667 5664 2926 5714 veterum
2987 5675 3120 5716 nov.
3182 5656 3407 5716 collect.
3461 5653 3616 5723 1.11,

171 5774 336 5835 pag.
392 5770 438 5827 ι,
498 5760 562 5814 et
633 5755 696 5814 in
751 5756 958 5834 praef”
1019 5768 1292 5834 quaeque
1349 5747 1620 5828 plurima
1676 5750 2027 5827 fragmenta
2088 5750 2467 5828 scriptorum
2527 5751 2999 5829 deperditorum
3064 5772 3263 5830 nuper
3331 5748 3616 5827 suppedi-

517 5863 792 5924 PATBOL.
841 5866 953 5925 Gn.
999 5862 1190 5924 CXII.
3217 5861 3241 5915 t

238 5896 406 6147 σιεκῖ
