4074 6220
390 418 463 476 15
1671 393 1885 454 JOAN.
1938 390 2108 451 ALB.
2158 388 2501 447 FABRICII
3718 389 3795 446 15

461 548 512 602 4.
564 541 796 599 Novellus
841 533 1271 593 Constitutiones
1320 530 1461 594 XIII,
1504 541 1636 583 cum
1692 525 1953 580 versione
2003 528 2059 578 et
2105 520 2589 591 castigationibus
2631 522 2719 575 J0.
2767 517 3097 573 Leunclavii
3132 532 3199 573 ex
3256 518 3381 586 ejus
3419 519 3549 573 lure
3584 517 3800 573 Graeco-

390 638 653 696 Bomano,
686 638 821 685 tom.
860 628 900 692 Ι,
934 624 1033 678 lib.
1069 639 1127 685 11,
1164 634 1295 691 pag.
1330 618 1432 671 103
1464 633 1575 686 sq.,
1610 618 1668 669 et
1695 618 1815 669 tom
1849 613 1919 679 ΙΙ,
1951 610 2181 666 inlibro
2212 609 2600 675 Novellarum,
2653 625 2783 679 pag.
2828 608 2930 662 139
2980 623 3101 677 seq.
3151 608 3410 662 Francof.
3456 608 3613 674 1506,
3649 607 3791 674 fo1,:

390 729 440 782 1.
468 727 539 780 De
560 695 893 777 alienatione
911 713 1229 785 fundorum,
1252 708 1419 778 cujus
1441 703 1897 768 constitutionis,
1917 701 2172 755 Cedreno
2195 700 2369 755 etiam
2395 703 2742 763 memoratae,
2768 698 2881 752 duo
2905 698 3190 766 exempla,
3217 695 3519 767 paululum
3543 698 3789 764 diversa,

389 833 507 872 una
536 827 668 867 cum
710 803 945 879 synopsi
991 802 1139 871 ejus,
1173 816 1206 853 a
1255 795 1429 851 Mich.
1481 792 1759 876 Attaliata
1807 789 2153 859 composita,
2205 788 2561 843 atI‘eruutur:
2595 791 2648 842 2.
2708 792 2786 840 De
2833 786 3167 855 potentibus,
3220 788 3279 839 in
3322 785 3538 857 praedia
3579 802 3791 856 paupe-

387 923 514 962 rum
543 904 620 973 (b)
647 877 1055 955 succedentibus
1081 911 1094 957 ;
1126 891 1180 943 3.
1218 889 1285 942 De
1317 885 1581 940 militibus
1609 901 1623 951 ;
1659 884 1708 937 4.
1745 884 1816 937 De
1847 883 2193 936 restitutione
2220 881 2397 951 pretii
2426 880 2764 933 militarium
2791 877 3130 947 praediorum
3158 896 3171 944 ;
3204 878 3259 930 5.
3294 878 3368 931 De
3404 885 3537 947 fuga
3584 877 3795 931 manci-

386 965 625 1067 piorum,
657 988 950 1056 hujusque
983 978 1214 1036 novellae
1247 978 1658 1046 argumentum
1689 973 1781 1038 -,6.
1816 973 1890 1026 De
1920 987 2027 1025 non
2059 968 2352 1024 deserendo
2381 967 2586 1036 iudicio
2618 967 2687 1021 ab
2728 968 2799 1021 iis
2830 966 2927 1037 qui
2972 965 3245 1020 actionem
3278 968 3603 1032 instituunt,
3644 971 3699 1019 et
3731 966 3794 1019 de

388 1054 475 1136 liis
504 1080 601 1150 qui
629 1076 697 1130 ad
729 1054 834 1129 tres
864 1084 1069 1125 menses
1099 1065 1181 1121 vel
1210 1079 1421 1117 annum
1448 1063 1666 1115 absunt.
1699 1060 1754 1112 7.
1787 1063 1863 1113 De
1896 1073 1953 1113 eo
1976 1057 2348 1127 quodjudices
2371 1057 2556 1110 civiles
2588 1054 2730 1109 nihil
2761 1056 3003 1124 accipere
3020 1054 3287 1121 debeant;
3319 1056 3373 1109 8.
3410 1058 3480 1111 De
3507 1060 3795 1125 sportulis,

390 1143 527 1241 ’περὶ⁸
550 1163 961 1235 ὶκταγιατικῶν.
994 1157 1047 1208 9.
1082 1155 1154 1208 De
1183 1148 1687 1207 consuetudinibus.
1724 1148 1806 1201 10.
1840 1149 1914 1201 De
1944 1151 1999 1200 te.

2185 1146 2282 1199 ritis
2312 1144 2619 1215 aperiendas
2645 1165 2659 1208 ;
2699 1146 2781 1197 11.
2814 1149 2888 1198 De
2916 1143 3403 1200 consuetudinibus
3433 1148 3631 1201 scribo:
3657 1166 3671 1215 ;
3711 1151 3794 1203 12.

391 1234 467 1313 De'
494 1258 577 1310 his
609 1234 706 1325 qui
734 1249 902 1304 ardes
932 1242 1277 1301 committunt
1303 1238 1504 1309 gladio,
1537 1236 1625 1293 vel
1653 1238 1872 1304 magnis
1901 1235 2167 1302 fustibus,
2192 1235 2277 1289 vel
2309 1235 2607 1304 lapidibus,
2642 1234 2800 1304 idque
2838 1234 3108 1297 consulto,
3144 1234 3231 1287 13.
3266 1239 3348 1289 De
3377 1237 3625 1289 secundis
3649 1256 3662 1305 ;
3690 1242 3803 1290 ter-

392 1348 486 1401 tiis
515 1352 565 1400 et
597 1321 811 1413 quartis
842 1336 1076 1406 nuptiis.
1111 1329 1523 1385 Duodecimam
1556 1325 2031 1382 constitutionem
2063 1324 2320 1378 ediderat
2348 1322 2544 1391 etiam,
2579 1324 2679 1377 sed
2714 1322 2903 1392 capite
2936 1321 3221 1376 mutilam.
3271 1324 3638 1379 Enimundus
3683 1327 3793 1385 Bo—

395 1411 644 1489 neﬁdius
678 1430 733 1482 in
765 1426 914 1482 Juris
946 1421 1230 1479 orientalis
1259 1418 1427 1472 libro.
1464 1434 1501 1470 1.
1536 1431 1667 1486 pag.
1696 1415 1759 1467 19
1810 1413 2010 1485 (Paris.
2046 1412 2203 1481 1573,
2236 1413 2312 1483 8),
2358 1428 2529 1483 quem
2580 1412 2704 1466 vide
2750 1411 2922 1465 etiam
2969 1428 3022 1480 p.
3080 1411 3163 1475 15,
3221 1412 3319 1467 ubi
3370 1412 3442 1467 de
3489 1412 3603 1468 alia
3651 1414 3795 1469 Con-

396 1520 636 1578 stantini
687 1516 861 1585 hujus
912 1508 1329 1569 constitutione
1358 1502 1483 1576 περὶ
1541 1506 1637 1556 τοῦ
1697 1499 2005 1573 ἀναθεματίί

2233 1499 2359 1559 τοὺς
2407 1499 2712 1560 ἀποστάτας
2762 1499 2849 1552 καὶ
2897 1496 3289 1571 μο’.›).ταρίους.
3335 1501 3800 1569 Constituti015,

397 1609 529 1682 Ηερὶ
568 1602 927 1679 πολυγάμων,
960 1601 1239 1655 adversus
1285 1599 1523 1666 quartas
1572 1592 1829 1664 nuptias,
1863 1590 2065 1646 eodem
2116 1590 2240 1645 loco
2290 1589 2506 1659 legitur
2554 1605 2686 1659 pag.
2723 1591 2788 1643 16
2836 1606 2921 1659 sq.
2986 1590 3157 1644 Fann.
3210 1619 3275 1630 —
3328 1590 3390 1645 In
3441 1592 3799 1663 quibusdam

397 1678 567 1758 codd.
601 1678 741 1752 bibl.
778 1695 951 1748 Laur.
986 1689 1133 1744 Med.
1171 1688 1424 1759 Florent.
1459 1687 1597 1738 sunt
1621 1686 1922 1738 Constant.
1958 1679 2236 1751 Porphyr.
2273 1678 2537 1746 Novellus,
2572 1680 2727 1751 leges
2776 1686 2945 1748 atque
2995 1679 3463 1748 constitutiones,
3499 1698 3646 1752 quas
3678 1684 3800 1737 sin-

396 1789 587 1861 gulas,
621 1787 676 1839 in
712 1785 826 1839 illis
858 1780 1073 1844 obvias,
1106 1778 1408 1831 enumerat
1438 1788 1504 1827 ac
1555 1774 1815 1827 recenset
1844 1769 2089 1823 Bandin.
2122 1767 2184 1822 in
2215 1768 2339 1823 Cat.
2374 1768 2542 1824 codd.
2586 1769 2681 1822 Gr.
2717 1767 2919 1823 Medic.
2952 1772 3095 1822 tom.
3130 1769 3172 1834 Ι,
3208 1785 3261 1839 p.
3296 1770 3421 1836 530,
3458 1771 3579 1825 cod.
3619 1772 3704 1838 12,
3742 1788 3803 1824 n.

394 1856 427 1931 2
460 1880 513 1931 et
544 1877 596 1941 4,
630 1873 729 1927 ubi
762 1874 901 1925 sunt
933 1867 1090 1922 illius
1126 1863 1367 1918 novellas
1401 1862 1460 1915 11
1496 1860 1554 1913 in
1606 1856 2016 1929 compendium
2071 1856 2335 1911 redacta.
2370 1887 2435 1897 —
2467 1860 2603 1911 Tom
2629 1856 2724 1923 Ill,
2767 1872 2899 1927 pag.
2952 1873 3009 1927 p.
3044 1856 3162 1911 182.
3196 1858 3296 1912 cod
3329 1859 3382 1923 6,
3421 1875 3475 1915 τι.
3514 1859 3599 1912 16.
3652 1860 3804 1929 plut.

395 1968 483 2021 80.
511 1996 575 2004 —
608 1966 739 2030 Pag.
777 1960 900 2023 186,
933 1974 988 2011 n.
1022 1972 1061 2022 1,
1095 1958 1151 2008 et
1184 1953 1284 2007 188
1315 1968 1397 2020 sq.
1437 1968 1493 2005 n.
1551 1949 1707 2013 4-10,
1743 1948 1868 2003 cod.
1902 1947 1957 2012 7,
1992 1945 2133 2015 plut.
2167 1946 2259 2011 80,
2292 1962 2421 2015 pag.
2457 1946 2557 1999 194
2602 1962 2728 2017 sqq.
2764 1944 2959 2015 plures
3010 1945 3245 2001 novellae
3290 1945 3353 2001 in
3402 1947 3526 2001 cod.
3583 1948 3649 2001 10
3694 1949 3799 2019 qui

398 2052 653 2107 continet
701 2048 915 2101 librum
948 2044 1164 2113 legum.
1198 2038 1555 2093 ——Venetiis
1596 2036 1653 2090 in
1688 2035 1829 2090 bibl.
1876 2034 1942 2089 D.
1978 2033 2155 2088 Marci
2205 2035 2330 2095 cod,
2382 2034 2506 2098 173,
2540 2034 2735 2087 Const.
2788 2033 3062 2105 Porphyr.
3118 2032 3360 2089 Novellte
3411 2035 3499 2102 12,
3554 2052 3802 2105 quarum

400 2138 684 2212 principia
722 2134 913 2205 posuit
942 2135 1143 2186 auctor
1164 2127 1345 2184 Catal.
1379 2127 1547 2181 codd.
1581 2124 1677 2179 Gr.
1712 2123 1854 2179 Ven.
1890 2139 2021 2193 pag.
2058 2123 2179 2175 101.
2214 2122 2362 2176 Ibid.
2396 2138 2526 2192 pag.
2558 2122 2653 2175 104
2686 2122 2756 2176 de
2801 2122 2967 2177 codd.
3006 2124 3106 2177 180
3154 2127 3210 2177 et
3264 2123 3384 2189 181,
3418 2139 3483 2178 ac
3533 2140 3667 2195 pag.
3701 2125 3809 2177 305

398 2234 469 2287 de
506 2230 630 2284 cod.
680 2226 804 2293 579,
851 2222 949 2293 qui
998 2222 1297 2275 continent
1345 2216 1602 2286 eclogam
1653 2216 1847 2285 legum
1897 2212 2111 2274 Basilii,
2164 2212 2373 2267 Leonis
2420 2217 2475 2266 et
2522 2213 2913 2281 Constantini,
2964 2213 3186 2283 impp.;
3240 2213 3429 2284 primo
3478 2214 3607 2282 cod,
3657 2214 3810 2269 inest

398 2321 595 2375 Const.
629 2313 841 2384 Porph.
875 2308 1102 2365 novella
1133 2309 1204 2361 de
1253 2306 1611 2377 praelatioue.
1647 2332 1713 2343 —-
1745 2301 2100 2356 Vindobonae
2132 2300 2191 2354 in
2239 2299 2381 2355 bibl.
2434 2300 2687 2355 Caesarea
2738 2301 2862 2355 cod.
2904 2299 2995 2366 53,
3041 2318 3099 2356 n.
3148 2301 3234 2370 15,
3282 2303 3477 2357 Const.
3526 2301 3802 2372 Porphyr.

401 2407 809 2475 argumentum
843 2398 984 2454 tomi
1016 2395 1301 2451 unitionis
1350 2392 1614 2447 Ecclesia:
1649 2392 1710 2446 in
1761 2407 1937 2445 causa
1982 2397 2321 2460 quartarum
2369 2389 2731 2460 nuptiarum,
2783 2395 2891 2444 etc.
2944 2388 3011 2442 V.
3063 2389 3328 2444 Lambec.
3381 2390 3604 2447 Comm.
3654 2391 3801 2457 VIII,

403 2514 457 2565 p.
492 2496 650 2549 1009.
682 2491 827 2545 Add.
865 2506 919 2559 p.
954 2488 1059 2540 938
1089 2502 1176 2554 sq.
1212 2482 1437 2537 —Cod.
1468 2482 1521 2534 6.
1557 2479 1785 2534 novella
1815 2479 1884 2533 de
1928 2477 2274 2533 alienatione
2306 2478 2635 2547 feudorum,
2687 2482 2796 2533 etc.
2829 2477 2896 2529 V.
2949 2476 3165 2533 Kollar.
3216 2483 3337 2534 not.
3396 2479 3467 2533 ad
3518 2479 3808 2535 Lambecii

403 2586 625 2639 Comm.
658 2579 753 2642 VI,
784 2584 928 2648 part.
960 2592 999 2641 1,
1032 2573 1209 2645 p.53.
1242 2600 1309 2611 -—-
1338 2569 1474 2624 Alia
1520 2568 1661 2623 ibid.
1697 2585 1751 2638 p.
1788 2568 1853 2621 10
1883 2584 1971 2638 sq.
2004 2567 2065 2621 in
2095 2567 2222 2623 cod.
2254 2568 2312 2635 2,
2346 2584 2403 2622 n.
2444 2570 2480 2621 2
2510 2572 2567 2621 et
2596 2567 2648 2623 4.
2691 2598 2759 2606 —
2789 2568 2927 2638 Pag.
2961 2568 3049 2621 36.
3104 2566 3163 2620 in
3209 2569 3334 2623 cod.
3376 2568 3430 2636 3,
3482 2586 3540 2624 n.
3596 2571 3680 2633 11,
3742 2569 3807 2622 19

404 2679 459 2728 et
486 2672 577 2724 ‘23.
611 2698 678 2707 ——
710 2669 769 2721 In
802 2665 927 2718 cod.
963 2663 1051 2730 4:3,
1084 2678 1141 2715 n.
1173 2663 1266 2726 25,
1300 2656 1525 2713 novella
1566 2660 1598 2710 2
1632 2658 1701 2711 de
1751 2655 1823 2711 iis
1871 2656 1969 2725 qui
2020 2655 2285 2711 consulto
2341 2656 2523 2710 caedes
2566 2660 2916 2727 perpetrant,
2965 2659 3074 2710 etc.
3126 2655 3173 2708 V
3220 2656 3429 2711 Kollar.
3482 2657 3687 2728 Suppl.
3735 2657 3809 2712 ad

404 2759 695 2819 Lambecii
735 2757 983 2819 Comm.,
1008 2770 1065 2824 p.
1109 2753 1213 2804 237
1244 2767 1332 2821 sq.
1388 2780 1453 2788 —
1502 2747 1686 2802 Paris.
1721 2747 1779 2800 in
1814 2746 1953 2801 bibl.
1985 2745 2148 2817 publ.
2182 2747 2349 2801 codd.
2384 2747 2684 2815 tredecim,
2720 2747 2890 2801 modo
2942 2748 3000 2800 11
3057 2748 3292 2803 novellaa
3342 2747 3642 2804 illarumve
3688 2750 3809 2821 epi-

404 2857 557 2905 tome
582 2846 752 2901 modo
786 2842 1031 2912 aliquot,
1068 2840 1237 2893 modo
1290 2836 1517 2901 Leonis,
1551 2834 1917 2889 Constantini
1967 2841 2023 2887 et
2056 2833 2254 2888 Basilii
2289 2835 2539 2905 epitome
2563 2834 2740 2903 juris,
2772 2832 2828 2887 in
2862 2835 2930 2887 40
2951 2833 3154 2889 titulos
3196 2835 3400 2891 divisa.
3431 2835 3538 2889 Vid
3572 2836 3691 2891 ind.
3735 2838 3806 2892 ad

402 2940 514 2994 vol.
550 2938 596 2991 Il
629 2936 747 2989 Cat.
777 2931 983 2997 Paris.,
1014 2945 1138 2984 voc.
1173 2928 1449 2981 Constant.
1500 2924 1843 2995 Porphyrog.
1876 2954 1942 2963 —
1976 2926 2037 2977 In
2092 2924 2218 2978 cod.
2254 2922 2532 2978 Escorial.
2566 2922 2862 2977 Constant.
2910 2923 3189 2994 Porphyr.
3242 2932 3294 2979 et
3342 2923 3587 2980 aliorum
3635 2926 3807 2996 impp-

404 3024 660 3083 novellm.
696 3026 841 3076 teste
872 3018 1079 3073 Pluere
1112 3017 1168 3071 in
1205 3015 1398 3070 Itiner.
1432 3028 1529 3082 per
1556 3014 1811 3082 llispan.,
1848 3028 1903 3082 p.
1960 3012 2082 3065 163.
2116 3042 2184 3051 -—
2235 3010 2470 3066 Novella
2518 3012 2576 3065 in
2621 3013 2749 3065 cod.
2800 3010 3158 3079 Ull'enbacb.,
3196 3028 3352 3066 nunc
3404 3012 3702 3083 Lipsiensi,
3739 3014 3810 3069 de

407 3133 522 3189 quo
554 3115 721 3186 plura
749 3111 905 3181 leges
939 3110 993 3163 in
1029 3106 1163 3162 Maii
1196 3104 1338 3159 Bibl.
1375 3103 1578 3173 Uﬂenb.
1614 3106 1759 3156 msta
1788 3144 1803 3171 ,
1838 3106 1983 3171 part.
2017 3118 2079 3166 11,
2114 3101 2223 3157 col.
2255 3102 2381 3157 527.
2418 3102 2583 3156 ΙΙΑιιῐ..

475 3206 644 3261 Hisce
676 3204 734 3256 in
764 3199 1091 3254 Meursiana
1120 3193 1487 3251 Constantini
1521 3191 1936 3262 epusculorum
1962 3190 2214 3244 editione
2242 3190 2418 3260 Lugd.
2446 3191 2602 3257 1617,
2628 3192 2681 3259 8,
2717 3194 2867 3261 (post
2893 3208 2946 3261 p.
2978 3191 3105 3261 252)
3125 3191 3548 3247 constitutiones
3581 3194 3809 3248 novellae

406 3299 657 3367 quatuor
687 3289 1097 3359 subjiciuntur,
1140 3300 1287 3355 quas
1316 3299 1345 3338 e
1377 3282 1672 3337 codicibus
1705 3279 1878 3351 regiis
1930 3279 2110 3334 edidit
2142 3279 2431 3334 auctiores
2467 3279 2846 3350 melioresque
2876 3279 3118 3335 Carolus
3169 3282 3435 3337 Labbeus
3485 3297 3614 3338 cum
3665 3299 3810 3340 nova

404 3383 665 3441 versione
695 3384 751 3435 et
780 3374 1263 3446 castigationibus
1294 3372 1445 3426 inter
1476 3386 1611 3425 suas
1660 3370 1839 3440 impp.
1876 3368 2137 3423 Novellas
2184 3370 2510 3424 constitutt.
2543 3370 2607 3423 Χ.
2660 3368 2840 3424 Paris.
2891 3370 3047 3436 1606,
3081 3370 3151 3425 8:
3206 3372 3254 3424 1.
3309 3369 3437 3443 Περὶ
3485 3391 3806 3445 στρατιωτι-

405 3479 534 3543 κῶν,
568 3472 632 3528 de
658 3470 995 3524 militaribus
1024 3464 1233 3534 fundis,
1283 3478 1445 3533 quam
1477 3458 1704 3514 dictavit
1762 3459 2081 3522 Theodorus,
2142 3458 2423 3528 patricius
2476 3463 2530 3513 et
2591 3462 2848 3528 quaestor
2895 3458 3364 3529 decapolitanus:
3402 3461 3453 3517 2.
3488 3464 3561 3518 De
3616 3463 3808 3531 [uritis

407 3563 714 3621 Armenicis
745 3561 981 3615 aliorum
1010 3564 1059 3611 et
1084 3553 1485 3608 homicidarum
1508 3568 1527 3611 .·
1558 3550 1610 3604 3.
1645 3551 1718 3603 De
1746 3550 2027 3618 sportulis,
2061 3549 2124 3602 de
2152 3548 2466 3618 aperiendi:
2498 3549 2853 3617 testamentis,
2880 3557 2928 3603 et
2956 3549 3021 3603 de
3046 3566 3124 3620 eo,
3159 3553 3301 3622 quod
3330 3557 3513 3607 certus
3535 3570 3599 3607 ac
3618 3552 3810 3623 deﬁni-

402 3668 489 3710 tus
519 3648 969 3710 consuetudinum
996 3644 1185 3701 modus
1214 3658 1325 3697 esse
1350 3641 1540 3696 debeat
1574 3640 1748 3707 (hanc
1781 3639 2017 3692 dictavit
2044 3638 2420 3708 Theophilus,
2457 3639 2729 3707 patricius
2762 3643 2817 3693 et
2848 3655 2881 3708 q
2902 3646 3149 3707 uazstor;
3190 3643 3241 3695 4.
3276 3642 3347 3696 De
3384 3645 3666 3712 sportulis,
3702 3661 3811 3714 qua

405 3747 707 3815 abrogatur
730 3740 985 3811 superior
1014 3734 1353 3796 constitutio,
1388 3729 1729 3802 permittens
1758 3728 2059 3799 judicibus
2090 3732 2145 3781 et
2177 3728 2379 3782 scribas
2410 3727 2699 3799 sportulas
2749 3731 3027 3800 accipere.
3064 3730 3219 3784 Hanc
3269 3730 3501 3783 dictavit
3544 3730 3809 3785 Theodo-

407 3836 531 3890 sius
561 3834 733 3899 (idem
768 3829 864 3899 qui
898 3830 1029 3880 ante
1052 3822 1393 3889 Theodorus),
1429 3818 1707 3890 patricius
1730 3825 1785 3872 et
1812 3820 2065 3887 quaestor
2095 3815 2563 3887 decapolitanus.

474 3925 529 3979 5.
562 3920 768 3976 Leonis
799 3915 1076 3985 sapientis
1120 3916 1176 3967 et
1232 3909 1591 3965 Constantini
1627 3907 1730 3961 lilii
1790 3909 1935 3978 ejus,
1992 3906 2236 3977 Ἐκλογὴ
2291 3909 2399 3958 τῶν
2455 3904 2661 3976 νόμων,
2721 3908 2965 3963 Delectas
3009 3910 3191 3977 legum
3246 3907 3689 3979 compendiarias
3748 3926 3815 3964 ex

408 4029 515 4066 ms.
554 4010 807 4064 Palatino
840 4010 896 4060 et
925 4006 1009 4060 Jo.
1043 3999 1309 4057 Sambuci
1343 3998 1689 4067 descriptus,
1723 4001 1779 4051 et
1809 4012 1939 4050 cum
1974 3996 2180 4049 Latina
2212 3995 2533 4049 Leunclavii
2569 3996 2831 4052 versione
2878 3999 3068 4053 editus
3117 3998 3175 4052 in
3232 3998 3355 4065 jam
3407 3996 3643 4052 laudato
3694 4000 3817 4066 ejus

404 4103 535 4157 Jure
563 4098 1047 4160 Graeco-Romano,
1080 4096 1220 4146 tom.
1257 4091 1327 4152 ΙΙ,
1355 4104 1483 4159 pag.
1516 4087 1735 4140 79-134.
1771 4086 2062 4140 Numerus
2094 4085 2253 4147 anni,
2288 4100 2403 4154 quo
2437 4084 2764 4155 publicatus
2800 4086 2888 4141 hic
2919 4087 3177 4141 delectus
3210 4086 3333 4154 fuit,
3369 4091 3673 4155 corruptus
3705 4091 3813 4151 est,

406 4194 461 4244 et
494 4205 593 4257 pro
626 4183 801 4257 gnttC
845 4181 1151 4253 legendum
1185 4179 1366 4248 55112:,
1393 4176 1491 4245 qui
1516 4174 1826 4242 respondet
1857 4189 2008 4226 anno
2040 4172 2255 4227 Christi
2286 4172 2413 4241 939,
2446 4188 2560 4243 quo
2591 4174 3004 4227 Constantinus
3030 4173 3323 4229 delectum
3353 4174 3571 4245 legum,
3596 4192 3627 4229 a
3655 4182 3817 4246 patre

412 4279 591 4330 Leone
619 4275 739 4326 ﬁeri
772 4275 1049 4339 coeptum,
1082 4265 1443 4336 promulgare
1478 4262 1685 4331 potuit.
1715 4265 1944 4314 FABRIC.
1978 4260 2335 4315 Vindobonze
2369 4262 2426 4315 in
2458 4263 2585 4316 cod.
2613 4262 2667 4326 2,
2702 4279 2759 4317 n.
2792 4264 2823 4315 2
2852 4270 2905 4315 et
2943 4262 3028 4315 13.
3062 4292 3131 4301 —
3162 4265 3289 4320 cod.
3336 4265 3389 4317 8.
3422 4263 3487 4319 V.
3528 4263 3817 4318 Lambecii

407 4364 731 4417 Comment.
775 4360 865 4421 Vl,
898 4360 1047 4426 part.
1084 4372 1121 4419 1,
1174 4368 1306 4423 pag.
1337 4352 1427 4415 25,
1459 4351 1553 4413 32,
1593 4350 1675 4403 38
1708 4354 1765 4403 et
1809 4350 1879 4402 74
1928 4366 2014 4419 sq.
2050 4380 2118 4387 —-
2170 4350 2229 4403 In
2281 4351 2407 4405 cod.
2460 4351 2757 4419 quondam
2800 4350 3154 4415 Utl'enbach.,
3192 4367 3347 4406 nunc
3380 4352 3689 4422 Lipsiensi,
3722 4352 3820 4421 qui

408 4452 700 4524 quondam
736 4444 1014 4519 pertinuit
1044 4444 1113 4498 ad
1148 4444 1463 4512 Cuperum,
1495 4447 1549 4493 et
1576 4454 1746 4508 quem
1782 4438 2009 4508 cepiose
2042 4438 2334 4493 recensuit
2360 4441 2409 4493 .l.
2436 4439 2501 4493 Η.
2538 4438 2725 4494 Maius
2757 4440 2813 4495 in
2869 4440 3010 4495 Bibl.
3049 4440 3358 4509 U/fenbach.
3394 4457 3541 4507 mss.,
3575 4446 3721 4512 part.
3756 4457 3818 4507 11,

407 4561 464 4615 p.
496 4543 603 4597 522
634 4556 762 4610 sqq.
808 4537 907 4609 qui
956 4533 1260 4591 titulorum
1312 4532 1378 4584 40
1428 4529 1681 4584 indicem
1731 4533 1922 4583 Graece
1964 4544 2094 4583 cum
2146 4546 2255 4584 sua
2299 4546 2447 4585 vers.
2493 4530 2613 4584 Lat.
2662 4531 2999 4601 publicavit.
3052 4532 3481 4599 Praefationem,
3533 4549 3565 4585 a
3613 4534 3819 4587 Gottl‘r.

408 4628 694 4686 Mascovio
752 4626 944 4680 Latine
990 4638 1241 4687 versam,
1302 4618 1511 4688 adjecit
1564 4618 1876 4671 Puttmann
1924 4616 2209 4672 Memoriae
2279 4618 2487 4673 Gottlr.
2547 4619 2837 4687 Mascovii,
2884 4620 3035 4691 Lips.
3090 4620 3243 4689 1771,
3307 4622 3362 4686 8,
3420 4637 3476 4691 p.
3531 4621 3626 4673 121
3690 4636 3817 4689 sqq.

409 4724 473 4775 V.
506 4735 735 4791 quoque
765 4734 893 4788 pag.
926 4717 993 4768 87
1023 4730 1133 4785 sq.,
1159 4716 1214 4765 et
1236 4710 1431 4765 confer
1462 4711 1525 4763 D.
1552 4707 1723 4779 Casp.
1757 4707 1984 4762 Achatii
2008 4709 2154 4763 Beck
2187 4708 2258 4762 De
2278 4710 2508 4763 novellis
2541 4710 2755 4766 Leonis:
2783 4716 2913 4776 etc.,
2942 4712 3033 4766 ed.
3059 4708 3124 4765 D.
3159 4712 3285 4766 Car.
3310 4709 3461 4765 Frid.
3484 4709 3819 4779 Zepernick,

300 4842 301 4845 η
408 4810 562 4864 Italae
598 4809 753 4875 1779,
786 4808 840 4871 8,
875 4820 1003 4873 pag.
1037 4804 1127 4867 20,
1157 4804 1214 4855 et
1246 4816 1303 4869 p.
1336 4798 1424 4852 25.
1459 4799 1697 4868 Zepern.
1733 4796 1792 4850 in
1841 4799 1961 4850 not.
1996 4805 2169 4866 atque
2217 4796 2373 4851 hunc
2419 4796 2710 4865 imprimis
2743 4800 2797 4853 in
2846 4799 3277 4869 praetermissis,
3311 4814 3367 4869 p.
3417 4798 3522 4850 228
3567 4814 3692 4868 sqq.
3745 4797 3824 4853 De

408 4897 749 4970 cognomine
780 4889 1329 4964 Porphyrogenneti,
1364 4904 1513 4942 anno
1564 4903 1676 4957 quo
1722 4890 1897 4940 natus
1928 4891 2035 4951 est,
2070 4885 2191 4941 scil.
2227 4902 2279 4939 a.
2330 4887 2461 4940 Chr.
2506 4888 2631 4953 905,
2685 4888 2918 4959 vitaque
2970 4894 3026 4943 et
3075 4907 3127 4958 p.
3174 4890 3279 4943 373
3326 4904 3486 4959 sqq.,
3537 4887 3823 4959 praecipue

408 5009 461 5061 p.
496 4991 599 5044 370
635 5004 789 5057 sqq.,
824 4986 897 5039 De
924 4985 1107 5053 ecloga
1137 4982 1317 5049 legum
1364 4978 1563 5034 Leonis
1608 4985 1658 5032 et
1707 4976 2077 5045 Constantini,
2120 4975 2189 5029 de
2238 4976 2407 5031 codd.
2462 4993 2622 5048 mss.,
2677 4978 2748 5033 de
2781 4978 3001 5046 ordine,
3044 4979 3375 5048 partitione,
3422 4980 3635 5047 indice,
3684 4983 3818 5046 etc.,

410 5083 571 5135 docte
602 5078 815 5147 agitur.
852 5076 1025 5129 Hanc.

479 5170 558 5224 De
592 5167 871 5233 Basilicis,
908 5164 1096 5219 Basilii
1128 5160 1460 5217 Macedonis
1490 5166 1541 5214 et
1585 5158 1793 5213 Leonis
1838 5156 2132 5227 Sapientis
2175 5156 2438 5228 auspicio
2489 5157 2750 5225 digestis,
2782 5160 2837 5211 et
2877 5174 2910 5211 a
2956 5158 3335 5215 Constantino
3386 5160 3820 5231 Porphyrogen-

408 5264 540 5315 neto
574 5256 907 5327 recognitis,
943 5251 1212 5325 praeclare
1240 5252 1363 5306 Jos.
1392 5250 1575 5304 Maria
1596 5247 1923 5311 Suaresius,
1958 5246 2269 5317 episcopus
2301 5247 2676 5303 Vasionensis
2706 5248 2763 5301 in
2788 5249 3001 5303 Notitia
3024 5250 3409 5306 Basilicarum
3428 5251 3498 5305 ad
3524 5250 3819 5305 Urbanum

406 5350 557 5411 VIII,
627 5347 957 5419 pontificem
1028 5342 1390 5397 maximum:
1442 5362 1468 5387 «
1522 5338 1673 5391 Libri
1744 5332 2053 5389 Βασιλικῶν
2114 5336 2172 5390 in
2240 5353 2340 5391 sex
2405 5334 2577 5412 τεύχη
2648 5354 2748 5392 seu
2810 5338 3105 5395 volumina
3172 5340 3429 5395 distincti
3496 5346 3657 5405 sunt,
3728 5340 3821 5393 in-

408 5441 588 5509 deque
638 5438 775 5493 dicti
826 5428 1135 5503 ὲξςὶϐιϐλος,
1169 5437 1224 5487 et
1274 5432 1329 5486 in
1379 5430 1560 5484 libros
1594 5427 1897 5497 sexaginta
1944 5428 2017 5480 su‘

2213 5425 2244 5492 i,
2292 5427 2537 5496 indeque
2591 5422 3050 5496 ἐξηκοντάϐιϐλος
3102 5431 3443 5501 nuncupali.
3497 5433 3822 5501 Imperator

408 5528 653 5584 Basilius
686 5528 919 5582 Macedo
951 5526 1031 5595 (li)
1064 5524 1285 5595 primus
1318 5520 1434 5575 illis
1467 5535 1706 5574 manum
1741 5517 2012 5584 admovit,
2037 5520 2100 5569 ut
2129 5516 2421 5571 Cedrenus
2444 5520 2687 5574 asserit:
2721 5519 2963 5593 ideoque
2984 5526 3094 5576 Leo
3118 5521 3349 5592 Sephus
3388 5521 3575 5575 eidem
3609 5521 3819 5575 Basilio

2008 5612 2219 5668 NOTI’E

478 5720 556 5786 (g)
601 5716 865 5771 Meminit
922 5716 1175 5771 Codinus
1225 5712 1372 5779 Orig.
1410 5707 1591 5771 Cl’ol.,
1645 5723 1701 5759 n.
1758 5704 1879 5773 157,
1913 5704 2052 5758 edit.
2166 5705 2357 5786 donis,
2385 5724 2437 5777 p.
2460 5709 2548 5786 66.
2578 5710 2726 5786 inter
2748 5708 3061 5786 scriptores
3086 5715 3215 5786 post
3238 5710 3652 5786 Theophanem
3680 5726 3691 5762 :
3720 5707 3821 5763 Εὐ-

408 5774 719 5843 La‘m'becii.
1185 5853 1192 5854 ί
1320 5774 1337 5779 ⁷
1404 5849 1415 5854 _
1487 5847 1569 5854 ων
1648 5849 1680 5854 _
1869 5850 1911 5854 __
2165 5775 2275 5854 ρῲν
2310 5774 2502 5854 Bel—nati
2534 5780 2661 5842 τοὺς
2691 5774 3010 5854 πολιτίκρὺς
3040 5774 3243 5854 νόμους
3291 5774 3528 5854 πολλὴν.
3554 5779 3815 5854 ἁσάφειαγ

478 5860 555 5931 (h)
590 5858 1009 5916 Constantinus
1030 5853 1381 5923 Porphyrog.
1403 5849 1461 5904 in
1487 5847 1616 5903 Vita
1648 5846 1843 5904 Basilii
1868 5850 2051 5902 Mace-

2207 5848 2254 5901 zi
2330 5848 2592 5923 σύγχυσιν
2649 5869 2873 5925 εχοντας
2918 5845 3007 5903 διὰ
3060 5845 3158 5918 τῆν
3218 5852 3428 5925 ἀγαθῶν
3472 5845 3683 5924 ’ὥσπερ
3724 5850 3816 5904 καὶ
