4074 6220
396 406 473 465 19
1682 408 1711 467 J
1723 409 1914 468 OAN.
1962 405 2134 465 ALB.
2179 401 2517 462 FABRICII
3724 393 3805 450 20

473 560 501 588 ‹‹
537 538 754 593 Laudat
784 537 937 593 idem
982 537 1346 608 Augustinus
1378 537 1434 592 in
1489 540 1644 593 notis
1677 539 1751 594 ad
1798 538 2068 595 Novellas

2199 534 2404 608 ἐχειρον
2446 528 2756 587 Βασιλικῶν
2787 529 2925 582 κατὰ
2954 530 3253 600 στοιχεῖον,
3285 524 3531 592 Iosephii
3565 523 3808 592 Tenedii,

401 630 458 682 et
505 627 756 682 indicem
807 623 1111 679 Βασιλικῶν
1162 627 1298 679 κατὰ
1348 632 1645 701 στοιχεῖον,
1678 630 1845 698 cujus
1895 646 1963 685 ea
2007 653 2010 676 ι

2197 625 2479 697 suspicere
2528 620 2901 693 exemplaria,
2936 635 3061 690 quae
3112 619 3419 672 servantur
3450 614 3509 668 in
3540 613 3806 667 Vatican.

403 715 704 770 codicibus
780 716 885 768 752
936 719 993 769 et
1066 716 1193 781 854,
1227 720 1283 770 et
1362 715 1606 773 Palatin.
1669 718 1796 773 cod.
1872 718 1999 783 222,

2197 715 2339 785 ipue
2414 712 2473 766 in
2533 708 2729 766 codice
2807 707 3085 778 inscripto
3158 703 3517 763 Τιπούκειτος
3577 701 3806 776 γενόμε-

404 824 513 866 νος.
549 806 615 860 Et
670 804 954 874 Ulpianus
1011 804 1247 875 quidem
1296 806 1505 877 Tyrius
1554 807 1702 862 alius
1732 824 1763 861 a
1806 804 2244 877 jurisconsulto,
2278 805 2324 858 si
2363 800 2687 858 Casauboni
2705 798 3049 853 sententiam
3095 812 3217 865 cap.
3254 795 3289 847 2
3316 793 3716 849 Animadvers.
3751 792 3810 846 in

404 894 746 948 Athenaeum
780 909 1129 964 sequamur;
1164 894 1249 947 vel
1283 896 1527 965 ipsemet
1552 895 2040 963 Jurisconsultus,
2067 896 2115 949 si
2139 894 2372 963 Cujacio
2405 892 2576 945 ﬁdem
2599 887 2979 945 adhibeamus
2999 886 3233 956 cap.39,
3259 884 3506 939 lib.xxiv
3538 883 3809 936 Observa-

402 986 615 1039 tionum
663 984 785 1054 jur.
847 984 918 1037 ab
968 983 1242 1037 Athenaeo
1301 984 1359 1038 in
1416 985 1580 1040 libris
1642 986 2011 1057 Dz'pnosophz'sa

2237 999 2354 1038 non
2413 985 2638 1035 tantum
2697 974 3171 1047 Ὀνοματοοήρης,
3221 975 3314 1028 sed
3359 974 3529 1026 etiam
3572 969 3804 1024 Κειτού-

412 1091 613 1137 κειτος,
646 1077 884 1127 vooatus
946 1073 1074 1138 fuit,
1110 1073 1262 1143 quod
1313 1073 1374 1128 in
1408 1073 1601 1144 epulis
1650 1075 1795 1129 nihil
1848 1080 2010 1142 gusta

2192 1072 2290 1137 ibi,
2324 1071 2459 1142 quin
2519 1066 2682 1140 prius
2714 1068 2978 1137 rogasset
3016 1062 3059 1116 εἷ
3118 1064 3315 1125 κεῖται,
3351 1078 3453 1117 seu
3487 1060 3548 1112 οὐ
3598 1062 3794 1124 κεῖται,

406 1163 525 1218 sive
576 1156 713 1213 ὅπου
764 1164 932 1213 κεῖται
990 1163 1114 1229 ejus
1173 1161 1502 1231 appellatio.
1567 1163 1731 1218 Hunc
1785 1165 2038 1219 indicem
2098 1161 2272 1231 vulgo
2312 1160 2426 1215 dici
2473 1159 2573 1228 jus
2617 1155 3050 1227 alphabeticum
3112 1158 3273 1208 notat
3330 1152 3455 1222 ipse
3518 1148 3808 1203 Antonius

408 1251 771 1322 Augustinus
822 1251 877 1303 in
928 1268 1033 1304 sua
1082 1250 1445 1307 Bibliotheca
1494 1252 1741 1309 codicib.
1796 1254 1917 1319 181,
1963 1254 2017 1307 18

2203 1253 2243 1305 7.
2278 1248 2506 1304 Carolus
2558 1246 2822 1301 Labbeus
2863 1243 3101 1314 νόμιμον
3149 1241 3288 1294 κατὰ
3339 1242 3580 1315 στοιχεῖν
3625 1241 3812 1301 vocat,

409 1347 460 1393 et
491 1338 715 1407 glossas
743 1342 877 1408 post
926 1338 1070 1392 illud
1098 1338 1365 1394 inventas
1410 1339 1747 1410 publicavit.
1780 1341 2016 1411 Cujaciu

2205 1338 2363 1413 ογὴν,
2416 1335 2502 1389 καὶ
2556 1332 2786 1405 Σύνοψιν
2835 1335 2940 1385 τῶν
2990 1328 3298 1385 Βασιλικῶν
3345 1329 3402 1397 ξ’.
3448 1322 3689 1383 ΒιϐΑίωθ
3724 1323 3814 1374 σὺν

410 1430 801 1498 παραπομπαῖς
832 1427 966 1479 κατὰ
997 1431 1268 1500 στοιχεῖον
1299 1428 1410 1483 sibi
1441 1430 1591 1484 dono
1626 1430 1827 1484 datum
1858 1447 1890 1484 a
1919 1429 2019 1485 Jac

2214 1426 2510 1497 ambrayo,
2542 1423 2642 1496 qui
2674 1421 2951 1477 retulerat
2980 1420 3135 1474 illam
3167 1436 3196 1474 e
3226 1419 3511 1490 legatione
3542 1422 3815 1477 Constan-

414 1516 820 1587 tinopolitana,
856 1521 1099 1571 testatur
1129 1519 1187 1571 in
1223 1518 1561 1588 praefatione
1586 1520 1655 1573 ad
1688 1518 1922 1574 titulum
1951 1519 2024 1585 π’,
2068 1521 2139 1573 De
2168 1518 2519 1573 excusatione
2552 1515 2814 1567 tutorum.

490 1624 516 1655 α
547 1605 810 1659 Antiochi
847 1606 1207 1660 Balsamonis
1240 1607 1319 1679 (p)
1351 1608 1683 1677 prochirum
1715 1607 1905 1664 simile
1935 1608 2200 1679 prochiro
2233 1603 2533 1661 Michaelis
2562 1601 2867 1669 Attaliotaz,
2899 1603 2955 1655 et
2993 1598 3078 1655 illi
3110 1599 3263 1670 quod
3289 1598 3521 1668 Basilio,
3553 1601 3729 1659 Leoni
3763 1611 3821 1663 et

413 1692 792 1748 Constantino
824 1694 1122 1763 tribuitur,
1158 1701 1417 1751 recenset
1447 1697 1504 1750 in
1538 1714 1644 1751 sua
1674 1696 2037 1752 Bibliotheca
2057 1696 2211 1751 idem
2234 1693 2522 1748 Antonius
2544 1689 2910 1762 Augustinus
2933 1688 3124 1743 codice
3158 1688 3278 1756 188,
3304 1687 3650 1762 videturque
3682 1710 3816 1750 cum

416 1780 586 1836 Pselli
619 1798 789 1852 opere
820 1784 1171 1838 confundere
1204 1784 1261 1838 in
1294 1802 1431 1841 voce
1465 1781 1797 1855 Πανδέκτης,
1840 1787 1909 1840 de
1942 1785 2189 1856 propriis
2216 1781 2554 1838 nominibus
2584 1779 3031 1834 Pandectarum.

486 1892 514 1917 ‹‹
592 1872 704 1925 Leo
778 1871 1167 1943 Philosophus
1244 1873 1458 1929 Basilio
1534 1875 1681 1945 patri
1759 1876 2075 1931 succedens

2211 1874 2479 1929 choatum
2556 1873 2628 1927 ab
2698 1871 2902 1927 eodem
2965 1867 3175 1924 Basilio
3233 1866 3525 1936 Διατάξεων
3596 1870 3818 1925 Βασιλι-

411 1960 521 2010 κῶν
564 1960 834 2015 volumen
870 1960 1192 2032 (Basilicam
1222 1968 1427 2018 vocant
1475 1964 1677 2035 Graeci)
1710 1964 1967 2035 perfecit,
2002 1964 2087 2018 uti
2136 1962 2431 2018 Credenus
2482 1961 2713 2029 asserit,
2742 1974 3029 2029 eperaque
3074 1956 3328 2013 Sabbatii
3362 1960 3819 2031 protospatharii

413 2049 519 2120 (uti
570 2049 877 2104 Matthmus
929 2051 1217 2106 Blastares
1267 2052 1463 2118 tradit,
1498 2070 1565 2108 ex
1614 2070 1794 2125 eoque
1836 2052 2124 2108 Antonius
2181 2053 2545 2123 Augustinus
2587 2050 2645 2103 in
2678 2047 3053 2117 Bibliotheca,
3088 2046 3234 2102 libro
3264 2047 3333 2101 de
3364 2063 3556 2118 prepr.
3592 2051 3815 2104 nomin.

413 2137 491 2205 π’,
525 2140 581 2192 et
636 2138 696 2192 in
748 2136 1212 2213 προλεγομεῦνοις
1269 2143 1337 2196 ad
1386 2142 1681 2213 Novellas)
1741 2142 2022 2213 promulg:

2233 2140 2342 2195 hac
2396 2140 2601 2195 Leonis
2646 2135 2897 2211 καθάρσει
2948 2135 3190 2192 Pbotius
3242 2137 3302 2191 in
3352 2152 3680 2207 procanone
3735 2139 3823 2192 vi-

417 2227 587 2281 detur
642 2244 782 2281 usus
841 2229 1209 2295 Gothofredo,
1243 2246 1395 2284 anno
1455 2248 1487 2286 a
1544 2232 1795 2301 Virginis
1853 2239 2021 2302 partu
2079 2232 2309 2287 circiter
2360 2232 2483 2286 886.
2520 2234 2565 2285 A
2616 2232 2801 2285 Leone
2851 2229 3233 2285 concinnatos
3283 2227 3458 2283 fuisse
3518 2226 3819 2282 Βασιλικῶν

419 2313 602 2369 libros
632 2314 881 2369 Michael
921 2316 1167 2385 Psellus,
1199 2317 1442 2373 Michael
1491 2318 1784 2389 Attaliota,
1821 2317 2311 2391 Harmenopulus,
2345 2318 2675 2389 Balsamon,
2699 2318 2986 2373 Blastares
3014 2319 3071 2371 et
3114 2314 3384 2385 Cujacius
3418 2332 3652 2372 summo
3685 2332 3820 2372 con-

424 2420 603 2460 sensu
636 2407 941 2461 testantur.

494 2515 519 2541 ‹‹
567 2494 759 2547 Edidit
820 2494 954 2548 item
1016 2495 1125 2549 Leo
1175 2495 1332 2549 Juris
1394 2496 1695 2565 Epitomas
1749 2497 1898 2568 tq-r),
1940 2512 2088 2568 opus
2138 2496 2315 2552 meris
2365 2496 2806 2554 deﬁnitionibus
2854 2500 2913 2553 et
2959 2494 3175 2568 regulis
3220 2498 3512 2563 constans,
3564 2500 3620 2551 et
3680 2495 3824 2551 satis

425 2579 680 2651 elegans,
714 2582 868 2651 quod
915 2588 1039 2637 erat
1071 2581 1131 2637 in
1176 2582 1435 2638 Palatina
1484 2584 1862 2655 bibliotheca,
1896 2592 1960 2639 ut
2000 2586 2284 2642 Freherus
2324 2591 2609 2655 testatur;
2659 2591 2865 2658 praeter
2894 2578 3375 2654 ἓξηκοντάϐιϐλον,
3410 2602 3509 2640 seu
3559 2585 3825 2640 Βασιλικὰ

425 2668 634 2739 νόμιμα
676 2670 992 2725 confecisse
1043 2672 1286 2726 Leonem
1337 2671 1689 2743 prochirum,
1725 2681 1787 2727 ut
1827 2674 2014 2729 instar
2066 2674 2502 2730 Institutionum
2552 2677 2713 2739 foret,
2748 2675 3036 2730 Antonius
3072 2676 3428 2739 Augustinus
3476 2675 3535 2729 in
3570 2676 3723 2729 notis
3754 2676 3824 2729 ad

425 2757 693 2813 Novellas
719 2759 928 2830 prodit,
956 2758 1268 2830 aliquando
1300 2777 1367 2814 ex
1394 2760 1485 2815 his
1518 2777 1645 2832 qua:
1685 2761 1794 2833 ipsi
1824 2766 1880 2817 et
1912 2762 2122 2818 Basilio
2172 2766 2319 2835 patri
2353 2764 2551 2832 simul,
2577 2765 2661 2819 vel
2710 2764 3092 2819 Constantino
3134 2762 3251 2817 ﬁlio
3286 2763 3618 2832 promiscue
3651 2764 3829 2817 ascri-

430 2849 671 2916 buntur,
705 2848 847 2902 illud
894 2848 1013 2903 fore
1062 2848 1376 2903 verisimile
1425 2857 1525 2920 est,
1560 2850 1703 2905 forte
1753 2849 1983 2911 Λέοντος
2032 2847 2268 2925 ἐκλογὴν
2311 2869 2435 2923 quae
2477 2853 2764 2924 reperitur
2806 2852 2862 2905 in
2895 2851 3246 2906 bibliotheca
3278 2851 3455 2921 Regia
3496 2852 3828 2918 Parisiensi,

429 2953 711 3008 quamque
739 2936 937 2992 laudat
972 2938 1254 3007 Labbeus,
1291 2938 1390 3010 qui
1422 2954 1488 2994 ex
1521 2940 1723 2994 eadem
1756 2943 1948 2996 erutas
1978 2940 2203 3012 glossas
2234 2942 2428 2997 emisit
2462 2942 2520 2996 in
2554 2943 2766 2997 lucem.
2800 2941 2993 2997 Codici
3024 2941 3302 2997 Vaticano
3340 2943 3465 3010 852,
3491 2942 3549 2996 in
3582 2959 3695 3013 quo
3726 2961 3824 2994 κα-

425 3025 491 3078 τὰ
523 3019 796 3098 στοιχεῖον
830 3027 1066 3097 przeﬁxa
1096 3026 1305 3097 legitur
1353 3027 1716 3099 imperatoris
1746 3027 1951 3084 Leonis
2000 3030 2243 3101 epistola
2292 3030 2599 3102 incipiens,
2633 3028 3017 3099 Ἰουστίνιανῷ,
3044 3030 3271 3085 diversa
3301 3048 3334 3084 a
3373 3028 3598 3086 novella
3639 3030 3829 3101 prima

428 3116 634 3171 Leonis
664 3116 735 3170 ad
769 3116 1120 3187 Stylianum.

498 3226 520 3255 α
553 3205 913 3261 Subsecutus
947 3206 1192 3261 Leonem
1225 3206 1662 3274 Constantinus,
1696 3206 1823 3277 ejus
1857 3206 2036 3276 filius;
2071 3212 2459 3279 cognomento
2492 3208 3096 3280 Porphyrogennetus,
3132 3208 3417 3264 revocavit
3454 3207 3560 3263 has
3596 3204 3819 3262 Βασιλι-

420 3291 517 3355 κὲις
548 3294 655 3349 sub
687 3294 980 3364 incudem,
1014 3299 1071 3349 et
1100 3311 1305 3349 novam
1348 3292 1727 3369 ἀνακάθαρσιν,
1759 3312 1860 3351 seu
1909 3298 2211 3368 repetitam
2248 3296 2670 3369 praelectionem
2718 3297 2915 3353 emisit
2945 3297 3001 3350 in
3044 3296 3251 3364 lucem,
3286 3301 3350 3352 ut
3380 3313 3509 3351 cum
3542 3297 3603 3350 in
3636 3313 3820 3351 unum

424 3398 634 3453 corpus
662 3383 1082 3453 quinquaginta
1111 3384 1289 3439 trium
1324 3384 1585 3440 locorum
1618 3385 2019 3441 communium
2066 3387 2205 3458 (ις-ι),
2242 3387 2543 3442 historicos
2585 3402 2786 3441 omnes
2829 3385 3018 3456 colligi
3047 3387 3345 3456 jussisset,
3379 3402 3493 3442 non
3529 3386 3721 3441 minus
3754 3387 3823 3439 de

420 3472 905 3543 jurisprudentia,
954 3488 1131 3543 quam
1160 3473 1229 3528 de
1260 3474 1525 3542 historia,
1560 3491 1687 3545 quae
1737 3475 2155 3546 conjungendaa
2208 3480 2346 3531 sunt
2385 3476 2472 3547 (ut
2512 3480 2632 3530 toto
2677 3474 2871 3530 libello
2904 3476 3071 3529 docet
3106 3476 3447 3531 Franciscus
3480 3474 3821 3529 Balduinus‘

426 3561 575 3615 bene
608 3563 943 3628 mereretur,
977 3565 1041 3616 ut
1066 3560 1392 3617 observavit
1422 3562 1805 3618 Casaubonus
1826 3563 1885 3618 in
1919 3564 2076 3633 przef.
2109 3564 2182 3618 ad
2222 3562 2553 3636 Polybium.
2588 3562 2750 3617 Unde
2798 3560 3105 3617 Βασιλικῶν
3136 3567 3333 3618 auctor
3362 3567 3622 3617 assertus
3656 3561 3765 3616 fuit
3795 3577 3827 3615 a

432 3648 807 3719 Luitprando,
832 3653 1005 3720 atque
1036 3667 1069 3703 a
1100 3650 1382 3706 Gentiano
1414 3651 1657 3707 Herveto
1690 3669 1703 3707 :
1740 3651 1890 3706 hanc
1920 3650 2275 3725 ἀνακάθαρσιν
2312 3653 2394 3724 (ιι)
2427 3652 2645 3723 passim
2679 3653 2881 3707 laudat
2906 3653 3241 3708 Theodorus
3273 3651 3600 3705 Balsamon.

502 3759 531 3787 ‹‹
573 3737 675 3792 Isti
706 3738 942 3793 demum
973 3739 1091 3793 veri
1131 3744 1270 3794 sunt
1319 3737 1628 3794 Βασιλικῶν
1662 3740 1816 3808 libri,
1868 3743 1965 3811 qui
2007 3758 2040 3797 a
2086 3743 2468 3797 Constantino
2520 3740 3065 3815 Porphyrogenneto
3091 3741 3298 3796 ultima
3344 3755 3520 3794 manu
3555 3737 3832 3809 imposita

443 3828 680 3883 fuerunt
708 3828 867 3883 editi.

502 3938 530 3966 «
561 3917 646 3971 Ad
678 3932 774 3973 eos
801 3917 925 3986 ipse
954 3917 1388 3988 Constantinus,
1418 3917 1753 3989 prochirum
1786 3919 1857 3990 (υ)
1900 3918 2020 3974 sive
2066 3919 2556 3976 introductionem
2589 3921 2857 3991 componi
2900 3919 3139 3984 curavit,
3173 3925 3268 3975 aut
3306 3917 3497 3989 potius
3545 3915 3819 3986 prochira

430 4024 556 4077 quae
590 4006 841 4062 Basilius
864 4011 919 4062 et
950 4008 1060 4063 Leo
1092 4012 1561 4078 composuerant,
1596 4008 1881 4063 recenseri
1911 4025 1923 4063 :
1961 4010 2113 4064 unde
2144 4009 2307 4065 illius
2337 4026 2569 4080 quoque
2601 4026 2808 4066 nomen
2855 4013 2938 4064 tot
2980 4009 3374 4080 prochirorum
3405 4004 3836 4076 exemplaribus

432 4096 781 4167 inscriptum
835 4101 941 4165 est,
1002 4113 1124 4169 qua;
1170 4114 1202 4153 a
1259 4097 1542 4152 studiosis
1600 4103 1656 4152 et
1712 4098 2023 4153 causidicis
2084 4098 2478 4154 Orientalibus
2550 4100 2699 4154 varie
2756 4099 3122 4167 interpolata,
3182 4097 3419 4152 concisa
3487 4112 3587 4167 pro
3641 4092 3830 4162 libito,

431 4191 489 4240 et
518 4186 587 4240 ad
620 4186 884 4257 ipsorum
908 4204 1107 4253 usum,
1132 4192 1599 4259 praepostereque
1631 4186 1919 4258 descripta
1957 4192 2074 4242 tam
2112 4188 2444 4253 dissimilia,
2477 4192 2709 4259 tamque
2742 4188 3073 4256 perturbato
3108 4186 3313 4240 ordine
3344 4201 3500 4239 nunc
3532 4182 3835 4255 reperiun-

431 4279 546 4330 tur.

508 4384 537 4412 «
570 4361 881 4416 Βασιλικῶν
915 4361 1176 4436 ἐκλογὴν,
1205 4362 1324 4417 sive
1356 4363 1634 4435 synopsin
1666 4364 1748 4435 (τε)
1783 4366 1951 4422 Joan.
1994 4367 2117 4422 Sam

2232 4382 2313 4422 eus
2364 4368 2448 4421 vir
2494 4366 2826 4422 Pannonius
2855 4366 3087 4421 Tarenti
3121 4366 3271 4436 apud
3304 4364 3578 4419 Calabros
3608 4361 3841 4433 reperit,

440 4454 496 4507 et
525 4468 652 4505 cum
686 4452 953 4507 versione
982 4452 1187 4508 Latina
1218 4450 1600 4507 Leunclavius
1630 4452 1816 4525 ipsam
1850 4453 2028 4509 edidit
2058 4455 2293 4511 Basileaa
2322 4455 2476 4511 1575.
2511 4454 2590 4509 De
2621 4453 2724 4510 illa
2757 4456 2884 4510 fuse
2916 4454 3186 4525 Cujacius
3228 4452 3329 4507 lib.
3362 4468 3498 4519 xvu,
3533 4466 3661 4519 cap.
3695 4449 3760 4502 37
3793 4451 3850 4502 et

448 4544 535 4599 38.
574 4541 849 4596 Observat.
882 4543 1058 4612 Juris,
1101 4542 1199 4597 ubi
1232 4542 1433 4598 laudat
1463 4542 1634 4598 etiam
1672 4542 1863 4615 μικρὸν
1893 4542 2029 4597 κατᾶ

2240 4548 2333 4597 ιῖον
2368 4545 2571 4601 incerti
2607 4544 2880 4615 auctoris,
2902 4546 2972 4599 de
2995 4560 3108 4616 quo
3141 4559 3273 4598 cum
3308 4558 3423 4597 non
3453 4540 3694 4611 liqueat,
3728 4555 3849 4593 am-

444 4631 743 4701 pliandum
774 4647 997 4686 censeo.
1033 4652 1061 4681 ››

516 4722 568 4772 6.
632 4721 916 4793 Διήγησις,
983 4718 1106 4792 περὶ
1164 4724 1263 4788 τῆς
1329 4718 1467 4793 πρὸς
1532 4718 1783 4795 Λῦγαρον
1852 4720 2252 4790 ἀποσταλείσης
2318 4722 2747 4797 ἀχειροποιήτου
2802 4722 2945 4784 θείας
2997 4720 3199 4779 εἰκόνος
3258 4718 3494 4790 Χριστοῦ
3553 4718 3649 4767 τοῦ
3712 4717 3849 4767 Θεοῦ

448 4810 629 4882 ἡμῶν.
665 4811 929 4865 Narratio
958 4810 1024 4865 de
1072 4810 1316 4881 imagine
1365 4810 1575 4867 Christi
1610 4813 1678 4866 ab
1720 4812 1837 4883 ipso
1893 4812 1961 4866 ad
1993 4815 2303 4884 Augarum,
2338 4814 2552 4867 Edessa:
2584 4829 2786 4883 regem,
2815 4812 2982 4867 missa
3029 4820 3078 4866 et
3108 4809 3302 4864 Edessa
3340 4806 3539 4862 CPolin
3575 4803 3854 4857 translata

447 4917 502 4954 a.
565 4899 621 4957 C.
680 4900 804 4955 9H.
867 4900 1063 4956 Latine
1119 4900 1334 4970 legitur
1383 4902 1535 4970 apud
1587 4902 1886 4970 Aloysium
1938 4901 2387 4973 Lipomannum,
2437 4905 2606 4972 atque
2656 4902 2791 4957 inde
2843 4902 2996 4972 apud
3051 4900 3287 4955 Surium
3343 4903 3477 4952 tom.
3531 4895 3620 4958 IV,
3666 4893 3735 4946 ad
3786 4891 3853 4944 16

447 4990 729 5060 Augusti;
785 4989 974 5045 Graece
1022 5006 1090 5045 ex
1138 4990 1313 5060 Regio
1358 4990 1553 5045 codice
1594 5008 1712 5046 una
1769 5007 1897 5047 cum
1946 5007 2093 5046 nova
2149 4992 2411 5046 versione
2462 5008 2569 5045 sua
2619 4993 2887 5059 notisque
2937 4989 3163 5059 primus
3210 4987 3465 5056 vulgavit
3504 4982 3848 5039 Franciscus

446 5079 832 5134 Combeﬁsius
862 5078 922 5134 in
970 5078 1268 5134 Fasciculo
1299 5079 1586 5150 originum
1646 5087 1699 5134 et
1749 5080 2163 5150 antiquitatum
2199 5079 2388 5149 CPol.,
2424 5097 2476 5149 p.
2509 5080 2738 5143 75-101,
2777 5079 2953 5133 Paris.
3000 5077 3157 5143 1664,
3187 5077 3239 5131 li.
3292 5076 3700 5145 Conjecturam
3754 5070 3842 5124 Li-

2027 5197 2073 5251 Ν
2078 5197 2257 5252 ΟΤίΕ.

522 5304 597 5375 (p)
627 5304 845 5359 Vereor
896 5319 968 5360 ne
1005 5302 1431 5375 Antiochenum
1474 5303 1865 5373 patriarcham
1908 5302 2102 5359 Balsa-
2211 5302 2404 5357 Basilii
2454 5301 2785 5358 Macedonis
2835 5302 2987 5358 inter
3017 5300 3323 5372 scriptores
3370 5302 3503 5369 post
3546 5296 3861 5366 Theopha-

452 5392 683 5432 monem
738 5376 925 5430 dicere
975 5374 1220 5431 voluerit
1266 5375 1651 5447 Augustinus,
1698 5376 1767 5429 de
1798 5375 1967 5447 cujus
2004 5393 2097 5447 sy-
2210 5390 2363 5429 nem.

452 5448 619 5518 nepsi
652 5463 680 5501 e
713 5448 907 5502 codice
939 5452 993 5501 et
1024 5447 1266 5502 novellis
1298 5440 1515 5503 dictum
1549 5440 1725 5517 supra
1756 5464 1811 5516 p.
1845 5446 1969 5499 403.
2038 5440 2056 5447 ⁷
2279 5448 2397 5518 (εει)
2432 5442 2571 5518 Vide
2603 5443 2819 5518 velum.
2854 5446 2919 5501 VI
2947 5445 3124 5514 hujus
3157 5443 3325 5518 Bibl.,
3351 5458 3406 5511 p.
3442 5440 3544 5492 1:90
3576 5453 3699 5507 seq.

524 5515 663 5596 (ἡνί’)
682 5520 887 5573 Leonis
915 5518 1205 5596 sapientis
1227 5515 1645 5596 compendium
1666 5515 1883 5596 Legum
1909 5518 2096 5596 citans
2207 5516 2391 5596 mhi)”
2419 5516 2591 5596 Idem,
2626 5515 2896 5596 Balsarno
2968 5530 3206 5596 prooem.
3261 5515 3320 5596 in
3384 5518 3855 5596 Nomocanonem

456 5584 583 5647 Nic.
601 5584 734 5645 Com
748 5607 931 5646 nenus
963 5584 1312 5660 Papadopoli
1332 5584 1775 5647 P'rwnotionibus'
1788 5592 2065 5658 mystagog

2250 5584 2393 5660 biotii
2434 5595 2599 5660 vocat
2626 5589 2725 5655 τὴν
2772 5584 3087 5660 τελευταίαν
3123 5584 3628 5660 amicitiam-tvva
3672 5584 3855 5660 νόμῳν

455 5680 511 5732 p.
554 5664 678 5729 361,
722 5663 847 5729 l:02,
888 5649 1258 5727 etc.,laudat
1296 5664 1422 5731 ejus
1454 5662 1795 5733 interpretes
1818 5649 2062 5733 phlodesti

2245 5658 2300 5724 ἦν
2352 5657 2649 5733 γενομένην
2684 5649 2844 5733 ’παρὰ
2900 5663 2996 5711 τοῦ
3027 5654 3281 5733 ἀοιδίμου
3349 5649 3620 5729 βασιλὲως
3661 5649 3854 5725 κυρίου

456 5726 617 5799 num,
650 5726 985 5801 Dominum,
1012 5726 1360 5799 Gregorium
1395 5734 1585 5795 Patzo,
1608 5726 2065 5804 'Theophili‘tzem

1734 5729 2091 5804 :ophili‘tzem,
2206 5726 2543 5804 Κωνσλεανεέίν
2554 5726 2613 5783 ου
2640 5735 2755 5804 γτοῦ
2780 5726 3343 5804 ’Πορφυρογέννητοω

454 5806 803 5867 Eudoxium,
824 5804 1071 5859 Phoeam
1086 5812 1140 5874 et
1160 5804 1525 5859 Theodorum
1546 5801 2090 5873 Hermonopolitem.
2272 5804 2343 5874 (υ)
2364 5806 2427 5859 Α.
2462 5802 2522 5858 C.
2554 5803 2678 5857 939.

456 5876 619 5929 Alius
666 5876 735 5930 ab
775 5875 883 5928 hoc
930 5873 1356 5944 Theophilitzes
1402 5878 1571 5945 cujus
1625 5874 1840 5931 mentio
1871 5874 1929 5929 in
1962 5874 2095 5930 Vita
2274 5878 2355 5949 (ω)
2390 5875 2507 5930 Fel.
2542 5874 2612 5928 de
2644 5874 2750 5931 hac
2778 5888 2951 5943 supra
2973 5891 3027 5943 p.
3062 5873 3185 5926 426.
