4074 6220
290 322 370 397 21
1010 311 1332 376 NOTITIA
1380 311 1879 378 SCRIPTORUM
1922 312 2452 376 CONS'I‘ANTINI
2497 311 3007 374 PROPHYROG.
3639 315 3719 376 22

299 450 540 530 pqmani
569 451 634 505 et
660 444 894 504 Baronii
938 443 1033 515 (ad
1066 461 1120 500 a.
1152 445 1280 516 994,
1311 463 1371 503 n.
1401 447 1489 517 13,
1534 465 1592 520 p.
1635 448 1764 515 717,
1807 448 1900 502 ed.
1951 450 2251 518 Antwerp.
2300 444 2597 516 Plantin.),
2648 444 2749 516 qui
2801 446 3194 503 narrationem
3242 446 3391 503 hanc
3429 447 3712 504 Constan-

302 542 451 609 tino,
496 536 749 595 Romani
799 533 930 601 ﬁlio,
976 532 1271 600 tribuunt,
1315 534 1527 590 refellit
1579 541 1785 607 praeter
1832 534 2250 591 Combeﬁsium
2294 533 2374 604 (et
2431 533 2693 591 Lambec.
2742 533 2782 589 l.
2826 548 2903 603 c.,
2953 549 3010 605 p.
3051 533 3177 601 413,
3220 538 3376 607 sqq.]
3418 534 3715 592 Hanckius

312 635 385 689 De
414 628 778 702 scriptoribus
805 625 926 680 hist.
970 628 1133 697 Byn,
1167 640 1302 698 pag.
1345 627 1449 681 475
1479 642 1625 699 seq.,
1655 630 1711 683 et
1734 625 2021 681 Antonius
2068 624 2202 696 Pagi
2244 622 2306 679 in
2352 622 2566 680 Critica
2612 624 2936 681 Baroniana
2973 623 3045 677 ad
3079 640 3130 680 a.
3163 625 3223 680 Ο.
3255 625 3383 693 944,
3435 644 3491 682 n.
3524 628 3558 680 3
3588 642 3713 699 seq.

316 702 533 781 Eistat
560 721 719 778 etiam
748 718 861 773 haec
889 716 1147 772 narratio
1179 733 1290 774 ms.
1323 716 1384 774 in
1415 717 1559 774 bibl.
1592 715 2031 772 Vindobonensi
2059 733 2072 783 ;
2103 714 2235 772 vide
2263 713 2638 771 Lambecium
2685 713 2838 782 VIII,
2864 731 2997 787 pag.
3048 716 3150 771 195
3179 731 3298 787 seq.
3334 718 3411 788 [p.
3450 717 3555 771 410
3585 733 3713 788 sqq.

328 816 429 871 ed.
458 811 683 880 Rullum,
711 809 824 865 cod.
860 808 952 875 14,
983 824 1043 863 n.
1082 808 1172 879 39]
1206 811 1262 862 et
1310 824 1367 882 p.
1402 807 1505 863 198
1536 809 1616 881 [p.
1652 808 1755 862 417
1777 824 1934 879 sqq.,
1968 823 2025 863 n.
2074 807 2164 862 40.
2197 806 2396 878 ibique
2437 805 2654 862 Kollar.
2711 810 2830 862 not.
2865 807 2954 879 8.]
2986 807 3085 863 ubi
3145 807 3392 864 refertur
3439 810 3716 881 anonymi

340 903 766 960 additamentum
796 898 869 953 de
899 894 1003 952 illa
1032 895 1309 970 imagine,
1341 896 1500 954 culta
1527 897 1783 964 Edessa,
1815 901 2127 969 antequam
2157 896 2367 953 CPolin
2409 896 2847 953 transferretur.
2880 898 3121 968 Incipit:
3174 897 3302 970 Περὶ
3343 902 3445 965 τῆς
3473 897 3629 971 ἁγίας
3659 896 3713 952 ὲν

348 988 547 1063 Ἐδέσσῃ
577 985 986 1060 ἇχειροποιτξτου
1035 984 1124 1039 καί
1172 982 1318 1048 θείας
1373 991 1610 1066 μορφῆς.
1661 987 1894 1043 FABRIC.

2043 985 2142 1042 Est
2189 1002 2415 1059 quoque
2443 985 2545 1041 illa
2601 987 2859 1042 narratio
2916 985 3163 1043 Floreat.
3216 987 3275 1042 in
3334 986 3479 1043 bibl.
3530 988 3703 1043 Laur.

359 1080 480 1135 Med.
509 1079 614 1134 cod.
645 1076 731 1130 30.
784 1075 885 1145 qui
917 1074 1175 1130 continet
1220 1074 1370 1131 vitas
1402 1079 1459 1132 et
1489 1091 1789 1133 sermones
1837 1076 2202 1131 diversorum
2250 1076 2491 1130 Patrum
2522 1075 2582 1130 in
2623 1073 2858 1131 laudem
2906 1074 3009 1131 SS.
3061 1092 3094 1131 a
3121 1074 3213 1131 die
3262 1076 3328 1131 18
3355 1079 3492 1133 Jun.
3527 1092 3717 1146 usque

348 1172 408 1224 ad
429 1170 480 1223 31
510 1171 643 1238 Aug.
680 1183 737 1220 n.
770 1165 864 1230 39,
897 1166 955 1222 d.
997 1165 1067 1219 16
1093 1166 1360 1238 Augusti.
1402 1169 1473 1224 V.
1506 1166 1743 1223 Bandin.
1797 1166 1923 1223 Cat.
1956 1166 2123 1223 codd.
2158 1166 2255 1223 Gr.
2302 1167 2476 1223 Laur.
2514 1164 2555 1223 Ι.
2599 1182 2656 1238 p.
2692 1166 2815 1235 456,
2866 1166 2968 1238 qui
3012 1174 3288 1239 praeterea
3334 1168 3472 1223 citat
3501 1167 3717 1223 Menasa

336 1259 549 1313 Graecor.
580 1256 782 1311 eodem
815 1255 932 1323 die,
959 1258 1016 1311 et
1041 1255 1217 1311 Leon.
1250 1254 1446 1312 Allatii
1472 1255 1658 1312 Diatr.
1694 1257 1763 1312 de
1804 1256 2146 1312 Simeonum
2180 1254 2436 1327 scriptis,
2465 1271 2523 1327 p.
2561 1255 2660 1310 103
2684 1272 2774 1327 sq.
2815 1286 2885 1296 —
2916 1256 3129 1311 Eadem
3175 1256 3418 1312 historia
3449 1255 3717 1326 imaginis

325 1346 513 1402 Christi
546 1345 855 1401 Edessena
882 1347 1147 1400 servatur
1184 1344 1244 1400 in
1274 1344 1419 1403 bibl.
1453 1344 1614 1418 publ.
1661 1346 1849 1403 Paris.
1882 1345 2048 1402 codd.
2101 1345 2261 1412 1176,
2314 1360 2373 1401 n.
2407 1343 2496 1413 40,
2530 1344 2689 1411 1475,
2721 1361 2782 1401 n.
2830 1345 2884 1414 9,
2920 1345 3081 1412 1527,
3126 1362 3182 1400 n.
3230 1345 3316 1414 11,
3354 1345 3491 1400 1528
3520 1361 3584 1402 ιι.
3626 1344 3713 1411 13,

326 1437 467 1503 1548,
494 1455 547 1491 n.
586 1438 648 1491 11
692 1440 751 1491 et
782 1435 941 1503 1611,
974 1451 1032 1490 n.
1063 1435 1149 1490 17.
1182 1465 1252 1477 -—-
1284 1435 1361 1492 De
1409 1435 1662 1507 imagine
1707 1436 1991 1492 Edessena
2028 1433 2267 1506 Christi,
2316 1433 2524 1490 CPolin
2574 1434 2769 1502 allata,
2802 1435 3022 1491 mentio
3055 1435 3117 1491 ilt
3148 1436 3301 1508 apud
3349 1435 3717 1492 continuato-

320 1543 426 1583 rem
451 1523 840 1596 Theophanis,
867 1524 929 1579 in
959 1526 1217 1580 Romano
1246 1523 1403 1596 imp.,
1435 1541 1492 1597 p.
1522 1525 1649 1580 268.
1684 1528 1861 1581 Hann.

381 1617 430 1671 7.
459 1614 781 1672 Orationem
813 1629 914 1666 ms.
964 1612 1037 1667 de
1090 1613 1458 1670 translatione
1503 1614 1872 1687 reliquiarum
1914 1614 1971 1671 S.
2019 1613 2400 1687 Chrysostomi
2435 1613 2635 1670 laudat
2671 1612 2921 1671 Allatius
2954 1614 3026 1669 De
3071 1613 3417 1686 purgatorio,
3458 1628 3593 1685 pag.
3621 1613 3716 1678 71,

318 1706 382 1761 ad
410 1703 719 1775 Georgium
749 1700 1138 1773 Acropolitam
1168 1718 1300 1774 pag.
1331 1703 1457 1758 201.
1490 1704 1566 1759 De
1605 1718 1867 1761 consensu
1895 1720 2024 1775 pag.
2055 1704 2183 1772 281,
2236 1707 2296 1760 et
2325 1704 2399 1761 De
2437 1705 2787 1760 Simeonibus
2837 1720 2968 1776 pag.
3013 1705 3134 1759 111.
3187 1704 3436 1775 Incipit:
3484 1701 3550 1758 Τί
3600 1720 3717 1775 τερ-

317 1795 554 1869 πνότερον
619 1795 720 1846 τοῖ’)
768 1795 858 1845 νῦν
908 1791 1192 1864 ὁρωμένου
1248 1792 1517 1864 θεάματος
1566 1793 1601 1862 ἢ
1660 1792 1712 1847 τί
1771 1791 2156 1868 λαμπρότερον
2223 1799 2324 1864 τῆς
2389 1793 2672 1869 παρούσης
2722 1793 2930 1868 ἡμέρας
2975 1813 2990 1863 ;
3041 1794 3272 1852 Titulus
3329 1798 3473 1851 est:
3533 1793 3713 1866 Λόγος

314 1882 459 1953 ἡνίκα
507 1884 575 1938 τὸ
636 1884 735 1936 τοῦ
789 1875 1182 1955 Χρυσοπόμου
1237 1882 1384 1956 ἱερὸν
1436 1889 1632 1952 σκῆνος
1687 1879 1746 1936 ἐκ
1792 1884 1892 1947 τῆς
1948 1881 2235 1958 ὑπερορίας
2281 1881 2333 1937 ἐν
2383 1888 2451 1954 τῆ
2498 1880 2740 1959 βασιλίδι
2787 1888 2894 1939 τῶν
2949 1880 3168 1939 πόλεων
3218 1883 3474 1952 ἀπετέθη.
3534 1884 3711 1939 FABR.

319 2007 380 2016 —
405 1977 554 2031 Inter
599 1973 946 2030 vetustiores
974 1973 1285 2046 scriptores
1334 1974 1436 2048 qui
1481 1974 1675 2032 Vitam
1707 1976 2101 2045 Chrysostomi
2148 1978 2283 2032 sunt
2328 1976 2639 2047 persecuti,
2672 1975 2950 2032 laudatur
2985 1976 3183 2033 Const.
3216 1976 3493 2047 Porphyr.
3543 1972 3715 2050 ἐγκώ-

332 2084 442 2136 lum
465 2065 527 2119 in
556 2065 679 2119 cod.
706 2062 954 2120 Vindob.
986 2063 1195 2120 Caesar.
1227 2064 1317 2120 27.
1348 2064 1417 2121 V.
1453 2065 1707 2121 Lambec.
1741 2064 2058 2122 Comment.
2086 2066 2233 2132 VIII,
2265 2081 2397 2138 pag.
2425 2065 2531 2122 637
2561 2082 2717 2138 sqq.,
2749 2070 2826 2136 et,
2879 2083 3055 2141 quem
3103 2065 3202 2121 ille
3244 2082 3303 2137 p.
3344 2065 3471 2132 639,
3503 2068 3625 2120 not.
3655 2065 3712 2131 4,

328 2153 540 2210 excitat.
569 2152 844 2228 savilium
866 2151 928 2209 in
958 2152 1050 2209 ed.
1085 2152 1499 2228 Chrysostomi,
1531 2159 1674 2211 tom.
1705 2154 1853 2226 VIII,
1886 2153 1995 2212 col.
2027 2155 2154 2210 943.
2187 2156 2289 2211 Est
2333 2172 2468 2212 vero
2523 2155 2622 2212 illa
2654 2159 2958 2211 Constant.
2994 2155 3271 2228 Porphyr.
3307 2158 3453 2212 orat.
3498 2154 3558 2209 in
3585 2153 3717 2209 cod.

320 2247 563 2303 Caesareo
596 2224 684 2315 {9,
727 2248 879 2301 teste
908 2244 1159 2302 Kollario
1199 2224 1265 2301 in
1315 2245 1607 2318 supplem.
1640 2247 1712 2302 ad
1754 2224 2044 2302 Lambecii
2089 2250 2336 2312 Comm.,
2365 2262 2420 2318 p.
2453 2247 2559 2301 259
2591 2262 2683 2319 sq.
2717 2278 2785 2288 —-
2820 2248 2880 2303 In
2931 2244 3072 2303 bibl.
3107 2224 3429 2309 _Bl'ortiana.
3481 2250 3720 2301 notante

314 2335 623 2391 Montt‘auc.
655 2334 718 2388 in
764 2339 828 2388 Β.
862 2334 1061 2390 bbloth.
1086 2350 1241 2403 mss.,
1274 2340 1417 2391 tom.
1453 2336 1497 2404 I,
1520 2352 1650 2408 pag.
1684 2336 1812 2401 702,
1840 2338 1909 2391 Α.
1941 2365 2011 2376 -
2032 2335 2213 2391 Paris.
2237 2334 2297 2390 in
2336 2333 2477 2391 bibl.
2508 2335 2675 2407 publ.
2701 2336 2864 2392 codd.
2898 2336 3024 2403 157,
3057 2352 3113 2390 n.
3149 2335 3236 2389 19.
3276 2340 3330 2389 et
3359 2333 3520 2388 3100.
3574 2350 3632 2389 n.
3666 2334 3718 2388 4.

370 2423 825 2493 Constantinus,
873 2424 1084 2481 Leonis
1127 2424 1305 2493 ﬂiius,
1350 2433 1551 2482 auctor
1578 2442 1705 2483 esse
1752 2424 1969 2481 dicitur
1996 2426 2343 2481 canticorum
2392 2420 2917 2499 (ἔξαποστειλαρίον)
2956 2424 3026 2480 ad
3085 2424 3275 2480 divina
3324 2423 3584 2493 beneﬁcia
3618 2440 3722 2494 pa-

308 2516 520 2585 scendo,
571 2515 632 2570 in
665 2515 796 2570 cod.
854 2513 1092 2571 Taurin.
1153 2516 1276 2586 175,
1307 2514 1375 2571 V.
1409 2514 1588 2573 Catal.
1622 2515 1792 2573 codd.
1852 2530 2009 2588 regg.
2062 2514 2320 2585 Taurin.,
2368 2532 2503 2590 pag.
2552 2516 2659 2571 260
2708 2533 2791 2588 sq.
2843 2549 2909 2557 —
2957 2514 3111 2571 Inter
3149 2514 3317 2571 codd.
3365 2512 3615 2569 Vossian
3655 2512 3713 2568 in

307 2607 482 2664 Catal.
515 2607 691 2664 codd.
723 2604 967 2678 Anglia,
1007 2608 1148 2662 tom.
1190 2606 1262 2676 ll,
1302 2623 1359 2679 p.
1390 2607 1485 2676 60,
1515 2622 1571 2661 n.
1603 2606 1766 2679 2210,
1796 2609 1886 2663 est
1930 2605 2204 2678 anonymi
2235 2605 2603 2679 compellatio
2650 2607 2719 2662 ad
2768 2604 3213 2662 Constantinum
3269 2603 3703 2676 Porphyrogen.

294 2700 465 2755 ΒΑΜ..

361 2791 412 2845 8.
448 2787 789 2860 Theophanis
834 2787 1143 2855 historiam,
1178 2786 1543 2843 Constantini
1575 2788 1749 2859 jussu
1796 2789 2210 2857 continuatam,
2263 2789 2583 2846 memoravi
2632 2805 2809 2862 supra
2852 2787 2938 2860 [in
2986 2785 3099 2844 vol.
3148 2786 3275 2855 VII,
3318 2785 3420 2842 lib.
3471 2803 3533 2854 ιι,
3568 2802 3618 2841 ο.
3648 2785 3705 2841 5.

288 2881 315 2946 §
342 2878 469 2946 VII,
501 2895 561 2933 n.
594 2878 647 2933 4.
680 2892 813 2950 pag.
847 2876 999 2947 681.]
1028 2906 1098 2916 —
1130 2875 1259 2932 Vide
1300 2876 1527 2948 hujusce
1564 2877 1895 2949 Palrologiae
1943 2883 2148 2935 nostra:
2178 2888 2311 2936 tom.
2359 2880 2506 2946 CIX,
2548 2880 2609 2935 in
2656 2878 2972 2935 recensione
3000 2878 3334 2949 scriptorum
3368 2884 3490 2948 post
3540 2874 3705 2931 Theo-

279 2969 542 3039 phanem.
576 2968 732 3023 Enn.

352 3061 408 3114 9.
442 3060 714 3128 Superest
743 3056 1102 3129 praecipuum
1134 3072 1303 3129 opus,
1334 3057 1485 3127 quod
1522 3073 1636 3113 non
1676 3058 1801 3130 ipso
1829 3058 2215 3115 Constantino
2246 3057 2485 3131 quidem
2523 3058 2911 3123 elaboratum,
2945 3063 3003 3113 at
3028 3055 3261 3129 egregio
3291 3053 3538 3111 consilio
3569 3056 3695 3126 ejus

292 3154 466 3221 atque
497 3147 779 3221 auspiciis
817 3162 923 3221 per
951 3147 1140 3203 varios
1176 3146 1328 3203 viros
1380 3147 1599 3218 peritos
1629 3147 1915 3218 digestum

2032 3152 2079 3218 t,
2137 3142 2532 3224 κεφαλαιωδῶν
2583 3146 2909 3217 ὑποθέσεων,
2960 3146 3080 3203 sive
3127 3146 3586 3202 collectaneorum
3644 3150 3704 3201 et

281 3245 670 3309 excerptorum
692 3235 1385 3307 bistorico-politicorum
1418 3239 1475 3291 et
1496 3235 1805 3291 moralium
1828 3236 1937 3293 sub
1967 3237 2255 3308 capitibus
2285 3236 2403 3293 sive
2433 3236 2623 3293 titulis
2640 3237 2712 3292 53
2742 3238 2823 3309 (y)
2854 3236 3296 3308 dispositorum,
3338 3235 3693 3308 conquisito-

278 3343 535 3399 rumqne
556 3343 624 3383 ex
646 3325 1078 3399 probatissimis
1100 3325 1434 3398 quibusque
1455 3325 1749 3382 historicis
1779 3326 1973 3383 omnis
2004 3326 2191 3385 astatis
2212 3326 2636 3383 monumentis.
2667 3327 2748 3382 Ex
2776 3326 2969 3382 tribus
2999 3325 3160 3382 hisce
3190 3330 3246 3382 et
3277 3325 3699 3397 quinquaginta

277 3416 479 3472 titulis
511 3415 748 3473 nonnisi
777 3418 919 3484 duo,
955 3431 1144 3487 neque
1174 3415 1259 3471 illi
1306 3416 1542 3488 integri,
1594 3414 1768 3487 plane
1796 3416 1871 3472 ad
1920 3432 2025 3474 nos
2082 3423 2490 3487 pervenerunt,
2535 3415 2850 3473 vicesimus
2899 3417 3185 3487 septimus
3210 3415 3341 3487 Περὶ
3374 3408 3695 3488 πρεσϐειῶν,

282 3505 358 3560 De
386 3505 784 3577 legationibus,
817 3510 876 3561 et
906 3505 1430 3578 quinquagesimae
1470 3502 1599 3579 Περὶ
1627 3501 1823 3578 ἀρετῆς
1853 3524 1921 3559 κα

2032 3503 2186 3573 ικίας,
2220 3507 2294 3562 De
2338 3507 2543 3562 virtute
2589 3508 2639 3562 et
2679 3507 2837 3561 vitio.
2870 3504 3050 3561 Tituli
3097 3506 3168 3561 de
3197 3504 3589 3577 legationibus
3621 3503 3700 3557 al-

286 3598 468 3649 teram
505 3600 752 3666 partem,
785 3612 818 3650 a
839 3595 1058 3650 Joanne
1087 3594 1340 3665 quodam
1372 3592 1679 3650 CPolitano
1710 3593 2025 3665 digestam,
2059 3611 2127 3650 ex
2161 3594 2304 3650 bibl.
2338 3594 2571 3651 Antonii
2596 3593 2934 3666 Augustini,
2977 3593 3395 3666 archiepiscopi
3421 3593 3696 3647 Tarraco-

289 3684 507 3752 nensis,
546 3684 801 3757 vulgavit
853 3682 1090 3739 Fulvius
1131 3683 1373 3739 Ursinus
1405 3683 1598 3739 Graece
1628 3685 1933 3757 Antvverp.
1985 3684 2145 3751 1582,
2197 3685 2250 3755 4,
2292 3701 2426 3740 cum
2477 3684 2653 3740 notis.
2705 3685 2768 3740 In
2819 3685 2927 3740 hac
2958 3688 3118 3756 parte
3165 3687 3397 3739 exstant
3451 3673 3698 3752 παραϐο-

289 3769 389 3822 λαὶ
431 3779 694 3844 excerpta
737 3790 766 3830 e
808 3773 1045 3846 Polybio
1086 3789 1216 3846 pag.
1262 3773 1451 3837 1-228,
1497 3790 1529 3829 ο
1557 3773 1829 3846 Dionysio
1880 3774 2341 3842 Halicarnasseo,
2376 3792 2434 3847 p.
2466 3775 2736 3844 295-312,
2786 3791 2816 3831 e
2849 3775 3092 3831 Diodoro
3122 3774 3315 3830 Siculo
3362 3791 3416 3843 p.
3462 3773 3699 3826 3l3-333

306 3875 375 3913 ex
403 3860 664 3930 Appiano
690 3879 811 3934 pag.
841 3864 1108 3930 334-372,
1140 3867 1197 3919 et
1226 3879 1258 3919 e
1286 3862 1466 3919 Dione
1496 3863 1697 3920 Cassio
1728 3880 1786 3936 p.
1819 3864 2083 3919 373-447.
2133 3865 2392 3920 Alteram
2445 3871 2666 3935 partem
2698 3864 2961 3934 ejusdem
2991 3863 3147 3918 tituli
3177 3863 3248 3917 de
3281 3861 3691 3933 legationibus,

290 3965 363 4004 ex
390 3950 809 4009 recentioribus
834 3955 1006 4026 paulo
1036 3952 1331 4009 historicis
1361 3940 1628 4025 excerpta
1656 3952 2039 4025 complexam,
2072 3954 2252 4009 David
2300 3953 2665 4010 Hceschelius
2703 3970 2773 4009 ex
2802 3954 2998 4009 codice
3028 3952 3299 4008 Bavarico
3328 3950 3433 4005 204
3465 3950 3691 4022 pridem

280 4039 561 4111 vulgavit.
614 4045 688 4097 Ex
726 4044 1005 4114 prommio
1051 4043 1343 4101 ascribam
1395 4043 1728 4117 catalogum
1776 4043 2149 4116 scriptorum,
2182 4060 2213 4100 e
2251 4042 2467 4116 quibus
2518 4042 2619 4099 illa
2661 4042 3145 4099 collectaneorum
3178 4060 3312 4113 pars
3342 4042 3688 4099 concinnata

278 4129 428 4185 luit:
462 4128 583 4185 Εἶσί
646 4128 704 4185 δὲ
767 4131 827 4185 ἐκ
895 4136 1006 4187 τῶν
1078 4132 1524 4209 ὑποτεταγμένων
1594 4132 1913 4207 Χρονικῶν⁸
1976 4133 2041 4204 α’,
2097 4131 2301 4207 Πέτρου
2365 4132 2653 4208 πατρικίου
2735 4133 2823 4187 καὶ
2905 4131 3228 4208 μαγίστρου.
3292 4132 3360 4207 β’,
3408 4130 3681 4204 Γεωργίου

275 4220 529 4292 μοναγοὺ
590 4228 874 4295 χρονικῆς,
934 4224 1002 4296 γ’,

272 4308 336 4375 ς’,
397 4304 680 4364 Πολυϐίου
767 4310 1230 4386 Μεγαλοπολίτου
1313 4314 1403 4367 καὶ
1463 4315 1783 4371 ’Λππιανοῢ.
1839 4314 1923 4383 ἵζ’,
1981 4313 2233 4387 Ζωσίμου
2319 4311 2751 4371 Ἀσκαλωνίτου.
2833 4314 2928 4384 η’.,

1060 4223 1316 4279 Ἰωάννου
1370 4222 1722 4297 Ἀντιοχέως.
1784 4219 1852 4293 δ’,
1908 4222 2189 4279 Διονυσίου
2242 4221 2679 4298 Ἀλικαρνασέως
2726 4222 3087 4297 Ῥωμαῗακῆς
3149 4220 3569 4298 ἀρχαιολογίας.
3632 4223 3691 4294 ε’,

3019 4314 3294 4384 Ἰωσήπου
3381 4308 3688 4381 Ἰουδαϊκῆς

273 4396 700 4474 ἀρχαιολογίας.
759 4402 823 4468 θ’,
879 4398 1156 4476 Διοδώρου
1204 4399 1567 4461 Σικελιώτου.
1631 4402 1682 4471 ι’,
1743 4401 1943 4465 Δίωνος
1998 4408 2322 4463 Κοκκιανοῦ.
2396 4406 2481 4475 ια’,
2530 4402 2842 4479 Προκοπίου
2903 4404 3236 4480 Καισαρέως.
3299 4405 3388 4479 ιβ’,
3443 4402 3681 4478 Πρίσκου

1869 4514 2101 4571 ΝΟΤΛΕ.

301 4677 314 4691 ⁸
350 4608 437 4689 (ῃ)
493 4608 717 4692 Auctor
776 4609 1150 4698 prmfationis,
1210 4610 1461 4702 singulis
1515 4616 1922 4682 excerptorum

278 4681 470 4759 titulis
504 4695 819 4759 premtssas
843 4697 895 4759 ;⁸
922 4683 987 4759 (_)‘
1011 4701 1109 4745 της
1141 4701 1422 4759 πορφυρας
1464 4679 1924 4759 ἀπόγονοςΚωγ-

279 4747 583 4827 sentix-oc,
628 4751 656 4803 ὁ
732 4747 1151 4827 ὀρθρδοξότατος
1400 4747 1922 4827 χριστιανικώτατος

276 4824 383 4898 τῷν
437 4818 666 4898 πώποτε
712 4897 717 4898 7
753 4817 1247 4898 βεϐασιλευκότων,
1306 4817 1707 4898 ὀξᾼυὶὅπέστερον
1736 4892 1754 4898 Δ
1789 4826 1923 4894 πρὸς

276 4893 379 4961 τὴν
411 4895 524 4967 τῷν
579 4892 764 4967 καλῶν
822 4896 1153 4967 κατανόησιν
1193 4892 1556 4967 διακείμενος,
1603 4892 1693 4951 ita?
1730 4892 1926 4967 δαστή-

278 4984 412 5041 pios
431 4960 710 5041 έσλνλκὼς
750 4969 897 5041 νοῖᾷνλ,
921 4960 1100 5041 ἔξιρινε
1146 4960 1450 5041 βέλτιστονΔ
1477 4960 1613 5021 εἶναι
1654 4966 1743 5041 καὶ
1773 4960 1919 5022 κοινλ

274 5032 620 5113 ωφελὶςξτῷ
668 5055 735 5113 τεΔ
780 5032 892 5113 βίῳ
941 5032 1294 5113 ὀτησίφὸρον,
1346 5037 1608 5113 πρότερον
1646 5039 1771 5111 μὲν,
1812 5045 1923 5113 etc.

274 5096 680 5184 Cdnstantinus
706 5096 1294 5183 Po'rphyroq'enneius:
1312 5096 1657 5184 impertitum.
1677 5096 1924 5184 omnium

269 5182 371 5254 qui
403 5196 668 5254 unquam
740 5182 1005 5251 fuerunt,
1040 5188 1198 5240 recta
1251 5182 1401 5254 ﬁdei
1436 5183 1821 5239 tenacissimas
1875 5188 1927 5238 et

273 5251 806 5326 Christianissimus,
858 5256 1083 5326 ingenio
1126 5251 1389 5326 praeditus
1443 5256 1522 5311 ad
1568 5270 1754 5310 rerum
1794 5254 1926 5324 pul-

272 5323 545 5398 chrarum
590 5323 986 5398 perceptionem
1036 5323 1483 5398 acutissimo,rea
1528 5325 1760 5398 denique
1787 5323 1927 5397 pra:-

270 5402 434 5470 stans
488 5395 881 5470 intelligentia,
948 5407 1008 5453 ut
1059 5399 1226 5467 facile
1272 5397 1487 5470 quidvis
1547 5397 1616 5452 ad
1666 5395 1927 5469 ‘eﬂeclum

272 5466 620 5541 perduceret,
676 5467 821 5541 illud
873 5466 1065 5541 primo
1114 5473 1233 5540 fore
1278 5466 1558 5540 'Oplimum
1630 5466 1736 5525 est"
1774 5473 1929 5524 ratus

273 5537 1047 5612 etdvulgoomnibus'utile,
1095 5537 1154 5596 ut
1201 5537 1370 5597 libros
1416 5541 1671 5612 undique
1713 5556 1784 5597 ea:
1811 5556 1925 5596 om-

275 5607 439 5680 nibus
491 5607 667 5680 orbis,
679 5609 951 5680 partibus,
1000 5612 1253 5669 doctrina
1299 5611 1458 5668 naria
1503 5607 1752 5680 refertos,
1801 5628 1927 5667 con-

314 5678 548 5746 uireret,
579 5678 776 5756 deinde
803 5691 1011 5739 vastam
1038 5685 1196 5740 illam
1216 5684 1508 5748 librorum,
1547 5678 1770 5750 molem,
1800 5699 1928 5756 quae

363 5758 508 5827 tores
534 5752 825 5827 enecabat,
844 5771 1005 5825 quam
1033 5757 1351 5827 praesertim
1376 5757 1611 5827 molesta
1653 5752 1927 5827 plerisque

2030 4613 2277 4669 minutas
2314 4616 2530 4684 putavit
2568 4613 3026 4679 distribuendam,
3060 4618 3112 4668 et
3142 4614 3477 4669 luculentam
3526 4613 3680 4669 utili-

2032 4690 2221 4754 tatem,
2272 4701 2397 4758 qua:
2456 4695 2668 4758 poterat
2720 4686 2846 4758 inde
2890 4688 3144 4758 percipi,_
3176 4686 3349 4758 oculis
3396 4687 3682 4758 hominum

2032 4755 2435 4828 exponendam.
2457 4755 2629 4828 ’Adeor
2651 4761 2710 4811 ut
2740 4756 2838 4812 hoc
2867 4755 3077 4811 delectu
3125 4755 3310 4811 habito
3349 4757 3677 4828 majoriat-

2034 4827 2277 4885 tentione
2321 4838 2374 4884 et
2410 4827 2749 4884 assiduitate
2797 4828 3023 4883 lectioni
3091 4827 3403 4884 incumbere
3447 4827 3683 4883 studiosi

2032 4909 2252 4971 queant,
2301 4904 2351 4955 et
2386 4899 2659 4957 sermonis
2719 4898 3042 4970 facundiam
3090 4899 3262 4954 altius
3312 4916 3376 4955 ac
3428 4899 3680 4970 penitius

2032 4972 2220 5043 animo
2250 4971 2588 5041 imprimere.
2621 4972 2728 5026 Hoc
2774 4970 3015 5043 amplius
3047 4972 3346 5043 imperator
3380 4986 3598 5043 magno,
3630 4978 3680 5043 et

2031 5042 2186 5105 felici
2240 5034 2434 5098 conatu
2492 5058 2629 5117 opus
2683 5034 3003 5098 universum
3045 5034 3439 5117 ἐπ’ὒποθέσεις
3473 5034 3681 5117 γδιαέρό-

2035 5132 2179 5187 ρους,
2206 5119 2485 5187 tractatus
2502 5114 2762 5187 diversos
2783 5128 3013 5187 numero
3039 5117 3160 5187 tres
3181 5119 3237 5187 et
3254 5113 3680 5187 quinquaginta

2034 5182 2243 5256 censuit
2295 5185 2756 5256 distribuendum,
2807 5186 2869 5240 in
2933 5186 3133 5256 quibus
3187 5182 3365 5238 ἅπασα
3422 5182 3675 5256 ἱστορική

2036 5253 2428 5331 μεγαλουργία,
2492 5254 2758 5327 quidquid
2812 5253 3377 5331 magniﬁcumhabet
3422 5253 3675 5331 historia,

2032 5324 2315 5384 inclusum
2331 5324 2672 5399 continetur,
2713 5342 2886 5399 neque
2914 5324 3079 5399 inest
3107 5324 3406 5399 quidquam
3437 5328 3681 5383 historiae

2033 5399 2320 5473 insertum,
2366 5398 2509 5473 quod
2546 5398 3089 5473 partitionemhanc
3137 5399 3195 5453 in.
3225 5398 3383 5453 hosce
3418 5404 3679 5454 tractatus

2034 5472 2307 5541 eﬂugerit.
2367 5469 2554 5541 Neque
2590 5486 2715 5525 vero
2762 5471 2832 5525 ab
2901 5469 3225 5526 divisionem
3283 5473 3678 5527 sententiarum

2032 5544 2202 5599 series
2240 5542 2426 5613 operis
2473 5543 2640 5597 totius
2692 5542 2805 5597 ulto
2843 5541 3010 5614 modo
3044 5544 3437 5614 corrumpitur,
3489 5556 3680 5598 verum

2032 5623 2211 5672 servat
2240 5615 2353 5668 haec
2378 5615 2646 5685 synppsis,
2674 5614 2877 5685 vel,ut
2894 5613 3079 5671 verius
3108 5613 3308 5677 dicam,
3342 5614 3460 5669 haec
3488 5627 3678 5669 rerum

2033 5682 2421 5757 cognatarum,
2447 5682 2716 5746 οἰιιείωσις
2748 5684 2860 5741 sive
2897 5687 3167 5741 adunatio
3198 5684 3258 5741 in
3285 5685 3521 5752 singulis
3541 5697 3674 5752 par-

2032 5756 2178 5811 tibus
2206 5757 2604 5814 concinnandis
2634 5757 2935 5828 unicuique
2971 5758 3241 5813 tractatui
3265 5756 3673 5809 convenientem

284 5822 545 5878 omnibus
593 5831 643 5879 et
673 5823 827 5879 tmdii
850 5822 1045 5897 'plena'
1072 5843 1135 5883 ea
1172 5842 1258 5883 res
1297 5825 1593 5896 videretur,
1641 5822 1701 5880 in
1742 5822 1924 5896 partes
2027 5830 2321 5885 rationem.

176 6060 403 6067 ἡ..
