4074 6220
349 336 427 398 23
1643 335 1862 397 JOAN.
1909 338 1958 396 A

2166 334 2474 397 ’ABBICII
3695 342 3775 402 24

3746 446 3766 464 .

347 472 605 545 ῥήτορος.
660 471 751 544 ιγ’.
811 469 1047 544 Μάλχου
1101 471 1383 547 σοφιστοῦ.
1438 466 1520 538 ιδ’,
1576 464 1883 543 Μενάνδρου
1942 470 2331 544 προτὲκτορος.
2394 488 2459 538 ιε,
2516 462 2899 544 ΘεοφυΛάκτου
2958 465 3064 521 ἀπὸ
3120 465 3377 543 ἐπάρχων
3448 474 3538 528 καὶ
3624 471 3795 533 ἀντι-’

346 559 598 636 γραφέως
624 564 721 614 τοῦ
753 561 1119 632 Σιμοκάττου.

418 652 595 708 Tituli
631 653 701 708 de
738 653 1053 706 virtutibus
1084 656 1141 705 et
1169 651 1346 720 vitiis,
1380 650 1481 721 qui
1512 650 1571 705 in
1600 654 1715 705 toto
1763 666 1937 722 opere
1969 649 2081 705 fuit
2110 648 2659 722 quinquagesimus,
2711 648 2963 719 priorem
2997 655 3219 720 partem
3251 668 3318 708 ex
3354 654 3551 711 insula
3581 638 3785 729 Cypro

350 747 555 797 nactus
586 742 709 797 Nic.
758 740 1057 798 Fabricius
1107 741 1429 796 Peiresoius
1460 740 1916 796 communicavit
1963 756 2097 796 cum
2130 740 2375 796 Henrico
2407 738 2662 804 Valesio,
2695 737 2794 810 qui
2838 755 2906 792 ex
2958 754 3026 794 ea
3057 756 3184 811 quae
3218 744 3396 815 digna
3453 746 3584 802 luce
3614 748 3770 804 vide-

346 833 582 899 bantur,
616 831 817 902 selegit
848 835 906 885 et
934 846 1069 885 cum
1099 831 1363 886 versione
1393 846 1498 885 sua
1522 831 1796 901 notisque
1826 830 2187 886 doctissimis
2208 836 2265 886 et
2294 829 2619 900 fragmentis
2648 827 2893 900 Polybii,
2926 828 3050 885 Nic.
3083 829 3428 890 Damasceni
3460 843 3514 891 et
3551 837 3766 908 Dionis,

348 921 631 993 singulari
664 920 861 977 studio
893 938 926 976 α
956 936 1017 976 se
1045 920 1320 988 collectis,
1352 920 1613 993 vulgavit
1640 921 1823 976 Paris.
1850 920 2011 986 1634,
2043 921 2097 977 4.
2132 922 2193 976 In
2217 920 2311 976 his
2336 917 2639 990 excerptis,
2663 934 2792 989 quae
2814 918 2986 991 vulgo
3009 920 3381 993 appellantur
3408 925 3769 983 Peiresciana

346 1010 616 1081 leguntur
647 1011 861 1066 selecta
891 1009 1015 1065 loca
1044 1025 1111 1065 ex
1143 1008 1380 1079 Polybio
1411 1024 1543 1080 pag.
1566 1009 1778 1075 6-197;
1811 1023 1841 1064 e
1870 1009 2119 1066 Diodoro
2147 1008 2342 1065 Siculo
2374 1025 2503 1081 pag.
2534 1010 2634 1062 221
2651 1008 2784 1064 -413
2811 1050 2827 1077 ,
2860 1024 2929 1063 ex
2966 1009 3206 1068 Nicolao
3235 1012 3616 1085 Damasceno,
3650 1015 3778 1089 περὶ

342 1104 439 1155 τοῦ
462 1096 605 1154 ἰδίου
640 1099 760 1175 βίου
800 1100 1017 1167 καὶτῆς
1067 1097 1258 1152 ἑαυτοῦ
1307 1095 1586 1174 διαγωγῆς
1634 1116 1761 1171 pag.
1795 1098 1951 1155 414-4

2167 1116 2203 1154 χ
2246 1097 2523 1168 Dionysio
2551 1097 2996 1156 Halicarnasseo
3048 1117 3181 1175 pag.
3213 1103 3495 1175 529-543;
3544 1122 3612 1162 ex
3670 1112 3776 1177 Ap-

346 1192 519 1263 piano
550 1208 683 1264 pag.
724 1192 967 1245 465-567
991 1208 1005 1258 ;
1057 1205 1125 1245 ex
1167 1190 1346 1245 Dione
1395 1190 1590 1246 Cassio
1631 1206 1773 1263 pag.
1822 1190 2106 1257 569-769;
2137 1206 2207 1245 ex
2253 1189 2479 1245 Joanne
2522 1188 2906 1256 Antiocheno,
2959 1194 3268 1263 monacho,
3319 1212 3452 1267 pag.
3497 1198 3767 1253 778-853.

345 1286 626 1354 Excerpta
672 1280 979 1352 ceteroqui
1027 1285 1152 1336 erat
1195 1281 1313 1336 baac
1359 1281 1847 1337 collectaneorum
1878 1297 2008 1351 pars
2036 1296 2105 1336 ex
2151 1279 2536 1351 scriptoribus
2574 1281 3041 1351 quatuordecim,
3084 1284 3180 1353 qui
3212 1302 3344 1358 pag.
3392 1288 3427 1341 5
3470 1302 3594 1358 seq.
3654 1287 3765 1343 hoc

347 1373 552 1429 ordine
606 1377 983 1428 recensentur
1017 1386 1031 1425 :
1063 1368 1184 1426 Εἰσὶ
1234 1367 1292 1423 δὲ
1348 1369 1409 1423 ἐκ
1453 1373 1561 1424 τῶν
1611 1369 1956 1446 ὑποτεταγμέ·

2151 1372 2389 1437 »ονικῶν,
2428 1369 2496 1436 α’,
2564 1369 2837 1439 Ἰωσήπου
2867 1369 3321 1448 Ἀρχαιολογίας,
3375 1375 3443 1449 β’,
3488 1377 3760 1451 Γεωργίου

349 1465 593 1536 μοναχοῦ
668 1462 734 1536 γ’,
789 1460 1042 1517 Ἰωάννου
1125 1463 1221 1514 τοῦ
1301 1458 1532 1530 ἐπίκλην
1603 1458 1838 1517 Μαλὲλα
1915 1466 2200 1535 χρονικῆς,
2279 1457 2350 1528 δ’,
2401 1459 2656 1515 Ἰωάννου
2744 1461 3072 1535 Ἀντιοχέως
3140 1471 3406 1538 χρονικῆς
3482 1465 3766 1540 Ἱστορίας,

344 1553 402 1618 ε’,
436 1548 713 1626 Διοδώρου
767 1547 1105 1605 Σικελιώτου
1162 1549 1478 1618 Καθολικῆς
1536 1549 1796 1623 ἱστορίας.
1857 1555 1920 1619 ς’,
1991 1547 2272 1605 Νικολάου
2317 1550 2675 1621 Δαμασκηνοῦ
2751 1550 3065 1620 Καθολικῆς
3149 1554 3389 1626 ἱστορίας
3468 1556 3534 1626 ζ’,
3587 1557 3756 1630 ’Προ-

349 1640 510 1696 δότου
570 1639 1029 1716 Ἀλικαρνησὲως,
1111 1642 1182 1711 η’.
1270 1637 1627 1698 Θουκυδίδου.
1677 1641 1746 1708 0',
1803 1643 2162 1719 Ξενοφῶντος
2242 1639 2422 1713 Κύρου
2502 1636 2753 1702 παιδείας
2827 1639 2919 1694 καί
2974 1638 3318 1705 Ἀναϐάσεως
3401 1643 3582 1719 Κύρου
3665 1649 3763 1700 τοῦ

350 1729 741 1804 Παρυσάτιδος.
797 1738 847 1801 ι’,
924 1729 1210 1805 Ἀῤῥιανοῦ
1281 1730 1532 1801 Ἀλεξ..
1705 1772 1769 1788 ..
1845 1738 1930 1787 ια’.
2017 1730 2301 1785 Διονυσίου
2370 1727 2842 1803 Ἀλικαρνησσέως
2924 1732 3243 1804 Ῥωμαϊκῆς
3327 1734 3589 1807 ἱστορίας.
3679 1736 3761 1810 ιβ,

348 1817 628 1876 Πολυϐίου
711 1825 807 1876 τοῦ
891 1819 1349 1894 Μεγαλοπολίτου
1424 1824 1742 1894 Ῥωμαῖκῆς
1827 1821 2090 1896 ἱστορίας.
2170 1820 2253 1895 ιγ’,
2336 1820 2641 1876 Ἀππιανοῢ
2722 1820 3043 1892 Ῥωμαϊκῆς
3109 1828 3211 1891 τῆς
3290 1820 3522 1893 ἐπίκλην
3608 1824 3762 1898 βασι-

349 1910 537 1981 λικῆς,
591 1909 675 1979 ιδ’,
752 1911 960 1973 Δίωνος
1037 1913 1337 1967 Κοκκιανοῦ
1395 1911 1710 1983 Ῥωμαϊκῆς
1788 1912 2052 1977 ἱστορίας.
2126 1911 2377 1967 Additur
2436 1929 2449 1966 :
2505 1912 2596 1964 καὶ
2646 1911 2700 1964 οἱ
2756 1908 2947 1987 ἐφεξῆς
3003 1909 3055 1965 ἐν
3109 1917 3187 1983 τῷ
3260 1909 3495 2007 δευτέριμ
3564 1914 3754 1992 τεύχει

350 1999 759 2076 ἐπιγράξονται.
817 2007 1113 2075 Sequenles
1168 2011 1416 2059 auctores
1468 2004 1533 2058 in
1577 2004 1751 2059 altero
1797 2003 2001 2074 (hujus
2051 2017 2262 2074 nempe
2320 2001 2499 2073 tituli)
2546 2001 2829 2057 volumine
2881 2003 3333 2058 recensebantur.
3395 1999 3558 2060 Un'de
3607 2012 3762 2075 patet

353 2108 471 2147 non
513 2095 808 2165 integrum
852 2094 1089 2150 titulum
1137 2095 1209 2150 de
1255 2093 1571 2150 virtutibus
1618 2097 1676 2148 et
1716 2093 1895 2163 vitiis,
1939 2093 2042 2150 sed
2088 2092 2343 2165 priorem
2402 2096 2657 2157 tantum,
2705 2099 2768 2149 ut
2825 2092 2967 2160 dixi,
3000 2094 3124 2165 ejus
3164 2097 3388 2165 partem
3443 2095 3502 2150 in
3554 2111 3768 2150 manus

352 2182 568 2239 Valesii
597 2183 897 2251 incidisse,
925 2185 1024 2255 qui
1057 2201 1125 2239 ea
1153 2183 1418 2239 libertate
1448 2183 1534 2239 uti
1564 2199 1681 2239 non
1713 2183 2017 2251 dubitavit,
2052 2188 2118 2239 ut
2159 2183 2220 2239 in
2264 2183 2355 2238 his
2384 2181 2599 2255 eclogis
2648 2187 2707 2240 et
2754 2184 2956 2252 ordine
2994 2184 3299 2254 scriptores
3340 2185 3454 2240 atio
3499 2191 3763 2258 poneret,

355 2276 414 2328 et
442 2288 528 2341 ea,
561 2290 688 2344 quae
718 2275 807 2330 vel
829 2275 953 2345 jam
986 2274 1141 2329 edita
1170 2276 1485 2344 exstarent,
1527 2273 1617 2330 vel
1647 2274 1889 2347 indigna
1931 2278 2128 2330 essent
2174 2273 2448 2345 editione,
2481 2274 2773 2331 omitteret
2814 2291 2881 2331 ac
2920 2275 3293 2332 rescinderet.
3333 2275 3514 2347 [Conf.
3568 2276 3769 2349 Zeper-

356 2361 510 2417 nick.
546 2363 584 2420 Ι.
619 2381 694 2432 o.,
726 2380 859 2436 pag.
891 2364 1046 2436 231.]
3594 2432 3607 2447 .

425 2452 505 2507 Ex
539 2452 852 2523 deperditis
884 2454 1060 2525 hujus
1087 2453 1281 2525 operis
1327 2452 1520 2510 titulis
1550 2453 1779 2525 primus
1811 2453 1940 2522 fuit,
1974 2457 2040 2509 ut
2091 2454 2152 2509 in
2199 2454 2535 2526 praefatione
2576 2454 2792 2511 diserte
2838 2454 3110 2521 traditur,
3142 2453 3272 2529 Περὶ
3324 2454 3596 2525 βασιλέων
3642 2455 3766 2509 ἀνα-

356 2540 682 2617 γορεύσεως.
715 2544 788 2598 De
818 2545 1219 2614 imperatorum
1256 2558 1553 2614 regumque
1598 2544 2030 2599 renuntiatione.
2062 2543 2433 2611 Caterorum,
2487 2546 2641 2600 ultra
2686 2545 2893 2616 viginti
2941 2544 3013 2601 ab
3067 2545 3392 2604 Hoeschelio
3440 2551 3497 2604 et
3542 2546 3770 2604 Valesio

355 2631 810 2707 observatorum,
844 2633 966 2688 haec
997 2641 1081 2688 est
1112 2632 1338 2699 notitia,
1370 2632 1699 2689 litterarum
1733 2633 1934 2690 ordine
1961 2651 1995 2689 a
2025 2650 2118 2689 me
2149 2634 2479 2707 descripta:

426 2706 559 2793 Περὶ
590 2717 939 2789 ἀνακλήσεως
970 2719 1165 2791 ἥττης.
1232 2722 1306 2777 De
1344 2725 1687 2780 restitutione
1713 2723 1993 2779 exercitus
2020 2725 2172 2779 victi.

429 2808 561 2882 Περὶ
593 2806 1116 2886 ἀνδραγαθημάτων.
1143 2814 1216 2868 De
1234 2814 1453 2884 fortiter
1470 2814 1655 2884 factis,
1686 2831 1740 2886 p.
1783 2814 1890 2868 442
1927 2813 2038 2869 edit

961 2811 1116 2867 άτων.
1143 2814 1216 2868 De
1234 2814 1453 2884 fortiter
1470 2814 1655 2884 factis,
1686 2831 1740 2886 p.
1783 2814 1890 2868 442
1927 2813 2064 2869 edit.
2097 2812 2326 2880 Valesii,
2358 2818 2416 2871 et
2445 2815 2570 2870 473.

428 2901 555 2975 ῙῙιρὶ
591 2901 807 2976 γάμων.
833 2904 908 2959 De
938 2904 1167 2976 nuptiis.

429 2991 562 3066 Περὶ
592 2994 854 3068 γνωμῶν.
888 2994 961 3050 De
982 2993 1289 3063 sententiis,
1324 3011 1450 3066 pag.
1482 2994 1590 3049 258
1619 2993 1758 3050 edit.
1793 2993 2001 3050 Valesii
2023 2998 2080 3049 et
2103 2994 2229 3049 225.

432 3080 564 3154 Περὶ
595 3077 982 3159 δημηγοριῶν.
1015 3086 1090 3140 De
1116 3083 1474 3141 concionibus
1502 3083 1617 3141 sive
1645 3083 2014 3141 orationibus.

746 3086 982 3159 ιγοριῶν.
1015 3086 1090 3140 De
1116 3083 1474 3141 concionibus
1502 3083 1617 3141 sive
1645 3083 2014 3141 orationibus.
2048 3084 2135 3141 Id.
2174 3101 2232 3156 p.
2265 3084 2355 3143 87.

436 3168 570 3244 Περί
598 3169 787 3225 ἐθνῶν.
820 3173 894 3229 De
920 3172 1204 3242 gentibus.

436 3260 566 3335 Περί
597 3260 752 3325 ἐθῶν.
785 3262 858 3317 De
887 3263 1153 3319 moribus.

435 3348 566 3421 Περὶ
597 3347 1083 3419 ἐκκλησιαστικῶν.
1111 3352 1184 3405 De
1205 3351 1595 3407 ecclesiasticis
1624 3351 1785 3407 rebus
1804 3352 2179 3425 personisque.

436 3436 568 3511 Περὶ
598 3437 925 3513 ἐκφράσεως.
951 3441 1023 3495 De
1053 3440 1535 3510 descriptionibus.
1566 3440 1730 3497 Suid.
1760 3440 1822 3496 in
1851 3435 2158 3513 Σάμϐυκες.

436 3528 566 3601 Περὶ
594 3526 932 3599 Ἑλληνικῆς
961 3527 1220 3605 ἱστορίας.
1257 3534 1335 3586 De
1364 3531 1596 3586 historia
1627 3530 1814 3587 Graeca
1841 3533 2103 3604 (gentili.)

439 3618 567 3693 Περὶ
600 3613 857 3673 ἐπιϐοῶν.
890 3621 963 3675 De
992 3621 1378 3692 imploratione
1398 3622 1768 3679 auxiliorum.

438 3710 572 3784 Ηερὶ
603 3705 923 3779 ἐπιϐουλῆς.
959 3713 1031 3767 De
1061 3711 1307 3767 insidiis.

437 3801 569 3875 Ηερί
601 3798 928 3856 ἐπιστολῶν.
965 3807 1042 3858 De
1069 3802 1334 3873 epistolis.

438 3891 568 3965 Περὶ
600 3890 942 3966 κυνηγεσίας.
980 3893 1050 3948 De
1081 3894 1391 3949 venatione.

440 3979 569 4054 Περὶ
600 3981 777 4048 νίκης.
811 3983 884 4037 De
910 3983 1156 4037 victoria.

440 4069 569 4143 Περὶ
602 4070 893 4144 αἰκισμῶν.
926 4073 998 4127 De
1025 4072 1375 4128 coloniarum
1404 4071 1745 4129 deductione.

442 4161 571 4237 Περὶ
592 4159 933 4234 παραδόξων.
966 4163 1040 4217 De
1069 4161 1232 4217 miris
1263 4171 1315 4218 et
1346 4163 1667 4234 inopinatis.
1701 4179 1831 4233 pag.
1868 4162 1964 4216 121
2000 4166 2051 4216 ec

797 4162 933 4232 ἱξων.
966 4163 1040 4217 De
1069 4161 1232 4217 miris
1263 4171 1315 4218 et
1346 4163 1667 4234 inopinatis.
1701 4179 1831 4233 pag.
1868 4162 1964 4216 121
2000 4161 2140 4218 edit.
2173 4161 2406 4219 Valesii.

441 4251 570 4324 Περὶ
599 4250 904 4305 πολιτικῶν
935 4248 1282 4318 διοικήσεως.
1315 4252 1389 4305 De
1416 4268 1603 4306 rerum
1632 4252 1885 4306 civilium
1921 4251 2048 4306 adm

815 4255 904 4305 ιῶν
935 4248 1282 4318 διοικήσεως.
1315 4252 1389 4305 De
1416 4268 1603 4306 rerum
1632 4252 1885 4306 civilium
1921 4251 2424 4309 administratione.

444 4338 572 4412 Περὶ
600 4342 914 4409 στρατειῶν.
944 4340 1018 4394 De
1036 4339 1472 4410 expeditionibus
1502 4341 1862 4396 militaribus.

444 4426 573 4501 Ηερὶ
605 4425 1097 4501 στρατηγημάτων.
1132 4428 1206 4482 De
1232 4429 1732 4497 strategemalibus,
1767 4445 1899 4501 pag.
1930 4429 1999 4484 34
2029 4446 2053 4485 e

1204 4446 1206 4455 ν
1232 4429 1732 4497 strategemalibus,
1767 4445 1899 4501 pag.
1930 4429 1999 4484 34
2029 4433 2085 4485 et
2114 4430 2185 4485 42
2209 4431 2347 4489 edit.
2379 4431 2570 4488 Vales.
2604 4437 2658 4489 et
2687 4432 2813 4488 437.

445 4517 574 4592 Περὶ
612 4520 876 4590 στρατῶν.
911 4518 984 4572 De
1011 4518 1365 4575 exercitibus.

444 4607 576 4681 Περὶ
608 4600 919 4678 συμϐολῆς.
956 4608 1029 4661 De
1056 4607 1289 4677 proeliis.

444 4700 530 4754 10.
565 4697 931 4753 Constantini
964 4714 1195 4769 quoque
1224 4697 1405 4769 hujus
1430 4698 1600 4768 jussu
1632 4698 2017 4771 Theophanes
2048 4700 2287 4773 quidam
2318 4703 2578 4773 synopsin
2619 4702 2798 4759 totius
2841 4705 2980 4759 artis
3011 4703 3256 4774 medicae,
3302 4721 3371 4761 ex
3396 4705 3645 4763 Oribasii
3676 4723 3784 4778 po-

370 4789 666 4845 tissimum
703 4787 934 4858 scriptis
972 4787 1293 4857 collectam,
1327 4794 1550 4860 septem
1584 4787 1776 4858 libris,
1797 4790 1919 4845 sive
1948 4790 2238 4862 capitibus
2266 4793 2392 4861 296,
2436 4793 2694 4863 digessit,
2736 4797 2794 4848 et
2823 4793 3009 4850 eidem
3049 4794 3433 4853 Constantino
3465 4798 3782 4871 inscripsit.

371 4880 587 4951 Incipit
638 4879 1034 4951 procemium:
1082 4878 1192 4938 Τὰς
1250 4877 1688 4953 προσ-ταχθείσας
1737 4878 1980 4952 ἐπιτομᾶι

2169 4894 2181 4934 ι
2226 4886 2329 4949 τῆς
2378 4887 2478 4950 σῆς
2533 4880 2840 4950 θείοτητος,
2912 4881 2971 4937 ἐκ
3027 4881 3161 4937 Θεσῦ
3221 4885 3601 4961 αὐτοκράτωρ,
3658 4888 3778 4959 περὶ

374 4975 474 5038 τῆς
525 4972 636 5023 τῶν
691 4966 949 5041 ἰατρικῶν
1005 4968 1377 5040 θεωρημάτων
1426 4975 1752 5044 συναγωγῆς
1807 4967 1983 5023 ἔσπευ<

2176 4969 2237 5023 τὰ
2279 4990 2342 5023 το
2397 4967 2639 5041 δυνατὸν,
2700 4976 2809 5027 etc.
2864 4973 3061 5028 Exstat
3118 4973 3223 5029 hoc
3281 4992 3428 5032 nnns
3474 4978 3782 5048 aliquoties

371 5059 567 5116 Griece
599 5076 706 5115 ms.
739 5058 798 5113 in
833 5056 972 5114 bibl.
1008 5057 1268 5115 Caesarea
1300 5059 1757 5116 Vindobonensi.
1786 5059 1930 5116 Vide
1960 5060 2329 5115 Lambecium
2372 5061 2473 5117 lib.
2506 5077 2583 5127 Vl,
2607 5077 2738 5132 pag.
2777 5060 2898 5130 114,
2931 5063 3054 5131 116,
3090 5062 3212 5119 157.
3246 5065 3422 5123 Fusa.
3454 5096 3522 5108 —-
3555 5068 3613 5119 ln
3646 5064 3775 5119 cod.

369 5150 461 5217 21,
498 5149 641 5213 n.9,
675 5149 734 5203 in
766 5150 894 5203 cod.
951 5147 1042 5215 24,
1077 5162 1134 5203 n.
1189 5149 1255 5218 1;
1307 5148 1369 5203 in
1399 5149 1529 5205 cod.
1558 5149 1650 5216 25,
1683 5164 1738 5202 n.
1773 5149 1798 5203 1
1835 5152 1891 5203 et
1918 5148 1978 5202 4C

2169 5149 2208 5203 Β.
2261 5148 2328 5204 ν.
2382 5149 2652 5205 Lambcc.
2703 5154 2925 5206 Comm.
2971 5150 3067 5207 VI.
3098 5160 3269 5227 _,part.
3313 5171 3372 5221 ιι,
3406 5170 3461 5223 p.
3493 5152 3618 5216 262,
3647 5153 3778 5219 264,

372 5243 429 5294 et
456 5238 585 5303 356,
616 5238 709 5292 ed.
746 5235 952 5293 Kollar.
980 5255 997 5307 ;
1048 5237 1147 5292 sed
1180 5236 1348 5309 plura
1387 5255 1441 5294 v.
1475 5238 1625 5294 infra
1654 5240 1723 5294 ad
1769 5237 1880 5294 vol.
1911 5238 2045 5303 XII,
2092 5254 2222 5310 pag.
2252 5239 2358 5293 685
2397 5255 2511 5310 sq.,
2545 5244 2603 5294 et
2640 5239 2693 5294 J.
2728 5239 2793 5296 Ο.
2826 5241 3027 5314 Steph.
3061 5247 3330 5301 Bernard.
3364 5244 3420 5296 in
3454 5242 3670 5312 praefat.
3705 5246 3777 5300 ad

373 5343 542 5383 suam
576 5327 715 5382 edit.
740 5330 873 5397 post
891 5327 1016 5397 ejus
1041 5326 1280 5382 demum
1311 5332 1556 5383 mortem
1590 5327 1660 5382 ad
1686 5327 2025 5383 umbilicum
2051 5328 2407 5397 perductam,
2438 5329 2905 5403 inscriptamque
2929 5349 2943 5389 :
2971 5334 3304 5405 Theophanis
3331 5329 3513 5386 Nonni
3541 5333 3781 5400 epitome

371 5417 435 5473 de
472 5417 759 5472 curatione
803 5418 1136 5485 morborum,
1188 5416 1368 5472 Graece
1416 5426 1468 5472 et
1496 5418 1708 5472 Latine.
1741 5415 1849 5487 0pc
1871 5415 2117 5471 codicum
2149 5432 2281 5471 mss.
2332 5421 2603 5475 recensuit
2648 5426 2918 5493 notasque
2948 5424 3146 5494 adjecit
3193 5423 3241 5477 Ι.
3292 5419 3352 5475 0.
3400 5420 3482 5476 St.
3513 5421 3780 5481 Bernard.

371 5512 516 5564 tom.
552 5509 596 5574 Ι,
628 5523 762 5562 cum
797 5506 915 5563 tab.
949 5521 1127 5563 aenea.
1164 5508 1361 5563 Gothae
1391 5511 1448 5562 et
1468 5505 1710 5562 Amstel.
1752 5507 1910 5560 1794.
1943 5536 2014 5548 --
2039 5507 2201 5561 Tom.
2237 5507 2307 5574 ΙΙ,
2339 5509 2498 5577 1795,
2531 5526 2611 5566 m.
2643 5512 2698 5568 8.
2731 5511 2908 5569 Haec.

443 5596 617 5653 Aliud
661 5614 808 5668 opus
857 5595 1223 5653 Constantini
1276 5596 1807 5667 Porphyrogenneti
1849 5596 2024 5665 jussu
2075 5595 2389 5667 digestum,
2441 5601 2595 5671 quod
2646 5618 2759 5658 ms.
2807 5604 2866 5658 in
2911 5600 3052 5657 bibl.
3107 5599 3284 5671 Regia
3332 5600 3512 5658 Paris.
3575 5607 3783 5672 exstal,

372 5692 518 5745 teste
558 5690 796 5745 Boivino
847 5689 915 5742 ad
949 5686 1091 5743 Julii
1131 5685 1386 5741 Africani
1417 5686 1617 5749 Cestos,
1648 5700 1777 5757 pag.
1809 5685 1935 5741 360.
1967 5687 2031 5741 In
2073 5685 2174 5742 illo
2206 5695 2471 5758 excerpta
2500 5706 2569 5746 ex
2598 5693 2867 5748 Africano
2909 5697 2962 5745 et
3002 5687 3132 5744 aliis
3172 5690 3579 5762 scriptoribus.
3612 5695 3779 5752 FABR.

372 5806 440 5819 —
469 5782 533 5835 In
586 5780 715 5835 cod.
765 5777 953 5840 Paris,
1006 5774 1163 5844 1630,
1208 5792 1265 5829 n.
1315 5776 1370 5830 6.
1424 5784 1505 5831 est
1537 5775 1879 5848 Theophanes
1917 5775 1991 5834 de
2036 5774 2203 5831 diceta
2256 5778 2327 5834 ad
2369 5779 2669 5838 Constant.
2702 5780 3095 5852 Porphyrog.;
3147 5778 3252 5837 sed
3298 5780 3530 5840 initium
3588 5785 3776 5841 solum

372 5872 657 5939 superest.
