4074 6220
308 365 387 424 25
1033 359 1352 421 NOTITIA
1398 357 1906 420 SCRIPTORUM
1951 358 2479 419 CONSTANTINI
2524 356 3026 418 PROPHYROG.
3647 357 3726 417 26

370 500 457 554 11.
492 499 708 552 Eidem
751 492 1130 550 Constantino
1180 493 1463 549 debemus
1512 493 1908 548 Collectionem
1958 495 2423 564 Hippiatrirorum
2474 492 2596 546 sive
2641 491 2708 545 de
2753 493 2994 546 veterino
3043 491 3318 547 medicina
3363 492 3532 548 libros
3561 493 3720 565 duos,

299 589 604 660 capitibus
649 587 758 641 129
789 586 1110 651 distinctos,
1143 599 1209 638 ex
1242 583 1627 653 scriptoribus
1680 583 1945 654 pluribus
1979 583 2152 650 hujus
2201 582 2431 652 generis
2482 581 2754 636 collectos
2787 582 2863 650 (ι)
2912 587 2968 635 et
2999 599 3028 635 e
3059 584 3251 638 Graeco
3287 582 3488 637 Latine
3526 600 3726 640 versos

293 679 612 747 editosque
649 676 822 730 Paris.
861 675 1010 739 1530,
1047 674 1144 727 fol.
1179 673 1495 743 interprete
1526 671 1750 727 Joanne
1785 672 2032 738 Ruellio,
2063 669 2497 736 Suessionensi,
2531 670 2631 740 qui
2686 671 2766 724 rei
2811 671 3167 725 veterinariae
3218 672 3719 728 uomenclaturam

303 778 356 822 et
385 769 636 821 brevem
670 765 885 819 Diodori
915 765 984 817 de
1011 763 1362 831 ponderibus
1392 769 1446 816 et
1471 763 1766 818 mensuris
1799 761 2196 816 tractationem
2249 759 2572 829 subjunxit.
2625 760 2816 814 Graece
2848 760 2905 814 hi
2960 761 3210 831 primum
3260 762 3472 833 vulgati
3519 768 3657 817 sunt
3686 780 3719 818 a

307 859 565 912 Simone
624 857 871 927 Grynaeo,
934 871 1027 924 ap.
1062 854 1152 909 Jo.
1205 853 1539 908 Valderum.
1578 852 1749 908 Basil.
1807 853 1963 920 1537,
1998 853 2049 906 4.
2106 851 2295 905 Codex
2345 850 2592 921 plenior,
2625 854 2682 903 et
2733 849 2845 905 alio
2903 851 3104 906 ordine
3161 851 3441 920 digestus,
3491 853 3598 907 fuit
3656 854 3716 907 in

315 945 667 1001 bibliotheca
688 944 996 999 cardinalis
1029 942 1355 1013 Seripandi,
1387 949 1559 1014 atque
1583 943 1716 996 inde
1748 942 1804 996 in
1839 942 2129 996 Wittiana.
2167 939 2420 1009 Insignis
2470 939 2642 994 etiam
2679 940 2856 994 codex
2913 956 2978 995 ac
3025 945 3291 996 vetustus
3347 943 3718 998 membrana-

325 1051 463 1091 ceus
493 1039 660 1088 exstat
688 1033 1070 1105 Cantabrigiza
1103 1034 1161 1088 in
1186 1033 1326 1088 bibl.
1361 1032 1585 1104 collegii
1616 1031 2038 1096 Emmanuelis,
2073 1046 2188 1102 quo
2220 1046 2392 1084 usum
2425 1045 2483 1083 se
2510 1034 2755 1083 testatur
2804 1029 3004 1085 Petrus
3052 1031 3422 1086 Needhamus
3453 1031 3510 1086 in
3542 1031 3714 1087 lucu-

328 1125 471 1180 lenta
497 1141 617 1189 sua,
647 1125 716 1178 de
749 1140 870 1194 qua
900 1140 1056 1188 mox,
1089 1123 1552 1194 Geoponicorum
1583 1122 1856 1178 editione.
1894 1121 2092 1177 Italiee
2119 1121 2294 1176 etiam
2326 1118 2514 1174 lucem
2550 1119 2819 1175 viderunt
2849 1120 3052 1176 Venet.
3108 1122 3263 1189 1543,
3295 1123 3348 1183 8,
3399 1131 3451 1177 et
3500 1121 3716 1178 Gallice

323 1231 410 1285 per
433 1213 718 1268 Joannem
753 1214 1063 1281 Masseum,
1095 1216 1479 1284 Campanum,
1511 1213 1695 1268 Paris.
1733 1214 1890 1276 1563,
1925 1214 1975 1267 4.

368 1305 450 1357 12.
489 1305 754 1374 Denique
790 1309 1016 1358 certum
1054 1309 1141 1358 est
1172 1312 1225 1358 et
1270 1303 1415 1358 Noui
1452 1303 1658 1358 medici
1694 1302 2127 1373 compendium,
2179 1301 2249 1356 de
2297 1317 2412 1370 quo
2440 1300 2656 1355 volum.
2711 1301 2814 1356 XII
2866 1301 3044 1371 hujus
3092 1301 3265 1368 Bibl.,
3313 1319 3368 1373 p.
3411 1303 3522 1357 685
3552 1304 3629 1373 (a)
3661 1306 3717 1358 et

293 1395 574 1462 anonymi
602 1396 678 1449 De
717 1396 887 1450 dicata
928 1395 1024 1464 (b),
1057 1395 1127 1450 de
1153 1411 1267 1464 quo
1295 1395 1546 1465 Cangius
1579 1411 1634 1465 p.
1669 1394 1771 1448 102
1809 1394 1878 1448 ad
1923 1393 2230 1458 Zonaram,
2262 1396 2317 1444 et
2375 1392 2674 1460 Geopom‘ca
2731 1392 2904 1446 etiam
2931 1394 3104 1461 jussu
3155 1400 3207 1447 et
3257 1395 3534 1463 auspiciis
3565 1395 3717 1449 Con—

293 1485 536 1539 stantini
572 1485 762 1553 hujus
791 1485 1322 1556 Porphyrogenneti
1355 1484 1596 1539 collecta
1629 1483 1828 1550 fuisse,
1863 1487 1927 1537 ut
1965 1497 2062 1536 eos
2094 1481 2307 1552 fugerit
2339 1479 2508 1546 ratio,
2537 1481 2630 1550 qui
2665 1481 2735 1535 de
2787 1483 3168 1538 Constantino
3227 1483 3457 1554 Magno,
3488 1482 3598 1547 vel,
3653 1487 3717 1538 ut

295 1575 633 1638 Cornarius,
672 1578 743 1630 de
767 1576 1148 1630 Constantino
1179 1575 1473 1646 Pogonato
1519 1574 1872 1644 cogitarunt.
1906 1576 2068 1626 Certe
2111 1571 2494 1626 Constantino
2544 1576 2761 1631 nostro,
2806 1572 3011 1628 Leonis
3040 1573 3324 1644 Sapientis
3357 1573 3496 1641 tilio,
3528 1572 3635 1628 soli
3661 1578 3717 1629 et

298 1681 364 1718 ex
395 1683 525 1720 asse
555 1667 840 1735 competit
870 1665 1145 1736 elogium,
1174 1667 1324 1736 quod
1357 1673 1557 1722 auctor
1587 1663 1766 1734 hujus
1798 1663 2120 1737 συναγωγῆς
2150 1663 2208 1716 in
2247 1661 2582 1733 praefatione
2613 1664 2682 1716 ad
2717 1662 3163 1719 Constantinum
3196 1665 3415 1736 scripta
3447 1664 3545 1727 ait,
3580 1680 3710 1718 eum

301 1772 475 1810 omne
502 1774 690 1828 genus
725 1757 1000 1812 doctrinas
1031 1761 1088 1812 et
1117 1773 1319 1811 omnes
1353 1755 1690 1826 disciplinas
1717 1771 1950 1810 summo
1981 1754 2175 1808 studio
2209 1753 2582 1816 instaurasse,
2611 1757 2892 1823 vocatque
2935 1769 3067 1808 eum
3114 1754 3341 1826 τερπνὸν
3371 1759 3469 1821 τῆς
3502 1751 3714 1826 πορφύ-

304 1862 398 1914 ρας
427 1844 773 1916 ἀπάνθισμα,
799 1847 1011 1917 quibus
1042 1847 1233 1900 verbis
1263 1847 1334 1900 ad
1360 1844 1885 1916 Porphyrogenneti
1910 1842 2355 1915 appellationem
2391 1846 2586 1911 aperte
2608 1841 2814 1897 alludit
2844 1843 2930 1914 (ο).
2958 1844 3161 1914 Ecquis
3183 1862 3314 1899 vero
3346 1844 3711 1900 Constantini

300 1934 480 2003 hujus
506 1937 706 2006 jussu,
743 1951 916 2007 quem
947 1935 1121 1990 etiam
1152 1935 1242 2002 20,
1274 1937 1328 2003 6,
1361 1934 1571 2001 verbis,
1607 1932 1651 1985 ὦ
1681 1932 2000 2004 τιμιώτατε,
2035 1930 2356 2003 alloquitur
2381 1936 2600 1996 auctor,
2633 1931 3028 1987 collectionem
3071 1935 3252 2004 ipsam
3297 1933 3712 2006 composuerit,

307 2033 485 2094 atque
517 2041 662 2094 opus
694 2027 802 2080 hoc
829 2027 882 2078 in
915 2025 986 2078 20
1025 2025 1200 2080 libros
1231 2024 1608 2079 distributum
1639 2025 1912 2094 (quorum
1946 2021 2227 2092 primores
2261 2019 2564 2074 duodecim
2599 2025 2734 2074 sunt
2765 2022 2834 2076 de
2865 2023 3235 2093 agricultura,
3287 2029 3414 2079 octo
3446 2024 3715 2095 postremi

314 2114 389 2167 de
419 2131 559 2169 cura
576 2115 650 2169 rei
681 2114 985 2186 pecuariae)
1007 2131 1076 2169 ex
1103 2114 1277 2168 variis
1308 2113 1693 2184 scriptoribus
1724 2115 1806 2168 ita
1835 2111 2140 2181 digesserit
2169 2109 2270 2181 (Δ),
2299 2109 2490 2164 adhuc
2521 2114 2610 2164 est
2640 2110 2924 2166 incertum
2957 2113 3042 2182 (e).

1892 2220 2124 2276 NOT/E.

379 2321 454 2388 (ι)
490 2320 840 2391 Hippiatriea
871 2323 1097 2376 suntin
1158 2322 1285 2377 cod.
1347 2321 1488 2376 bibl.
1555 2320 1714 2390 publ.
1774 2319 1955 2392 Paris.
2141 2317 2212 2392 (ᾇ)
2245 2317 2351 2392 Est
2393 2331 2625 2387 quoque
2672 2318 2735 2392 _in
2775 2319 2902 2373 cod.
2957 2320 3134 2374 Paris.
3187 2320 3326 2374 bibl.
3364 2320 3520 2392 publ.
3573 2322 3707 2376 2091

301 2393 467 2460 2195,
522 2409 589 2446 ex
637 2393 899 2448 Sostrato
967 2398 1024 2448 et
1068 2393 1415 2464 Hippocrate
1476 2393 1734 2456 collecta,
1789 2399 1843 2445 et
1898 2391 1958 2444 in

304 2467 432 2518 cod.
482 2464 645 2529 209i,
697 2481 755 2520 u.
802 2465 890 2531 11,
941 2465 1050 2519 sub
1088 2463 1297 2520 titulo:
1350 2463 1961 2536 Hipposophium,i§iue

306 2536 450 2589 liber
494 2536 559 2590 de
604 2536 873 2590 curandis
915 2551 1181 2608 equorum
1229 2534 1464 2608 morbis,
1518 2534 1584 2608 In
1612 2535 1738 2589 cod.
1796 2534 1960 2600 2245,

313 2623 445 2662 saec.
498 2623 590 2674 xv,
641 2623 817 2662 manu
871 2608 1112 2662 Antonii
1164 2607 1421 2662 Damilaa.
1477 2607 1879 2677 Hippiatricum
1914 2622 1961 2662 s.

311 2678 681 2734 Collectanea
711 2695 741 2734 e
771 2679 948 2733 variis
977 2679 1379 2746 scriptoribus,
1404 2678 1475 2733 de
1503 2678 1776 2733 curandis
1793 2692 1966 2746 equo-

316 2697 681 2734 uouectanea
711 2697 741 2734 e
771 2697 948 2733 variis
977 2697 1087 2733 seri
1137 2697 1379 2744 toribus,
1404 2697 1475 2733 ue
1503 2697 1776 2733 curandis
1793 2697 1961 2746 equo-

316 2766 445 2832 rum
476 2751 690 2832 morbis
714 2767 748 2831 :.
896 2697 1175 2832 nonnulla
1205 2751 1274 2804 de
1315 2751 1681 2832 ponderibus
1699 2757 1752 2804 et
1800 2765 1961 2832 men-

312 2822 488 2884 suris,
521 2826 578 2876 et
620 2821 751 2875 libri
798 2823 868 2875 de
914 2823 1185 2876 curandis
1241 2820 1434 2876 avium
1497 2820 1714 2875 morbis
1772 2820 1964 2890 capita

315 2892 695 2947 nonuulla.—
725 2892 1024 2948 Florentiae
1056 2892 1114 2947 in
1149 2892 1290 2947 bibl.
1323 2894 1492 2948 Laur.
1529 2892 1680 2947 Med.
1712 2892 1840 2946 cod.
1867 2890 1960 2958 VI,

312 2981 371 3017 n.
420 2965 475 3030 7,
527 2963 667 3034 plut.
719 2965 788 3016 65
831 2964 896 3019 V.
953 2964 1198 3028 Bandin,
1250 2968 1370 3019 Cat.
1424 2965 1593 3018 codd.
1646 2965 1741 3018 Gr.
1791 2963 1960 3016 Laur.

315 3035 419 3099 ΙΙΙ,
453 3053 508 3103 p.
545 3035 670 3106 149,
693 3037 790 3104 qui
823 3057 850 3084 «
881 3035 1179 3103 Praecedit,
1204 3037 1304 3100 ait,
1329 3034 1528 3090 tabula
1557 3035 1812 3106 capitum
1840 3034 1964 3106 134,

313 3123 379 3162 ac
427 3105 647 3176 duplex
697 3107 766 3160 de
825 3107 1156 3176 ponderibus
1224 3116 1272 3161 et
1317 3107 1591 3162 mensuris
1634 3105 1962 3176 expositio,

313 3178 508 3248 prima
539 3178 833 3248 anonymi,
867 3177 1048 3232 altera
1083 3177 1448 3243 Diodori
1502 3179 1679 3248 hujus
1723 3177 1963 3244 codicis,

318 3255 521 3318 utpote
551 3250 857 3304 vetustatis
880 3266 994 3304 non
1019 3249 1380 3320 spernendae,
1405 3248 1660 3315 collatio,
1687 3265 1802 3318 qua
1819 3264 1966 3302 nova

320 3321 495 3375 editio
527 3321 788 3390 paranda
817 3320 915 3385 sit,
950 3321 1182 3376 nonnisi
1229 3337 1441 3391 magno
1490 3321 1623 3376 usui
1674 3335 1797 3374 esse
1830 3336 1963 3390 pos-

320 3399 431 3446 set.
468 3414 497 3440 π
528 3422 593 3431 -—
623 3391 804 3446 Oxon.
838 3392 898 3445 in
950 3392 1086 3446 bibl.
1137 3392 1352 3447 Bodlei.
1405 3393 1744 3459 (secundum
1795 3391 1963 3445 catal.

315 3463 485 3518 codd.
524 3462 761 3532 Angliaz,
812 3464 942 3533 etc.)
993 3464 1048 3518 in
1095 3464 1220 3518 cod.
1276 3464 1396 3518 164.
1453 3464 1699 3533 Barocc.
1744 3462 1968 3532 Apsyrti

311 3537 678 3600 veterr’nan’a,
707 3535 765 3588 in
805 3532 1092 3605 principio
1125 3535 1385 3589 mutilata
1416 3535 1636 3604 aliquot
1668 3532 1871 3588 lineis:
1909 3535 1965 3586 in

318 3622 434 3676 gue
479 3622 616 3660 vero
663 3607 734 3660 25
777 3606 1220 3670 medicamenta,
1271 3605 1425 3660 ultra
1457 3622 1522 3660 ea
1570 3621 1699 3675 qua;
1745 3605 1803 3658 in
1857 3605 1966 3658 im-

313 3677 533 3748 pressis
562 3677 871 3741 habentur,
898 3683 1248 3744 occurrunt;
1281 3683 1422 3731 tunc
1470 3677 1540 3748 de
1576 3677 1883 3748 mensuris
1914 3681 1970 3748 et

315 3743 677 3818 ponderibus
706 3743 1310 3803 veterinarii8158.b.
1361 3749 1396 3815 ἡ
1431 3745 1618 3820 οὐγκία
1673 3743 1790 3819 ἔχει
1840 3743 1967 3820 δρᾷ-

325 3816 477 3890 Ἆμις
505 3825 573 3884 η’.
603 3820 735 3873 Post
761 3820 874 3874 tria
920 3821 1335 3874 medicamenta
1388 3816 1653 3889 sequitur
1686 3816 1970 3890 Ὀρνεοὲτό-

339 3906 486 3960 (ξιον,
519 3891 604 3962 Δ(ὶεε
650 3890 793 3944 curis
835 3890 1249 3962 azgritudinum
1301 3907 1427 3960 quae
1477 3891 1693 3946 cadunt
1739 3892 1798 3945 in
1835 3905 1969 3962 aves

348 3957 654 4032 venaticus,
685 3976 745 4032 ac
795 3963 860 4017 de
883 3957 1220 4032 'geue'ribus
1269 3957 1466 4016 eérum
1521 3978 1687 4032 capp.
1747 3962 1838 4029 26,
1898 3961 1967 4014 ad

325 4028 671 4083 Michaelem
699 4030 832 4100 imp.
859 4028 1020 4087 -ῖΙῐι
1065 4033 1190 4088 cod.
1237 4032 1389 4087 Guil.
1438 4028 1794 4099 Laudi-589,
1826 4028 1884 4095 n,
1914 4032 1970 4093 2,

323 4101 399 4155 de
452 4107 701 4174 equoiet
747 4102 1110 4174 hippiatrica.
1164 4104 1323 4158 Hebr.
1366 4134 1429 4144 —
1481 4121 1539 4158 n.
1589 4105 1750 4170 5722,
1799 4103 1867 4156 de
1914 4118 1972 4157 re

322 4173 707 4246 veterinaria,
737 4173 901 4230 Arat).
952 4174 1047 4230 fol.
1092 4191 1251 4230 cum.
1303 4175 1439 4246 ﬁgg.
1493 4205 1559 4216 —-
1608 4177 1756 4246 inter
1801 4174 1969 4228 codd.

320 4247 538 4297 Anton.
575 4261 606 4298 a
637 4243 844 4300 Wood.
888 4247 1054 4311 8558,
1089 4264 1146 4300 n.
1191 4247 1282 4312 27,
1318 4243 1412 4300 de"
1437 4245 1739 4301 medicinis
1789 4261 1969 4314 equo-

325 4331 481 4381 rum,
511 4315 846 4387 Anglice.;_—
876 4316 1209 4387 Cantabrig.
1244 4317 1301 4371 in
1335 4316 1464 4373 coll.
1500 4319 1557 4372 S.
1596 4317 1968 4383 Emanuclis;

323 4387 453 4441 cod.
507 4381 1376 4462 ΧΙΠ,*Βιϐλζονκἰπποίἰῗερικὸν,
1422 4391 1599 4444 codex
1647 4381 1972 4462 vetustissié

321 4473 480 4531 mus,
515 4459 791 4523 membr.,
841 4461 893 4527 4,
940 4461 997 4515 in
1032 4478 1169 4531 quo,
1198 4457 1294 4531 'ut
1329 4461 1411 4513 ait
1453 4462 1745 4514 confector
1776 4457 1968 4524 catal.,

321 4528 574 4602 plurima
603 4535 962 4601 comparent,
998 4528 1120 4602 qua:
1172 4532 1232 4585 in
1283 4530 1429 4585 libro
1479 4547 1690 4586 excuso
1742 4532 1970 4596 desunt,

323 4600 516 4670 capite
569 4600 762 4655 tamen
817 4600 1397 4657 ultimo-mutilatum
1452 4633 1521 4642 -—
1571 4604 1632 4656 In
1689 4604 1810 4656 cod.
1846 4603 1969 4655 Cat.

322 4676 468 4725 tom.
502 4670 576 4734 ΙΙ,
628 4673 780 4727 inter
829 4675 996 4728 codd.
1047 4674 1361 4729 Vossianos
1405 4690 1462 4727 n.
1512 4675 1674 4738 2217,
1721 4674 1975 4728 citantur

324 4741 684 4815 Hippiatriea
715 4760 848 4798 cum
895 4745 1025 4815 ﬁgg.
1079 4751 1134 4800 et
1180 4744 1428 4799 multum
1477 4745 1861 4813 discrepantia
1901 4744 1971 4796 ab

324 4814 517 4866 editxs.
557 4815 644 4880 (In
679 4815 815 4869 bibl.
850 4814 1166 4880 Leidensis,
1198 4818 1288 4871 cui
1342 4823 1716 4870 accesserunt
1747 4815 1974 4869 codices

324 4883 620 4957 Vossiaui,
663 4885 922 4957 catalogo
967 4905 1021 4957 p.
1075 4889 1199 4951 398,
1255 4905 1309 4941 n.
1355 4887 1446 4950 50,
1498 4887 1576 4941 ita
1627 4887 1977 4941 describitur

329 4956 458 5009 cod.
492 4953 674 5035 voss.‘
701 4977 724 5006 α
761 4953 1116 5035 Eppia-triga
1147 4975 1280 5035 cum
1317 4959 1814 5035 ﬁggaetmultum
1849 4958 1973 5010 dis-

333 5027 590 5093 crepanti
665 5027 980 5098 '__.editis.
1030 5031 1264 5083 Titulus
1315 5029 1678 5098 concipitur:
1731 5028 1974 5081 Ἰπποιά-

332 5090 799 5171 τροτοῳτμοῦλξὸὖ
843 5103 1010 5171 eosub
1062 5099 1318 5171 ῥήτορος,
1350 5090 1654 5171 Ἰεραὶιλὲου
1703 5099 1790 5152 καὶ
1841 5098 1973 5151 ὑπο-

331 5159 573 5246 κξάτορζ
605 5171 738 5246 (sic)
792 5170 878 5222 καὶ
922 5159 1027 5246 ’ςτιῦ
1062 5159 1086 5246 Ἀ
1110 5159 1277 5246 (ἓοᾴοὖ
1306 5159 1604 5238 Ταλήνου.
1646 5173 1722 5246 ‘lu
1785 5173 1898 5225 ﬁne
1923 5240 1933 5246 _
1961 5187 1973 5223 :

338 5237 619 5320 βληρώθη
688 5241 777 5323 τὸ,
829 5242 1000 5315 παρὸν
1073 5237 1562 5323 ἱππὸιατροσώφην
1603 5237 1728 5323 ,διὰ
1786 5240 1975 5323 χεικρῆς

340 5308 852 5386 ἱμοῧ-Δημητρῖου-
900 5308 997 5367 ’ἰξοῦ
1047 5308 1352 5386 ’Δρωσινοί
1399 5308 1538 5370 Item
1600 5308 1974 5386 Etspatniﬁei-

341 5382 778 5460 eo:;_tb?élstpai
811 5383 886 5443 εἷς
918 5386 1012 5443 τὰς
1047 5382 1255 5457 ἴσίῳίας
1284 5389 1390 5437 τῶν
1445 5384 1631 5438 ἳππων
1665 5382 1724 5438 sit
1752 5383 1977 5438 πολλῶν

341 5453 428 5531 εῗιςΔ
457 5453 1146 5531 ὁρΞὶς--ὰνθολογηθὲντων,
1184 5458 1326 5512 etin
1377 5457 1488 5512 fine
1538 5459 1737 5513 eadem
1780 5456 1976 5528 appel-

338 5523 496 5580 latio.
521 5547 551 5578 η
586 5529 755 5582 ΒΑΜ..

402 5599 481 5668 (a)
502 5600 649 5653 Add.
685 5600 905 5655 Fabric.
933 5604 994 5653 Β.
1031 5599 1125 5655 Gr.
1151 5599 1262 5654 vol.
1297 5597 1448 5663 XIII,
1470 5600 1653 5668 p.126
1683 5600 1806 5670 (ubi
1838 5615 1978 5670 quo-

341 5685 441 5737 que
471 5672 538 5724 de
567 5671 764 5726 libello
797 5674 869 5726 de
909 5674 1072 5726 diaeta
1118 5672 1358 5741 agitur),
1411 5670 1475 5724 it.
1525 5671 1692 5738 paulo
1742 5677 1873 5725 ante
1904 5672 1971 5724 ad

341 5743 559 5813 sect.10
609 5747 804 5798 notata
833 5759 863 5797 e
905 5746 1115 5813 praefat.
1164 5743 1439 5798 Bernardi
1484 5743 1554 5813 ad
1586 5743 1724 5796 edit.
1759 5742 1974 5797 ibidem

339 5811 557 5868 citatam
607 5813 778 5882 Noui,
830 5811 950 5868 sive
998 5815 1192 5883 potius
1241 5812 1430 5868 Nonni
1479 5811 1874 5884 Theophanis,
1923 5817 1978 5867 et

341 5885 644 5942 lontfaue.
677 5885 821 5941 Bibl.
855 5885 1107 5951 Coislin.,
1159 5901 1294 5956 pag.
1331 5884 1452 5938 448.
1477 5883 1652 5938 HARL.

2072 2406 2128 2443 n.
2162 2389 2216 2444 9.
2249 2387 2379 2442 Vid.
2413 2404 2590 2458 supra
2619 2389 2688 2443 ad
2717 2395 2859 2444 sect.
2897 2391 2962 2443 10
2989 2393 3198 2448 addita.
3234 2387 3410 2446 that.

2142 2462 2214 2535 (e)
2242 2460 2388 2535 Ad_d.
2423 2458 2668 2535 Bandin.
2718 2461 3056 2535 Cat.ucodd.
3108 2463 3205 2518 Gr.
3263 2464 3435 2517 Laur.
3474 2464 3540 2535 II,
3573 2480 3705 2535 pag.

2070 2532 2198 2593 554,
2229 2536 2287 2585 et
2320 2531 2584 2586 Lambec.
2627 2537 2800 2602 atque
2848 2533 3058 2589 Kollar.
3110 2537 3328 2590 Comm.
3385 2534 3518 2590 bibl.
3564 2531 3708 2591 Caes.

2073 2603 2196 2655 VII.
2241 2619 2294 2655 ο.
2325 2603 2450 2655 388.
2485 2601 2562 2655 In.

2130 2605 2196 2667 ιι,
2241 2619 2294 2670 p.
2325 2605 2450 2655 388.
2485 2605 2562 2658 In.

2145 2674 2805 2748 (d)_Varias_sententias
2832 2677 3108 2748 recensui
3144 2678 3362 2748 pridem
3396 2677 3454 2732 in
3505 2677 3712 2732 Decade

2071 2744 2350 2809 decadnm,
2383 2745 2538 2798 edita
2560 2745 2770 2817 Lipsiae
2821 2747 2979 2815 1689,
3029 2749 3083 2813 4,
3129 2744 3311 2817 capite
3361 2749 3567 2804 ultimo
3597 2751 3716 2804 sive

2075 2815 2598 2891 centesimqladd,
2652 2817 2926 2891 Fabricii,
2965 2815 3378 2888 opusculorum
3428 2821 3710 2891 syllogeu.

2077 2887 2346 2960 Hamb.]._
2378 2887 2636 2960 Videnda
2684 2889 2858 2942 etiam
2911 2887 3056 2944 Petri
3113 2891 3404 2946 Needham
3459 2887 3714 2960 prOIEgo-

2077 2975 2273 3023 mena,
2317 2958 2662 3028 Geoponicis
2724 2962 3045 3030 prmmissa,
3091 2968 3146 3017 et
3195 2963 3398 3017 Placeii
3423 2958 3717 3017 Theatrum

2074 3029 2600 3104 Pseu‘donymgrum,
2634 3029 2914 3104 Δι).“-716;
2974 3032 3227 3104 Cangius
3289 3036 3358 3088 ad
3416 3035 3717 3099 Zonaram,

2077 3119 2132 3170 p.
2165 3102 2289 3176 101.
2317 3101 2592 3176 —-_FABa.
2622 3100 2788 3176 Couf.
2823 3112 2957 3157 sunt
2989 3100 3299 3173 imprimis,
3335 3122 3460 3176 qua:
3496 3105 3717 3160 Niclas.

2076 3177 2132 3226 et
2163 3173 2220 3226 in
2256 3172 2478 3242 praefat.
2513 3172 2582 3242 ad
2609 3174 2945 3241 praeclaram
2979 3172 3147 3229 suam
3190 3172 3526 3241 editidnem,
3560 3182 3616 3231 et
3647 3177 3717 3230 ad

2075 3241 2395 3317 Needhami
2461 3241 2872 3317 prolegomene
2938 3247 3081 3301 scite
3147 3248 3430 3317 docthue
3497 3248 3721 3302 monuit

2079 3314 2452 3397 collegitque.
2489 3315 2826 3397 Idemnpag.
2873 3317 2948 3397 39
2983 3314 3459 3397 sqq.__castigavit
3509 3318 3720 3397 inuitos

2076 3402 2298 3441 errores
2325 3386 2543 3441 Alberti
2576 3385 2810 3453 Halleri,
2852 3389 2949 3457 qui
2982 3385 3050 3442 in“
3075 3385 3241 3444 'Bibl.
3275 3385 3382 3444 sua
3431 3390 3721 3456 botanica,

2079 3463 2226 3533 part.
2276 3474 2315 3525 ι,
2367 3474 2514 3533 ρας.
2543 3459 2799 3525 127-1115,
2846 3460 2917 3514 de
2957 3460 3310 3533 Geoponicis
3358 3478 3538 3532 quam
3594 3460 3723 3533 plu-

2080 3531 2230 3655 il~ima
2287 3529 2564 3600 scripsit:
2618 3545 2745 3600 quae
2811 3531 3004 3586 omnia
3061 3529 3318 3604 repetere
3369 3529 3481 3589 non
3538 3529 3720 3588 vacat.

2114 3618 2166 3654 ο.

2114 3618 2166 3654 D.

2149 3672 2220 3741 (e)
2257 3671 2486 3747 Diversa
2516 3670 2807 3747 variorum
2839 3673 2963 3747 VV.
2985 3676 3092 3730 DD.
3119 3675 3345 3746 judicia
3392 3680 3566 3747 atque
3597 3675 3724 3746 opi-

2081 3743 2280 3798 niones
2311 3743 2669 3813 collegerunt
2699 3749 2756 3798 et
2787 3746 3074 3802 interdum
3111 3743 3518 3802 examinarunt
3546 3743 3725 3802 Neéd-

2082 3815 2211 3887 ham
2240 3814 2297 3868 in
2332 3814 2588 3885 prolegg.
2624 3831 2755 3886 pag.
2786 3817 2855 3869 29
2886 3835 3038 3887 sqq.,
3063 3823 3118 3874 et
3149 3819 3361 3874 Niclas.
3397 3819 3452 3871 in
3479 3818 3630 3872 notis
3652 3818 3723 3871 ad

2081 3884 2219 3940 illa:
2256 3902 2402 3959 quos
2433 3884 3063 3959 consulat"velim,'qui
3099 3889 3267 3959 plura
3317 3889 3386 3942 de
3432 3889 3530 3943 illa
3577 3905 3723 3942 con-

2082 3958 2355 4029 troversia
2400 3957 2550 4029 scire
2603 3963 2786 4029 aveat.
2823 3957 3043 4029 Qualis
3091 3957 3224 4014 vero
3266 3960 3726 4029 Geoponicorum

2083 4027 2252 4080 fuerit
2283 4027 2572 4101 genitura,
2605 4026 2677 4081 cl.
2713 4027 2927 4084 Nicias.
2970 4031 3040 4084 ad
3098 4026 3415 4086 Needham'i
3467 4032 3722 4101 prolegg.

2080 4113 2213 4168 pag.
2276 4098 2343 4150 43
2400 4113 2488 4166 sq.
2549 4103 2715 4151 acute
2787 4101 3060 4156 ostendit.
3133 4098 3564 4165 Constantinus,
3623 4098 3722 4158 ait.

2081 4168 2666 4244 Porph‘yrogennetus
2709 4170 2774 4222 ad
2823 4187 2993 4244 usum
3044 4173 3234 4242 populi
3289 4172 3379 4226 sui
3431 4173 3724 4244 publicare

2079 4239 2200 4314 vult
2221 4240 2739 4314 Chrestgmathiaim
2755 4239 3069 4314 Arusticam'.
3088 4239 3387 4314 Negotium
3414 4239 3725 4298 mandatur

2080 4311 2373 4366 Cassiano.
2411 4311 2511 4387 Hic
2541 4327 2605 4366 ex
2641 4312 2820 4375 libris,
2857 4315 2953 4387 qui
2997 4315 3068 4370 de
3114 4311 3196 4372 R:
3225 4316 3292 4369 Β.
3327 4316 3528 4387 scripti
3561 4320 3724 4383 sunt,

2082 4399 2332 4456 quorum
2367 4382 2534 4456 copia
2558 4389 2728 4456 esset,
2752 4386 3026 4440 omnibus
3060 4392 3344 4456 praecepta
3375 4382 3723 4442 rusticorum

2083 4453 2280 4528 omnia
2327 4454 2622 4528 conquirit
2665 4471 2732 4510 ac
2780 4456 3010 4524 digerit,
3043 4453 3108 4513 eo
3153 4453 3418 4523 consilio,
3466 4475 3537 4513 ne
3584 4459 3724 4528 quid

2083 4526 2403 4592 omittatur,
2455 4541 2493 4588 ι,
2544 4526 2758 4600 14,η;ιι,
2812 4529 2896 4591 14,
2947 4547 3003 4596 v,
3051 4531 3103 4583 6.
3156 4531 3314 4595 Quod
3367 4526 3619 4600 quidem
3647 4530 3727 4582 ita

2082 4604 2384 4650 exsecutus
2406 4599 2512 4660 est,
2537 4602 2597 4650 ut
2630 4595 2808 4671 libros
2827 4615 3069 4671 quorum
3097 4595 3406 4671 particulas
3439 4601 3532 4655 hic
3555 4600 3728 4654 habe-

2083 4684 2236 4741 mus,
2270 4675 2542 4741 tanquam
2578 4669 2906 4741 superfluos
2946 4669 3182 4726 interire
3234 4689 3403 4741 passa
3433 4673 3508 4726 sit
3542 4676 3730 4740 poste-

2084 4739 2246 4812 ritas.
2279 4739 2422 4793 Cum
2454 4753 2608 4806 vero,
2634 4738 2834 4812 Phiotio
2864 4746 3030 4805 teste,
3066 4744 3191 4797 cod.
3234 4738 3349 4807 163,
3403 4745 3496 4812 qui
3543 4738 3618 4796 Vde
3659 4743 3726 4796 Β.

2087 4810 2151 4884 Β.
2185 4815 2596 4884 exposuerunt,
2619 4811 2820 4865 eadem
2854 4813 2969 4867 fere
2993 4815 3064 4868 de
3097 4816 3301 4869 iisdem
3329 4810 3726 4884 prodiderint:

2084 4881 2398 4936 Cassianus
2427 4897 2631 4936 omnes
2663 4899 2744 4951 sic
2775 4884 3009 4950 excutit,
3043 4891 3108 4939 ut
3160 4881 3381 4939 nulluin
3434 4892 3728 4940 auctorem

2086 4951 2274 5027 solum
2300 4957 2596 5027 sequatur,
2640 4955 2739 5006 sed
2773 4954 2988 5025 ubique
3030 4956 3194 5011 illum
3233 4959 3414 5027 primo
3459 4959 3579 5011 loco
3611 4957 3730 5010 col-

2088 5021 2257 5098 locet,
2315 5023 2419 5098 qui
2490 5023 2540 5076 ei
2608 5021 3019 5094 argumentum
3073 5021 3465 5098 quodcunque
3513 5029 3730 5097 optime

2088 5093 2545 5166 planissimeque
2598 5093 2872 5152 tractasse
2938 5093 3268 5153 videretur:
3335 5093 3464 5152 huic
3522 5093 3731 5154 deinde

2089 5167 2428 5240 subiungat,
2464 5181 2590 5235 qum
2640 5170 2792 5240 apud
2842 5169 2985 5223 alios
3033 5171 3348 5224 invenisset
3399 5170 3727 5240 peculiaria.

2089 5237 2408 5309 Ilocrmodo
2439 5253 2507 5290 ex
2537 5237 2737 5309 multis
2787 5240 3174 5309 complurium
3226 5237 3524 5295 auctorum
3568 5242 3733 5296 volu—

2089 5308 2349 5382 minibus
2382 5308 2549 5363 breve
2577 5308 2754 5382 veluti
2789 5308 2995 5365 ﬂorum
3038 5313 3444 5382 corpusculum
3481 5314 3635 5375 fecit,
3672 5317 3734 5366 ut

2087 5381 2354 5454 Justinus
2381 5382 2440 5434 in
2463 5381 2797 5454 praefatione
2827 5383 2896 5436 de
2929 5384 3102 5438 simili
3139 5381 3416 5440 instituto
3449 5384 3728 5454 loquitur.

2090 5455 2276 5525 Igitur
2305 5453 2620 5525 Cassianus
2643 5452 2852 5506 excitat
2900 5455 3150 5525 reliquos
3201 5463 3482 5524 auctores,
3526 5452 3649 5509 non
3683 5455 3732 5507 is

2089 5524 2190 5596 qui
2221 5539 2386 5596 orsus
2417 5524 2628 5596 estLEt
2657 5539 2794 5577 sane
2818 5524 3041 5593 poterat
3083 5528 3186 5581 hoc
3211 5530 3334 5595 jam
3387 5542 3453 5581 ex
3483 5544 3557 5590 IV,
3589 5527 3644 5590 8,
3675 5526 3730 5587 9,

2089 5594 2360 5667 perspici,
2384 5595 2483 5649 ubi
2519 5594 2888 5650 Florentinus
2920 5599 2990 5650 ab
3021 5598 3181 5651 initio
3213 5594 3270 5652 et
3302 5601 3356 5653 in
3411 5599 3522 5651 fine
3553 5611 3734 5667 com-

2090 5666 2533 5722 memoratum...
2567 5667 2761 5732 Porro,
2789 5672 2852 5721 ut
2882 5671 3064 5723 nostri
3091 5670 3258 5724 hodie
3282 5671 3524 5723 aliorum
3551 5666 3731 5720 libros

2090 5738 2177 5793 vel
2247 5744 2553 5805 vertentes,
2612 5737 2699 5792 vel
2761 5739 3020 5808 edentes,
3064 5740 3150 5793 vel
3206 5745 3591 5808 excerpentes,
3641 5734 3728 5788 vel

2089 5813 2408 5864 tractantes
2439 5825 2788 5880 quocunque
2813 5812 2997 5879 modo,
3050 5811 3348 5865 rarissime
3389 5827 3421 5862 a
3452 5823 3512 5880 se
3545 5809 3728 5880 impe-

2088 5886 2270 5948 trant,
2294 5881 2434 5950 quin
2459 5876 2750 5952 quasdam
2781 5876 3089 5952 asperg'ant
3133 5880 3384 5945 notulas,
3425 5879 3508 5932 sic
3551 5876 3727 5931 etiam
