4074 6220
336 299 412 362 2'1
1629 300 1847 361 JOAN.
1896 300 2062 359 ALB.
2113 296 2448 360 FABRICll
3666 293 3741 356 28

409 437 494 491 13.
548 437 910 493 Constantini
956 436 1478 509 Porphyrogenneli
1519 436 1688 506 jussu
1740 435 1913 490 etiam
1965 440 2139 506 atque
2181 432 2455 504 auspiciis
2508 429 2781 501 martyris
2826 434 2879 483 et
2926 430 3081 483 Vitas
3117 431 3429 485 sanctorum
3481 430 3568 501 (Ι),
3620 448 3740 487 non

338 527 722 583 Orientalium
785 536 1026 596 tantum,
1079 532 1143 583 ut
1206 528 1397 584 visum
1464 528 1669 583 Joanni
1740 528 1989 594 Molano,
2044 527 2147 582 sed
2209 523 2572 597 quorumvis,
2622 538 2768 592 quas
2830 519 3089 576 nancisci
3130 521 3341 591 potuit.
3394 523 3740 593 conscripsit

336 618 592 684 Simeon,
624 619 905 689 magister
934 623 990 673 et
1019 618 1327 685 logotheta,
1378 622 1761 689 cognomento
1810 616 2194 688 Metaphrastes
2237 616 2351 685 (g);
2395 616 2476 669 ita
2523 613 2674 668 enim
2724 610 3055 682 appellatus
3098 614 3187 665 est
3232 613 3385 682 quod
3434 613 3743 683 plerasque

333 706 495 761 Vitas
527 724 642 763 non
666 716 867 778 suopte
900 708 1025 779 ipse
1055 708 1291 778 ingenio
1323 707 1649 777 composuit
1679 707 2073 777 condiditque,
2099 706 2199 760 sed
2250 706 2321 759 ab
2348 701 2776 773 antiquioribus
2827 700 3072 769 scriptas
3115 698 3412 774 μετέφρασι
3470 710 3523 756 et
3568 702 3741 771 paulo

332 796 445 850 alio
479 794 677 851 habitu
733 797 923 852 induit
969 798 1073 869 (ἡ),
1124 798 1443 851 omittendo
1492 797 1603 852 alia
1652 797 1710 850 in
1756 797 1894 861 illis,
1947 796 2061 849 alia
2105 796 2368 850 addendo
2412 793 2501 848 vel
2550 791 2833 847 mutando
2884 793 3063 860 atque
3103 789 3538 862 interpolando.
3582 792 3746 847 Vitas

338 888 639 957 plerasque
680 892 983 943 recensent
1020 888 1267 941 Allatius
1291 886 1435 941 libro
1465 886 1532 940 (te
1562 889 1891 958 Symeonum
1920 888 2163 956 scriptis,
2196 901 2328 956 pag.
2364 884 2465 938 124
2497 898 2643 952 seq.;
2678 879 2971 933 Hanckius
3003 884 3167 950 parte
3200 898 3216 933 ι
3273 886 3349 936 De
3375 882 3747 948 scriptoribus

336 976 492 1044 Βῃχμ,
544 991 670 1046 cap.
722 978 810 1029 24.
862 994 916 1046 p.
971 977 1076 1029 436
1125 992 1265 1046 seq.,
1316 983 1372 1031 et
1419 977 1633 1031 Caveus
1686 977 1753 1031 ad
1813 993 1862 1030 a.
1913 976 1971 1031 C.
2024 975 2149 1039 901,
2211 973 2311 1029 sed
2382 974 2459 1027 ita
2523 980 2583 1025 ut
2646 968 2993 1024 difficillime
3042 970 3273 1039 possint
3327 972 3532 1027 evolvi.
3592 970 3739 1025 Nam

337 1063 589 1119 Allatius
628 1066 796 1120 initia
838 1066 1101 1119 Vitarum
1153 1066 1353 1120 ordine
1397 1066 1764 1136 alphabetico
1805 1066 2083 1137 digessit;
2134 1062 2433 1119 Hanckius
2468 1061 2627 1115 Vitas
2661 1058 2953 1114 recensuit
2984 1059 3093 1114 sub
3124 1059 3312 1114 titulis
3368 1060 3742 1131 pepulorum,

338 1154 432 1221 qui
469 1158 701 1209 sanctos
732 1168 1019 1224 quosque,
1053 1170 1303 1224 quorum
1337 1159 1475 1209 sunt
1504 1153 1671 1220 Vitae,
1695 1155 1805 1210 sibi
1837 1154 2169 1208 vindicant:
2204 1156 2425 1209 Caveus
2457 1150 2721 1205 ordinem
2756 1152 2995 1203 secutus
3025 1154 3114 1203 est
3142 1148 3359 1215 Allatii,
3398 1166 3740 1220 quanquam

338 1242 504 1297 initia
538 1244 663 1313 ipsa
693 1244 957 1299 Vitarum
989 1245 1277 1299 ascribere
1310 1244 1658 1314 supersedit.
1696 1245 1917 1317 Digessi
1948 1245 2128 1315 igitur
2173 1244 2333 1299 Vitas
2365 1258 2509 1313 quas
2564 1240 2857 1296 Simeonis
2914 1255 2982 1293 ex
3015 1238 3147 1311 styli
3196 1242 3416 1297 ratione
3473 1241 3558 1295 vel
3614 1242 3745 1295 aliis

337 1333 695 1399 argumentis
728 1334 1012 1405 genuinas
1044 1334 1290 1390 Allatius
1350 1338 1568 1402 censet,
1611 1335 1933 1404 descriptas
1963 1334 2287 1390 secundum
2320 1331 2571 1388 nomina
2622 1334 2978 1396 sanctorum,
3008 1330 3210 1383 ordine
3238 1330 3520 1385 recensita
3541 1329 3741 1400 alpha-

334 1422 545 1477 betico.
576 1424 785 1479 Addidi
819 1426 993 1480 etiam
1026 1426 1192 1493 alias,
1217 1442 1363 1495 quas
1390 1427 1563 1481 certis
1596 1426 1925 1481 auctoribus
1948 1426 2195 1481 Allatius
2229 1424 2450 1488 tribuit,
2502 1422 2760 1493 itemque
2808 1420 2938 1475 illas
2986 1436 3132 1491 quas
3163 1438 3297 1476 cum
3330 1426 3485 1477 certo
3520 1422 3739 1476 auctori

336 1526 453 1566 non
485 1514 693 1569 audeat
714 1517 1035 1583 assignare,
1070 1516 1361 1571 Simeonis
1406 1516 1812 1587 Metaphrastie
1839 1520 2033 1571 tamen
2086 1533 2199 1571 non
2249 1530 2397 1580 esse,
2453 1517 2639 1583 putat,
2679 1526 2809 1566 esse
2860 1510 3246 1580 exploratum,
3279 1512 3531 1581 denique
3571 1511 3742 1579 longe

334 1598 549 1669 plures,
596 1620 741 1673 quas
788 1604 908 1673 ipse
952 1605 1011 1659 in
1071 1604 1228 1659 Actis
1274 1608 1604 1659 sanctorum
1652 1606 1739 1660 vel
1781 1605 1938 1661 alibi.
1988 1605 2199 1660 Allatio
2250 1602 2566 1675 praeteritas
2598 1599 2912 1656 observavi.
2968 1598 3134 1653 Illum
3179 1600 3506 1668 catalogum
3554 1600 3735 1654 hab-os

338 1690 633 1747 volumine
667 1693 733 1748 ΙΧ
766 1693 940 1763 hujus
971 1694 1342 1750 Bibliotheca;
1380 1712 1435 1765 p.
1469 1695 1538 1749 48
1568 1710 1749 1767 usque
1808 1697 1877 1751 ad
1914 1697 2035 1762 152,
2061 1701 2117 1750 et
2174 1694 2352 1750 multo
2411 1693 2732 1766 pleniorem
2783 1692 3015 1763 quidem
3047 1706 3226 1761 quam
3260 1690 3516 1761 primum
3562 1690 3741 1744 editio

332 1778 643 1835 voluminis
689 1784 990 1852 praesentis
1051 1784 1159 1839 hoc
1210 1784 1481 1840 eumdem
1516 1784 1642 1841 loco
1688 1784 1998 1840 exhibebat
2028 1786 2129 1854 (1).
2181 1785 2324 1853 Ejus
2372 1785 2571 1854 itaque
2630 1782 2687 1836 in
2728 1783 2911 1837 vicem
2952 1796 3083 1837 ecce
3126 1782 3250 1851 jam
3284 1779 3387 1835 tibi
3442 1778 3739 1833 Michaelis

336 1868 504 1923 Pselli
542 1869 600 1925 in
652 1872 992 1943 Symeonem
1037 1874 1497 1943 Metaphrastem.
1534 1874 1880 1929 Encomium
1939 1888 2074 1929 cum
2105 1874 2367 1929 versione
2409 1872 2616 1929 Leonis
2648 1872 2867 1935 Allatii,
2900 1871 2958 1924 in
2993 1870 3162 1939 cujus
3188 1868 3371 1939 capite
3413 1868 3480 1921 13
3508 1865 3735 1936 Operis,

336 1959 406 2012 de
437 1959 584 2015 Vitis
616 1967 951 2017 sanctorum
985 1965 1056 2018 ab
1086 1980 1152 2019 eo
1186 1964 1511 2035 compositi,
1546 1981 1675 2020 cum
1710 1965 1881 2020 laude
1911 1964 2200 2032 meminit,
2234 1968 2298 2018 ut
2330 1964 2465 2017 facit
2495 1962 2671 2018 etiam
2702 1962 3039 2017 Theodorus
3074 1959 3359 2026 Balsamo,
3410 1958 3481 2013 ad
3512 1974 3641 2012 can.
3663 1958 3737 2010 63

335 2048 622 2105 Trulian.:
676 2052 848 2125 Χάρις
919 2058 995 2124 τῷ
1074 2053 1341 2125 μακαρίτῃ
1398 2060 1759 2131 Μεταφραστῆ
1815 2057 1894 2125 τῷ
1961 2053 2027 2107 τὰ
2099 2052 2404 2127 μαρτυρικᾶ
2471 2052 2605 2125 ὑπὲρ
2661 2054 2760 2116 τῆς
2819 2051 3081 2119 ἀληθείας
3155 2049 3449 2120 σκάμματα
3503 2045 3740 2108 πολλοῖς

336 2140 525 2200 πόνοις
586 2140 673 2193 καὶ
737 2140 923 2214 ἱδρῶσι
982 2142 1450 2198 κατακαλλύναντι
1504 2144 1557 2207 ἐς
1587 2144 1752 2216 ὕμνον
1796 2149 1933 2199 Θεοῦ
1986 2144 2077 2198 καὶ
2137 2141 2290 2212 δόξαν
2350 2144 2707 2212 αἰωνίζουσαν
2758 2146 2863 2197 τῶν
2922 2141 3088 2217 ἁγίων
3151 2139 3459 2214 μαρτύρων.
3516 2138 3744 2193 Similia

339 2230 649 2287 Matthaeus
680 2233 987 2301 Blastares,
1020 2236 1078 2289 in
1110 2236 1351 2304 Synopsi
1382 2252 1672 2292 canonum
1706 2254 1760 2308 p.
1792 2238 1863 2291 57
1893 2252 2012 2307 seq.
2039 2237 2213 2291 FABR.
2248 2266 2315 2276 -—
2360 2236 2462 2291 Hic
2504 2251 2737 2306 quoque
2769 2236 3055 2305 adjecerat
3104 2232 3297 2299 Pselli,
3343 2230 3743 2301 Metaphrastas

334 2323 607 2391 ofﬁcium,
644 2325 739 2379 Gr.
775 2329 830 2380 et
874 2327 990 2381 Lat.
1027 2328 1175 2395 Μηνῖ
1226 2321 1523 2399 Νοεμϐρίῳ
1575 2334 1679 2396 κη’.
1713 2358 1853 2369 ———
1903 2329 2094 2383 Mensis
2126 2329 2441 2383 Novembris
2489 2328 2579 2382 die
2607 2328 2699 2389 28.
2754 2326 3204 2382 commemoratio
3264 2323 3319 2378 S.
3351 2323 3533 2377 Patris
3564 2324 3743 2378 nostri

330 2412 615 2482 Symeonis
677 2413 952 2484 togothetce
988 2418 1421 2485 Metaphrastw:
1483 2417 1745 2488 Ofﬁcium
1777 2434 1810 2472 α
1853 2419 2029 2473 Psetlo
2078 2419 2458 2488 compositum.
2501 2418 2799 2487 Interprete
2830 2416 2999 2470 Leone
3029 2412 3264 2469 Atlatio.
3301 2413 3565 2483 Troparia
3597 2411 3656 2483 (i.
3689 2427 3739 2465 e.

328 2502 397 2555 ad
432 2503 720 2572 vesperas)
743 2505 799 2557 in
828 2505 1128 2575 psalmum.
1166 2530 1193 2556 ‹‹
1228 2510 1475 2576 Domine,
1509 2508 1771 2563 clamavi.
1812 2530 1831 2555 ι
1870 2506 2042 2561 Echus
2074 2508 2338 2577 obliquus
2367 2507 2654 2562 secundus.
2704 2506 2840 2562 Mihi
2881 2520 3013 2559 vero
3056 2519 3160 2559 nec
3208 2502 3587 2558 commodum
3630 2516 3735 2556 nec

332 2592 728 2647 necessarium
762 2608 890 2649 esse
920 2596 1166 2662 videtur,
1203 2606 1261 2652 ut
1310 2598 1409 2652 illa
1449 2597 1731 2669 opuscula
1786 2598 1939 2669 typis
1972 2602 2308 2669 repetantur
2364 2599 2423 2653 in
2469 2598 2576 2653 hac
2636 2599 2697 2653 B.
2731 2598 2827 2653 Gr.
2872 2595 3144 2651 editione.
3206 2598 3414 2649 Contra
3453 2591 3732 2664 quoniam

333 2681 636 2751 hucusque
664 2682 733 2737 de
777 2683 1161 2740 Constantino
1219 2687 1761 2759 Porphyrogenneto
1808 2686 2177 2758 scriptisque,
2227 2688 2354 2757 ejus
2388 2689 2559 2757 jussu
2610 2686 3004 2758 auspiciisque
3052 2684 3347 2751 confectis,
3396 2686 3590 2737 actum
3625 2685 3734 2747 est,

336 2768 585 2839 adjicere
614 2769 801 2840 placet
832 2773 1098 2829 notitiam
1136 2775 1542 2831 C(eremoniaiis
1592 2779 1891 2831 Constant.
1926 2777 2227 2849 Porphyr.,
2270 2776 2515 2831 Fabricii
2575 2779 2741 2832 aetate
2799 2775 3062 2830 nondum
3114 2771 3277 2838 editi,
3310 2772 3564 2826 brevem.
3625 2769 3739 2824 Sed

333 2859 607 2929 quoniam
636 2876 782 2929 opus
813 2867 1011 2933 postea
1042 2863 1229 2920 lucem
1266 2864 1407 2920 vidit
1436 2870 1493 2921 et
1525 2865 1662 2921 satis
1696 2869 1894 2921 notum
1926 2869 2034 2931 est,
2068 2866 2383 2921 maximam
2416 2870 2442 2935 §
2472 2865 2593 2922 XIV
2624 2870 2847 2937 partem
2880 2862 3286 2920 delevi.HanL.

402 2949 708 3005 Zacharias
740 2952 962 3007 Conrad
996 2954 1067 3008 ab
1124 2954 1432 3010 UiI'enbach
1469 2956 1806 3026 possederat
1845 2956 1971 3011 cod.
2005 2955 2061 3009 in
2087 2956 2223 3011 orbe
2273 2956 2468 3013 forsan
2527 2956 2790 3024 unicum,
2849 2954 3049 3027 paucis
3078 2957 3248 3008 antea
3305 2951 3395 3007 vel
3444 2950 3738 3022 cognitum

331 3037 417 3092 vel
454 3043 863 3109 memoratum,
898 3043 998 3113 qui
1030 3058 1081 3096 a.
1114 3044 1250 3097 1732
1273 3044 1535 3115 pervenit
1564 3043 1622 3097 in
1656 3043 2068 3099 bibliothecam
2128 3052 2361 3100 senatus
2421 3043 2762 3115 Lipsiensis.
2816 3044 2869 3099 Is
2898 3058 3031 3098 vero
3080 3040 3337 3097 continet
3392 3039 3744 3095 Constantini

327 3128 836 3199 Porphyrogenneti
866 3132 1032 3185 libros
1061 3132 1166 3188 duo
1198 3132 1262 3187 de
1294 3133 1620 3188 cerimoniis
1666 3134 1808 3188 aula:
1837 3134 2183 3204 Byzantina;
2220 3150 2325 3190 nec
2380 3149 2514 3191 vero
2546 3150 2701 3189 unus
2748 3132 3112 3189 Constantin.
3144 3130 3500 3204 Porphyrog.
3536 3134 3740 3185 auctor

330 3217 549 3286 operis,
577 3218 731 3288 quod
761 3220 999 3290 quidem
1026 3221 1094 3274 ad
1131 3225 1390 3276 nostram
1426 3223 1685 3293 pervenit
1734 3226 1981 3290 aetatem,
2027 3222 2154 3289 fuit,
2206 3221 2330 3290 sed,
2382 3224 2531 3293 quod
2577 3222 2816 3294 quidem
2852 3220 3145 3293 probabile
3168 3219 3474 3276 videbatur
3506 3218 3739 3275 Reiskio

330 3305 389 3358 in
418 3307 580 3376 praef.
606 3308 675 3361 ad
708 3308 820 3361 vol.
856 3310 899 3377 Ι,
935 3326 1064 3379 pag.
1088 3313 1121 3363 7
1154 3327 1305 3381 sqq.,
1365 3315 1538 3382 atque
1569 3312 1627 3365 in
1680 3312 1835 3380 praef.
1871 3312 1985 3367 fine
2042 3313 2111 3366 ad
2144 3312 2257 3369 vol.
2298 3313 2373 3380 II,
2404 3318 2461 3369 et
2516 3314 2566 3368 Ι.
2600 3315 2669 3369 Μ.
2730 3314 2980 3368 Gesnero
3020 3312 3078 3366 in
3136 3310 3557 3377 Relationibus,
3601 3315 3738 3380 etc.,

332 3400 539 3464 postea
569 3394 898 3463 laudandis,
935 3397 1045 3453 vol.
1073 3401 1117 3464 Ι,
1151 3415 1207 3469 p.
1241 3402 1366 3467 392,
1393 3401 1617 3468 adjecta
1648 3404 1787 3454 sunt
1819 3401 2078 3469 quaedam
2112 3401 2183 3455 ab
2216 3402 2373 3456 illius
2403 3406 2613 3473 nepote
2661 3400 3004 3473 cognomine
3052 3398 3316 3469 aliisque.
3349 3398 3515 3453 Sistit
3545 3402 3740 3454 autem

328 3498 476 3552 opus
534 3483 885 3538 cerimonias
946 3484 1007 3540 in
1070 3485 1205 3541 aula
1261 3492 1317 3541 et
1366 3487 1621 3543 Ecclesia
1659 3488 2305 3559 Constantinopolitana
2382 3490 2795 3555 observandas,
2846 3504 3070 3544 necnon
3146 3488 3205 3543 in
3271 3487 3737 3558 expeditionibus

329 3570 553 3626 bellicis
587 3578 642 3627 et
668 3573 819 3629 ludis
854 3575 1100 3644 publicis
1159 3592 1224 3632 ac
1282 3576 1661 3633 solemnibus.
1700 3576 1872 3633 Illum
1930 3580 2191 3634 codicem
2249 3580 2481 3635 uberius
2537 3580 2843 3651 descripsit
2869 3580 2923 3636 J.
2961 3580 3023 3634 ll.
3057 3578 3242 3634 Maius
3274 3579 3334 3634 in
3358 3578 3530 3634 catal.
3592 3595 3736 3635 mss.

329 3661 597 3717 codicum
634 3662 692 3717 in
727 3664 865 3717 bibl.
904 3665 1237 3721 Utfenbach.
1271 3671 1420 3737 part.
1456 3684 1517 3735 ιι,
1550 3684 1609 3722 n.
1645 3669 1877 3737 i7,pag.
1909 3668 2173 3736 537.567,
2207 3686 2276 3725 ex
2306 3686 2489 3740 eoque
2520 3669 2803 3740 excerpsit
2830 3669 3105 3739 primum.
3130 3666 3577 3735 ‘1‘n60ecw,etc.,
3600 3666 3740 3721 desi-

328 3753 658 3821 gnationem
696 3754 1108 3823 expeditionum
1141 3756 1491 3825 imperatoris
1522 3757 1847 3811 bellicarum
1880 3762 1929 3811 et
1959 3759 2277 3813 memoriate
2303 3775 2403 3830 pro
2431 3761 2647 3826 castris,
2680 3764 2804 3813 tum
2836 3758 3077 3814 indicem
3124 3758 3365 3829 capitum
3404 3755 3500 3811 tib.
3524 3772 3543 3810 ι
3590 3760 3642 3810 et
3671 3771 3736 3823 ιι,

332 3839 524 3896 Graece
556 3858 685 3897 cum
711 3860 814 3897 sua
836 3844 1095 3900 versione
1122 3848 1345 3901 Latina.
1380 3846 1445 3901 Et
1477 3846 1934 3917 designationem
1967 3852 2022 3902 et
2062 3848 2313 3903 indicem
2346 3866 2412 3903 ex
2465 3849 2562 3903 illo
2621 3846 2901 3920 catalogo,
2962 3847 3226 3918 salivam,
3286 3847 3478 3911 credo,
3521 3850 3587 3901 ut
3616 3863 3741 3902 mo-

331 3937 486 3985 veret
514 3932 651 3987 viris
684 3934 889 3999 doctis,
924 3934 1076 4006 typis
1108 3936 1283 4006 repeti
1321 3936 1531 3992 fecerat
1586 3937 1889 3993 Fabricius
1920 3938 1977 3994 in
2013 3938 2153 3994 edit.
2212 3940 2246 3992 2
2279 3940 2339 3995 B.
2393 3938 2487 3995 Gr.
2526 3941 2619 4005 At,
2653 3956 2825 4013 opere
2883 3956 3036 3995 nunc
3096 3938 3271 4007 edito,
3304 3953 3373 3993 ea
3423 3936 3620 3993 omnia
3678 3951 3745 3991 ex

332 4021 441 4076 hac
472 4038 617 4078 nova
647 4024 898 4079 editione
936 4028 1204 4081 exsulare
1252 4027 1565 4097 jussimus.
1604 4030 1801 4098 Neque
1832 4034 2023 4083 tamen
2079 4029 2547 4096 incommodum,
2603 4046 2793 4100 neque
2852 4028 2982 4085 aliis
3038 4029 3329 4100 ingratum
3381 4027 3571 4080 visum
3631 4032 3739 4089 est,

333 4111 644 4182 epistolam
706 4114 1042 4172 Uti'enbacb.
1099 4116 1171 4170 ad
1227 4116 1556 4171 Fabricium
1618 4117 1882 4183 missam,
1916 4132 2015 4172 seu
2077 4128 2400 4173 accuratam
2461 4119 2679 4175 codicis
2738 4120 3043 4191 operisque
3100 4115 3572 4187 descriptionem,
3623 4119 3745 4169 eta

339 4202 601 4257 Fabricio
632 4206 711 4275 (p.
763 4206 887 4271 621,
922 4208 1036 4263 vol.
1094 4206 1168 4259 VI
1200 4209 1313 4260 vet.
1364 4206 1527 4277 edit.)
1583 4206 1965 4277 publicatam,
2016 4214 2190 4280 atque
2218 4227 2251 4264 a
2298 4210 2529 4265 Reiskio
2558 4211 2669 4266 vol.
2704 4214 2723 4267 Ι
2756 4212 2949 4284 operis
2981 4227 3108 4285 pag.
3141 4226 3280 4265 XXIII
3310 4208 3599 4276 iteratam,
3632 4207 3743 4262 hoc

342 4289 468 4343 loco
500 4290 763 4346 retinere.
799 4293 879 4347 En
913 4292 1093 4363 igitur
1124 4292 1390 4347 notitiam
1421 4292 1783 4349 UfI'enbachii
1808 4312 1941 4349 cum
1970 4296 2216 4351 Fabricii
2250 4298 2425 4353 notis.

1936 4405 2146 4462 ΝΟΤΒ

337 4500 649 4583 Cassianus
676 4516 790 4585 non
824 4504 1050 4585 mutum
1084 4516 1261 4585 pecus
1294 4505 1406 4568 est,
1426 4503 1577 4585 quod
1609 4502 1833 4585 alienos
1863 4520 1986 4561 sac-
2097 4505 2528 4585 Metapbrastﬁaa,
2555 4577 2567 4585 _
2594 4522 2725 4585 pag.
2766 4506 2910 4585 2131335
2944 4504 3313 4585 _C_a_veus-_ad
3365 4521 3416 4585 a_.
3478 4504 3537 4559 C.
3598 4504 3693 4585 991
3727 4522 3740 4570 ;

338 4588 436 4626 cos
468 4573 958 4649 inunumlocum
992 4573 1163 4649 tacite
1208 4579 1521 4649 congerat;
1573 4575 1983 4649 sed_viringe-
2099 4573 2383 4633 Antonius
2436 4573 2752 4649 Pagi'toin.
2806 4578 2883 4633 IlI
2936 4577 3151 4633 Criticzu
3202 4576 3533 4632 Barouiana:
3586 4577 3654 4632 ad
3688 4594 3739 4630 ει.

338 4660 509 4719 nuus,
544 4645 1200 4719 institutusliberaliter,
1228 4647 1575 4719 praediorum
1603 4645 1985 4719 villarumque

337 4714 599 4788 plurium,
637 4716 907 4771 dominus
939 4722 995 4771 et
1026 4718 1149 4787 ipse
1197 4714 1734 4788 eiperientissimus
1765 4714 1982 4787 arator,

338 4786 435 4857 qui
454 4787 631 4841 sumit
649 4788 950 4842 audaciam
976 4786 1283 4858 quaesitam
1304 4791 1619 4859 meritis,et
1644 4786 1982 4847 sententiam

337 4876 500 4912 suam
535 4860 658 4929 ipse
691 4864 819 4928 post
850 4860 996 4914 alios
1027 4860 1189 4926 dicit,
1218 4861 1320 4916 hoc
1343 4866 1449 4929 est,
1484 4866 1808 4931 opportune
1830 4870 1984 4918 notas

336 4945 467 5003 suas
501 4947 613 4985 non
647 4934 890 5001 aspergit
921 4932 991 4986 ad
1026 4932 1366 5001 marginem,
1401 4935 1553 5003 quod
1590 4950 1745 4988 nunc
1777 4934 1859 5002 ﬁt,
1884 4936 1981 4991 sed

335 5001 706 5075 interspergit,
740 5008 794 5057 et
826 5020 887 5057 se
918 5003 1121 5058 miscet
1154 5003 1377 5075 reliquo
1402 5001 1755 5059 rusticorum
1784 5006 1975 5060 choro.

335 5072 451 5147 Hoc
484 5076 673 5143 itaque
706 5078 1004 5129 tenemus:
1054 5075 1202 5130 Sunt
1249 5072 1593 5147 Geoponica.
1640 5078 1981 5133 Chresloma-

333 5146 451 5199 thia
500 5147 701 5199 rustica
753 5162 876 5200 cum
924 5149 1067 5201 notis
1115 5146 1383 5203 Cassiani
1423 5149 1597 5213 Bassi,
1646 5147 1980 5215 scholastici,

332 5215 1048 5289 editaConstantinopoli,
1101 5219 1363 5287 impensis
1410 5226 1463 5274 et
1525 5220 1780 5289 auspiciis
1842 5220 1984 5275 Con-

330 5288 573 5342 stantini
635 5290 1159 5360 Porp/tyrogenneti.
1206 5291 1324 5347 Hoc
1396 5288 1720 5355 observato,
1765 5290 1984 5356 reliqua

333 5360 532 5433 omnia
559 5366 693 5415 sunt
742 5363 1010 5433 expedita
1057 5366 1113 5416 et
1156 5363 1445 5433 explicita.
1480 5384 1509 5412 »
1553 5361 1839 5417 Hactenus
1886 5362 1981 5416 Ni-

332 5432 473 5499 clas,
506 5433 605 5503 qui
650 5450 712 5487 ea
745 5432 867 5503 quae
908 5434 1052 5488 bene
1084 5438 1141 5488 et
1200 5432 1373 5499 recte,
1416 5435 1641 5502 opinor,
1686 5433 1979 5503 explicuit,

330 5502 533 5559 adhuc
583 5502 800 5575 aliquOt
869 5504 1149 5575 exemplis
1221 5508 1486 5576 probavit
1539 5502 1977 5573 illustravitque.

330 5580 510 5629 HARL.

400 5647 470 5718 (f)
504 5646 845 5701 Conferatur
889 5646 1305 5715 Metaphrastos
1355 5646 1411 5700 in
1466 5647 1585 5699 Vita
1638 5646 1979 5701 Theoctistaa

335 5720 485 5787 apud
521 5718 752 5773 Surium
790 5719 860 5772 ad
897 5721 963 5773 10
1009 5718 1172 5785 Nov.;
1208 5718 1379 5774 Micb.
1428 5717 1670 5786 Psellus,
1708 5719 1980 5774 Encomio

2092 4652 2218 4715 902,
2252 4657 2307 4704 et
2332 4649 2615 4720 praecipue
2642 4650 2768 4705 913.

2166 4723 2239 4789 (g)
2294 4718 2397 4774 Α’όὶ
2450 4718 2531 4775 sis
2561 4737 2691 4791 quae
2750 4718 2971 4775 Psellus
3022 4733 3151 4789 pag.
3180 4718 3287 4791 227
3318 4735 3465 4789 seq.,
3498 4718 3740 4775 Allatius

2094 4792 2193 4847 lib.
2228 4794 2302 4846 De
2330 4790 2648 4847 Simeomim
2699 4792 2941 4861 scriptis,
2990 4805 3119 4863 pag.
3169 4790 3239 4842 73
3289 4807 3438 4863 scq.,
3492 4807 3741 4847 necnon

2094 4864 2243 4918 libro
2274 4864 2345 4917 Dc
2378 4865 2534 4927 Nilis,
2568 4879 2699 4933 pag.
2750 4863 2819 4915 29
2866 4878 2981 4933 seq.
3015 4860 3151 4933 edit.
3209 4878 3241 4915 a
3274 4860 3389 4933 me‘
3422 4869 3656 4931 curatae,
3686 4869 3743 4918 et

2093 4936 2171 4988 De
2206 4934 2447 5005 Psellis§
2481 4930 2720 5005 16⁷8εᾷ4
2756 4931 3039 4986 Martinus
3069 4930 3367 5005 Hanckius
3419 4940 3579 5005 parte
3610 4930 3742 5005 (De

2136 5091 2254 5130 rint.
2280 5091 2350 5130 ad
2380 5091 2521 5130 Acta
2552 5091 2801 5131 sanetur.
2844 5091 2985 5129 tom.
3021 5091 3042 5130 1
3092 5091 3359 5141 Januar.,
3393 5092 3447 5145 p.
3501 5091 3565 5127 10
3612 5091 3736 5145 seq.

2094 5095 2269 5202 Eam.
2300 5178 2367 5187 ——
2392 5146 2470 5201 Dc
2504 5146 2609 5200 hoc
2638 5146 2904 5201 Simeone
2945 5148 3002 5201 et
3050 5146 3200 5204 Vilis
3248 5152 3577 5201 sanctorum
3626 5144 3739 5201 alio

2094 5225 2354 5289 tempore
2384 5218 2439 5272 in
2475 5219 2582 5272 hac
2609 5217 2673 5290 Β.
2702 5217 2775 5290 Ο.
2809 5218 3101 5290 copiosius
3135 5216 3575 5290 agam._Quare,
3608 5232 3737 5285 quas

2094 5286 2262 5345 Fabr.
2298 5289 2354 5343 in
2386 5294 2500 5345 vet.
2534 5289 2668 5344 edit.
2700 5289 2794 5344 hic
2843 5286 2913 5345 de
2963 5286 3249 5353 Simeone,
3301 5286 3542 5356 ejusque
3592 5290 3735 5344 scri-

2094 5362 2228 5431 ptis,
2285 5361 2415 5433 item
2477 5362 2547 5417 de
2608 5362 2840 5433 Dioptra
2905 5368 3274 5423 annexuerat,
3337 5357 3397 5413 in
3461 5361 3734 5429 praesenti

2093 5432 2283 5486 omisi.
2329 5432 2505 5489 Hann.

2162 5505 2241 5571 (h)
2286 5503 2429 5558 Vide
2477 5503 2741 5561 Cotelerii
2793 5505 3152 5561 Monumenta
3208 5502 3476 5557 Ecclesia:
3530 5502 3736 5569 Gracz,

2093 5570 2233 5632 tom.
2270 5575 2372 5641 Ili,
2422 5593 2552 5647 pag.
2596 5578 2723 5647 574,
2773 5582 2830 5633 et
2876 5570 3737 5647 BernardinideAMontfaucou

2090 5644 2585 5718 Palasographiam
2617 5644 2891 5711 Graecam,
2928 5664 2978 5715 p.
3008 5645 3132 5708 269,
3165 5645 3293 5711 273,
3324 5644 3447 5700 275.

391 5850 465 5907 (t)
503 5848 633 5896 Vide
668 5849 720 5896 in
754 5848 1016 5909 Symeone
1048 5848 1419 5913 Metaphraste,
1451 5848 1604 5906 infra,
1638 5850 1703 5899 ad
1739 5864 1825 5900 an.
1856 5854 1963 5902 965.
1997 5853 2133 5901 Eutr.
2172 5855 2319 5903 Pun.
