4074 6220
327 414 407 475 29
1046 410 1379 473 NOTITIA
1426 410 1927 473 SCRIPTORUM
1974 411 2504 474 CONSTANTINI
2547 410 3057 472 PROPHYROG.
3674 405 3753 468 30

338 590 345 595 ,
401 545 585 602 Codex
607 545 797 615 forma
825 554 903 598 est
931 543 1154 615 majori,
1186 559 1347 616 quam
1372 546 1435 599 in
1463 543 1599 616 folio
1629 559 1818 600 vocare
1844 545 2040 613 solent,
2075 547 2133 600 in
2163 548 2511 601 membranas
2539 559 2918 618 pergamenas,
2948 558 3145 614 easque
3172 543 3463 613 ﬁrmiores,
3498 543 3750 600 laeviores

333 643 506 707 atque
548 632 865 703 nitidiores,
893 649 1058 706 quam
1105 631 1302 706 quibus
1348 633 1656 704 postremis,
1689 641 1816 690 ante
1865 633 2249 708 typographia:
2297 636 2687 703 inventionem,
2730 633 3061 703 temporibus
3099 633 3418 697 utebantur,
3452 636 3745 688 exaratus.

344 727 685 796 Quanquam
720 725 783 778 de
821 724 935 794 ejus
984 731 1138 779 aetate
1173 732 1323 779 certo
1360 722 1591 792 deﬁnire
1631 740 1743 779 non
1780 724 1983 790 ausim,
2027 723 2194 779 illum
2233 729 2417 780 tamen
2463 725 2617 795 longe
2650 729 2779 778 ante
2820 724 2971 777 urbis
3016 726 3485 793 expugnationem
3530 723 3592 776 in
3625 722 3744 791 ipsa

339 816 563 875 Graecia
608 817 858 886 scriptum
900 831 1035 884 esse,
1075 813 1349 870 existimo.
1398 815 1633 871 Summa
1668 816 1814 871 enim
1859 832 1994 871 cura
2043 819 2209 888 atque
2255 816 2586 873 dexteritate
2627 814 2923 887 confectus,
2948 822 3011 869 ut
3049 813 3385 885 sphalmata,
3435 813 3631 887 quibus
3662 830 3741 870 re—

350 907 704 964 centioresex
727 904 1043 960 scribarum
1067 904 1386 976 ignorantia
1413 910 1577 980 atque
1605 908 1894 962 oscitantia
1922 911 2148 977 scatent,
2184 910 2268 964 vel
2297 909 2458 964 nulla
2492 907 2581 963 vel
2619 907 2824 975 exigua
2853 905 3141 961 rarissime
3175 913 3485 960 occurrant.
3523 906 3585 959 Et
3629 907 3751 962 licet

361 997 633 1070 elegantia
667 997 951 1066 scripturae
973 1002 1128 1050 tanta
1155 1004 1435 1068 appareat,
1460 1011 1524 1051 ac
1543 995 1593 1052 si
1616 998 1890 1068 integrum
1915 998 2168 1054 volumen
2198 1015 2308 1056 non
2335 999 2514 1054 solum
2544 997 2730 1053 eadem
2751 1012 2940 1063 manu,
2964 995 3053 1051 sed
3082 994 3269 1052 eodem
3288 996 3500 1051 calamo
3532 996 3747 1051 eadem-

357 1104 463 1164 que
483 1088 568 1142 die
582 1085 913 1155 descriptum
945 1084 1218 1156 videatur,
1249 1086 1566 1142 litterarum
1595 1095 1777 1144 tamen
1807 1088 2095 1146 character
2122 1091 2408 1161 antiquior
2436 1097 2517 1146 est
2546 1096 2597 1145 et
2637 1105 2675 1143 a
2707 1094 2889 1142 nostra
2919 1086 3156 1140 multum
3196 1085 3399 1157 differt,
3431 1087 3593 1157 atque
3628 1086 3747 1141 ideo

356 1179 629 1234 lectionem
659 1175 833 1231 initio
863 1173 1247 1246 difﬁciliorem
1276 1175 1474 1243 reddit,
1508 1192 1628 1248 qua
1656 1175 1958 1247 difﬁcultas
1988 1183 2232 1252 augetur
2252 1194 2352 1250 per
2371 1177 2546 1252 siglas
2562 1179 2647 1234 vel
2671 1178 2985 1231 litterarum
3008 1175 3348 1247 compendia,
3371 1175 3576 1247 etquod
3597 1191 3749 1230 voces

349 1267 528 1322 minus
553 1265 836 1322 distinctae
867 1265 1026 1321 nullo
1053 1267 1377 1338 plerumque
1407 1266 1709 1322 interstitio
1731 1266 1841 1323 sibi
1869 1268 2198 1325 cohwreant.
2223 1270 2373 1337 Quod
2404 1269 2660 1342 equidem
2684 1272 2870 1323 notam
2901 1283 3015 1321 non
3043 1267 3494 1322 contemnendam
3514 1266 3753 1338 antiquiv

336 1357 467 1414 talis
496 1359 565 1412 cl.
596 1356 914 1413 Salmasius
944 1355 1009 1428 (i)
1038 1360 1250 1412 asserit.
1282 1358 1545 1414 Accentus
1589 1357 1793 1429 adjecli
1832 1360 1990 1415 illam
2029 1376 2127 1416 nec
2156 1361 2365 1417 tollunt
2412 1378 2511 1418 nec
2538 1360 2820 1428 minuunt,
2852 1375 2978 1414 cum
3006 1358 3073 1413 ab
3104 1356 3479 1424 Aristophane
3508 1358 3750 1426 iamdum

331 1448 548 1504 inventi
577 1447 637 1518 (ᾔ)
687 1451 740 1502 et
780 1450 839 1503 in
886 1449 1266 1504 vetustissimis
1291 1455 1457 1521 atque
1483 1450 1969 1520 praestantissimis
2019 1450 2298 1507 codicibus
2338 1466 2482 1524 saepe
2512 1451 2889 1519 reperiantur.
2919 1452 3172 1504 Externa
3211 1447 3345 1503 libri
3373 1450 3558 1518 facies,
3591 1448 3753 1505 invo-

332 1539 549 1594 lucrum
588 1539 864 1594 nimirum
894 1554 966 1595 ca:
994 1540 1139 1595 corio
1166 1539 1363 1595 bubulo
1399 1542 1621 1596 Turcico
1650 1544 1905 1596 constans
1935 1557 2184 1613 auroque
2212 1542 2528 1610 obductum,
2558 1550 2726 1613 atque
2756 1556 2947 1611 regum
2990 1539 3296 1608 Hungariw
3324 1538 3591 1610 insignia,
3622 1556 3751 1609 quae

332 1628 391 1683 in
422 1631 668 1698 utraque
692 1632 850 1699 parte
895 1633 1185 1700 apparent,
1214 1633 1353 1686 satis
1398 1630 1795 1701 demonstrant,
1834 1647 1945 1688 non
1974 1633 2231 1688 ultimum
2272 1634 2419 1689 inter
2441 1633 2814 1689 celeberrimae
2855 1634 3018 1704 atque
3056 1631 3495 1687 instructissima
3526 1629 3752 1686 Baden-

332 1721 430 1786 sis,
463 1719 571 1773 heu
600 1720 888 1790 quondam
910 1724 931 1773 !
962 1719 1297 1777 bibliotheca
1340 1719 1609 1794 κειμήλια
1641 1722 1818 1778 locum
1868 1722 2194 1780 obtinuisse.
2230 1728 2307 1781 De
2352 1738 2457 1797 quo
2488 1725 2641 1793 infra
2666 1721 2943 1794 pluribus.
2974 1720 3079 1777 Sed
3102 1729 3162 1777 ut
3198 1720 3269 1775 ad
3302 1722 3568 1777 interiora
3599 1736 3753 1777 acce-

331 1808 479 1875 dam,
514 1809 740 1876 primus
798 1814 1072 1864 tractatus
1118 1825 1333 1866 omnem
1387 1814 1719 1882 apparatum
1768 1812 2023 1867 bellicum
2074 1811 2370 1885 omniaque
2411 1812 2483 1867 ad
2520 1812 2682 1868 illum
2734 1812 3041 1868 necessaria
3078 1811 3422 1866 exactissime
3467 1809 3755 1874 describit;

339 1897 565 1969 reliqui,
599 1896 746 1953 ritus
772 1898 1196 1967 ecclesiasticos,
1228 1900 1582 1970 cerimonias,
1614 1900 1675 1955 in
1704 1916 2032 1975 unoquoque
2058 1904 2196 1973 festo
2227 1901 2316 1958 die
2352 1902 2636 1965 observari
2680 1902 2893 1967 solitas,
2921 1901 3206 1973 prolixius
3239 1903 3586 1955 enumerant.
3617 1901 3755 1955 Hinc

340 2002 454 2043 non
503 1987 680 2042 solum
729 2003 851 2059 qua:
894 1988 964 2044 ad
1010 1996 1212 2045 statum
1254 1990 1502 2046 anticum
1548 1994 1601 2047 et
1648 1991 2079 2048 ecclesiasticum
2120 1994 2423 2065 pertinent,
2466 1991 2559 2048 sed
2595 1991 2777 2048 multa
2819 1993 2988 2048 etiam
3042 2008 3160 2062 qua:
3206 1990 3276 2046 ad
3330 1992 3759 2061 topographium

347 2078 526 2149 urbis,
555 2078 859 2149 ofﬁciorum
889 2083 1054 2150 atque
1086 2080 1421 2152 dignitatum
1456 2083 1712 2138 notitiam
1748 2087 2061 2155 utramque,
2090 2085 2521 2141 ecclesiasticam
2559 2084 2833 2154 imprimis
2863 2083 3060 2139 horum
3098 2091 3406 2154 temporum
3438 2082 3753 2149 historiam,

353 2170 591 2237 faciunt,
628 2172 1001 2240 reperiuntur,
1033 2187 1151 2243 quae
1182 2172 1323 2227 alibi
1355 2174 1563 2243 [rustra
1599 2172 1938 2243 quaesiveris.
1973 2172 2123 2240 Quod
2164 2172 2440 2230 luculento
2482 2176 2565 2229 est
2594 2174 2820 2242 indicio,
2851 2174 2950 2229 hoc
2992 2190 3127 2245 apus
3154 2190 3441 2243 nunquam
3467 2173 3753 2243 prodiisse.

347 2257 519 2313 Nulla
545 2261 687 2314 enim
719 2265 837 2316 tam
862 2261 1065 2333 palatii
1093 2277 1260 2334 quam
1288 2262 1543 2318 Ecclesiae
1570 2264 1784 2334 ofﬁcia,
1814 2278 1849 2316 a
1897 2261 2100 2319 Codino
2138 2271 2299 2335 atque
2339 2263 2571 2318 Meursio
2596 2263 2820 2333 omissa,
2848 2280 2918 2321 ea:
2964 2264 3062 2320 illo
3096 2264 3348 2334 produci,
3379 2264 3558 2318 multa
3585 2264 3755 2319 etiam

344 2347 627 2405 illustrari
641 2359 887 2422 possunt.
920 2356 1232 2409 Innumerae
1269 2367 1482 2425 quoque
1520 2367 1673 2408 voces
1718 2358 2011 2409 occurrunt
2050 2368 2184 2424 quas
2224 2368 2398 2423 neque
2430 2352 2727 2420 Glossaria,
2755 2370 2794 2409 a
2834 2353 3086 2420 Labbs'eo,
3117 2353 3382 2421 Meursio,
3416 2353 3494 2407 Du
3547 2352 3756 2422 Cangio

339 2444 663 2512 composita,
694 2457 867 2513 neque
890 2443 1219 2515 Hesychius,
1250 2458 1420 2514 neque
1451 2442 1650 2501 Suidas
1670 2443 1873 2500 habent
1900 2443 2001 2516 (k).
2035 2444 2217 2512 Quare
2240 2442 2309 2499 ad
2340 2445 2541 2515 lingua?
2568 2446 2741 2501 etiam
2773 2445 3036 2515 peritiam
3064 2443 3214 2499 haud
3251 2459 3455 2514 parum
3481 2442 3756 2499 conducit.

345 2532 539 2604 Stylus
567 2539 825 2589 ceterum
854 2534 987 2590 satis
1019 2543 1261 2605 comptus
1289 2538 1454 2606 atque
1484 2551 1588 2607 pro
1635 2536 1799 2591 istius
1840 2535 2031 2591 δίκαιιὶ
2078 2534 2330 2591 barbarie
2357 2542 2443 2591 sat
2488 2535 2743 2604 elegans.
2774 2535 3065 2607 Nunquam
3093 2550 3225 2591 vero
3253 2533 3485 2601 editum,
3517 2533 3632 2589 imo
3664 2534 3761 2588 vim

344 2624 630 2692 cognitum
657 2621 915 2679 hactenus
944 2623 1212 2695 optimum
1238 2626 1417 2695 fuisse
1444 2624 1701 2695 codicem,
1727 2640 1970 2698 prorsus
1994 2623 2190 2683 miror.
2211 2624 2395 2696 Neque
2416 2625 2569 2680 enim
2589 2626 2736 2682 inter
2764 2640 2927 2697 cpera
2947 2624 3295 2684 Constantini
3313 2640 3346 2679 a
3373 2623 3657 2688 Vulcania,
3675 2622 3758 2679 vel

344 2714 414 2769 ab
440 2714 577 2770 aliis
606 2714 823 2785 publici
834 2715 997 2786 juris
1025 2717 1206 2785 facta,
1228 2724 1481 2788 apparet,
1514 2732 1692 2789 neque
1731 2718 1798 2772 ab
1840 2717 2104 2784 Hanckio,
2134 2731 2233 2772 nec
2270 2716 2407 2779 alio,
2437 2716 2583 2786 q‘uod
2620 2718 2813 2782 sciam,
2839 2718 2959 2772 ulla
2985 2717 3105 2787 ejus
3133 2717 3195 2787 ﬁt
3226 2714 3425 2771 mentio
3447 2715 3529 2786 (ι).
3568 2715 3757 2771 Verum

344 2805 427 2859 Du
446 2805 673 2860 Fresnei
720 2805 934 2861 domini
975 2806 1057 2861 Du
1089 2806 1270 2876 Canae
1316 2806 1653 2864 industriam
1699 2807 1970 2879 eﬂugisse,
1999 2806 2166 2877 plane
2211 2805 2474 2872 demiror,
2503 2806 2702 2879 quippe
2748 2808 2847 2878 qui
2885 2806 2955 2863 ad
3010 2806 3408 2863 illustrandum
3455 2802 3757 2860 Orientalis

344 2895 578 2965 Imperii
630 2895 942 2965 historiam,
988 2900 1041 2952 et
1090 2895 1425 2953 Glossarium
1478 2913 1643 2953 suum
1698 2897 2081 2955 adornandum
2139 2897 2569 2968 incomparabili
2621 2914 2850 2969 prorsus
2900 2897 3078 2954 studio
3132 2898 3325 2953 omnia
3378 2898 3615 2951 rimatus
3675 2898 3756 2949 est

346 2982 504 3038 Solus
536 2983 801 3040 Gesnerus
829 2984 949 3056 (τη),
984 2988 1045 3041 in
1074 2985 1304 3042 historia
1335 2986 1612 3044 litteraria
1646 2986 2075 3056 versatissimus,
2106 2988 2225 3057 ejus
2259 2987 2408 3043 hisce
2438 2988 2713 3057 meminit,
2743 2993 2874 3043 dum
2901 2988 3048 3045 inter
3076 2988 3199 3043 alia
3231 2987 3569 3043 Constantini
3597 2999 3760 3056 opera

342 3078 582 3129 recenset
614 3089 628 3127 :
661 3072 948 3130 Volumen
979 3074 1244 3132 Graecum
1291 3091 1571 3148 magnum
1604 3092 1675 3132 ex
1704 3075 2059 3133 bibliotheca
2091 3076 2425 3147 Hungarlca
2457 3076 2528 3132 de
2558 3076 2894 3134 cerimoniis
2942 3076 3146 3132 aulicis
3176 3076 3355 3131 sacris
3395 3079 3452 3130 et
3481 3073 3755 3146 profanis.

341 3164 694 3230 Videndum,
716 3166 897 3235 pergit
917 3165 1198 3232 Gesnerus,
1223 3171 1355 3224 ante
1377 3167 1523 3223 forte
1544 3167 1623 3223 sit
1643 3167 1793 3223 idem
1810 3166 1958 3222 liber
1978 3165 2080 3238 qui
2098 3165 2534 3238 Harmenopulo
2556 3167 2838 3223 tribuitur
2857 3167 2916 3222 in
2940 3166 3200 3238 catalogo
3226 3164 3586 3221 bibliothecas
3606 3162 3759 3233 regis

342 3251 665 3309 Gallorum.
725 3276 754 3304 «
815 3254 971 3310 Ordo
1022 3255 1167 3327 regii
1218 3255 1440 3327 palatii.
1474 3280 1498 3309 ι
1544 3256 1777 3312 Nullum
1816 3272 1941 3315 vero
1987 3256 2131 3313 mihi
2176 3254 2408 3311 dubium
2453 3264 2554 3323 est,
2584 3261 2682 3312 aut
2728 3256 2882 3328 falso
2943 3257 3303 3312 Constantino
3352 3254 3760 3323 Harmenopulo

342 3339 581 3398 inscribi
604 3344 703 3397 aut
729 3341 906 3411 plane
933 3343 1216 3399 diversum
1244 3360 1354 3401 esse
1382 3344 1594 3402 debere.
1628 3345 1763 3401 Cum
1786 3345 2220 3417 expressissimis
2240 3345 2419 3401 verbis
2449 3346 2748 3417 imperator
2776 3345 2839 3401 in
2867 3348 3115 3402 omnium
3148 3348 3483 3400 tractatuum
3503 3340 3682 3397 titulis
3709 3343 3762 3397 et

340 3431 663 3501 praloquiis
709 3432 835 3488 illos
871 3434 982 3490 sibi
1027 3432 1137 3504 ipsi
1189 3433 1452 3503 vindicet,
1481 3438 1534 3490 et
1575 3450 1736 3507 quem
1785 3432 2136 3491 Constantino
2184 3434 2585 3505 Harmenoputo
2614 3434 2815 3490 tribuit
2862 3434 3049 3500 codex,
3089 3434 3155 3490 de
3191 3434 3413 3500 aulicis,
3443 3446 3598 3487 meus
3638 3445 3761 3486 vero

340 3518 408 3574 de
450 3520 833 3576 ecclesiasticis
878 3521 1230 3593 potissimum
1256 3527 1403 3595 agat.
1444 3527 1533 3579 Du
1591 3522 1853 3593 Cangius,
1884 3524 1985 3594 qui
2029 3523 2220 3579 omnia
2266 3520 2432 3593 regite
2465 3523 2596 3579 bibl.
2622 3540 2725 3580 ms.
2756 3523 2943 3580 sedulo
2995 3525 3254 3589 excussit,
3289 3518 3758 3591 Harmenopulum

343 3624 456 3665 non
496 3609 653 3677 vidit,
683 3611 832 3666 alias
879 3612 1218 3684 neglexisset
1260 3612 1531 3682 minime;
1584 3628 1753 3685 quare
1796 3613 1970 3670 illum
2018 3612 2206 3669 adesse
2244 3611 2343 3668 via:
2383 3612 2541 3669 credo
2574 3612 2675 3685 (η),
2718 3613 2784 3669 Si
2820 3614 3019 3670 Labbei
3048 3612 3393 3670 Bibliotheca
3421 3625 3553 3666 mss.
3585 3610 3661 3680 (ο)
3690 3606 3761 3663 ad

346 3713 548 3754 manus
575 3705 733 3767 esset,
765 3702 959 3757 lubens
986 3701 1432 3769 consuluissem,-
1474 3705 1522 3760 is
1549 3704 1701 3760 enim
1747 3704 1920 3774 regiae
1946 3701 2284 3758 bibliotheca:
2328 3717 2460 3758 mss.
2494 3706 2642 3759 inter
2676 3707 2877 3760 catera
2921 3711 3228 3767 enumerat,
3260 3702 3441 3773 qualis
3479 3702 3667 3756 autem
3690 3696 3761 3752 sit

342 3790 729 3859 catalogus,de
768 3806 875 3862 quo
924 3791 1215 3862 Gesnerus,
1266 3794 1481 3865 ignoro.
1515 3792 1608 3850 Ms.
1638 3793 1813 3863 fuisse
1859 3796 2085 3865 Oportet.
2132 3792 2492 3863 Singularem
2548 3792 2702 3849 enim
2753 3793 3034 3863 regiorum
3078 3809 3210 3849 mss.
3239 3790 3472 3847 indicem
3514 3802 3763 3859 unquam

1936 3899 2166 3958 NOT/E.

442 3993 509 4065 (ι)
528 3993 762 4076 Epistol.
791 3997 959 4076 adol.
991 3999 1332 4057 Sari-avium
1363 4016 1489 4072 qua
1522 3999 1624 4057 183
1655 4002 1741 4056 est
1770 3999 1830 4055 in
1860 3998 1998 4054 edit.

352 4068 703 4142 Burmanni,
722 4083 803 4142 _p._
819 4068 922 4124 186
955 4086 1078 4142 seq.

421 4138 494 4207 ω
523 4136 679 4193 Idem
713 4136 1105 4200 Salmasius-1.
1139 4159 1190 4199 ο.

423 4209 845 4286 (έθηβθεηθιῖυδ
890 4229 1125 4286 quoque
1172 4213 1231 4268 in
1299 4230 1544 4286 censura
1584 4213 1644 4286 1.,
1669 4231 1750 4286 c.,
1779 4230 1832 4284 p.
1873 4212 1997 4286 392.

2176 3997 2254 4079 _(n)
2294 3999 2632 4079 Secundum
2675 3997 3125 4079 catalog..co.cld.
3157 3997 3297 4052 bibl.
3329 3996 3511 4079 Paris.
3555 3994 3748 4078 Regina

2106 4073 2196 4124 est
2225 4067 2376 4124 inter
2423 4071 2539 4124 alia
2581 4067 2949 4124 Constantini
2997 4067 3412 4138 IIarmeuopuli
3459 4082 3656 4138 opera,
3691 4068 3751 4121 in

2105 4141 2234 4197 cod.
2288 4141 2447 4206 1360,
2488 4157 2546 4197 n.
2576 4141 2652 4211 ,5,
2683 4141 2844 4196 illius
2883 4140 3131 4211 catalogi
3178 4141 3325 4211 aulas
3363 4138 3753 4211 imperatoriae

2104 4219 2160 4284 et
2203 4212 2424 4284 Magnas
2472 4210 2727 4284 ecclesias
2769 4210 3443 4284 Constantinopolitanae,
3492 4210 3752 4284 ineditus

347 4302 379 4357 ξ(
432 4280 689 4349 Fallitur,
723 4284 828 4353 ait,
860 4280 925 4357 sf
960 4280 1093 4357 quis
1136 4289 1303 4357 putat
1353 4285 1570 4357 nosiin
1621 4280 1836 4342 Codino
1888 4284 2001 4339 ha-

345 4353 482 4428 bere
530 4369 766 4428 omnem
822 4353 1670 4428 aulae'Constantinopolitanic
1714 4356 2001 4413 rationem

343 4423 431 4505 ita
476 4425 849 4505 explicatam,
882 4427 1031 4505 nihil
1071 4437 1132 4505 ut
1162 4423 1483 4505 desiderari
1525 4432 1701 4505 queat
1732 4444 1746 4482 :
1780 4444 1915 4505 cum
1948 4428 2000 4483 is

340 4495 568 4571 aliquot
590 4495 841 4571 seculis
864 4503 1061 4555 nostro
1082 4501 1307 4571 junior,
1338 4495 1662 4571 immutatis
1706 4500 1873 4555 valde
1906 4515 1997 4555 re-

343 4568 457 4621 bus
498 4568 801 4641 omniihus,
832 4568 1115 4641 prodierit
1148 4588 1161 4626 :
1223 4570 1769 4628 Constantinianum
1804 4577 1998 4626 autem

342 4654 496 4707 opus
528 4655 597 4695 ea
617 4640 991 4714 doceal,’quae
1022 4642 1261 4714 aliunde
1292 4644 1410 4714 peti
1441 4647 1543 4697 aut
1574 4641 1852 4698 illustrari
1884 4658 2001 4714 non

346 4718 617 4780 possunt,
659 4711 800 4766 adeo
844 4711 932 4781 ut,
973 4714 1023 4769 si
1072 4713 1245 4769 hodie
1293 4711 1572 4769 scriberet
1613 4712 1998 4769 Constantino-

342 4781 520 4857 polim
570 4781 950 4857 Christianam
982 4784 1264 4857 Cangius,
1304 4785 1373 4857 si_
1403 4784 1593 4857 hodie
1634 4784 1999 4857 Glossarium

345 4851 839 4927 i_lludco_nderet;
892 4856 939 4911 si
984 4851 1301 4927 Impérium
1343 4855 1632 4927 Orientale
1680 4854 2003 4911 illustraret

349 4923 709 4997 Bandurius,
734 4926 921 4982 multa
951 4923 1121 4983 aliter
1149 4927 1460 4997 traderent,
1494 4926 1675 4982 multa
1706 4932 1860 4982 certe
1893 4936 2002 4981 tra-

354 4995 499 5049 ditis
530 4995 865 5066 adjicerent.
898 5020 926 5048 »
956 4998 1132 5054 HARL.

423 5066 486 5137 (ι)
508 5068 643 5143 _Imo
680 5070 1034 5143 mentionem
1070 5070 1251 5143 hujus
1295 5067 1665 5143 operiegfecit
1706 5067 1998 5143 Paucis-ol-

350 5134 475 5213 las,
506 5137 567 5191 in
611 5140 775 5213 praei.
805 5140 874 5195 ad
920 5134 1194 5197 Notitiam
1232 5134 1458 5213 imperii
1486 5140 1585 5213 fol.
1634 5143 1689 5209 2,
1736 5140 1828 5196 his
1872 5157 1999 5195 ver-

350 5208 497 5283 bis:
538 5230 565 5259 ‹‹
615 5210 814 5283 Simile
862 5228 1009 5283 opus
1063 5208 1483 5269 Constantinus
1550 5212 1886 5280 imperator,
1935 5227 2003 5266 ex

356 5279 551 5361 Leon
579 5279 943 5362 fhilosoph'o
982 5283 1234 5355 genitus,
1272 5284 1535 5362 Romano
1580 5279 1721 5362 lilio,
1767 5298 2003 5362 succes-

349 5351 472 5426 sori
515 5351 863 5426 reliquit,gin
903 5351 1020 5426 quo
1060 5371 1356 5412 summam
1398 5356 1575 5412 totius
1620 5354 1871 5425 imperii,
1905 5370 1999 5410 so-

349 5421 580 5477 ciorum
598 5421 899 5495 domnium
918 5421 1185 5495 laedere,
1216 5427 1477 5484 hostium
1530 5421 1725 5493 viresf
1747 5426 2002 5481 rationes

344 5501 407 5571 et
451 5493 707 5571 consilia_
738 5497 1039 5569 explicuit.
1092 5493 1357 5571 Id’apud
1409 5515 1470 5571 se
1526 5499 1586 5571 in
1645 5497 2002 5571 bibliotheca

349 5566 1009 5646 tanquamthesaurum
1042 5566 1333 5626 servatum
1359 5570 1537 5646 fuisse
1555 5570 1836 5641 Egnatius
1862 5568 2001 5623 scri-

346 5637 461 5719 bit,
510 5638 675 5719 quod
733 5643 842 5719 etsi
894 5639 1207 5719 diligenter
1254 5637 1664 5712 perquisitum,
1696 5655 2000 5712 nunquam

350 5710 554 5779 potuit
581 5710 852 5769 inveniri.
884 5733 913 5763 »
949 5710 1140 5768 ΗέυΜ.

428 5778 532 5849 (m)
562 5780 692 5854 Sive
719 5782 967 5840 Jacobus
1002 5785 1220 5840 Frisios
1253 5783 1450 5854 potius
1480 5782 1540 5837 in
1572 5783 1835 5852 Epitome
1859 5782 1999 5839 bibl.

354 5848 727 5977 geislﬁrganae
770 5859 827 5910 et
872 5848 1308 5913 continuatione
1356 5872 1447 5926 ap.
1498 5848 1802 5910 Proschov.
1843 5855 1998 5922 1583,

2106 4281 2327 4345 dicituf
2350 4300 2363 4339 :
2390 4284 2447 4338 in
2479 4283 2605 4339 cod.
2641 4283 2774 4339 1361
2806 4300 2866 4339 n.
2896 4284 2952 4350 7,
2973 4281 3171 4352 Ofﬁcia
3196 4282 3342 4339 aula:
3367 4281 3752 4337 Constantino-

2101 4355 2385 4425 politanae,
2418 4355 2477 4409 in
2503 4356 2627 4411 cod.
2654 4356 2813 4423 1362,
2836 4370 2894 4409 n.
2919 4354 3040 4408 4-8.
3065 4354 3269 4409 Ofﬁcia
3290 4354 3551 4423 ejusdem
3572 4352 3752 4425 aulae;

2104 4424 2246 4498 ordo
2279 4426 2505 4481 sedium
2537 4427 3144 4498 metropolitanarum,
3178 4443 3210 4481 a
3241 4427 3429 4498 Leone
3459 4424 3748 4498 sapiente,

2106 4497 2248 4568 imp.
2304 4499 2694 4565 constitutus;
2729 4496 2950 4554 ’ofﬁcia
3007 4498 3229 4569 Magnas
3287 4496 3541 4569 ecclesia:
3601 4496 3751 4569 (lou-

2105 4566 2670 4640 stantinopolitanze;
2730 4570 2872 4640 ordo
2930 4566 3180 4638 sedtum,
3216 4567 3554 4640 patriarchas
3600 4566 3752 4640 Gon-

2108 4637 2385 4695 stantino"
2410 4641 2785 4695 obnoxiarum
2829 4639 2900 4695 ab
2951 4637 3308 4703 Andronico,
3341 4640 3609 4710 imperat.
3641 4637 3751 4710 Pa-

2105 4711 2346 4780 laeologo
2379 4711 2427 4766 Il
2459 4712 2852 4782 constitutus;
2884 4715 2942 4765 et
2971 4713 3019 4778 8,
3052 4710 3190 4767 ordo
3223 4708 3474 4781 liturgina
3504 4708 3748 4782 patriar-

2107 4782 2311 4854 chalis,
2344 4798 2457 4852 quo
2488 4786 2657 4854 pacto
2705 4781 2817 4837 illas
2857 4786 3235 4854 peraguntur,
3269 4781 3753 4854 auclore’irpeme-

2106 4854 2220 4909 trio
2252 4851 2530 4909 Gemisto.
2571 4853 2672 4909 llic
2711 4851 2874 4924 quod
2896 4851 3029 4909 esse
3063 4855 3291 4910 videtur
3320 4868 3490 4923 quem
3524 4851 3745 4908 Fabric.

2108 4925 2168 4979 in
2199 4940 2322 4994 seq.
2357 4932 2491 4979 nota
2512 4941 2581 4979 ex
2625 4925 2848 4979 Labbeo
2881 4926 3094 4980 citavit.
3130 4925 3346 4980 Eadem
3377 4940 3576 4994 opusc.
3611 4930 3751 4978 sunt

2105 4994 2166 5050 in
2200 4996 2327 5051 cod.
2362 4996 2521 5051 1363.
2549 4997 2689 5051 Add.
2722 4996 2885 5051 codd.
2918 4996 3060 5051 4386
3082 5002 3138 5053 et
3167 4997 3323 5051 infra
3350 4994 3464 5052 vol.
3496 4998 3569 5062 X,
3613 5010 3746 5066 pag.

2105 5067 2231 5122 278.
2261 5066 2442 5122 Hann.

2104 5070 2231 5122 278.
2261 5070 2442 5123 Hann.

2178 5137 2251 5210 (ο)
2305 5138 2369 5193 In
2419 5138 2538 5210 hac,
2585 5153 2716 5209 pag.
2761 5139 3263 5210 270Amemoratur
3306 5156 3376 5195 ex
3421 5135 3746 5210 mss.hihl.

2108 5208 2319 5282 Regius,
2345 5214 2472 5279 post
2501 5208 2917 5282 llarmenopuli
2946 5210 3434 5282 Promptuarium,
3466 5209 3748 5265 librisvm

2107 5280 2473 5353 distinctum,
2525 5285 2582 5335 et
2647 5280 2922 5351 pleraque
2969 5280 3221 5351 alia,'ad
3280 5286 3594 5353 utrumque
3642 5282 3747 5352 jus

2108 5352 2436 5408 Graecorum
2482 5353 2817 5424 spectantia
2852 5353 3155 5424 opuscula,
3201 5354 3395 5423 Ofﬁcia
3446 5352 3654 5424 palatii
3694 5362 3747 5407 et

2106 5424 2343 5480 ecclesiae
2371 5424 2632 5496 acgsedes
2672 5423 3019 5496 patriarchae
3064 5424 3568 5496 ConstantinOpol.
3603 5423 3743 5479 sub-

2097 5496 2268 5566 jectae
2304 5494 2630 5567 subHLeone
2662 5493 3014 5567 Philosopho
3062 5501 3121 5553 et
3164 5493 3493 5553 Andronico
3532 5495 3747 5550 Palaao-

2110 5569 2261 5648 logo,
2294 5571 2350 5622 et
2374 5565 2521 5635 τάξις
2550 5568 2657 5619 τῶν
2699 5565 3052 5648 χε-ιροτόνιῶν
3097 5585 3200 5640 per
3238 5569 3604 5648 Demetrium-
3640 5568 3742 5620 Ge-

2109 5638 2368 5710 mislum,
2419 5638 2898 5710 protonotarium,
2956 5638 3174 5709 Magnae
3242 5639 3494 5695 ecclesiae
3550 5638 3744 5710 disco:

2111 5725 2275 5774 num,
2301 5706 2712 5779 inscriptiones
2761 5706 3106 5781 patriarchae
3144 5706 3743 5781 Constantinopol._ad

2114 5797 2320 5853 papam
2353 5786 2408 5835 et
2436 5777 2671 5836 caeteros
2703 5777 3080 5853 patriarchas,
3115 5777 3601 5852 archiepiscopus.
3627 5777 3739 5831 Sed

2111 5852 2256 5907 nihil
2289 5852 2407 5907 haec
2440 5853 2510 5908 ad
2544 5852 2799 5924 presens
2829 5869 2995 5923 opus.
