4074 6220
280 345 354 403 31
775 342 1005 401 JOAN.
1054 341 1228 400 ALB.
1279 340 1621 401 GABRICII
1668 339 1993 401 NOTITIA
2039 339 2337 399 SCRIPT.
2388 336 2669 400 CONS’I‘.
2716 332 3214 395 PROPIlYROG.
3621 332 3697 390 32

283 475 427 545 typis
456 474 746 543 vulgatum
769 488 899 539 esse,
934 488 1017 527 me
1040 474 1186 525 latet.
1223 470 1389 525 Illum
1429 490 1556 525 vero
1597 475 1775 543 ipsum
1814 489 1925 527 esse
1964 472 2227 538 codicem,
2260 474 2354 542 qui
2394 472 2656 527 Budensis
2706 469 2961 524 librarim
3003 467 3355 536 supellectilis
3403 464 3703 518 uberrima?

284 568 448 633 atque
493 562 981 632 praestantissimw
1027 559 1306 631 quondam
1349 562 1479 629 fuit,
1508 564 1779 634 Ungariee
1824 579 2014 631 regum
2064 578 2243 627 arma,
2275 571 2337 613 ut
2372 576 2541 630 supra
2592 559 2734 625 dixi,
2775 556 3079 627 gentilitia,
3116 556 3314 626 quibus
3360 570 3429 608 ex
3478 561 3705 621 utroquc

284 652 456 706 latere
502 650 808 719 splendent,
841 651 1213 718 comprobant.
1251 652 1311 704 In
1352 650 1553 705 ultima
1602 652 1753 705 urbis
1802 652 1968 705 Budae
2017 648 2423 721 expugnatione
2465 649 2661 719 aliqua
2708 647 3042 701 bibliotheca
3094 645 3300 698 rudera
3351 650 3704 713 recuperata,

285 756 409 811 quia
454 741 637 796 Julius
674 758 705 793 α
755 739 945 808 Pﬂugk
991 739 1071 807 (p)
1102 740 1406 809 descripsit,
1441 741 1532 794 sed
1574 756 1727 795 meus
1769 742 1937 794 codex
1978 756 2088 794 non
2150 742 2509 799 memoratur,
2559 752 2729 808 quare
2774 738 2932 805 longe
2993 738 3119 788 ante
3166 738 3415 787 evasisse
3469 738 3702 801 oportet.

290 831 493 897 Quibus
539 840 716 885 autem
754 831 887 897 latis
935 830 991 881 in
1024 844 1171 883 meas
1206 829 1424 883 tandem
1474 846 1669 885 manus
1717 830 2010 893 devenerit,
2059 831 2311 900 equidem
2374 830 2584 895 ignoro.
2620 827 2831 894 Exiguo
2878 840 2992 881 aere
3022 841 3053 877 a
3097 839 3183 878 me
3224 823 3532 893 redemptus
3569 820 3703 890 fuit,

286 918 345 972 in
398 935 593 989 magno
650 928 833 971 autem
888 918 1069 986 pretio
1125 918 1263 971 mihi
1321 920 1572 983 habetur,
1606 919 1809 987 dignus
1853 920 2017 972 etiam
2067 919 2164 989 qui
2203 917 2378 971 lucem
2408 914 2693 986 publicam
2742 913 2941 968 videat.
2976 914 3129 980 Quod
3174 929 3245 965 an
3296 927 3422 965 mea
3456 926 3706 980 unquam

286 1024 447 1077 opera
493 1012 603 1076 ﬁet,
634 1006 834 1071 nescio,
858 1009 1113 1075 exiguam
1167 1010 1317 1061 enim
1369 1010 1426 1060 in
1481 1008 1678 1062 Graecis
1721 1008 1979 1062 notitiam
2032 1022 2205 1061 meam
2257 1006 2491 1076 ingenue
2537 1019 2793 1070 agnosco,
2836 1018 3011 1073 neque
3059 1003 3153 1072 qui
3210 1001 3367 1055 hodie
3422 1006 3709 1069 grassatur

288 1098 561 1151 scribendi
584 1096 837 1166 pruritus
866 1112 953 1150 me
984 1104 1148 1163 tenet,
1172 1105 1231 1151 ut
1258 1096 1538 1165 scriptoris
1567 1099 1649 1151 vel
1693 1096 1919 1151 editoris
1970 1112 2167 1152 nomen
2198 1096 2353 1149 nullo
2408 1094 2643 1165 reipubl.
2678 1092 2968 1148 litterariae
3012 1090 3287 1145 commodo
3333 1097 3529 1145 temere
3567 1087 3711 1141 mihi

292 1203 553 1254 arrogare
582 1186 772 1240 velim.
809 1189 1035 1241 Interim
1067 1194 1255 1255 gratus
1283 1187 1422 1241 mihi
1454 1187 1606 1241 labor
1633 1190 1730 1251 est,
1763 1203 1923 1257 quem
1954 1203 2077 1242 cum
2107 1188 2209 1241 Dn.
2236 1186 2572 1242 Schneidero
2602 1184 2743 1239 dicto
2775 1182 3042 1247 Schmidt,
3067 1183 3182 1236 viro
3224 1184 3566 1245 ercarum,
3600 1178 3710 1232 imo

296 1275 543 1329 omnium
587 1276 905 1329 litterarum
952 1276 1307 1344 peritissimo,
1349 1275 1524 1329 codici
1551 1276 1826 1345 impendo.
1859 1276 2046 1344 Huius
2084 1276 2376 1329 industria.
2408 1276 2558 1343 (nam
2599 1288 2716 1328 mea
2761 1288 2925 1341 quam
2957 1272 3175 1338 confero
3225 1268 3475 1339 symbola
3508 1269 3709 1337 exigua

292 1366 374 1418 vel
408 1364 606 1434 nulla),
639 1366 841 1434 prioris
884 1368 1046 1433 atque
1093 1364 1350 1419 dimidiae
1380 1366 1547 1418 etiam
1590 1366 1769 1435 partis
1796 1365 2016 1418 secundi
2061 1369 2327 1418 tractatus
2370 1366 2542 1417 versio
2573 1364 2699 1432 jam
2728 1361 3020 1415 delineata.
3050 1358 3213 1413 Rudis
3243 1374 3305 1413 ea
3345 1358 3587 1429 quidem,
3617 1356 3711 1410 sed

291 1454 545 1508 secundis
574 1455 742 1517 curis,
777 1461 827 1507 et
851 1453 901 1506 si
928 1454 1116 1523 plura,
1150 1470 1312 1523 quam
1341 1470 1511 1523 supra
1540 1441 1688 1508 a'me
1714 1456 2025 1520 nominata,
2052 1455 2324 1525 glossaria
2344 1456 2503 1508 nacti
2530 1454 2736 1508 erimus
2768 1452 3100 1521 expolietur.

365 1548 657 1596 Hactenus
702 1540 1038 1596 Ull'enbach.
1092 1574 1161 1580 ηρ
1204 1541 1352 1596 Illud
1401 1559 1547 1612 opus
1598 1559 1829 1614 quoque
1876 1543 2142 1597 editurus
2194 1547 2316 1597 erat
2369 1542 2554 1596 Maius
2605 1556 2739 1595 cum
2786 1541 3050 1594 versione
3099 1554 3206 1591 sua
3249 1538 3449 1591 Latina
3478 1536 3713 1604 suisque

297 1630 920 1685 animadversionibus.
954 1630 1061 1684 Sed
1106 1646 1210 1685 nec
1252 1631 1300 1683 is
1335 1632 1405 1685 ad
1448 1632 1665 1685 exitum
1714 1631 1986 1701 perduxit
2027 1632 2305 1687 laborem.
2343 1636 2435 1695 At,
2480 1630 2663 1685 Musis
2714 1627 3068 1694 faventibus,
3113 1628 3292 1680 codex
3343 1624 3439 1679 ille
3489 1623 3715 1677 delatus

298 1728 382 1774 est
414 1720 472 1773 in
500 1720 639 1774 bibl.
683 1727 915 1773 senatus
964 1718 1295 1788 Lipsiensis,
1332 1719 1430 1788 qui
1488 1720 1698 1774 edendi
1751 1721 1943 1790 operis
1975 1737 2174 1775 curam
2207 1720 2446 1774 tandem
2480 1735 2580 1791 per
2622 1717 2976 1773 Mascovium
3019 1714 3396 1770 demandavit
3436 1713 3527 1767 Jo.
3562 1712 3716 1766 Hen-

300 1808 461 1863 richo
521 1808 791 1862 Leicbio:
851 1807 951 1877 qui
1004 1808 1127 1877 jam
1187 1807 1384 1862 libello
1444 1810 1517 1864 De
1567 1807 1844 1879 diptychis
1891 1814 2017 1864 vett.
2066 1810 2219 1881 Lips.
2270 1809 2428 1873 1743,
2461 1824 2593 1879 pag.
2628 1807 2695 1861 10
2744 1822 2892 1876 sqq.,
2921 1805 3168 1875 primam
3225 1803 3494 1858 editionis
3548 1815 3711 1869 spem

302 1898 515 1951 fecerat
562 1902 617 1950 et
662 1901 853 1951 totum
904 1902 1075 1967 caput
1124 1898 1639 1967 quadragesimum
1688 1899 1930 1953 secundi
1981 1899 2115 1952 libri
2167 1903 2411 1967 utroque
2440 1896 2708 1968 vulgarat
2743 1910 3049 1959 sermone;
3095 1893 3325 1949 biennio
3356 1896 3548 1946 autem
3584 1896 3711 1958 post

301 1986 485 2055 ipsam
540 1986 877 2040 ordiebatur
919 1986 1255 2041 editionem.
1294 1986 1388 2040 llle
1439 2003 1572 2043 vero
1619 2003 1773 2054 cum,
1809 1990 2067 2043 nondum
2120 1989 2390 2043 absoluta
2437 1986 2683 2041 dimidia
2729 1985 2919 2056 operis
2963 1989 3146 2054 parte,
3185 1982 3329 2037 vivis
3373 1980 3707 2050 eriperetur,

298 2075 506 2129 Reiske
555 2075 847 2140 suﬂectus,
896 2074 1121 2144 reliqua
1160 2092 1190 2128 a
1236 2091 1365 2145 pag.
1407 2076 1509 2129 217
1560 2076 1699 2130 tomi
1733 2076 1753 2131 Ι
1799 2078 1998 2132 Latine
2050 2077 2351 2143 convertit,
2384 2080 2440 2131 et
2469 2074 2908 2131 commentarios
2940 2072 3248 2128 historicos
3281 2076 3454 2140 atque
3478 2067 3708 2121 criticos

300 2168 421 2217 tam
449 2163 652 2218 doctos
675 2179 846 2233 quam
880 2164 1145 2233 copiosos
1186 2168 1343 2218 tomo
1386 2164 1432 2218 ΙΙ
1474 2164 1700 2234 adjecit.
1739 2166 1885 2221 Nam
1938 2166 2177 2234 Leichii,
2209 2167 2381 2236 cujus
2422 2180 2597 2235 opera
2654 2163 3020 2234 potissimum
3071 2160 3416 2216 versabatur
3463 2156 3524 2210 in
3577 2172 3716 2211 con-

300 2252 592 2307 stituenda
638 2252 885 2307 lectione
934 2260 987 2306 et
1040 2253 1238 2307 Latina
1288 2254 1788 2325 interpretatione,
1840 2256 2377 2311 animadversiones
2429 2256 2659 2310 intexta:
2710 2258 2849 2309 sunt
2895 2253 3208 2308 admodum
3256 2265 3473 2321 paucas.
3529 2245 3718 2299 Editio

310 2347 503 2396 autem
533 2340 653 2407 illa,
690 2342 859 2396 etiam
894 2341 1203 2412 hucusque
1248 2344 1439 2413 unica,
1475 2350 1563 2399 est
1606 2346 1887 2417 inscripta
1920 2362 1933 2402 :
1985 2346 2333 2402 Constantini
2374 2346 2907 2417 Porphyrogenneti,
2940 2346 3071 2414 imp.
3106 2338 3722 2409 ConstantinOpolitani,

307 2430 441 2485 libri
478 2431 581 2485 duo
628 2434 692 2484 de
742 2430 1075 2487 Cerimoniis
1123 2434 1273 2489 aula?
1322 2436 1663 2503 Byzantina.
1715 2436 1991 2491 Prodeunt
2030 2452 2179 2490 nunc
2220 2436 2466 2506 primum
2513 2436 2698 2492 Graece
2741 2451 2869 2490 cum
2916 2435 3115 2489 Latina
3175 2431 3630 2502 interpretatione
3676 2431 3728 2482 et

302 2522 734 2575 commentariis.
770 2520 1053 2575 Curarunt
1092 2523 1171 2576 Jo.
1223 2524 1387 2576 Henr.
1442 2524 1689 2579 Leichius
1738 2533 1788 2580 et
1832 2526 1920 2580 Jo.
1966 2528 2084 2580 Jac.
2120 2526 2388 2581 Reiskius.
2424 2528 2617 2580 Tomus
2647 2525 2865 2594 primus
2902 2524 3186 2580 continens
3228 2522 3430 2576 librum
3459 2522 3723 2591 primum.

305 2608 513 2678 Lipsiae
545 2625 615 2662 ex
644 2609 794 2663 ofﬁc.
822 2607 921 2663 lib.
954 2627 971 2662 ι
1022 2610 1111 2664 Fr.
1159 2609 1520 2667 Gleditschii.
1556 2614 1785 2668 Prostat
1834 2613 2014 2681 Paris,
2041 2614 2198 2685 apud
2242 2615 2537 2681 Briasson,
2571 2615 2622 2669 le
2669 2615 2901 2683 Breton,
2943 2612 3173 2669 Durand
3220 2616 3277 2666 et
3316 2609 3492 2664 David
3527 2607 3716 2661 l’atné.

300 2699 369 2750 A.
406 2697 567 2764 1751,
602 2697 739 2765 maj.
775 2695 871 2753 fol.
906 2729 973 2738 —
1006 2699 1195 2752 Tomus
1238 2699 1503 2755 secundus
1548 2704 1841 2757 continens
1890 2702 2097 2757 librum
2141 2704 2466 2759 secundum.
2502 2702 2651 2758 Ibid.
2687 2703 2842 2759 1754.
2882 2703 3133 2773 Longam
3163 2700 3305 2756 torni
3341 2698 3361 2752 Ι
3395 2712 3722 2759 censuram,

301 2785 500 2840 multis
552 2799 619 2839 ex
668 2801 841 2855 opere
894 2787 1147 2843 redactis
1196 2790 1480 2860 excerptis
1511 2795 1568 2845 et
1616 2792 1986 2863 interspersis
2018 2791 2153 2848 hinc
2200 2793 2336 2847 inde
2385 2792 3000 2857 animadversionibus,
3033 2790 3166 2846 fecit
3208 2790 3261 2844 J.
3298 2791 3368 2843 M.
3412 2788 3722 2854 Gesnerus,

312 2873 369 2928 in
422 2873 819 2929 Relationibus
866 2876 936 2930 de
986 2875 1151 2931 libris
1201 2877 1386 2945 novis,
1420 2896 1472 2934 a.
1526 2880 1685 2949 1752,
1717 2880 1976 2952 Gotting.
2011 2882 2123 2937 vol.
2174 2884 2220 2949 Ι,
2268 2883 2407 2939 fasc.
2443 2899 2519 2954 ιν,
2553 2899 2608 2955 p.
2641 2882 2906 2949 390-416,
2949 2885 3005 2937 et
3049 2880 3192 2936 torni
3228 2879 3277 2935 II
3324 2892 3631 2933 censuram
3664 2875 3722 2929 in

312 2961 425 3016 vol.
460 2962 531 3030 ΙΙ,
564 2961 707 3019 fasc.
742 2979 819 3032 ιι,
854 2980 906 3019 a.
942 2963 1104 3034 1754,
1138 2981 1267 3037 pag.
1298 2967 1427 3035 249,
1458 2968 1583 3023 288.

381 3050 589 3106 Reiske
619 3051 675 3105 in
719 3053 937 3123 praefat.
970 3054 1040 3108 ad
1071 3054 1182 3109 vol.
1220 3057 1241 3109 Ι
1271 3058 1503 3127 cepiose
1534 3057 1791 3126 disserit,
1826 3059 1877 3116 1.
1911 3060 1981 3115 de
2013 3060 2148 3116 fatis
2178 3060 2359 3131 hujus
2390 3061 2622 3133 operis;
2663 3062 2717 3115 2.
2751 3061 2820 3117 de
2870 3063 3206 3131 arguments
3235 3056 3391 3112 libri.
3426 3056 3581 3110 Inter
3610 3052 3723 3107 alia

313 3139 432 3212 agit
462 3141 532 3196 de
558 3140 723 3196 Petro
760 3144 1056 3213 magistro,
1090 3160 1159 3199 ex
1206 3146 1377 3215 cujus
1422 3164 1608 3218 Opere,
1646 3150 1869 3204 dudum

2122 3152 2382 3221 eperdito
2435 3151 2656 3217 habito,
2690 3149 2818 3222 Περὶ
2862 3147 3159 3216 πολιτικῆς
3208 3145 3609 3211 καταστάσεως,
3658 3144 3730 3197 De

311 3231 709 3285 constitutione
737 3233 922 3287 civilis
966 3234 1405 3301 gubernationis.
1440 3236 1527 3307 (V.
1562 3254 1741 3309 supra
1784 3239 1845 3293 in
1894 3239 2005 3294 vol.
2039 3242 2162 3306 νυ,
2195 3256 2325 3312 pag.
2357 3241 2464 3297 538
2513 3244 2625 3312 sq.)
2656 3245 2833 3296 Putat
2872 3240 3080 3295 Reiske
3122 3256 3188 3293 ea
3238 3238 3459 3303 omnia,
3494 3251 3620 3304 quae
3670 3233 3727 3285 in

309 3316 419 3371 hoc
451 3320 815 3373 Constantini
866 3321 1237 3377 Cerimoniali
1291 3342 1322 3378 a
1355 3341 1486 3396 pag.
1520 3326 1643 3391 225,
1680 3326 1791 3381 vol.
1828 3328 1867 3395 I,
1901 3344 2023 3397 cap.
2062 3329 2152 3393 84,
2187 3345 2375 3400 usque
2418 3330 2484 3384 ad
2522 3346 2649 3401 pag.
2683 3330 2809 3391 251,
2843 3344 2968 3399 cap.
2998 3329 3068 3381 96
3115 3327 3403 3397 leguntur,
3430 3325 3568 3378 item
3601 3338 3726 3391 cap.

311 3406 442 3460 libri
485 3406 777 3474 ultimum,
828 3414 883 3462 et
932 3411 1075 3465 forte
1128 3427 1354 3481 quoque
1401 3413 1516 3467 alia
1547 3415 1713 3484 plura
1760 3432 1888 3471 esse
1920 3417 2205 3488 decerpta.
2264 3418 2421 3473 Idem
2467 3419 2635 3490 plura
2682 3418 2815 3485 alia,
2850 3422 3046 3473 notatu
3097 3415 3462 3486 dignissima,
3497 3428 3623 3482 quas
3671 3410 3729 3463 in

315 3494 418 3549 boc
449 3509 622 3565 opere
654 3502 1017 3567 enarrantur,
1052 3502 1306 3570 exponit.
1340 3502 1393 3556 3.
1428 3502 1507 3558 De
1539 3504 1922 3575 inscriptione
1951 3506 2133 3576 hujus
2165 3506 2323 3561 libri.
2354 3509 2406 3561 4.
2428 3508 2505 3563 De
2535 3513 2765 3563 auctore
2797 3506 2953 3561 libri.
2987 3506 3283 3561 Constant.
3311 3502 3587 3572 Porphyr.
3614 3514 3728 3553 non

317 3598 503 3637 unum
536 3600 661 3639 esse
692 3584 888 3654 hujus,
922 3588 1075 3656 quod
1110 3604 1261 3642 nunc
1294 3590 1536 3646 terimus
1569 3608 1768 3658 manu,
1800 3592 2015 3663 operis,
2048 3611 2096 3648 s.
2123 3594 2487 3664 συστήματος,
2520 3599 2837 3661 auctorem,
2868 3592 3098 3658 Reiske,
3134 3598 3195 3646 ut
3228 3607 3407 3660 supra
3433 3590 3548 3656 jam
3582 3584 3729 3639 indi-

313 3674 591 3743 cavimus,
629 3674 771 3729 bene
802 3677 1085 3748 docteque
1134 3679 1575 3736 demonstravit.
1607 3682 1661 3736 5.
1705 3681 1783 3737 De
1830 3683 2101 3738 exhibitis
2152 3684 2213 3738 in
2244 3684 2353 3739 hoc
2385 3684 2677 3739 volumine
2707 3689 2764 3739 et
2795 3684 2853 3738 in
2905 3688 3179 3739 secuturo
3212 3682 3314 3750 (Il)
3364 3675 3723 3733 exbibendis.

318 3762 675 3818 Promiserat
717 3763 927 3819 Reiske
959 3781 1089 3837 pag.
1124 3783 1159 3820 x
1190 3767 1303 3824 vol.
1338 3768 1377 3834 Ι,
1432 3769 1969 3826 animadversiones
2024 3770 2327 3826 historicas
2358 3774 2417 3825 in
2470 3780 2647 3827 totum
2682 3789 2826 3844 opus
2858 3788 2991 3829 cum
3029 3770 3349 3825 Leichianis
3379 3772 3435 3821 et
3478 3762 3728 3818 indicem

317 3851 677 3919 Graecitatis;
720 3853 816 3907 sed
852 3854 909 3907 in
942 3854 1055 3908 vol.
1092 3857 1139 3910 ΙΙ
1172 3856 1242 3909 ad
1300 3857 1475 3912 ﬁnem
1508 3856 1638 3913 libri
1688 3858 1862 3929 primi
1913 3860 2465 3916 commentariorum
2515 3861 3010 3931 (doctissimorum
3043 3858 3282 3915 omnino
3315 3862 3369 3911 et
3399 3849 3732 3924 copiosissi-

322 3943 575 4009 morum)
608 3940 781 3996 telam
823 3942 1076 4015 abrupit.
1112 3947 1174 4000 In
1207 3948 1539 4015 praefatione
1570 3948 1809 4017 quidem
1852 3949 1921 4002 ad
1954 3950 2066 4004 vol.
2100 3950 2148 4003 II
2180 3966 2341 4022 spem
2395 3951 2607 4005 fecerat
2662 3950 2974 4005 voluminis
3023 3948 3119 4015 IlI,
3144 3947 3297 4019 quod
3331 3942 3639 4014 implerent
3669 3956 3737 3993 ea

321 4044 446 4099 qua:
476 4030 549 4083 ad
581 4032 903 4086 secundum
940 4032 1154 4090 librum
1186 4039 1243 4091 et
1273 4034 1445 4106 primi
1480 4038 1882 4108 appendicem,
1909 4055 1956 4093 s.
1984 4045 2271 4110 prmcepta
2294 4040 2591 4108 militaria,
2617 4056 2739 4109 quas
2764 4040 2819 4093 in
2853 4040 2980 4095 cod.
3005 4039 3205 4093 eodem
3234 4035 3465 4089 initium
3492 4030 3733 4094 faciunt,

325 4118 569 4174 dicendo
618 4127 1008 4191 superessent,
1042 4140 1174 4179 cum
1225 4124 1536 4195 indicibus,
1572 4128 1717 4182 forte
1766 4144 1993 4198 quoque
2040 4129 2326 4198 excerptis
2377 4128 2646 4183 Cbronici
2680 4128 2859 4184 Graeci
2904 4127 3110 4182 inediti
3149 4123 3375 4192 Georgii
3422 4117 3739 4174 Hamartoli

327 4208 403 4278 (ν.
455 4225 655 4280 supra,
688 4211 797 4266 vol.
832 4214 955 4280 VII,
988 4228 1118 4283 pag.
1153 4214 1258 4267 463
1306 4215 1439 4285 sq.),
1473 4216 1627 4285 quod
1677 4216 1735 4269 in
1785 4215 1925 4269 bibl.
1961 4215 2183 4285 Lipsica
2232 4217 2481 4271 Senatus
2524 4217 2673 4271 inter
2704 4218 2871 4274 codd.
2906 4216 3003 4273 Gr.
3039 4219 3250 4271 msstos
3292 4208 3596 4281 reperitur.
3628 4205 3737 4258 Sed

324 4312 427 4351 cur
458 4298 691 4353 tertium
726 4299 871 4354 illud
905 4302 1121 4365 velum,
1154 4303 1461 4371 (quantum
1514 4303 1788 4373 equidem
1840 4302 1980 4374 scio)
2016 4304 2204 4359 lucem
2239 4322 2353 4360 non
2406 4310 2715 4378 aspexerit,
2752 4308 2976 4374 nescio;
3011 4311 3067 4362 et
3110 4310 3301 4360 tamen
3333 4301 3506 4357 index
3537 4295 3741 4369 impri-

327 4383 439 4437 mis
474 4384 631 4439 utilis
662 4390 717 4439 et
746 4401 880 4441 vero
914 4389 1281 4443 necessarius
1313 4392 1476 4445 foret.
1510 4390 1771 4461 Denique
1803 4392 1871 4446 de
1904 4393 2120 4447 tabulis
2158 4394 2350 4461 aeneis,
2386 4395 2582 4464 prima:
2612 4396 2763 4467 parti
2805 4397 2981 4466 hujus
3011 4395 3201 4467 operis
3234 4390 3489 4459 insertis,
3520 4385 3745 4442 addidit

324 4472 803 4529 admonitionem.
839 4476 1164 4531 Prtefationi
1197 4479 1442 4548 subjecit
1471 4484 1527 4535 et
1570 4481 1769 4535 recudi
1821 4482 1955 4536 fecit
2002 4483 2233 4537 doctam
2276 4483 2490 4539 Leichii
2538 4486 2939 4555 dissert.,jam
2973 4503 3024 4540 a.
3081 4485 3217 4539 1746
3246 4482 3487 4544 editam,
3523 4479 3594 4532 De
3634 4478 3745 4531 vita

325 4566 376 4617 et
406 4563 567 4617 rebus
594 4566 762 4634 gestis
811 4565 1157 4622 Constantini
1202 4570 1742 4640 Porphyrogenneti,
1774 4572 2125 4642 imperatoris
2174 4574 2491 4645 Byzantini.
2542 4576 2651 4630 Sed
2702 4576 2983 4631 hactenus
3032 4576 3099 4631 de
3156 4573 3256 4629 illo
3320 4586 3490 4643 opere
3549 4572 3741 4622 Const.

332 4652 880 4725 Porphyrogenneti.
905 4658 1082 4713 IIARL.

402 4743 464 4797 In
496 4743 637 4797 bibl.
671 4745 887 4801 Veneta
918 4750 1088 4801 Mare.
1141 4748 1266 4803 cod.
1319 4749 1445 4818 634,
1509 4748 1692 4805 chart.
1727 4766 1857 4807 saac.
1894 4752 2027 4808 circ.
2079 4769 2194 4817 xv1,
2234 4754 2490 4810 continet
2528 4756 2747 4823 (nescio
2779 4756 2968 4825 cujus)
3005 4753 3192 4824 ofﬁcia
3237 4753 3387 4808 aula:
3430 4748 3746 4805 CPolitanz

329 4837 379 4886 et
412 4833 571 4887 Festa
599 4838 760 4904 atque
779 4836 1048 4891 solemnia
1077 4838 1313 4904 eiusdem
1346 4840 1510 4907 aulae,
1544 4843 1690 4897 teste
1719 4840 2023 4896 Villoison.
2059 4842 2117 4897 in
2151 4844 2351 4899 Anecd.
2389 4844 2502 4915 Gr.,
2536 4848 2671 4899 tom.
2705 4844 2772 4912 ll,
2806 4860 2935 4916 pag.
2967 4844 3091 4898 248.
3125 4842 3304 4898 HARL.

1920 4958 2147 5015 ΝΟΤίΕ.

334 5046 613 5191 01901223}:
647 5051 904 5195 gpésgqlér
937 5055 1007 5109 ad
1068 5053 1565 5121 Seckendorﬁum,
1618 5072 1745 5126 quas
1790 5062 1977 5113 exstat
2021 5063 2165 5113 tom.
2214 5062 2261 5115 ΙΙ
2293 5058 2655 5116 collectionis
2707 5060 3360 5119 Madero-Scbmidianas
3415 5063 3494 5116 De
3549 5056 3745 5112 biblio-
