4074 6220
320 351 3756 385 m

486 611 1796 773 CONSTANTINI
1981 624 2092 773 P

2003 617 3388 777 PORPHIROGENl
3422 625 3612 776 ἸῚ

1641 991 2467 1086 IMPERATORIS

1045 1288 1189 1371 DE
1250 1285 1960 1376 CEREMONIIS
2015 1289 2354 1376 AULZE
2415 1291 3068 1377 BYZANTIN/E

1870 1548 2062 1606 LIBRI
2102 1549 2242 1605 DUO

597 1769 796 1809 (ΗΜΕοΕ
835 1771 902 1810 ΕΤ
954 1771 1152 1811 ωτιδιε
1188 1772 1220 1810 Ε
1260 1772 1605 1812 RECENSIONE
1650 1773 1811 1814 JOAN.
1850 1775 1968 1814 JAC.
2012 1772 2249 1828 REISKII,
2282 1777 2402 1816 CUM
2442 1778 2700 1818 EIUSDEM
2757 1777 3186 1820 COMMENTARIIS
3228 1781 3511 1820 INTEGRIS.

1559 2258 1620 2312 Β.
1662 2257 1728 2312 G.
1773 2257 2158 2315 NIEBUHRII.
2187 2259 2564 2317 PRJEFATIO

1770 2481 1893 2550 (Ed.
1931 2480 2116 2537 Bonn.
2164 2482 2349 2551 1820.)

415 2735 499 2790 De
527 2732 906 2790 Constantino
939 2731 1490 2804 Porphyrogenneto
1523 2731 1897 2803 imperatore,
1932 2733 2000 2789 de
2031 2732 2194 2789 libris
2226 2732 2439 2805 quibus
2475 2734 2615 2789 ordo
2647 2733 2791 2789 aulae
2826 2734 3138 2805 Bysantinze
3174 2733 3520 2804 declaratur,
3555 2736 3657 2806 qui
3689 2737 3762 2791 ad

343 2823 513 2878 illum
547 2829 838 2877 auctorem
871 2821 1222 2886 referuntur,
1256 2836 1580 2890 eorumque
1609 2821 1804 2876 codice
1837 2821 2150 2892 Lipsiensi,
2183 2822 2352 2893 plene
2382 2821 2876 2893 luculenterquea
2909 2821 3141 2878 Leichio
3195 2821 3550 2894 Reiskioque
3596 2839 3769 2894 expo-

344 2916 526 2970 situm
559 2919 676 2968 est:
709 2928 816 2967 nos
846 2910 1096 2967 breviter
1127 2909 1571 2980 explicabimus,
1607 2911 1728 2966 haec
1750 2911 1925 2966 editio
1957 2913 2312 2983 quibusnam
2345 2913 2578 2969 dotibus
2607 2912 2694 2968 illi
2732 2917 2970 2984 praestet
3018 2928 3147 2982 quas
3197 2919 3255 2967 et
3306 2914 3577 2985 princeps
3628 2913 3764 2978 fuit,

343 3009 402 3060 et
434 3003 710 3058 hactenus
739 3001 932 3055 unica.
964 3004 1128 3054 Hanc
1161 3016 1193 3054 a
1225 2999 1453 3054 Leichio
1485 3004 1755 3071 emptam,
1790 3000 2222 3071 immaturaque
2257 3003 2385 3070 ejus
2417 3006 2601 3057 morte
2633 3001 2934 3071 abruptam
2969 3018 3001 3054 a
3036 3001 3272 3055 Reiskio
3303 3003 3373 3055 ad
3407 3001 3584 3056 ﬁnem
3617 3001 3766 3056 tomi

346 3091 589 3148 secundi
622 3091 982 3160 perductam,
1015 3087 1253 3142 tertium
1287 3087 1579 3142 voluntate
1610 3087 1940 3159 bibliopola
1975 3090 2076 3159 qui
2118 3091 2198 3144 rei
2248 3089 2556 3145 familiaris
2599 3091 2886 3160 jacturam
2942 3090 3144 3160 augeri
3206 3089 3440 3143 nolebat
3487 3091 3770 3145 omissum

349 3197 502 3247 esse,
536 3179 842 3234 notissima
873 3193 965 3232 res
995 3181 1102 3232 est.
1140 3176 1429 3242 Leichius,
1463 3193 1638 3248 pravo
1669 3177 1914 3233 consilio
1949 3194 2112 3247 usus,
2143 3178 2226 3233 ita
2255 3180 2512 3234 conlisus
2543 3183 2628 3234 est
2656 3179 2988 3250 apographc
3011 3194 3109 3248 per
3137 3176 3460 3231 Draudium
3485 3178 3769 3246 confecto,

352 3278 415 3327 ut
444 3271 537 3326 vix
567 3269 881 3338 inepiceret
910 3266 1165 3322 codicem
1196 3267 1363 3336 cujus
1397 3268 1694 3338 praesentis
1726 3268 1892 3338 copia
1929 3273 2073 3332 erat,
2106 3269 2419 3325 editionem
2453 3275 2606 3325 certe
2657 3269 2825 3324 unice
2871 3269 2943 3322 ad
2995 3267 3143 3321 illud
3195 3266 3347 3338 typis
3392 3265 3764 3321 exscriberet.

356 3363 468 3416 Sed
504 3357 792 3422 Reiskius,
825 3364 1091 3426 suscepta
1120 3357 1314 3428 cperis
1346 3372 1506 3426 cura,
1541 3356 1688 3410 nihil
1719 3356 2022 3427 antiquius
2050 3373 2178 3413 esse
2229 3359 2396 3415 duxit
2442 3358 2752 3414 collatione
2802 3355 3042 3426 codicis,
3073 3357 3226 3414 unde
3276 3371 3450 3426 quam
3497 3353 3766 3425 plurimis

359 3450 504 3507 locis
533 3447 884 3504 tcedissimos
915 3462 1136 3502 errores
1168 3446 1450 3515 correxit;
1485 3446 1670 3501 incisa
1696 3447 1940 3518 integra,
1973 3453 2208 3519 propter
2237 3446 2628 3519 ὁμοιοτέλευτα
2658 3449 3001 3521 praesertim,
3037 3447 3274 3514 omissa,
3306 3445 3598 3513 restituit;
3633 3463 3759 3516 quae

343 3543 546 3597 omnia
577 3540 635 3594 in
668 3537 1092 3595 commentario
1124 3542 1393 3592 accurate
1426 3537 1725 3604 indicavit,
1759 3537 1816 3591 in
1850 3537 2040 3608 priore
2071 3544 2234 3610 parte
2263 3556 2390 3610 quae
2415 3541 2543 3610 jam
2566 3556 2598 3594 e
2627 3541 2785 3610 prelo
2807 3540 3028 3596 exierat
3047 3539 3354 3594 emendare
3389 3552 3505 3592 non
3539 3534 3765 3590 licebat.

347 3631 462 3702 Ego
491 3647 525 3685 a
553 3629 832 3684 Classeno
865 3643 991 3682 meo
1023 3626 1330 3697 impetravi
1361 3633 1424 3681 ut
1452 3625 1662 3681 vitiosa
1693 3628 2052 3696 emendaret,
2089 3645 2297 3684 manca
2329 3630 2647 3700 suppleret,
2681 3646 2806 3701 quae
2833 3647 2900 3684 ex
2931 3645 3103 3700 prave
3135 3627 3347 3683 Graecis
3403 3625 3555 3680 male
3609 3642 3775 3679 versa

345 3727 557 3785 essent,
590 3718 940 3789 corrigeret;
975 3717 1172 3772 omnia
1196 3731 1262 3770 ex
1300 3720 1489 3771 mente
1524 3715 1740 3770 Reiskii
1768 3733 1780 3769 :
1815 3718 1981 3787 cujus
2015 3718 2096 3771 rei
2128 3724 2186 3772 et
2217 3719 2379 3774 labor
2411 3718 2517 3773 fuit
2549 3735 2666 3774 non
2689 3719 2953 3790 exiguus,
2989 3724 3046 3773 et
3075 3718 3298 3772 fructus
3340 3731 3482 3770 sane
3513 3715 3766 3784 amplus.

358 3812 422 3864 In
452 3809 826 3879 sequentibus
857 3824 986 3879 quae
1018 3807 1296 3862 Reiskius
1325 3805 1450 3876 ipse
1483 3807 1798 3876 accuravit,
1817 3807 1966 3861 nihil
1990 3816 2216 3864 mutare
2237 3809 2477 3880 placuit,
2502 3826 2841 3880 quanquam
2865 3809 2983 3873 ille,
3007 3825 3137 3862 cum
3161 3812 3430 3877 portenta
3451 3804 3764 3869 scribendi,

370 3898 568 3970 qualia
607 3900 665 3951 in
694 3899 880 3953 codice
915 3902 1168 3966 exstant,
1201 3898 1657 3968 manifestosque
1706 3913 1951 3958 errores.
2004 3897 2380 3968 relinqueret,
2443 3900 2551 3954 sibi
2586 3900 2982 3970 ipsi,measque
3009 3896 3414 3952 consuetudini
3445 3895 3770 3950 contrarius

361 3988 555 4044 fuerit.
587 3988 691 4042 Sed
723 3992 980 4045 nolebam
1015 3987 1351 4044 festinatius
1392 4004 1581 4059 agere,
1633 3989 1786 4058 quod
1839 3988 2026 4043 facere
2076 3987 2438 4056 debuissem,
2483 3990 2599 4044 otio
2649 3988 3006 4055 destitutus;
3059 3988 3254 4057 itaque
3300 3986 3763 4051 incommodum,

353 4081 513 4153 quod
546 4079 725 4135 levius
755 4081 888 4135 mihi
918 4081 1236 4144 videretur,
1268 4079 1438 4150 elegi.
1476 4077 1622 4134 Cum
1648 4094 1780 4134 vero
1810 4079 2186 4134 concedimus
2209 4095 2323 4134 non
2355 4095 2486 4135 esse
2515 4079 2678 4134 omni
2712 4095 2953 4134 numero
2986 4077 3314 4132 absolutam
3366 4076 3762 4132 recensionem

349 4169 591 4236 Reiskii,
622 4169 1029 4225 commentarii
1057 4169 1334 4225 laudibus
1367 4167 1512 4224 nihil
1544 4183 1688 4223 sane
1719 4167 2067 4238 detrahitur,
2101 4185 2216 4240 quo
2250 4168 2344 4225 ille
2366 4185 2456 4224 res
2478 4169 2928 4225 obscurissimas
2950 4173 3228 4238 extraque
3259 4181 3632 4222 communem
3666 4182 3763 4220 co-

346 4260 666 4332 gnitionem
698 4259 918 4329 positas
952 4259 1032 4314 ita
1061 4258 1367 4329 explicavit
1400 4261 1461 4312 ut
1489 4257 1849 4328 Lessingius,
1881 4257 2058 4312 etiam
2091 4260 2148 4313 in
2181 4258 2276 4314 his
2305 4258 2510 4315 litteris
2539 4257 3014 4330 sapientissimus
3040 4256 3242 4326 judex,
3277 4279 3304 4306 ‹‹
3355 4254 3766 4310 admirandum

348 4365 471 4405 esse
503 4366 673 4419 opus,
705 4354 762 4404 et
793 4346 1276 4403 luculentissimis
1305 4346 1486 4416 hujus
1517 4346 1746 4417 generis
1779 4346 2284 4417 aequiparandum,
2320 4370 2349 4397 ››
2405 4347 2820 4418 pronuntiarit.
2853 4347 3040 4416 Hujus
3089 4343 3496 4401 commentarii
3546 4350 3768 4414 partem

345 4438 744 4508 posteriorem,
796 4451 920 4506 qua!
977 4435 1374 4506 Appendicem
1424 4434 1560 4489 libri
1611 4435 1808 4504 primi,
1849 4435 2297 4507 secundumque
2346 4437 2638 4508 integrum
2688 4436 3082 4507 persequitur,
3135 4438 3268 4506 post
3315 4449 3534 4489 annum
3594 4433 3684 4499 75,
3739 4449 3768 4487 e

343 4528 574 4583 schedis
604 4525 849 4590 Reiskii,
881 4526 941 4581 in
971 4525 1269 4582 volumine
1299 4525 1473 4595 hujus
1515 4523 1698 4595 partis
1748 4525 2008 4580 secundo
2051 4531 2308 4598 ereptam
2359 4525 2635 4582 oblivioni
2665 4527 2725 4582 in
2770 4527 2961 4582 lucem
3013 4526 3343 4596 proferam;
3395 4525 3571 4594 idque
3622 4521 3767 4576 mihi

349 4619 725 4691 potissimum
757 4617 1100 4688 contigisse,
1134 4620 1370 4687 propter
1401 4619 1700 4685 paternam
1748 4613 2070 4671 amicitiam
2119 4615 2506 4688 pietatemque
2554 4634 2671 4688 qua
2719 4617 2856 4672 inde
2903 4635 2935 4672 a
2987 4615 3238 4687 pueritia
3283 4613 3624 4670 memoriam
3665 4612 3772 4667 viri

345 4711 501 4765 unici
535 4715 735 4765 sancte
765 4710 954 4765 colere
987 4712 1258 4763 assuetus
1299 4723 1454 4774 sum,
1488 4705 1858 4762 vehementer
1905 4705 2086 4762 laetor.
2139 4707 2343 4763 Fateor
2387 4723 2527 4764 sane
2577 4708 2776 4762 multis
2822 4707 2964 4763 locis
3001 4706 3236 4762 nonnisi
3293 4705 3568 4762 inchoata
3615 4719 3764 4758 esse.

348 4791 497 4856 lima:
529 4805 776 4870 servata,
810 4816 982 4871 quam
1014 4799 1262 4870 scriptor
1293 4797 1679 4866 adhibuisset,
1714 4797 1827 4852 nisi
1860 4796 2181 4870 bibliopola
2211 4815 2344 4855 eum
2376 4799 2776 4855 destituisset:
2811 4815 3013 4854 verum
3041 4798 3098 4852 id
3142 4797 3319 4854 nitori
3363 4797 3560 4869 potius
3593 4811 3771 4866 quam

349 4890 533 4959 pretio
566 4891 760 4961 operis
791 4889 977 4944 obest.

417 4977 690 5033 Codicem
721 4977 936 5049 ipsum,
972 4980 1037 5032 ut
1065 4975 1273 5048 inspici
1305 4982 1495 5045 posset
1522 4973 1623 5028 ubi
1653 4989 1799 5044 opus
1824 4973 1994 5040 foret,
2028 4974 2222 5046 Lipsia
2259 4977 2675 5031 transmissum
2710 4991 2854 5045 esse,
2909 4973 3227 5044 Blumneri,
3261 4989 3316 5028 v.
3372 4972 3470 5039 cl.,
3505 4969 3773 5026 humani-

347 5065 452 5120 tati
484 5066 931 5138 litterarumque
962 5066 1167 5130 amori,
1199 5073 1274 5135 et,
1309 5063 1422 5118 nisi
1454 5079 1548 5119 me
1578 5063 1912 5132 conjectura
1944 5063 2178 5136 decipit,
2213 5065 2484 5120 amicitiae
2513 5065 2954 5136 patrocinioque
2984 5061 3301 5120 Hermanni
3330 5061 3536 5116 debeo.

410 5157 543 5211 Scio
565 5171 690 5226 ego,
723 5155 908 5212 libros
938 5155 1419 5211 Contantinianos
1442 5153 1512 5208 de
1543 5152 1898 5219 cerimoniis,
1932 5169 2074 5224 qaos
2104 5153 2413 5226 inscriptio
2442 5155 2566 5224 ipsa
2607 5154 2763 5209 circa
2811 5170 2996 5225 nugas
3045 5151 3257 5207 versari
3311 5150 3525 5221 prodit,
3559 5166 3593 5204 a
3642 5149 3776 5221 plu-

346 5244 511 5299 rimis
538 5247 828 5301 contemni
862 5244 1034 5317 plane
1062 5261 1127 5299 ac
1154 5243 1444 5300 derideri:
1481 5257 1668 5312 neque
1700 5241 1921 5310 negabo
1952 5244 2234 5312 majorem
2266 5243 2476 5313 prioris
2529 5243 2664 5298 libri
2713 5247 2937 5314 partem
2980 5242 3062 5298 ita
3102 5257 3227 5296 esse
3277 5245 3674 5310 comparatam
3712 5243 3772 5293 ut

345 5335 598 5404 ingenuo
629 5336 852 5391 homini
885 5351 1160 5391 nauseam
1193 5338 1436 5391 moveat.
1472 5333 1582 5388 Sed
1615 5331 1703 5387 vel
1736 5331 1795 5386 in
1828 5331 1918 5387 his
1962 5333 2298 5406 quisquiliis
2331 5334 2532 5390 insunt
2561 5333 2945 5390 nihilominus
2995 5350 3087 5389 res
3137 5333 3208 5388 ad
3259 5331 3516 5387 historias
3567 5329 3772 5401 cogni-

345 5424 565 5479 tionem
601 5425 839 5481 minime
869 5425 1149 5482 inutiles:
1183 5430 1306 5479 tum
1338 5439 1468 5479 vero
1497 5422 1596 5478 illa
1626 5422 1945 5491 praesertim
1977 5423 2035 5478 in
2059 5424 2442 5494 sequentibus
2475 5441 2600 5495 quis
2655 5441 2723 5480 ex
2753 5425 2920 5480 Petro
2974 5423 3247 5492 Patricio,
3293 5421 3502 5493 partim
3554 5419 3773 5474 omisso

347 5515 477 5582 ejus
506 5517 764 5584 nomine,
795 5517 1006 5572 hausta
1035 5524 1194 5584 sunt,
1228 5531 1344 5569 non
1376 5513 1567 5569 solum
1601 5513 1910 5568 utilitatem
1942 5513 2158 5570 habent
2205 5515 2500 5582 eximiam,
2535 5517 2637 5572 sed
2689 5515 3036 5586 elegantiam
3088 5530 3357 5585 quoque;
3412 5524 3601 5580 neque
3645 5509 3758 5562 fere

347 5602 444 5656 alii
478 5602 658 5672 hujus
688 5607 947 5676 corporis
979 5605 1128 5661 libro
1155 5603 1490 5674 praestantia
1520 5603 1756 5658 cedunt.
1792 5602 2090 5658 Delitescit
2117 5605 2175 5660 in
2209 5604 2302 5673 iis,
2337 5609 2398 5660 ut
2429 5621 2549 5660 rem
2581 5605 2844 5677 exemplo
2895 5607 3375 5668 commonstrem,
3411 5597 3619 5654 Leonis
3657 5598 3770 5649 Au-

346 5693 505 5762 gusti
537 5693 816 5760 edictum,
850 5699 999 5766 quod
1033 5711 1136 5766 per
1167 5709 1352 5749 annos
1395 5691 1562 5762 paulo
1616 5692 1808 5745 minus
1855 5692 1926 5744 8O
1973 5691 2108 5747 inde
2158 5693 2494 5764 protrahere
2551 5695 2929 5766 neglexerunt
2973 5693 3072 5764 qui
3123 5691 3401 5763 augenda:
3452 5679 3778 5740 collectioni

348 5781 740 5852 reliquiarum
766 5785 919 5854 juris
949 5780 1490 5838 Ante-Justinianei
1522 5794 1758 5850 operam
1793 5777 2098 5836 dederunt.

421 5872 546 5927 Scr.
588 5872 797 5930 Bonna!
832 5891 884 5930 a.
917 5875 975 5930 d.
1009 5892 1042 5928 v
1071 5873 1155 5930 Id.
1191 5873 1359 5928 Mart.
1392 5868 1836 5926 MDCCCXXIX.
