4074 6220
347 342 423 401 35
1660 337 1884 397 JOAN.
1934 339 2094 398 JAC.
2146 339 2430 401 REISKII
3676 346 3752 407 36

456 660 958 803 JOAN.
1032 664 1392 802 JAC.
1478 662 2145 801 REISKH
2266 669 3608 811 PltZEFi-ttTlONES.

1451 1115 1594 1197 AD
1672 1113 2110 1203 TOMUM
2186 1113 2636 1202 PRIMUM

411 1454 535 1524 [Ed.
571 1454 633 1507 L.
667 1452 735 1523 1.]
768 1452 909 1506 Cum
933 1468 1017 1518 ea,
1052 1451 1120 1506 de
1144 1451 1360 1521 quibus
1384 1450 1683 1505 admoneri
1719 1450 1977 1507 futurum
2010 1456 2066 1512 A
2095 1451 2329 1507 biennio
2362 1456 2507 1523 post.
2545 1451 2629 1506 Ab
2672 1467 2737 1507 eo
2767 1451 2901 1506 inde
2950 1454 3207 1521 tempore
3240 1454 3363 1522 [Εᾶ.
3400 1455 3459 1511 L.
3506 1456 3575 1526 II]
3611 1473 3738 1527 pro-

339 1540 516 1609 hujus
548 1539 680 1594 libri
711 1539 989 1594 lectorem
1026 1538 1111 1592 fas
1161 1541 1265 1604 est,
1328 1542 1411 1590 tot
1464 1537 1578 1591 sint
1626 1554 1871 1594 numero
1928 1543 1985 1594 et

337 1633 609 1682 enarratu
643 1632 758 1682 tam
795 1628 1006 1698 ampla,
1042 1636 1099 1681 ut
1131 1644 1267 1694 una,
1303 1627 1531 1681 modica
1572 1632 1723 1682 certe
1765 1628 1980 1695 futura,

338 1717 744 1771 dissertatione
776 1716 1187 1786 comprehendi
1230 1720 1539 1785 nequeant.
1577 1716 1810 1785 aliaeque
1844 1734 1983 1787 pra:-

336 1814 486 1860 tcrea
518 1809 703 1859 vetent
735 1806 986 1859 rationes
1019 1805 1216 1858 omnia
1249 1821 1372 1871 qum
1406 1804 1462 1857 in
1517 1810 1789 1875 promptu
1846 1806 1983 1859 sunt

335 1895 510 1948 simul
540 1895 869 1949 effundere:
904 1895 1092 1947 visum
1125 1900 1213 1949 est
1247 1911 1481 1965 operam
1532 1895 1751 1964 partiri,
1786 1900 1841 1949 et
1872 1895 1979 1950 hoc

336 1984 566 2053 quidem
602 1984 723 2039 loco
750 1990 975 2038 tantum
1002 1986 1072 2037 de
1106 1984 1240 2038 fatis
1265 1984 1463 2055 hujus,
1498 1985 1649 2055 quod
1677 2001 1830 2038 nunc
1855 2001 1981 2054 pro-

333 2073 434 2138 dit,
452 2072 640 2143 operis
655 2072 1140 2140 Constantiniani,
1159 2073 1299 2127 item
1322 2075 1389 2127 de
1415 2073 1575 2127 illius
1606 2079 1975 2144 argumento,

333 2160 502 2214 titulo
532 2166 587 2215 ct
619 2166 850 2216 auctore
899 2161 1223 2225 disserere;
1276 2162 1435 2215 alteri
1470 2169 1657 2215 autem
1697 2160 1975 2215 volumini

334 2264 462 2303 mox
495 2253 761 2303 secuturo
810 2249 1033 2317 reliqua
1065 2265 1378 2313 reservare,
1413 2251 1482 2303 de
1530 2249 1749 2320 quibus
1798 2266 1976 2321 expo-

333 2336 603 2391 sitionem
642 2337 898 2407 praefatio
936 2336 1137 2392 lectori
1169 2337 1356 2392 debet.

402 2430 428 2492 §
462 2428 509 2480 1.
547 2429 617 2481 De
646 2428 783 2497 fatis
814 2427 977 2498 hujus
1008 2431 1206 2497 operis.
1233 2460 1299 2468 -
1334 2428 1487 2497 Opus
1522 2434 1635 2483 tam
1671 2429 1886 2483 scitum
1920 2433 1975 2483 et

331 2515 489 2579 utile,
524 2522 693 2583 atque
724 2515 831 2569 hoc
860 2520 967 2581 est,
1000 2516 1259 2585 potuisse
1291 2533 1386 2584 per
1443 2522 1523 2571 tot
1572 2516 1782 2571 szecula
1832 2517 1973 2571 seri-

331 2608 561 2672 ptorum
620 2604 947 2658 Grmcorum
1007 2604 1485 2673 Latinorumque,
1551 2610 1838 2675 quotquot
1900 2605 1971 2659 ab

328 2692 457 2759 ejus
484 2691 772 2747 natalibus
806 2693 941 2747 inde
990 2692 1343 2760 claruerunt,
1388 2694 1653 2748 omnium
1706 2694 1970 2749 notitiam

2092 1539 2264 1594 cessit
2316 1539 2622 1609 impressio
2671 1539 2847 1593 variis
2906 1539 3225 1609 intercepta
3280 1540 3735 1610 impedimentis,

2095 1630 2279 1683 donec
2310 1629 2547 1683 tandem
2580 1627 2899 1699 superioris
2923 1629 3059 1683 anni
3089 1628 3329 1684 ineunte
3378 1635 3576 1685 aestate
3627 1633 3730 1685 do-

2090 1716 2421 1771 ctissimum
2480 1716 2769 1784 editorem,
2822 1716 2937 1772 vita
2984 1716 3243 1787 longiore
3292 1718 3731 1790 dignissimum,

2091 1810 2147 1861 et
2180 1806 2414 1878 egregia
2447 1805 2904 1878 promittentem,
2937 1806 3091 1861 acuti
3123 1806 3304 1862 morbi
3340 1807 3421 1862 vis
3456 1807 3511 1861 in
3544 1810 3731 1863 aetatis

2090 1897 2231 1951 ﬂore
2259 1896 2504 1951 tolleret.
2533 1896 2922 1951 Pervenerant
2942 1900 3069 1950 tum
3094 1898 3368 1967 temporis
3393 1897 3731 1967 typographi

2090 2001 2267 2054 usque
2298 1986 2368 2039 ad
2403 1986 2677 2055 paginam
2732 1983 2913 2054 hujus
2960 1984 3231 2040 editionis
3277 1986 3400 2039 216.
3454 1985 3733 2040 Devoluta

2090 2074 2363 2143 deinceps
2396 2090 2463 2128 ex
2495 2090 2839 2139 magnorum
2868 2073 3124 2128 virorum
3148 2074 3217 2128 de
3268 2074 3414 2129 meis
3458 2075 3730 2145 protecti-

2088 2162 2199 2215 bus
2235 2162 2481 2231 benigno
2506 2162 2730 2231 judicio
2763 2161 3035 2216 editionis
3069 2162 3433 2217 absolvendas
3473 2178 3613 2216 cura
3660 2164 3728 2216 ad

2086 2264 2179 2304 me
2203 2250 2327 2303 fuit.
2354 2251 2486 2315 Qum
2506 2248 2684 2319 igitur
2700 2265 2785 2314 ea,
2815 2266 2987 2319 quam
3011 2250 3151 2318 dixi,
3174 2250 3383 2321 pagina
3407 2250 3726 2321 posteriora

2085 2346 2239 2402 sunt,
2274 2354 2485 2392 excusa
2514 2337 2749 2392 fuerunt
2794 2339 2904 2392 sub
2957 2337 3097 2393 meis
3126 2338 3329 2407 oculis,
3363 2347 3415 2394 et
3445 2340 3728 2393 excuden-

2085 2432 2175 2481 tur
2209 2442 2402 2496 porro,
2436 2426 2658 2481 favente
2686 2432 2819 2491 Deo,
2864 2443 2991 2498 quae
3016 2432 3355 2497 supersunt.

2155 2517 2260 2582 §‘.2.
2296 2518 2369 2571 De
2398 2520 2720 2587 argumento
2751 2516 2913 2570 libri.
2952 2548 2963 2551 -
2994 2546 3016 2552 α
3047 2517 3106 2571 Si
3151 2517 3282 2587 quis
3336 2518 3444 2572 hoc
3495 2517 3727 2587 saeculo,

2083 2608 2136 2658 et
2172 2622 2312 2674 pene
2344 2605 2587 2659 dixerim
2624 2621 2899 2675 unquam,
2936 2606 2991 2659 in
3028 2605 3214 2659 lucem
3266 2606 3457 2661 editus
3491 2607 3597 2661 fuit
3628 2624 3726 2662 co-

2082 2694 2425 2763 gnoscendae
2440 2696 2702 2761 Augustae
2720 2694 2989 2748 Romanae
3014 2694 3453 2765 Byzantinzeque
3470 2696 3725 2751 historice

330 2781 603 2852 effugere,
630 2782 884 2852 profecto
910 2782 1124 2837 mirum
1150 2786 1255 2849 est,
1279 2782 1596 2853 praesertim
1621 2784 1678 2837 in
1700 2784 1815 2838 acri
1847 2783 1967 2849 illa,
1998 2822 2050 2879 B
2082 2781 2240 2837 utilis
2272 2781 2440 2852 liber,
2464 2788 2553 2838 est
2585 2799 2724 2837 sane
2756 2782 2870 2837 hic.
2905 2783 3101 2853 Neque
3150 2784 3440 2839 immerito
3492 2784 3547 2838 in
3598 2786 3725 2855 ejus

328 2886 441 2941 qua
465 2871 734 2939 superius
761 2871 1039 2925 saeculum
1083 2870 1359 2936 fervebat,
1394 2872 1765 2942 indagatione
1798 2872 1967 2926 char-

322 2963 510 3014 tarum
546 2960 613 3014 ad
640 2960 1016 3031 Byzantinam
1040 2959 1341 3017 historiam
1369 2960 1800 3030 pertinentium.
1840 2962 1966 3015 Pri-

323 3065 450 3103 mus
479 3052 673 3103 autem
706 3049 1013 3104 Zacharias
1043 3049 1341 3105 Conradus
1393 3049 1826 3119 Uffeubachius,
1863 3050 1963 3106 rei-

320 3140 561 3211 publicze
594 3140 1059 3195 Francofurtanm
1083 3141 1153 3195 ad
1182 3140 1428 3195 Moenum
1452 3141 1743 3213 quondam
1770 3141 1962 3196 scabi-

319 3247 428 3284 nus
458 3234 512 3283 et
554 3229 896 3295 consularis,
930 3229 1144 3284 librum
1194 3230 1350 3285 hune
1401 3230 1458 3283 in
1503 3231 1718 3285 famam
1777 3231 1959 3299 misit,

316 3320 443 3387 ejus
505 3319 766 3373 notitiam
820 3319 1063 3385 edendo,
1114 3334 1235 3387 quae
1285 3335 1352 3373 ex
1420 3318 1663 3375 celeber.
1711 3319 1960 3374 Fabricii

318 3406 648 3461 Bz'blt'olhec.
674 3407 849 3462 Graec.
885 3411 1041 3462 tome
1071 3406 1169 3476 VI,
1193 3407 1435 3463 inferius
1467 3426 1499 3463 a
1534 3408 1745 3464 nostris
1769 3410 1957 3479 cperis

313 3500 627 3565 repetetur.
660 3496 739 3550 Ex
771 3495 1129 3550 UfI‘enbaehii
1176 3498 1542 3568 possessione
1590 3498 1849 3570 pervenit
1899 3500 1955 3554 in

310 3584 719 3640 bibliothecam
752 3584 929 3654 ampl.
965 3589 1203 3641 senatus
1228 3588 1388 3641 urbis
1414 3592 1645 3654 nostrze,
1671 3604 1797 3659 quae
1819 3589 1958 3656 epti-

312 3675 422 3727 mis
481 3674 645 3729 libris
691 3676 971 3729 instructa
1023 3676 1264 3729 eruditis
1338 3678 1695 3731 nostratibus
1745 3695 1955 3747 magno

312 3764 434 3817 usui
470 3767 580 3819 est.
616 3765 697 3818 Ita
743 3765 982 3832 factum,
1036 3776 1097 3817 ut
1147 3763 1547 3834 amplissimus
1602 3765 1952 3833 Maseovius,

309 3853 434 3921 ejus
458 3853 780 3921 praefectus,
814 3852 901 3907 Jo.
938 3852 1113 3907 Henr.
1148 3853 1461 3922 Leiehium,
1497 3870 1682 3925 nuper
1712 3855 1769 3909 in
1814 3856 1954 3910 Aca-

310 3941 501 3995 demia
533 3950 730 3996 nostra
761 3940 1180 4011 elegantiorem
1210 3942 1536 3999 litterarum
1566 3944 1952 4015 professorem

307 4029 718 4097 clarissimum,
771 4031 867 4101 qui
918 4048 1045 4087 eam
1094 4049 1127 4088 a
1170 4034 1360 4103 prima
1404 4033 1790 4090 adolescentia
1842 4034 1952 4090 fre-

305 4124 581 4191 quentare
613 4125 1012 4191 consueverat,
1047 4123 1117 4177 ad
1152 4124 1439 4179 edendum
1492 4139 1635 4193 opus
1668 4123 1951 4178 hactenus

2080 2870 2425 2925 desiderium
2446 2876 2789 2926 exarserunt
2810 2872 3043 2936 eruditi,
3077 2888 3144 2925 ex
3176 2889 3289 2942 quo
3314 2877 3721 2944 argutiicntmn

2075 2964 2133 3014 et
2164 2960 2410 3030 pretium
2446 2959 2800 3015 intellexere.
2835 2964 2902 3013 Et
2934 2977 3092 3025 sane,
3127 2961 3172 3015 si
3225 2961 3355 3032 quis
3408 2979 3602 3017 secum
3636 2979 3723 3017 re-

2077 3054 2241 3120 putet
2272 3049 2429 3106 hunc
2460 3048 2675 3105 librum
2707 3051 2775 3105 de
2821 3049 3154 3105 cerimoniis
3199 3051 3343 3106 aulae
3396 3054 3719 3124 Byzantina:

2074 3154 2379 3210 exponere,
2410 3140 2741 3210 recolatque
2772 3139 2989 3204 animo,
3023 3144 3163 3209 quot
3194 3145 3247 3195 et
3280 3157 3453 3211 quam
3497 3142 3724 3197 diversa

2072 3230 2130 3284 in
2160 3228 2307 3284 aulis
2347 3246 2708 3285 summorum
2745 3228 3078 3300 principum
3113 3246 3220 3285 usu
3270 3233 3521 3301 veniant,
3555 3235 3610 3287 et
3659 3232 3717 3286 ii

2072 3335 2305 3389 quoque
2338 3319 2572 3373 tandem
2599 3318 2905 3389 intelligat,
2932 3318 3124 3373 aulam
3150 3320 3548 3393 Byzantinam,
3573 3338 3719 3392 qua-

2072 3407 2141 3461 lis
2192 3411 2345 3462 certe
2393 3407 3024 3478 Porphyrogenitorum
3081 3416 3334 3479 tempore
3386 3415 3531 3477 erat,
3584 3427 3713 3465 um-

2071 3496 2235 3551 bram
2268 3497 2480 3551 veteris
2511 3499 2786 3568 Augustaa
2821 3495 3093 3551 Romanae
3144 3498 3363 3566 fuisse;
3401 3499 3564 3554 facile
3615 3498 3711 3555 ille

2069 3587 2384 3641 affirmanti
2420 3588 2638 3653 credat,
2673 3604 2861 3657 neque
2883 3604 3117 3642 sacrum
3142 3605 3281 3656 esse,
3317 3605 3499 3659 neque
3522 3590 3710 3659 profa-

2070 3695 2232 3748 num,
2270 3677 2519 3733 historia}
2551 3679 2762 3732 veteris
2794 3688 3224 3750 argumentum,
3250 3680 3399 3749 quod
3442 3680 3535 3734 hie
3565 3679 3711 3732 liber

2066 3784 2181 3821 non
2214 3767 2481 3837 attingat,
2518 3784 2631 3822 non
2666 3766 2939 3824 illustret.
2967 3768 3023 3821 Si
3057 3784 3225 3839 quem
3270 3768 3482 3823 rituum
3524 3767 3708 3822 eccle-

2066 3856 2439 3911 siastieorum
2473 3857 2727 3911 studium
2768 3858 2947 3928 capit,
2976 3861 3285 3929 cognoscat
3333 3856 3491 3924 hinc,
3524 3856 3713 3927 qualis

2066 3944 2239 3999 fuerit
2272 3944 2534 4000 Ecclesiae
2563 3945 2771 4000 Graecae
2806 3946 2982 4001 facies
3004 3948 3227 4003 decimo
3251 3952 3380 4019 post
3410 3947 3479 4003 N.
3512 3945 3570 4001 C.
3607 3963 3714 4001 sas-

2065 4036 2215 4105 culo,
2249 4052 2371 4106 quae
2407 4036 2778 4107 legendorum
2810 4037 3268 4106 patriarcharum
3311 4038 3478 4106 ratio,
3523 4036 3711 4108 qualis

2068 4140 2271 4179 eorum
2316 4140 2446 4179 cum
2489 4124 2614 4179 suis
2671 4124 3118 4192 imperatoribus
3169 4128 3550 4195 consuetudo,
3583 4142 3709 4197 quas

320 4174 339 4191 ι
430 4174 455 4175 η
562 4174 573 4175 κ
624 4174 667 4175 η
734 4174 781 4175 π
1161 4174 1439 4179 -η---κη-
1497 4174 1631 4193 -τητ
2322 4174 2446 4179 -ν--
2489 4174 2609 4179 πη
2673 4174 3116 4192 -ή-τ--η--υππτ
3171 4174 3550 4195 -ν---η---νγ
3586 4174 3707 4197 -ι-τ-

302 4210 589 4265 ineditum
639 4211 929 4266 excitaret.
972 4212 1103 4265 Jam
1155 4217 1321 4267 antea
1374 4212 1429 4265 id
1497 4211 1651 4265 idem
1718 4210 1953 4266 molitus
1992 4174 2033 4233 Ο
2072 4213 2397 4268 Graecarum
2438 4212 2819 4268 ecclesiarum
2872 4220 3061 4283 partes
3106 4218 3161 4270 et
3218 4220 3529 4283 structura,
3584 4231 3712 4286 quas

310 4302 492 4353 fuerat
522 4300 610 4353 Jo.
666 4299 895 4351 Ilenrie.
948 4298 1153 4363 Maius,
1206 4300 1263 4352 in
1314 4298 1632 4353 Academia
1676 4299 1953 4355 Giessana

308 4389 602 4459 quondam
634 4387 839 4440 Graeca
871 4390 925 4440 et
954 4385 1323 4441 orientalium
1357 4387 1695 4458 linguarum
1732 4390 1948 4457 profeso

304 4496 420 4533 sor.
454 4479 721 4532 Testatur
750 4477 807 4531 in
842 4476 1120 4544 Catalogo,
1170 4493 1343 4547 quem
1385 4478 1653 4544 confecit,
1700 4479 1950 4534 codicum

304 4567 807 4637 manuscriptorum
842 4566 1183 4622 bibliotheca:
1218 4567 1679 4639 U/[enbac/tianw,
1714 4587 1775 4626 se
1818 4569 1950 4625 libri

305 4657 478 4725 hujus
542 4656 800 4711 Latinam
854 4655 1380 4726 interpretationem
1438 4658 1779 4727 confecisse,
1826 4677 1950 4715 cer-

304 4750 541 4815 tamque
572 4745 845 4800 editionis
877 4761 1038 4814 spem
1066 4744 1222 4799 facit.
1257 4746 1327 4799 At
1350 4761 1415 4800 ea
1447 4747 1681 4819 quidem
1701 4766 1831 4803 cum
1864 4749 1950 4819 ip-

304 4834 424 4889 sius
467 4835 623 4890 obitu
667 4833 995 4902 decollavit,
1054 4850 1263 4904 neque,
1314 4851 1426 4907 quo
1481 4838 1775 4893 devenerit
1824 4841 1952 4907 ejus

303 4925 725 4995 interpretatio,
756 4928 996 4979 constat.
1040 4926 1347 4981 Seebimen
1404 4929 1555 4999 ejus,
1604 4930 1759 4985 unde
1806 4930 1953 4984 acsti-

304 5015 447 5070 mari
484 5020 683 5084 queat,
717 5014 959 5067 habetur
994 5014 1051 5068 in
1087 5016 1257 5071 modo
1311 5016 1548 5073 laudato
1581 5020 1865 5090 catalogo,
1898 5028 1951 5073 et

306 5105 455 5172 apud
494 5102 844 5157 Fabricium.
881 5102 1087 5160 Omine
1136 5104 1318 5177 igitur
1360 5108 1658 5177 aliquanto
1690 5108 1948 5177 auspica-

305 5194 448 5246 tiore
524 5192 832 5246 editionem
902 5196 1093 5263 operis
1166 5196 1647 5251 desideratissimi
1698 5196 1951 5265 suscepit

306 5283 441 5337 clur.
477 5280 761 5348 Leiehius,
795 5284 881 5338 vir
902 5284 1096 5340 Graece
1125 5286 1443 5356 Latineque
1476 5287 1949 5353 doctissimus,ct

305 5373 363 5427 in
398 5372 557 5425 omni
588 5377 776 5427 vetere
827 5389 1089 5445 novaque
1141 5374 1379 5429 historia
1423 5375 1870 5439 versatissimus,
1897 5382 1947 5427 et

306 5462 545 5532 primum
581 5462 815 5531 quidem
860 5463 982 5531 ejus
1028 5479 1193 5531 spem
1228 5463 1473 5519 faciebat
1518 5480 1670 5518 anno
1718 5463 1856 5517 1743
1888 5464 1945 5517 in

2064 4303 2329 4357 instituta
2359 4302 2693 4358 celebrandi
2727 4301 2908 4359 divini
2954 4304 3171 4374 cultus,
3206 4305 3307 4377 qui
3357 4308 3485 4376 ejus
3539 4305 3714 4359 mini-

2062 4391 2191 4457 stri,
2224 4392 2358 4463 quis
2390 4393 2531 4447 ordo
2565 4393 2845 4448 festorum
2898 4392 3141 4459 dierum,
3177 4411 3304 4464 quae
3348 4410 3524 4449 sacra:
3576 4409 3719 4463 pro-

2061 4482 2377 4548 cessiones,
2405 4499 2549 4553 quas
2580 4482 2795 4553 quibus
2831 4482 3057 4551 diebus,
3092 4484 3164 4537 ad
3220 4482 3371 4537 aedes
3412 4485 3678 4535 monaste
3712 4513 3721 4517 «

2063 4573 2217 4627 riave
2248 4570 2587 4627 celebriora.
2616 4570 2829 4626 Rerum
2854 4582 3045 4626 autem
3080 4570 3337 4624 civilium
3360 4568 3716 4635 contempla-

2062 4662 2140 4717 tio
2172 4662 2221 4717 si
2253 4677 2423 4732 quem
2450 4660 2634 4729 magis
2662 4659 2930 4726 delectat,
2952 4666 3146 4713 vastus
3173 4656 3255 4709 illi
3286 4671 3345 4709 se
3370 4671 3599 4723 campus
3620 4652 3713 4708 hic

2062 4752 2271 4822 pandit
2322 4753 2584 4821 spectatu
2633 4748 2846 4817 dignus
2895 4748 3106 4817 pariter
3166 4748 3344 4813 atque
3390 4742 3710 4811 iucundus.

2060 4844 2343 4895 Crcantur
2373 4837 2646 4907 Augusti,
2683 4836 2975 4889 celebrant
3007 4832 3264 4902 nuptias,
3291 4836 3713 4903 susceptosque

2061 4945 2260 4983 recens
2292 4926 2507 4981 liberos
2538 4931 2739 4978 curant
2772 4939 2936 4978 sacro
2970 4922 3197 4977 lavacro
3228 4920 3287 4975 in
3319 4920 3565 4977 ecclesia
3605 4936 3718 4975 ex—

2061 5017 2206 5090 piari
2229 5038 2242 5085 ;
2267 5016 2570 5071 conferunt
2593 5012 2926 5083 dignitates,
2945 5013 3013 5068 ad
3035 5011 3373 5067 suburbana
3392 5011 3606 5083 palatia
3626 5026 3723 5066 ru-

2060 5106 2361 5170 sticatum,
2384 5103 2829 5170 vindemiatum,
2855 5101 2990 5157 item
3014 5101 3078 5156 ad
3109 5102 3313 5157 horrea
3339 5100 3590 5173 publica,
3615 5115 3724 5155 an-

2060 5212 2269 5251 nonam
2304 5192 2600 5248 conditam
2626 5197 2974 5263 spectatum,
3002 5192 3362 5263 procedunt;
3392 5190 3719 5261 excipiunt,

2056 5285 2222 5341 aliter
2236 5282 2608 5355 quotidianas
2622 5297 2923 5351 procerum
2943 5279 3517 5347 salutationes,aliter
3528 5282 3724 5335 statas

2056 5372 2475 5439 solemniores;
2514 5376 2783 5440 perorant
2810 5372 2867 5425 in
2892 5369 3171 5434 silentiis,
3196 5373 3463 5440 spectant
3485 5367 3719 5421 circen-

2058 5479 2182 5520 sem
2217 5460 2529 5527 insaniam,
2555 5458 2802 5515 audiunt
2828 5460 3148 5515 factionum
3181 5458 3627 5513 acclamationes
3659 5463 3724 5512 et

303 5551 494 5606 libello
520 5554 600 5605 De
622 5551 905 5622 Diptychis
925 5554 1187 5620 veterum,
1213 5568 1343 5623 pag.
1365 5553 1433 5605 10
1461 5568 1614 5623 sqq.,
1640 5553 1739 5609 ubi
1764 5557 1950 5609 totum
1981 5542 2030 5600 D
2067 5550 2479 5626 ﬂagitationes,
2501 5548 3128 5618 prmmiadantaurigis
3150 5546 3489 5613 victoribus,
3518 5545 3726 5600 missi-

302 5644 472 5710 caput
501 5640 1014 5712 quadragesimum
1068 5641 1307 5695 secundi
1357 5640 1488 5696 libri
1537 5646 1779 5714 utroque
1830 5660 1948 5699 ser-

302 5746 473 5785 mone
495 5729 795 5802 vulgavit;
832 5730 1019 5801 ipsam
1064 5745 1197 5785 vero
1246 5730 1555 5786 editionem
1618 5734 1951 5790 ordiehatur

2060 5644 2139 5700 lia
2161 5644 2466 5714 spargunt,
2491 5638 2834 5708 pyrrhichas
2858 5642 2911 5690 et
2935 5637 3108 5690 ludos
3131 5634 3406 5690 Gothieos
3427 5639 3727 5705 spectant,

2061 5737 2211 5797 vota,
2236 5722 2549 5792 brumalia,
2568 5723 2789 5780 natales
2804 5730 2963 5778 ortus
2982 5722 3336 5793 imperiique
3358 5730 3413 5777 et
3433 5719 3725 5777 connubii
