4074 6220
320 386 397 447 37

1749 371 2323 433 ΡΒίΕΕἊΤΙΟΝΕΒ
3665 385 3743 443 38

321 517 413 576 sui
444 515 768 584 celebrant,
794 511 1022 568 divinas
1051 510 1258 582 epulas
1288 509 1734 572 exhibent,eunt
1765 506 1824 560 in
1863 504 1978 558 bel-
2015 508 2064 565 A
2099 504 2180 559 fit.
2236 506 2338 560 Est
2393 522 2480 573 ea,
2540 524 2716 579 quam
2775 508 2916 576 dixi,
2981 526 3112 580 pars
3174 511 3444 584 insignis,
3501 495 3749 588 eaquue

323 608 657 677 lum,agunt
684 603 750 658 in
780 602 1269 671 castris,redeunt
1292 600 1351 654 in
1385 599 1588 654 urbem
1614 595 1988 666 triumphan-

325 690 978 764 tes,victasquecalcant
1010 707 1210 762 regum
1233 689 1492 746 cervices
1520 685 1849 756 ;stipendia
1884 683 1989 736 rni-

327 782 537 837 litibus
567 783 821 850 erogant,
853 777 1156 833 instruunt
1187 780 1244 831 et
1274 775 1590 847 expediunt
1623 771 1860 837 classes,
1885 771 1991 824 all-

335 872 586 927 mittunt
627 869 840 938 legatos
889 872 1224 924 exterorum
1276 864 1630 938 principum,
1685 877 1823 916 suos
1876 858 1988 928 ipsi

343 961 629 1031 ablegant,
658 973 937 1028 pompam
982 964 1036 1012 et
1083 955 1284 1010 luxum
1317 969 1552 1009 omnem
1599 965 1769 1007 suum
1803 947 1986 1019 expli-

349 1050 748 1118 cant,egestate
778 1045 1001 1118 passim
1033 1043 1454 1100 transmicante
1485 1041 1718 1096 tandem
1751 1038 1988 1104 abeunt,

347 1140 416 1194 ad
438 1137 704 1209 plures,et
733 1134 793 1189 in
827 1137 1212 1191 monumenta
1242 1149 1350 1188 sua
1377 1131 1727 1185 inferuntur.
1752 1129 1990 1182 Peram-

346 1227 498 1282 bules
544 1225 654 1280 hoc
696 1224 824 1296 ipso
867 1223 1017 1278 libro
1058 1224 1204 1278 duce
1252 1221 1354 1276 illa
1392 1235 1590 1276 eorum
1639 1214 1990 1288 sepulcralia

333 1319 736 1383 monumenta,
787 1318 845 1368 et
887 1313 1102 1369 lustres
1145 1312 1547 1382 cujuscunque
1593 1322 1802 1362 urnam
1855 1321 1987 1361 cum

331 1399 636 1470 inscriptis
668 1397 1030 1466 nominibus,
1061 1397 1122 1453 in
1168 1396 1384 1467 quibus
1427 1394 1624 1466 aliqua
1654 1396 1816 1460 sunt,
1863 1407 1989 1461 qua:

327 1490 553 1546 frustra
572 1490 632 1544 in
655 1489 744 1544 Du
769 1489 971 1559 Cangii
995 1487 1250 1543 Familia}:
1273 1486 1602 1559 Byzantinis
1630 1482 1989 1556 quasras.Pe-

334 1587 532 1636 netres
564 1597 802 1652 quoque
827 1580 937 1637 hoc
961 1581 1166 1636 eodem
1197 1579 1343 1635 duce
1365 1578 1423 1632 in
1452 1577 1578 1648 ipsa
1602 1575 1988 1647 pretiosorum

340 1676 398 1725 et
419 1670 749 1742 insignium
775 1669 1083 1726 Orientalis
1103 1667 1338 1741 Imperii
1360 1665 1991 1733 conditoria,arcasquc

339 1760 647 1814 vestiarias
679 1765 735 1814 et
765 1757 945 1814 aliam
978 1757 1440 1830 suppellectilem
1474 1755 1751 1810 excutias.
1786 1751 1989 1806 Melius

2099 595 2320 648 edendo
2357 596 2552 650 videor
2585 597 2726 651 mihi
2759 598 3107 668 particulam
3156 601 3347 671 operis
3379 603 3752 660 desideratis-

2101 683 2254 752 simi,
2307 687 2404 740 sed
2456 687 2676 741 dudum
2730 705 2831 759 pro
2882 690 3178 760 deperilito
3227 691 3430 758 habiti,
3474 696 3750 753 edidisse.

2104 773 2556 830 Constantinum
2592 782 2855 833 nostrum
2902 778 3248 850 colligendis
3281 787 3335 836 et
3367 783 3424 838 in
3461 790 3647 841 certos
3680 787 3751 841 ti-

2103 863 2254 918 tulos
2285 864 2618 936 digerendis
2647 865 2808 920 scitis
2862 870 3037 938 atque
3069 872 3548 929 memorabilibus
3593 881 3750 931 vete-

2102 969 2227 1007 rum
2278 951 2422 1008 locis
2471 954 2812 1024 diligentem
2873 972 3106 1028 cperam
3158 958 3537 1032 impendisse,
3583 982 3750 1020 nemo

2103 1041 2308 1096 nescit.
2342 1043 2522 1098 Erant
2553 1043 2691 1099 olim
2729 1044 2814 1098 illi
2847 1046 3003 1102 tituli
3048 1064 3292 1104 numero
3325 1051 3753 1124 quinquaginta

2101 1138 2237 1186 tres.
2270 1132 2355 1186 Ad
2391 1149 2496 1187 nos
2531 1138 2724 1189 autem
2759 1150 2873 1189 non
2907 1152 3238 1207 pervenere,
3272 1138 3381 1193 nisi
3432 1141 3639 1198 titulus
3668 1143 3753 1197 vi-

2102 1217 2357 1273 cesimus
2405 1219 2690 1291 septimus
2740 1222 2810 1276 de
2859 1222 3248 1294 legationibus
3299 1226 3541 1298 integer,
3582 1246 3756 1300 opera

2100 1306 2285 1362 Fulvii
2315 1307 2511 1364 Ursini
2543 1314 2598 1364 et
2646 1310 2882 1366 Davidis
2914 1311 3264 1382 Hmschelii;
3298 1319 3354 1369 et
3393 1317 3546 1372 tituli
3579 1319 3750 1388 quin-

2101 1397 2452 1468 quagesimi,
2488 1399 2656 1469 cujus
2687 1399 2987 1470 inscriptio
3022 1409 3106 1456 est
3133 1403 3204 1457 de
3227 1402 3438 1461 indolis
3470 1408 3752 1476 probitate

2101 1491 2277 1557 atque
2320 1487 2617 1558 pravitate,
2652 1505 2754 1544 seu
2789 1490 2858 1545 de
2897 1491 3208 1548 virtutibus
3257 1499 3314 1550 et
3343 1494 3519 1563 vitiis,
3573 1498 3750 1567 parti-

2101 1575 2255 1644 cula,
2289 1575 2568 1632 beneﬁcio
2600 1577 2874 1634 Peirescii
2909 1587 2962 1634 et
2992 1580 3224 1638 Henrici
3255 1582 3488 1639 Valesii.
3524 1585 3752 1656 Reliqui

2101 1667 2185 1720 tot
2218 1682 2460 1721 numero
2493 1666 2648 1721 tituli
2679 1669 2940 1737 grandis,
2973 1671 3068 1724 sed
3113 1676 3169 1726 et
3208 1672 3532 1743 utilissimi,
3567 1676 3756 1746 operis

2102 1754 2673 1825 eredunturjuctura
2704 1757 3066 1828 irreparabili
3103 1761 3516 1830 periisse.Quid
3551 1764 3600 1818 si
3623 1781 3754 1820 vero

335 1849 642 1921 hic,quam
668 1864 920 1920 usquam
937 1847 1416 1918 alibi,procerum
1440 1850 1556 1900 tam
1577 1843 1988 1916 palatinorum,
2025 1877 2076 1936 B
2107 1845 2459 1900 contendam
2493 1862 2585 1901 me
2617 1860 2750 1901 cum
2783 1846 2911 1916 hoc,
2947 1849 3101 1918 quod
3136 1866 3294 1906 nunc
3324 1851 3754 1919 cdo,volumine

338 1954 519 2009 quam
565 1936 938 2004 militarium,
969 1936 1106 1992 item
1155 1934 1607 2006 magistratuum
1641 1932 1993 1987 urbanorum

355 2026 721 2097 aliorumque
767 2025 1062 2082 minorum
1095 2024 1327 2080 ordines
1354 2023 1571 2089 videas,
1601 2021 1903 2091 longisque
1935 2020 1994 2074 in

361 2114 669 2186 porticibus
717 2114 843 2185 [Ed.
880 2115 938 2171 L.
982 2114 1085 2185 ΙΙΙ]
1118 2113 1468 2170 excubantes
1518 2127 1864 2167 numerosos
1895 2127 1999 2165 va-

367 2203 597 2274 riosque
620 2218 824 2274 greges
868 2204 1020 2260 sacri
1058 2204 1316 2274 corporis
1359 2200 1634 2259 custodias
1666 2202 1992 2271 deputatas.

347 2291 517 2346 Mitto
546 2297 768 2360 cetera,
803 2308 937 2348 cum
986 2309 1018 2348 e
1048 2293 1318 2364 superius
1368 2291 1541 2347 dictis
1574 2290 1809 2346 abunde
1854 2303 1997 2342 con-

340 2385 480 2449 stet,
530 2398 658 2436 eam
709 2398 838 2438 esse
884 2397 1078 2438 rerum
1121 2382 1227 2438 hoc
1267 2381 1327 2436 in
1377 2396 1548 2452 opere
1599 2377 1991 2451 expositarum

341 2471 706 2539 varietatem,
738 2471 987 2542 leporem
1017 2476 1191 2542 atque
1223 2470 1658 2542 dignitatem,ut
1688 2467 1994 2524 hominum

342 2561 650 2616 doctorum
685 2560 881 2616 studia
912 2561 972 2616 in
1006 2577 1066 2615 se
1096 2576 1448 2616 conversura
1476 2575 1542 2615 ea
1571 2562 1630 2614 et
1674 2557 1996 2614 exercitura

340 2651 482 2706 sint.
517 2649 629 2705 Uni
675 2648 946 2720 placebit,
991 2650 1050 2705 ni
1097 2649 1285 2718 fallor,
1335 2647 1665 2706 vestiarium
1716 2663 1861 2711 rem,
1896 2645 1992 2701 alii

343 2738 765 2804 nummariam,
800 2739 897 2794 alii
928 2739 1141 2796 domus
1172 2743 1436 2809 augustas
1468 2737 1660 2794 officia
1691 2737 1827 2792 hinc
1855 2735 1990 2790 illu-

337 2829 838 2892 strare.Quarnvis
869 2829 1022 2884 enim
1053 2846 1274 2899 ea,qure
1309 2827 1514 2883 Leonis
1545 2832 1602 2883 et
1632 2824 1991 2881 Constantini

345 2919 536 2973 nostri
569 2923 830 2989 tempore
859 2919 919 2975 in
953 2935 1058 2974 usu
1089 2923 1272 2981 erant,
1307 2935 1340 2972 a
1378 2915 1772 2987 superioribus
1802 2914 1992 2969 Theo-

344 3007 496 3062 dosii
543 3013 601 3062 et
646 3007 958 3064 Justiniani
1006 3007 1368 3078 temporibus
1412 3011 1638 3061 tantum
1689 3003 1990 3070 abludant,

341 3102 632 3167 quantum
694 3101 894 3152 secuta
947 3097 1370 3153 Comnenorum
1429 3102 1486 3152 et
1539 3093 1992 3164 Palaeologorum

339 3189 719 3256 extremaque
767 3185 1052 3242 Bizantini
1082 3184 1244 3256 regni
1287 3189 1430 3240 retas
1461 3184 1532 3238 ab
1573 3187 1738 3238 aetate
1770 3191 1991 3238 nostro-

340 3289 475 3329 rum
525 3274 1213 3348 Porphyrogennetorum
1262 3274 1506 3340 abludit,
1555 3275 1705 3345 quod
1765 3277 1992 3328 constat

344 3363 635 3418 Codinum
677 3379 809 3419 cum
840 3364 951 3421 hoc
995 3380 1169 3436 opere
1217 3363 1535 3420 conterenti
1570 3379 1583 3430 ;
1619 3366 1863 3433 possunt
1900 3367 1990 3418 ta—

347 3470 484 3508 men
516 3454 618 3508 illa
645 3458 877 3510 vetusta
896 3454 1151 3511 ﬂorentis
1184 3453 1430 3509 Romani
1470 3453 1700 3524 imperii
1731 3458 1992 3525 tempora

346 3545 406 3596 et
436 3542 759 3614 Byzantina
800 3542 1118 3614 primordia
1159 3559 1229 3598 ex
1254 3542 1364 3599 hoc
1385 3557 1556 3614 opere
1577 3541 1756 3598 multo
1781 3542 1990 3613 magis,

347 3649 524 3700 quam
560 3633 665 3688 hoc
697 3649 840 3702 opus
871 3649 940 3689 ex
976 3635 1214 3704 Codino,
1247 3633 1547 3689 illustrari.
1580 3638 1768 3689 Erunt
1799 3650 1989 3704 porro,

348 3721 450 3790 qui
483 3737 551 3776 ex
579 3721 853 3779 indiculis
884 3737 1286 3794 rogarum,seu
1318 3738 1644 3778 annuorum
1678 3722 1990 3793 stipendio-

357 3825 489 3864 rum
520 3811 723 3867 ofﬁciis
751 3811 1027 3884 palatinis
1073 3812 1407 3882 ceterisque
1448 3812 1775 3867 debitorum
1804 3829 1817 3878 ;
1851 3813 1989 3866 item

370 3913 441 3950 ex
485 3897 748 3956 indiculis
791 3900 1188 3974 impensarum
1228 3901 1290 3956 in
1333 3901 1726 3972 expeditiones
1770 3899 1991 3970 aliquot

371 3984 694 4042 maritimas
740 3993 928 4046 contra
959 3991 1278 4047 Saracenos
1318 3989 1619 4045 Cretenses
1668 3993 1988 4058 susceptas,

357 4073 736 4132 mstimabunt
760 4093 891 4136 cum
921 4078 1206 4135 militares
1231 4077 1463 4150 imperii
1492 4075 1992 4148 Byzantini,quale

355 4167 496 4219 tunc
527 4169 664 4232 erat,
698 4171 998 4226 terrestres
1029 4168 1470 4239 maritimasque
1500 4166 1715 4236 cepias,
1744 4169 1867 4220 tum
1899 4183 1993 4237 pe-

350 4254 646 4312 cuniarias
674 4273 931 4329 quoque,
964 4259 1348 4330 institutaque
1378 4256 1812 4327 comparatione
1838 4255 1990 4312 Grai-

351 4360 553 4399 corum
603 4349 1071 4404 centenariorum
1117 4351 1174 4405 et
1212 4347 1498 4404 librarum
1547 4346 1674 4401 auri
1727 4361 1861 4400 cum
1894 4361 1993 4400 no-

353 4437 529 4488 strate
561 4436 1283 4508 pecunia,invenient,qua
1311 4434 1755 4508 Byzantinorum
1788 4450 1990 4505 regum

348 4530 401 4576 et
449 4525 800 4580 nostratium
841 4526 1144 4597 opulentia
1192 4526 1440 4581 differat.
1494 4525 1680 4579 Erunt
1729 4523 1850 4592 alii,
1893 4523 1994 4593 qui

2108 1933 2362 2006 primum
2390 1933 2612 1990 laudati
2663 1936 2856 2007 operis
2888 1937 3149 2006 titulum,
3184 1939 3232 1995 si
3268 1955 3384 1995 non
3434 1941 3751 2014 integrum,

2108 2027 2166 2078 at
2195 2023 2397 2078 saltem
2423 2039 2689 2094 magnam
2724 2025 2852 2095 ejus
2885 2031 3106 2095 partem
3128 2027 3185 2082 in
3213 2045 3418 2083 manus
3451 2031 3751 2086 doctorum

2107 2111 2411 2168 hominum
2459 2113 2689 2168 tradere
2728 2113 2756 2166 ‘I
2805 2113 2931 2183 Egit
2979 2113 3074 2170 ille
3117 2115 3256 2171 olim
3307 2116 3429 2190 περὶ
3485 2119 3753 2192 βασιλέων

2105 2198 2533 2274 ἀναγορεὺσεως,
2565 2204 2631 2256 de
2681 2204 3078 2270 imperatorum
3118 2221 3418 2278 regumque
3462 2210 3754 2265 renuntia-

2105 2289 2277 2357 tione,
2313 2293 2378 2344 ut
2406 2305 2436 2344 e
2466 2289 2715 2344 Fabricii
2746 2290 2892 2345 Bibl.
2947 2291 3121 2348 Graec.
3157 2298 3299 2349 tom.
3329 2294 3423 2359 Vl,
3477 2313 3604 2367 pag.
3640 2298 3742 2352 492

2106 2384 2354 2436 constat.
2386 2377 2563 2449 Atqui
2594 2378 2910 2435 voluminis
2945 2380 3118 2450 hujus
3148 2383 3337 2452 capita
3367 2383 3483 2438 XCI
3507 2395 3556 2439 et
3589 2390 3644 2440 et
3667 2403 3750 2442 se-

2107 2469 2363 2541 quentia,
2408 2487 2440 2524 a
2480 2470 2732 2541 pag.238
2765 2486 2948 2539 usque
2979 2472 3050 2526 ad
3081 2488 3210 2543 pag.
3235 2474 3333 2528 251
3370 2490 3486 2529 non
3519 2479 3748 2533 tantum

2103 2560 2162 2614 in
2196 2561 2537 2615 universum
2569 2560 2920 2616 cerimonias
2953 2562 3226 2618 distincte
3259 2566 3752 2637 tradunt,quibus

2106 2649 2291 2720 prima
2321 2650 2513 2719 [Ed.L.
2550 2649 2645 2719 ιν]
2690 2648 2974 2720 CPpoleos
3025 2656 3192 2708 atate
3243 2653 3624 2724 imperatores
3671 2657 3752 2711 ibi

2104 2738 2367 2794 solebant
2398 2738 2856 2810 nuncupari,sed
2886 2749 2937 2795 et
2971 2740 3030 2796 in
3062 2743 3254 2811 specie
3297 2745 3502 2800 Leonis
3534 2747 3750 2818 magni,

2101 2827 2308 2884 Leonis
2358 2829 2624 2897 minoris,
2656 2829 2948 2884 Anastasii
3000 2831 3211 2899 Dicori,
3244 2833 3458 2889 Justini
3503 2835 3746 2893 senioris

2102 2921 2158 2972 et
2185 2917 2497 2973 Justiniani
2542 2918 2738 2989 Magni
2778 2921 3231 2977 renuntiationes
3273 2930 3385 2978 tam
3420 2924 3747 2982 luculenter

2100 3012 2520 3077 exsequuntur,
2557 3011 2617 3062 ut
2665 3006 2811 3062 nihil
2844 3008 3162 3064 desiderari
3211 3017 3402 3081 queat,
3434 3013 3744 3087 lucemque

2099 3095 2440 3166 praeclaram
2488 3095 2574 3151 illi
2625 3095 3001 3152 historiarum
3044 3100 3192 3168 parti
3238 3103 3578 3158 accendant.
3624 3105 3739 3176 Ego

2100 3184 2336 3254 quidem
2384 3199 2500 3240 non
2553 3184 2746 3252 credo,
2807 3201 3055 3255 usquam
3101 3188 3475 3256 antiquorum
3529 3208 3738 3248 monu-

2102 3278 2434 3330 mentorum
2450 3273 2645 3329 locum
2669 3273 3017 3344 exstare,qui
3040 3275 3188 3331 ritus
3211 3281 3739 3350 nuncupandorum

2099 3367 2512 3435 Augustorum,
2549 3367 2771 3418 veteres
2804 3379 3011 3433 nempe
3043 3363 3174 3420 illos
3223 3383 3495 3438 moreque
3526 3370 3741 3427 Roma-

2103 3469 2400 3524 nos,aaque
2431 3451 2735 3524 splendide
2765 3457 3032 3523 exponat,
3047 3459 3217 3524 atque
3248 3457 3530 3525 particula
3560 3463 3745 3517 nostri

2103 3540 2315 3612 operis,
2349 3542 2419 3596 de
2452 3557 2562 3611 qua
2598 3539 2742 3595 mihi
2772 3557 2963 3597 sermo
2995 3558 3151 3597 nunc
3181 3549 3286 3599 est.
3324 3547 3741 3617 Antiquitatem

2102 3630 2230 3700 ejus
2257 3630 2484 3701 spirant
2513 3630 2731 3698 omnia,
2762 3630 3054 3686 orationes
3083 3632 3154 3686 ad
3188 3632 3534 3690 fortissimos
3581 3653 3744 3693 exer-

2103 3718 2272 3782 citus,
2305 3716 2684 3787 Augustatica
2711 3717 3020 3788 promissa,
3055 3718 3311 3775 militum
3345 3727 3518 3792 atque
3562 3741 3744 3794 popu-

2103 3805 2290 3860 lorum
2338 3804 2810 3860 acclamationes.
2861 3808 2993 3872 Qua:
3039 3808 3139 3878 qui
3178 3825 3308 3864 cum
3361 3813 3746 3880 scriptoribus

2102 3893 2375 3949 Historias
2422 3899 2696 3964 Augusta:
2728 3893 2897 3964 vulgo
2929 3896 3010 3950 sic
3061 3897 3232 3952 dictis
3270 3909 3586 3969 comparet,
3627 3918 3742 3956 non

2102 3981 2312 4052 poterit
2335 3981 2386 4036 is
2407 3981 2630 4052 absque
2650 3982 2944 4052 voluptate
2972 3984 3286 4052 imaginem
3316 3987 3517 4042 veteris
3547 3988 3745 4045 Romae

2102 4071 2163 4126 in
2192 4087 2342 4125 nova
2390 4069 2787 4140 contemplari.
2821 4071 3116 4142 Quidquid
3169 4076 3399 4129 tandem
3451 4079 3625 4132 fuerit
3672 4081 3743 4135 de

2101 4161 2433 4231 conjectura
2464 4174 2614 4230 mea,
2653 4159 2773 4214 sive
2819 4162 3102 4229 particula
3150 4180 3217 4218 ea
3259 4165 3327 4218 de
3358 4180 3473 4234 qua
3515 4165 3742 4237 loquor,

2101 4249 2239 4305 olim
2274 4251 2344 4305 ad
2368 4249 2608 4305 titulum
2628 4251 2884 4320 primum
2906 4252 3161 4321 ingentis
3183 4253 3339 4309 illius
3360 4264 3412 4309 et
3443 4256 3740 4312 celebratae

2102 4338 2491 4404 bibliotheca,
2521 4343 2584 4394 ut
2632 4339 2714 4393 ita
2743 4339 2952 4407 dicam,
2987 4339 3502 4413 Constantiniana,
3538 4354 3653 4414 aut,
3696 4346 3747 4401 si

2104 4429 2298 4498 malis,
2331 4429 2902 4495 Pentecontateuchi,
2945 4432 3311 4500 pertinuerit,
3359 4434 3478 4490 sive
3509 4435 3743 4493 minus:

2103 4533 2208 4589 ego
2239 4518 2477 4588 quidem
2519 4534 2637 4573 non
2667 4518 2891 4584 dubito,
2925 4537 3052 4576 eam
3085 4521 3416 4593 decerptam
3466 4523 3645 4579 fuisse
3676 4541 3746 4580 ex

353 4612 670 4683 singularia
699 4615 964 4685 quaedam
996 4615 1457 4687 disputationum
1489 4614 1680 4684 capita
1718 4613 1853 4668 hinc
1884 4613 1992 4667 de-
2021 4597 2069 4655 D
2102 4607 2215 4662 alio
2247 4607 2495 4678 quodam
2527 4610 2754 4662 vetusto
2787 4608 3002 4678 insigni
3035 4609 3203 4675 libro,
3247 4613 3414 4681 cujus
3452 4613 3743 4683 jacturam

350 4706 626 4772 carpent;
673 4719 726 4758 e.
759 4719 835 4772 c.,
875 4704 1068 4775 qualis
1107 4705 1280 4761 fuerit
1322 4703 1594 4758 ludorum
1645 4701 1993 4758 circensium

349 4791 502 4860 apud
553 4791 899 4864 Byzantinos
939 4793 1302 4862 constitutio,
1353 4809 1444 4849 res
1495 4791 1811 4848 admodum
1861 4790 1992 4845 obs-

349 4896 525 4948 cura;
551 4891 757 4954 et,quzs
792 4901 903 4941 non
939 4886 1137 4941 minus
1167 4889 1273 4953 est,
1307 4883 1494 4955 qnalis
1528 4881 1701 4937 fuerit
1733 4897 1885 4951 pars,
1909 4880 1993 4934 vel

349 4969 686 5036 comitatus,
734 4975 1129 5045 Augustarum
1163 4973 1462 5046 Byzantii;
1508 4971 1746 5028 unctine
1787 4970 1996 5026 fuerint

349 5058 430 5114 illi
465 5060 850 5132 imperatores
882 5065 956 5120 ad
993 5065 1325 5123 Latinorum
1377 5062 1746 5133 exemplum;
1783 5077 1994 5132 quous-

351 5165 464 5218 que
497 5165 688 5207 sermo
742 5153 985 5210 Latinus
1016 5155 1074 5210 in
1124 5155 1254 5211 aula
1300 5157 1528 5210 CPtana
1576 5151 1908 5217 obtinuerit,
1944 5157 1996 5205 et

346 5235 456 5293 ille
490 5241 786 5298 orationes
819 5260 851 5299 a
876 5259 1077 5300 recens
1101 5245 1453 5314 nuncupatis
1486 5240 1935 5312 imperatoribus
1967 5255 1996 5293 e

345 5327 622 5384 tribunali
653 5331 876 5388 circove
909 5333 979 5388 ad
1019 5332 1227 5389 milites
1257 5335 1448 5399 dictis,
1474 5348 1602 5403 quas
1637 5335 1849 5385 nostra:
1887 5328 1999 5383 edi-

343 5414 526 5471 tionis
555 5434 587 5472 a
619 5433 752 5490 pag.
794 5420 898 5476 239
944 5420 1079 5477 inde
1127 5421 1424 5492 leguntur,
1457 5419 1746 5476 fuerintne
1785 5417 1998 5473 Graecis

347 5502 559 5561 iisdem
590 5508 781 5564 verbis
812 5510 1087 5578 recitata,
1139 5526 1211 5564 an
1247 5509 1442 5579 potius
1476 5508 1679 5563 Latine
1727 5505 1999 5576 primitus

344 5593 597 5663 dictatas,
633 5596 840 5655 deinde
867 5615 1003 5655 vero
1034 5617 1065 5654 a
1110 5599 1277 5654 Petro
1322 5596 1599 5665 Magistro
1629 5595 1690 5651 in
1735 5595 2000 5651 Graecum

342 5697 681 5741 sermonem
715 5703 1040 5756 conversae;
1072 5687 1227 5758 quod
1263 5685 1401 5740 mihi
1437 5685 1668 5756 quidem
1704 5683 2002 5754 probabile

2102 4695 2357 4750 studiosi
2386 4694 2763 4765 antiquarum
2796 4711 2992 4750 rerum
3044 4699 3346 4767 aegerrime
3378 4702 3607 4766 ferunt;
3641 4700 3746 4755 sci-

2104 4782 2238 4839 licet
2266 4799 2334 4837 ex
2367 4782 2516 4836 Petri
2549 4783 2832 4852 Magistri,
2864 4785 2971 4838 viri
3003 4784 3413 4855 illustrissimi,
3443 4805 3742 4844 sacrorum

2105 4871 2426 4927 officiorum
2455 4870 2606 4940 apud
2639 4869 3035 4926 Justinianum
3068 4873 3342 4944 Magnum
3377 4875 3664 4945 magistri,
3688 4879 3749 4932 et

2106 4961 2175 5015 ad
2211 4958 2527 5014 Gothorum
2560 4959 2619 5012 iu
2653 4958 2819 5014 Italia
2849 4975 3032 5031 reges,
3057 4968 3114 5016 et
3143 4965 3212 5017 ad
3246 4965 3516 5018 Cosroem
3548 4965 3748 5020 Persa-

2105 5065 2235 5104 rum
2270 5063 2502 5118 quoque
2546 5047 2821 5118 deinceps
2870 5048 3058 5119 legati,
3101 5051 3288 5117 libris,
3340 5068 3486 5123 quos
3537 5054 3750 5110 Suidas

2105 5137 2303 5194 laudat
2363 5134 2494 5208 Περὶ
2550 5133 2845 5205 πολιτικῆς
2904 5139 3301 5207 καταστάσεως,
3373 5145 3445 5197 De
3491 5146 3752 5199 constitu-

2107 5230 2256 5284 tio-ne
2310 5224 2497 5280 civilis
2551 5225 2982 5295 gubernationis.
3041 5229 3261 5301 Saepius
3317 5231 3422 5285 viri
3483 5233 3752 5289 meminit

2108 5314 2443 5384 Procopius,
2496 5314 2763 5369 meminit
2825 5332 3052 5388 quoque
3110 5321 3496 5375 Cassiodorus.
3553 5321 3752 5394 Neque

2107 5409 2371 5480 ignotum
2405 5404 2534 5474 ejus
2571 5421 2780 5460 nomen
2821 5413 2909 5462 est
2940 5408 2998 5462 in
3032 5408 3276 5465 historia
3319 5411 3652 5482 Byzantina,
3686 5430 3752 5468 ex

2109 5496 2272 5553 titulo
2307 5495 2722 5565 Excerptorum
2767 5496 3376 5556 Constantinianorum
3413 5503 3482 5556 de
3510 5501 3750 5572 legatio-

2111 5589 2305 5653 nibus,
2337 5585 2507 5656 cujus
2557 5586 2828 5656 superius
2859 5590 3214 5647 mentionem
3250 5591 3607 5662 injiciebam.
3641 5591 3749 5645 Ex-

2111 5681 2263 5734 stant
2293 5676 2352 5730 in
2385 5692 2452 5731 eo
2493 5674 2656 5730 titulo
2687 5679 2955 5748 quadam
2987 5681 3115 5751 ejus
3146 5682 3486 5752 fragmenta,
3519 5676 3747 5734 nullum
