4074 6220
390 398 467 456 39
1719 384 1938 445 JOAN.
1983 383 2141 445 JAC.
2194 384 2479 447 REISKll
3728 397 3800 455 40

392 539 584 587 tamen
635 524 854 583 Juliani
900 526 1065 578 atate
1115 519 1430 591 posterius.
1480 518 1639 574 Atin
1690 522 1886 573 nostro
1938 534 2034 572 co—
2065 519 2118 577 A
2148 517 2321 573 ﬁdem
2356 536 2471 576 non
2523 522 2763 577 accedit.
2813 523 2998 591 Patet,
3043 522 3391 590 scriptorem
3438 525 3632 593 rebus,
3666 544 3801 583 cum

389 620 515 675 dice
591 633 717 687 cap.
796 614 886 679 87,
955 610 1057 665 lib.
1120 626 1158 679 ι,
1230 624 1364 679 pag.
1436 609 1565 673 229,
1638 623 1751 663 non
1809 610 2038 662 tantum

386 708 661 771 Theuda,
695 700 922 760 Gothici
956 700 1013 754 in
1048 698 1327 769 Hispania
1359 697 1603 768 regis,ad
1635 695 2039 751 Justinianum

389 796 601 868 legatio
650 792 805 848 velut
851 790 909 843 in
952 788 1202 843 transitu
1257 790 1636 846 memoratur.
1669 784 1769 839 sed
1821 784 2037 839 ibidem

390 901 615 957 quoque
646 900 713 938 ex
743 880 996 952 professo
1032 874 1429 933 memorabilis
1468 872 1759 928 Anthemii
1794 874 1863 928 ad
1896 873 2037 928 Leo-

391 990 525 1030 nem
575 972 849 1042 Magnum
902 966 1111 1039 legatio
1161 964 1492 1036 exponitur,
1549 979 1665 1033 qua
1723 963 2038 1031 imperator

389 1063 715 1120 Occidentis
768 1060 1055 1115 laureatas
1100 1073 1235 1111 suas
1275 1054 1563 1124 imagines
1591 1060 1763 1123 atque
1815 1051 2035 1106 litteras

389 1151 667 1209 Orientali
694 1150 979 1204 mittebat.
1017 1150 1078 1200 tn
1112 1146 1452 1199 universum
1483 1159 1551 1198 ea
1582 1142 1797 1207 omnia,
1831 1156 1960 1210 qua
2003 1156 2038 1194 a

388 1258 521 1312 pag.
597 1241 724 1305 225,
785 1253 911 1307 cap.
968 1236 1057 1301 84,
1130 1250 1315 1303 usque
1388 1232 1457 1285 ad
1516 1246 1649 1302 pag.
1716 1230 1843 1295 251,
1904 1244 2032 1299 cap.

386 1331 477 1399 96,
518 1330 811 1399 leguntur,
847 1325 984 1378 item
1026 1329 1195 1392 caput
1230 1320 1359 1375 libri
1396 1338 1409 1374 l
1459 1319 1757 1385 ultimum,
1790 1322 1847 1373 et
1893 1318 2035 1373 forte

388 1434 620 1489 quoque
666 1414 781 1470 alia
830 1412 1012 1484 plura,
1066 1416 1208 1482 puto
1256 1408 1410 1464 Petri
1461 1407 1721 1476 Magistri
1767 1421 1915 1473 esse,
1967 1422 2035 1460 ex

385 1523 471 1576 eo,
533 1520 706 1575 quem
780 1503 919 1569 dixi,
969 1499 1269 1571 deperdito
1344 1497 1494 1552 libro
1559 1494 1689 1569 Περὶ
1765 1494 2033 1548 καταστά-

386 1614 521 1656 σεως
550 1595 839 1663 decerpta.
873 1589 1163 1645 Promittit
1191 1604 1300 1643 vox
1331 1583 2031 1651 xara’temmc,constitutio,

386 1701 501 1741 non
562 1686 787 1737 tantum
846 1687 1133 1751 pracepta
1192 1677 1478 1746 sapienter
1548 1674 2030 1729 administranda

388 1770 739 1841 reipublicae,
765 1770 864 1824 sed
899 1767 1076 1823 etiam
1109 1767 1352 1831 rituum,
1386 1764 1600 1834 quibus
1632 1762 1823 1818 civilia
1856 1778 2030 1833 nego-

386 1862 469 1917 tia
498 1862 882 1932 peraguntur,
907 1855 1326 1926 expositionem
1354 1870 1366 1907 :
1394 1853 1653 1923 adeoque
1681 1852 1931 1923 pertinet
1959 1850 2031 1906 ad
2060 1878 2114 1936 Β

384 1956 609 2007 veteres
642 1948 819 2002 libros
848 1946 1111 2011 tacticos,
1138 1960 1236 1999 seu
1271 1942 1693 2007 cerimoniales,
1719 1943 1790 1997 de
1823 1941 2034 2011 quibus

387 2042 444 2095 in
497 2035 929 2095 commentariis
963 2050 1229 2107 agemus.
1283 2031 1572 2088 Promittil
1617 2033 1767 2087 idem
1802 2046 2033 2103 quoque

386 2128 663 2199 dignitas,
696 2142 869 2196 quam
926 2130 1128 2179 Petrus
1178 2124 1375 2194 gessit,
1418 2121 1682 2192 magistri
1734 2136 2029 2176 sacrorum

386 2218 735 2278 ofﬁciorum,
770 2214 840 2269 ad
876 2214 1045 2283 cujus
1076 2212 1335 2267 ofﬁcium
1380 2216 1553 2281 atque
1587 2209 2029 2281 dispositionem

387 2306 561 2361 etiam
613 2302 1054 2357 cerimoniarius
1101 2298 1446 2370 pertinebat.
1493 2299 1680 2354 Enitet
1727 2298 1923 2368 itaque
1971 2300 2029 2353 in

388 2394 493 2449 hoc
524 2392 710 2464 primo
743 2390 917 2460 hujus
947 2387 1138 2459 operis
1164 2387 1459 2443 volumine
1489 2388 1709 2459 grande
1742 2387 1846 2441 hoc
1877 2386 2030 2441 Petri

386 2481 648 2553 Magistri
699 2480 1117 2549 fragmentum,
1168 2477 1321 2530 velut
1369 2475 1685 2545 gemmula.
1728 2477 1797 2529 At
1836 2474 1893 2529 in
1939 2491 2032 2529 se-

387 2573 601 2637 cundo,
656 2570 810 2641 quod
868 2567 1095 2623 favente
1143 2566 1257 2621 Deo
1309 2566 1655 2635 quantocius
1704 2566 2028 2636 expediam,

388 2661 541 2715 inter
574 2658 688 2714 alia
720 2656 993 2728 praelata
1024 2654 1265 2709 enitebit
1309 2653 1565 2725 prolixus
1597 2661 1654 2709 et
1685 2653 1932 2723 insignis
1960 2652 2030 2707 li-

386 2750 488 2804 ber
519 2747 771 2818 alicujus
819 2743 1127 2809 Philothei,
1163 2743 1613 2813 protospatbarii
1646 2747 1703 2797 et
1734 2741 2029 2797 artoclina

387 2838 546 2907 regii,
585 2852 699 2907 quo
746 2851 860 2889 non
894 2837 1116 2888 tantum
1152 2832 1480 2887 divinarum
1526 2832 1828 2901 epularum
1874 2831 2032 2885 ordi-

379 2943 512 2982 nem
548 2925 718 2996 plene
750 2923 1161 2991 distincteque,
1199 2926 1259 2976 ut
1289 2920 1370 2976 nil
1407 2936 1602 2990 supra,
1638 2921 2029 2991 persequitur,

378 3016 481 3072 sed
516 3014 715 3080 etiam,
742 3012 892 3082 quod
924 3018 1267 3081 argumento
1290 3008 1373 3063 illi
1406 3008 2028 3079 coharel,dignitatum

377 3109 494 3160 tam
530 3101 935 3175 palatinarum,
970 3115 1147 3170 quam
1179 3097 1545 3163 militarium,
1580 3103 1635 3151 et
1677 3098 1799 3169 [ΕΛ.
1844 3098 1903 3152 L.
1940 3097 2027 3167 V.]

376 3194 735 3249 urbanarum
769 3205 1024 3261 quoque,
1055 3206 1085 3243 a
1118 3187 1369 3243 summis
1402 3188 1471 3243 ad
1498 3188 1669 3256 imas,
1702 3189 1942 3243 nomina
1970 3192 2027 3241 et

376 3281 721 3355 praesidendi
749 3281 906 3350 jura,
951 3279 1089 3334 item
1123 3295 1250 3349 qua
1284 3278 1401 3333 sint
1450 3278 1764 3346 axiomata,
1798 3293 1896 3333 seu
1929 3257 2043 3331 di:

376 3371 641 3442 gnitates,
669 3385 797 3441 qua
828 3367 1040 3435 ofﬁcia,
1087 3367 1303 3437 quibus
1341 3382 1473 3421 cum
1525 3366 1775 3435 brabeis,
1810 3368 1896 3421 vel
1930 3366 2017 3421 in-

373 3460 659 3530 signibus,
689 3457 1088 3523 conferentur,
1125 3472 1349 3511 necnon
1382 3472 1493 3525 quo
1541 3470 1785 3526 quaque
1817 3456 2019 3511 ordine

372 3556 425 3604 et
473 3548 687 3619 quibus
734 3545 941 3601 diebus
987 3545 1057 3599 ad
1102 3559 1326 3599 sacram
1378 3561 1638 3599 mensam
1688 3545 2013 3613 advocatur,

373 3640 631 3695 assideat
662 3643 717 3693 et
748 3636 908 3691 illinc
940 3652 1141 3691 rursus
1171 3636 1491 3701 emittatur,
1524 3639 1799 3690 recenset.
1833 3635 2018 3689 Habet

369 3734 649 3800 praterea
700 3734 1012 3797 utrumque
1060 3727 1332 3781 volumen
1374 3723 1485 3779 alia
1540 3732 1943 3789 monumenta,
1985 3741 2015 3780 e

370 3816 587 3886 quibus
622 3816 703 3870 Du
736 3814 937 3884 Cangii
968 3814 1226 3869 Familia
1254 3812 1579 3883 Byzantina:
1610 3812 1833 3884 augeri,
1869 3813 2012 3867 Con-

367 3904 755 3975 stantinopolis
788 3902 1104 3957 Christiana
1136 3902 1367 3973 corrigi,
1392 3901 1839 3973 Byzantinorum
1864 3917 2011 3973 quo-

368 3995 635 4049 rumdam
668 3992 1072 4048 historicorum
1108 3992 1299 4046 hiatus
1336 3991 1572 4061 expleri,
1617 3996 1672 4045 et
1700 3991 2010 4047 chronolo-

370 4082 501 4154 gica
551 4084 816 4153 quaedam
868 4087 1167 4136 momenta
1217 4089 1365 4137 recte
1414 4081 1686 4136 constitui
1742 4085 2005 4149 possunt.

365 4174 489 4236 Quo
536 4172 830 4243 pertinent
874 4170 1234 4226 narrationes
1266 4170 1335 4225 de
1363 4170 1667 4239 TheOphiIi
1709 4175 1766 4222 et
1813 4169 2006 4223 Basilii

366 4259 700 4317 Macedonis
749 4260 1079 4329 triumphis,
1140 4258 1197 4310 in
1250 4258 1570 4327 appendice
1613 4255 1743 4310 libri
1792 4256 2002 4326 primi;

364 4349 503 4402 item
553 4348 623 4400 de
672 4346 1036 4415 expeditione
1083 4344 1323 4397 Himerii
1381 4344 1659 4398 adversus
1708 4348 2007 4399 Cretenses

361 4439 681 4491 Saracenos
732 4433 837 4488 sub
891 4433 1076 4487 Leone
1124 4432 1395 4502 Sapiente
1442 4432 1593 4487 dicto
1644 4452 1659 4500 ;
1712 4448 1879 4501 porro
1937 4434 2007 4489 de

2150 613 2509 678 gererentur,
2544 610 2899 667 interfuisse.
2948 612 3057 675 Qui
3109 612 3452 668 orientalem
3501 614 3807 673 historiam

2150 706 2368 763 amant,
2404 700 2692 769 reperient
2718 701 2775 755 in
2801 703 3058 756 secundo
3081 702 3379 759 volumine
3413 710 3805 762 memoratum

2149 786 2399 857 aliquem
2438 788 2804 857 Dilemicum,
2837 790 3088 845 emirum
3133 791 3379 856 Amida,
3414 791 3715 849 hominem
3746 802 3796 849 et

2148 881 2435 930 oratorem
2468 878 2590 932 Abu
2612 878 2935 934 Chamdani
2961 880 3032 934 ad
3058 879 3503 937 Constantinum
3529 892 3789 940 nostrum

2149 966 2416 1019 missum.
2455 967 2557 1031 Qui
2604 967 2727 1022 Abu
2780 967 3083 1023 Chamdan
3133 968 3242 1036 (sic
3275 969 3431 1024 enim
3483 988 3586 1042 pro
3639 989 3792 1029 more

2147 1053 2379 1109 illorum
2431 1064 2777 1125 temporum,
2812 1055 3081 1126 quamvis
3132 1074 3246 1112 non
3298 1058 3442 1112 salis
3486 1063 3660 1129 recte,
3703 1078 3799 1131 pro

2147 1143 2251 1198 Ibn
2282 1143 2577 1199 Chamdan
2629 1144 2979 1215 appellatur)
3013 1144 3262 1200 fueritne
3292 1148 3794 1215 Naseroddaulah,

2145 1248 2217 1285 an
2268 1231 2396 1301 ejus
2445 1232 2625 1287 frater
2671 1232 3114 1302 Saifoddaulah,
3164 1233 3335 1288 ambo
3387 1240 3655 1305 potentes
3698 1254 3796 1308 per

2144 1319 2370 1391 Syriam
2408 1325 2579 1391 atque
2600 1322 3079 1393 Mesopotamiam
3116 1323 3496 1394 principes,et
3524 1324 3584 1380 in
3619 1325 3793 1381 histo-

2144 1409 2231 1465 ria
2260 1409 2528 1465 orientali
2578 1412 2857 1480 celebres,
2893 1412 2951 1465 in
2985 1412 3423 1468 commentariis
3477 1414 3785 1483 inquiram.

2145 1497 2227 1554 Ne
2272 1497 2485 1554 leviora
2531 1498 2632 1555 illa
2681 1516 3153 1565 commemorem,
3203 1499 3263 1555 in
3311 1502 3567 1556 secundo
3619 1501 3784 1567 libro,

2144 1587 2286 1643 alias
2316 1588 2467 1643 inter
2496 1588 2907 1661 inscriptiones
2930 1589 3258 1644 litterarum
3292 1606 3327 1644 a
3354 1590 3690 1662 Byzantinis
3720 1592 3786 1645 ad

2143 1676 2285 1732 alios
2317 1693 2480 1749 reges
2512 1683 2916 1749 terrarumque
2948 1678 3215 1733 dominos
3247 1679 3789 1744 missarum,haberi

2143 1780 2376 1834 quoque
2433 1766 2844 1835 inscriptiones
2901 1764 3253 1832 litterarum,
3310 1766 3400 1822 vel
3484 1783 3786 1821 aurearum

2144 1852 2459 1921 bullarum,
2493 1858 2559 1907 ut
2586 1854 2979 1923 appellabant,
3004 1855 3074 1909 ad
3110 1854 3617 1926 Prolosymbulum
3651 1856 3789 1926 Aga-

2143 1960 2436 2010 renorum,
2490 1943 2588 2014 qui
2643 1948 2731 1998 est
2781 1943 3144 2014 Bagdadicus
3192 1943 3475 2009 Chalifah,
3526 1944 3663 1997 item
3715 1944 3782 1997 ad

2143 2032 2318 2086 India
2395 2032 2701 2087 dominum
2761 2035 2907 2103 (qua
2978 2032 3280 2103 inscriptio
3350 2032 3493 2087 mihi
3550 2032 3780 2103 quidem

2141 2136 2423 2190 perquam
2476 2122 2622 2175 mira
2654 2122 2862 2176 accidit
2898 2138 2910 2175 :
2947 2138 3060 2176 non
3112 2123 3267 2176 enim
3317 2122 3482 2176 video
3532 2122 3669 2192 quid
3706 2121 3783 2176 rei

2140 2208 2472 2279 Byzantinis
2494 2210 2962 2279 imperatoribus,
2990 2218 3183 2265 nostro
3207 2215 3361 2265 certe
3378 2209 3781 2276 Constantino,

2141 2312 2272 2350 cum
2309 2298 2483 2351 India
2517 2314 2669 2368 rege,
2697 2298 2752 2352 id
2776 2303 2867 2353 est
2896 2298 3119 2353 Arabia
3144 2297 3372 2365 Felicis,
3408 2304 3469 2354 ut
3502 2316 3603 2368 ego
3634 2300 3785 2369 equi-

2141 2388 2270 2442 dem
2305 2388 2595 2456 existimo,
2618 2405 2928 2445 commune
2962 2390 3197 2460 fuerit):
3230 2395 3555 2460 comparent
3583 2390 3783 2447 ibidem

2140 2474 2249 2529 loci
2285 2475 2610 2530 litterarum
2663 2477 3074 2548 inscriptiones
3106 2478 3175 2533 ad
3230 2478 3460 2549 regulos
3513 2477 3783 2533 obscuros

2142 2563 2358 2628 Iberia,
2390 2564 2672 2633 Albaniae,
2705 2570 2761 2620 et
2790 2567 3093 2635 Abasgia;
3130 2567 3283 2622 unde
3324 2568 3394 2621 ad
3440 2568 3783 2638 geographi-

2138 2671 2266 2711 cam
2302 2654 2565 2709 notitiam
2616 2660 2840 2711 tractus
2874 2671 3073 2711 versus
3122 2656 3417 2725 Scythiam
3464 2657 3777 2712 Asiaticam

2138 2744 2424 2814 vergentis
2454 2744 2709 2799 accessio
2740 2745 2859 2799 fiat.
2880 2744 3277 2800 Memorantur
3308 2762 3539 2817 quoque
3572 2746 3781 2817 princi-

2140 2846 2239 2901 pes
2272 2830 2493 2900 aliquot
2526 2830 2839 2903 Bulgarici,
2889 2849 3035 2902 quos
3066 2830 3123 2886 in
3155 2848 3330 2888 omne
3374 2832 3614 2887 historia
3644 2833 3782 2888 hac—

2140 2925 2307 2973 tenus
2339 2920 2554 2973 frustra
2604 2919 2903 2990 requisivi.
2938 2920 3135 2983 Quaro
3182 2920 3400 2991 pariter
3429 2921 3781 2992 adhucdum,

2138 3008 2382 3077 quinam
2418 3007 2717 3073 fuerint,et
2748 3025 2779 3062 a
2811 3024 2923 3079 quo
2946 3010 3015 3064 ad
3041 3014 3302 3064 nostrum
3334 3010 3777 3066 Constantinum

2139 3097 2309 3168 legati
2352 3097 2435 3151 illi
2469 3097 2727 3168 Hispani,
2762 3114 3011 3168 quorum
3044 3099 3222 3154 altero
3267 3098 3413 3155 libro
3447 3100 3663 3155 mentio
3695 3102 3777 3156 ﬁt.

2138 3187 2216 3241 Ea
2248 3202 2479 3257 quoque
2529 3186 2808 3257 particula
2857 3188 3001 3243 scita
3031 3194 3139 3257 est,
3175 3204 3300 3259 qua
3350 3206 3463 3260 quo
3504 3190 3775 3245 comitatu

2130 3275 2375 3330 celebris
2426 3274 2524 3331 illa
2585 3276 2901 3331 Bessorum
2954 3277 3315 3334 archontissa
3376 3294 3475 3334 seu
3523 3279 3773 3348 ducissa,

2127 3364 2290 3435 Elga,
2342 3365 2427 3419 vel
2476 3364 2640 3436 Olga,
2693 3370 2755 3420 ut
2807 3366 2904 3420 alii
2949 3367 3273 3438 appellant,
3323 3366 3489 3422 CPlin
3536 3368 3775 3435 venerit,

2126 3458 2383 3521 enarrat,
2418 3460 2473 3507 et
2502 3454 2718 3527 quibus
2750 3455 2876 3525 [Ed.
2912 3455 2975 3510 L.
3008 3456 3105 3523 VI]
3140 3456 3461 3512 honoribus
3493 3457 3777 3528 donisque

2127 3558 2253 3598 eam
2286 3548 2343 3597 et
2372 3544 2715 3598 comitatum
2740 3544 2976 3616 Augusti
3010 3545 3190 3599 nostri
3222 3546 3540 3610 affecerint,
3574 3562 3687 3616 quo
3719 3546 3775 3599 in

2125 3633 2381 3689 conclavi
2412 3635 2833 3690 Constantinus
2864 3640 2920 3690 et
2968 3635 3263 3691 Romanus
3296 3636 3471 3705 ﬁlius,
3506 3654 3622 3707 quo
3650 3654 3773 3693 rur-

2124 3738 2226 3777 sus
2258 3723 2472 3779 Helcna
2503 3728 2765 3796 Augusta
2806 3728 2861 3779 et
2891 3725 3018 3795 ejus
3051 3740 3234 3779 nurus
3261 3740 3385 3780 eam
3415 3729 3770 3796 exceperint,

2122 3820 2173 3866 et
2204 3813 2276 3867 ad
2317 3811 2696 3883 colloquium,
2730 3818 2831 3869 aut
2862 3817 2921 3870 et
2963 3814 3033 3869 ad
3067 3814 3288 3885 epulas,
3320 3818 3376 3868 et
3402 3814 3618 3884 quibus
3650 3816 3767 3870 die-

2122 3902 2254 3969 bus,
2304 3904 2668 3967 admiserint,
2719 3906 2951 3975 quando
3013 3920 3208 3961 coram
3254 3904 3536 3975 Augustis
3586 3909 3761 3975 stare,

2122 3992 2354 4063 quando
2387 3992 2688 4047 considere
2709 3994 3019 4064 jusserint.
3054 3993 3199 4060 Quid
3251 3993 3498 4065 denique
3526 3994 3756 4050 afferam

2118 4081 2281 4135 urbis
2316 4081 2979 4152 Constantinopolitana
3010 4083 3185 4137 situm
3218 4088 3275 4137 et
3307 4084 3533 4147 faciem,
3566 4081 3672 4145 vel,
3697 4088 3758 4135 ut

2116 4168 2435 4238 appellant,
2479 4168 2952 4239 topographiam,
2984 4170 3175 4240 qualis
3218 4186 3287 4225 ea
3316 4175 3483 4226 atate
3514 4174 3662 4238 erat,
3691 4168 3752 4224 in

2113 4256 2315 4311 multis
2364 4256 2577 4310 rectius
2627 4272 2696 4310 ex
2738 4257 2843 4311 hoc
2892 4257 3042 4312 libro
3090 4259 3327 4329 percipi,
3378 4275 3551 4330 quam
3600 4275 3631 4313 e
3674 4263 3759 4313 Du

2110 4342 2312 4415 Cangii
2347 4344 2477 4400 (ΞΡιί
2509 4344 2847 4412 Christiana,
2884 4346 3153 4416 praciaro
3180 4346 3321 4402 alias
3354 4352 3410 4403 et
3440 4347 3758 4402 utilissimo

2109 4433 2280 4502 libro,
2314 4434 2420 4489 viri
2454 4435 2781 4491 doctissimi
2814 4440 2869 4491 et
2898 4436 2956 4489 in
2991 4434 3234 4490 historia
3278 4436 3455 4490 medii
3485 4436 3612 4501 avi,
3644 4436 3755 4505 By-

364 4525 652 4595 lcgatione
684 4520 927 4577 Romani
959 4521 1239 4590 Lecapeni
1268 4521 1338 4593 ad
1370 4520 1673 4592 Hugonem
1708 4521 1885 4576 Italia
1919 4540 2005 4578 re-
2106 4525 2341 4579 zantina
2399 4525 2703 4596 praecipue,
2757 4522 3268 4589 exercitatissimi;
3321 4527 3379 4576 at
3428 4522 3511 4575 illi
3560 4527 3757 4577 tamen

364 4633 519 4687 gem,
572 4613 1037 4683 muneribusque
1087 4610 1168 4665 illi
1208 4628 1339 4666 cum
1381 4612 1846 4684 protospatbario
1897 4609 2080 4669 Pa—D
2111 4611 2258 4668 libro
2304 4613 2604 4682 nonnulla,
2658 4630 2789 4684 qua
2851 4613 3052 4668 abesse
3112 4610 3306 4676 malis,
3366 4608 3758 4676 adhaeserunt,

365 4704 585 4761 schalio
627 4702 683 4756 in
726 4718 857 4757 eum
898 4702 1074 4755 ﬁnem
1116 4699 1333 4765 missis,
1383 4706 1446 4755 ut
1490 4702 1733 4757 rebelles
1778 4702 1999 4773 Longo-

363 4794 576 4848 bardos
612 4790 979 4858 Landulfum,
1011 4788 1465 4858 Athenulphum,
1502 4791 1727 4860 fratres,
1759 4796 1815 4846 et
1844 4790 1999 4845 aliud

355 4883 598 4937 fratrum
635 4898 758 4950 par,
793 4878 1139 4935 Gaimarium
1169 4882 1226 4933 et
1266 4879 1599 4945 Gaiferium,
1631 4878 1762 4934 illos
1793 4878 1999 4949 Capua

360 4976 416 5026 et
448 4969 776 5034 Beneventi,
810 4969 914 5024 hos
945 4966 1164 5023 Salerni
1219 4968 1471 5039 regulos,
1506 4968 1561 5022 in
1603 4970 1869 5024 ordinem
1901 4984 1999 5024 co-

361 5062 537 5130 geret.
574 5058 725 5113 Nitet
768 5073 1003 5129 quoque
1051 5057 1108 5110 in
1157 5057 1342 5126 primo
1388 5058 1493 5111 hoc
1541 5057 1834 5112 volumine
1874 5073 1997 5127 cap.

354 5148 446 5212 96,
495 5164 625 5219 pag.
677 5148 805 5215 253,
856 5146 1015 5200 edita
1063 5144 1311 5200 sollicita
1366 5144 1463 5199 illa
1510 5150 1567 5200 et
1611 5145 1768 5200 velut
1814 5144 1999 5199 diaria

353 5237 609 5292 narratio
642 5235 965 5304 seditionis,
1000 5249 1099 5305 per
1130 5248 1303 5304 quam
1331 5237 1448 5289 a.C.
1479 5234 1584 5288 963
1616 5237 1745 5303 post
1774 5232 1997 5287 obitum

354 5324 600 5381 Romani
627 5324 878 5395 junioris
919 5324 976 5377 in
1010 5322 1153 5376 urbe
1186 5322 1346 5391 regia
1393 5322 1675 5391 obortam,
1709 5320 1996 5391 Nicepho-

356 5428 453 5467 rus
485 5410 701 5466 Phocas
744 5410 989 5481 imperio
1024 5408 1245 5479 potitus
1275 5416 1381 5462 est.
1415 5408 1595 5471 Quam
1645 5424 1792 5475 rem,
1827 5416 1886 5461 ut
1938 5414 1999 5462 ut

351 5501 648 5558 Cedrenus
680 5516 909 5570 quoque
940 5498 1097 5552 haud
1140 5496 1524 5566 perfunctorie
1556 5496 1891 5565 narraverit,
1925 5498 1996 5552 ad

354 5586 605 5644 hominis
634 5592 851 5655 tamen,
900 5603 932 5639 a
984 5600 1099 5654 quo
1132 5587 1305 5653 caput
1353 5583 1492 5639 illud
1548 5585 1995 5656 nonagesimum

356 5682 583 5736 sextum
617 5676 936 5750 profectum
971 5677 1077 5742 est,
1102 5670 1487 5743 diligentiam,
1525 5675 1790 5747 peritiam
1824 5678 1996 5745 atque

2114 4717 2361 4774 quorum
2396 4703 2466 4757 de
2498 4709 2703 4757 catero
2733 4702 2960 4756 veniam
2994 4715 3196 4771 aquus
3248 4698 3499 4767 quisque
3530 4696 3652 4751 viro
3684 4698 3757 4752 de

2112 4791 2204 4846 his
2235 4790 2442 4846 litteris
2496 4790 2871 4847 meritissimo
2920 4788 3087 4844 facile
3133 4787 3322 4841 faciat.
3356 4785 3435 4839 Eo
3487 4784 3755 4854 pertinet,

2112 4885 2173 4935 ut
2202 4880 2257 4933 id
2308 4880 2494 4935 obiter
2526 4880 2832 4951 attingam,
2866 4878 3018 4949 quod
3071 4875 3353 4947 palatium
3406 4874 3754 4945 Magnaura,

2108 4966 2168 5021 in
2203 4983 2316 5037 quo
2346 4966 2521 5038 legati
2551 4968 2735 5037 excipi
2770 4972 2826 5022 et
2856 4964 3045 5021 audiri
3088 4964 3373 5033 solebant,
3409 4964 3466 5018 in
3500 4969 3755 5018 extrema

2110 5056 2270 5111 urbis
2302 5062 2465 5126 parte
2511 5055 2867 5113 occidentale
2918 5054 3191 5126 posuerit,
3234 5070 3367 5109 cum
3420 5052 3615 5124 magni
3650 5068 3755 5121 pa-

2107 5144 2230 5199 latii
2259 5146 2332 5200 ad
2363 5146 2604 5201 Stenum
2638 5146 2754 5215 siti,
2789 5146 2847 5200 in
2894 5161 3010 5216 quo
3041 5146 3333 5200 ordinarie
3372 5144 3753 5213 imperatores

2107 5234 2466 5303 habitabant,
2513 5252 2645 5306 pars
2699 5239 2867 5291 esset.
2904 5235 2968 5290 In
2992 5250 3057 5290 eo
3091 5249 3323 5305 quoque
3354 5232 3495 5286 ratio
3528 5228 3759 5283 Bandu-

2107 5322 2260 5376 rium
2294 5322 2619 5394 fugit,quod
2645 5323 2931 5380 celebrem
2959 5324 3113 5379 illam
3142 5326 3392 5378 Auream
3426 5319 3510 5375 sic
3540 5318 3757 5373 dictam

2107 5414 2335 5481 portam
2368 5410 2426 5464 in
2461 5412 2667 5468 mediis
2699 5413 2987 5469 moenibus
3019 5412 3147 5467 urbi
3180 5428 3248 5466 ex
3293 5412 3455 5481 parte
3487 5405 3755 5461 terrestri

2106 5497 2193 5553 vel
2226 5498 2567 5556 occidentali
2593 5502 2881 5573 praetentis
2908 5500 3256 5558 collocat.Ea
3284 5514 3415 5553 vero
3448 5497 3519 5552 ad
3553 5495 3753 5551 sinum

2108 5587 2477 5659 Propontidis
2532 5593 2614 5646 sic
2662 5596 2785 5648 erat
2843 5593 3053 5663 posita,
3108 5595 3171 5644 ut
3220 5588 3464 5643 navibus
3510 5586 3578 5639 ad
3622 5602 3754 5639 eam

2105 5677 2315 5749 appelli
2348 5686 2557 5749 posset.
2595 5680 2720 5737 Alia
2752 5685 3048 5752 pratereo,
3077 5695 3203 5749 qua
3230 5677 3471 5749 gratiam
3503 5679 3561 5730 et
3591 5674 3756 5728 favo-
