4074 6220
162 354 251 415 ιι
1641 376 2233 449 ΡῆλΕιεΑΤιοΝΕδ.

166 505 309 545 rem
346 490 487 547 huic
522 492 700 563 operi
751 496 1057 554 conciliare
1105 504 1341 572 queant,
1382 520 1565 575 quum

167 579 429 636 abunde
462 582 625 638 mihi
662 586 741 642 de
772 585 882 641 hoc
916 594 1261 660 argumento
1295 592 1514 651 dixisse
1580 596 1801 669 videar,
1821 605 1879 656 et

172 685 314 741 qua;
347 675 649 740 praeterea
683 673 832 731 huic
858 678 1019 748 operi
1077 679 1284 736 insunt
1333 684 1481 739 scitu
1528 685 1727 758 digna,
1788 706 1878 745 ne-

180 765 433 829 queant,
468 761 575 815 ubi
601 762 921 835 integrum
954 769 1252 839 prodierit,
1283 773 1650 830 eruditorum
1682 777 1877 835 oculos

187 848 424 905 fallere.

274 938 309 1009 Ξ
343 938 404 992 3.
442 941 518 992 De
550 940 932 1013 inscriptione
971 944 1134 1016 hujus
1175 948 1327 1004 libri.
1361 981 1431 992 -
1471 953 1756 1023 Titulum,
1801 958 1873 1013 de

204 1027 529 1082 cerimoniis
553 1029 709 1086 aulae
740 1032 1097 1103 Byzantina,
1123 1038 1364 1107 preﬁxit
1394 1040 1531 1097 huic
1553 1044 1713 1114 operi
1730 1044 1871 1102 clar.

216 1114 497 1184 Leichius,
552 1118 628 1172 ad
692 1121 1041 1194 exemplum
1090 1124 1226 1182 Maii
1273 1132 1330 1183 et
1386 1129 1655 1187 Fabricii.
1704 1133 1868 1190 Alius

228 1205 564 1275 conspicitur
594 1205 915 1267 involucro
947 1213 1206 1271 coriaceo
1264 1219 1739 1278 membranarum
1774 1240 1874 1280 no-

228 1297 451 1349 stratum
482 1294 860 1367 impressus;
881 1316 1090 1373 nempe
1113 1304 1182 1359 de
1202 1307 1473 1373 regalibus
1498 1308 1842 1368 institutioni
1853 1343 1873 1354 ς

218 1382 319 1433 bus.
351 1384 573 1438 Auctor
602 1385 740 1456 ejus
774 1387 877 1443 ille
936 1394 1045 1459 est,
1098 1392 1373 1464 quisquis
1413 1395 1464 1451 is
1523 1396 1714 1468 fuerit,
1773 1401 1874 1472 qui

204 1471 584 1529 membranas
616 1490 685 1530 ea
718 1481 885 1533 veste
927 1479 1153 1534 amiciri
1197 1483 1398 1553 jussit,
1446 1484 1504 1541 in
1537 1504 1655 1558 qua
1683 1471 1874 1546 adhuc

202 1560 437 1614 cubant.
474 1562 819 1634 Conjicitur
844 1565 897 1623 is
929 1567 1114 1625 fuisse
1144 1569 1417 1629 Matthiae
1472 1576 1775 1637 Corvinus.
1808 1578 1875 1633 il-

199 1645 605 1705 lustrissimus
635 1668 740 1708 rex
760 1652 1092 1726 Hungarias,
1117 1658 1215 1730 qui
1247 1661 1620 1720 membranas
1642 1670 1873 1723 nostras

202 1735 337 1792 olim
371 1738 435 1792 iu
470 1739 711 1797 celebre
752 1742 856 1798 illa
882 1760 991 1801 sua
1042 1747 1305 1805 Budense
1335 1750 1688 1811 bibliotheca
1743 1756 1871 1813 ideo

202 1826 386 1881 fertur
419 1828 740 1897 habuisse,
775 1834 931 1904 quod
972 1833 1031 1889 in
1064 1840 1307 1910 utraque
1355 1840 1638 1899 involucri
1670 1845 1874 1903 tabula

203 1914 461 1987 insignia
494 1919 671 1990 regni
724 1920 1043 1994 Hungarici
1074 1930 1129 1981 et
1176 1926 1470 1984 Bohemici
1499 1932 1874 2005 conspiciun-

206 2007 317 2059 tur.
350 2006 565 2062 Adhuc
600 2008 762 2064 alius
804 2012 1057 2084 denique
1086 2015 1287 2074 titulus
1316 2018 1516 2076 ordine
1546 2029 1869 2094 temporum

212 2094 452 2164 primus,
479 2101 578 2152 est
605 2096 708 2154 hic
731 2099 990 2173 Graecus,
1023 2103 1094 2159 ab
1143 2104 1269 2176 ipso
1310 2109 1717 2182 Constantino,
1748 2117 1870 2179 aut,

220 2183 269 2236 si
300 2183 424 2253 quis
446 2185 642 2253 malit,
675 2205 709 2241 a
744 2188 984 2246 librario
1041 2193 1351 2263 profectus,
1390 2197 1679 2272 Σύνταγμά
1705 2221 1757 2254 τι
1780 2201 1866 2255 καὶ

214 2270 494 2342 βασιλείου
531 2272 791 2341 σπουδῆς
824 2272 995 2341 ὅντως
1044 2280 1185 2353 ἄξιον
1244 2285 1481 2358 ποίημα,
1512 2270 1869 2361 coutpilalum

206 2368 306 2416 aut
360 2370 693 2435 congestum
762 2385 919 2439 opus,
966 2386 1089 2426 vere
1175 2373 1402 2444 dignum
1478 2378 1645 2449 regiis
1700 2382 1869 2437 curis.

205 2454 548 2525 Utrumque
583 2457 835 2527 quidem
868 2473 1000 2515 vere
1029 2464 1203 2532 atque
1238 2472 1404 2520 recte.
1439 2466 1869 2536 Comportatum

202 2542 362 2596 enim
398 2548 495 2598 est
523 2560 556 2598 e
579 2546 765 2601 variis
787 2549 1142 2618 auctoribus,
1170 2556 1228 2607 et
1256 2552 1546 2625 digestum
1580 2574 1645 2614 eo
1676 2560 1870 2629 modo,

202 2646 316 2700 quo
339 2630 583 2701 lapides
636 2634 699 2689 in
730 2651 957 2693 acervo.
1006 2638 1133 2694 Fuit
1162 2657 1392 2714 quoque
1435 2645 1869 2717 Byzantinorum

203 2736 412 2793 regum
448 2740 571 2779 non
605 2723 856 2780 minima
884 2741 1039 2794 cura,
1090 2745 1355 2802 pompam
1411 2741 1465 2789 et
1520 2736 1871 2793 cerimonias

202 2811 358 2865 aulae
420 2828 554 2866 suae
588 2812 663 2867 ad
721 2813 965 2870 formam
1015 2816 1122 2872 hoc
1150 2817 1299 2876 libro
1345 2823 1612 2880 traditam
1643 2828 1873 2883 confor-

201 2915 371 2955 mare
399 2924 415 2965 ;
450 2901 621 2971 quod
651 2918 722 2957 ex
758 2902 1094 2975 Luitprandi
1127 2906 1368 2965 historia
1396 2917 1579 2983 patet.
1612 2917 1668 2970 Is
1690 2917 1869 2983 enim,

202 2987 433 3059 praesul
472 2990 745 3058 Latinus,
779 3008 897 3047 non
949 2994 1285 3066 exiguorum
1335 3000 1676 3071 spirituum,
1734 3020 1870 3061 cum

201 3075 463 3146 videret,
488 3076 742 3134 clericos
778 3081 932 3151 apud
983 3082 1205 3140 Grecos
1233 3085 1401 3143 laicis
1431 3105 1545 3144 non
1598 3092 1869 3162 praeferri.

204 3166 457 3236 sibique
478 3166 677 3222 locum
734 3166 796 3223 in
836 3169 1019 3239 epulis
1070 3171 1461 3244 imperialibus
1494 3195 1609 3235 non
1639 3185 1870 3237 tantum

204 3254 373 3309 intra
406 3255 743 3323 Graeculos,
783 3260 848 3312 ut
876 3259 1143 3331 appellat,
1190 3264 1484 3335 patricios,
1544 3270 1645 3325 sed
1694 3272 1870 3329 etiam

207 3344 374 3398 infra
395 3343 572 3413 ipsos
604 3345 884 3415 Bulgaros
906 3348 1181 3421 assignari
1209 3373 1222 3421 ;
1257 3353 1332 3423 (id
1366 3360 1560 3412 autem
1591 3375 1659 3414 ex
1690 3360 1869 3432 hujus

209 3430 360 3487 libri
410 3432 639 3497 edicto,
673 3449 863 3505 neque
895 3435 1076 3507 aliter,
1106 3439 1224 3496 ﬁeri
1281 3443 1524 3502 debebat
1548 3447 1589 3519 ;)
1646 3430 1872 3506 tantam

216 3696 459 3785 libello,
496 3712 617 3767 quo
662 3698 734 3753 ad
769 3699 987 3770 herum,
1045 3703 1309 3763 Ottonem
1368 3709 1411 3775 Ι,
1470 3711 1876 3785 imperatorem

220 3784 624 3851 Saxonicum,
686 3801 807 3842 suae
843 3787 1141 3861 legationis
1193 3810 1461 3856 sucessus
1518 3784 1878 3876 perscripsit,

230 3870 657 3963 Nicephorum
688 3874 808 3963 (Ed.
842 3876 897 3931 L.
931 3878 1040 3951 VII]
1101 3882 1351 3941 Phocam
1400 3870 1701 3963 totamque
1732 3870 1883 3949 Cras-

248 3955 415 4010 ciam
447 3956 1012 4024 coloribusinvidiam
1041 3969 1325 4029 cientibus
1339 3955 1688 4051 denigraret.
1708 3982 1881 4039 Recte

237 4043 445 4114 igitur
476 4050 723 4102 eatenus
758 4051 970 4119 quidem
1000 4060 1263 4130 congruit
1291 4043 1516 4121 Graecus
1547 4067 1644 4124 ille
1675 4069 1881 4127 titulus

232 4131 388 4187 huic
450 4133 640 4231 operi.
673 4137 745 4231 at
794 4153 857 4231 eo
905 4144 1100 4202 merito
1131 4147 1450 4223 displiceat,
1508 4158 1658 4225 quod
1717 4175 1886 4231 argu-

234 4225 529 4276 mentum
570 4221 710 4278 libri
737 4226 844 4297 sui,
876 4232 1039 4301 quale
1070 4235 1162 4305 sit,
1195 4254 1308 4294 non
1348 4221 1499 4300 edat.
1526 4221 1655 4301 Non
1688 4221 1882 4305 tamen

235 4308 485 4364 abludit
515 4311 591 4365 ab
622 4311 861 4384 ingenio
887 4317 1120 4379 istorum
1148 4328 1495 4400 temporum,
1529 4339 1585 4389 et
1638 4337 1887 4394 maxime

236 4662 463 4727 ctioni,
541 4671 641 4717 aut
697 4665 1069 4741 bibliothecae,
1148 4662 1887 4762 vel—Pentecontateucho,

246 4750 573 4819 quodnam
608 4767 804 4822 quaeso
835 4766 1049 4827 poterat
1076 4764 1310 4824 inscribi
1347 4789 1555 4830 nomen
1614 4779 1890 4851 ineptius,

247 4854 451 4908 quam
487 4841 649 4909 quod
672 4842 743 4897 ab
764 4854 988 4905 auctore
1042 4851 1381 4928 inscriptum
1430 4863 1557 4931 fuit,
1590 4841 1895 4944 κεφάλαιώί

236 4922 367 4988 δεις
440 4926 744 4992 ὑποθέσεις.
794 4936 947 5000 Quod
996 4940 1110 4999 sive
1157 4946 1336 5005 brevia
1381 4922 1725 5030 argumenla,
1774 4961 1895 5019 sive

231 5020 610 5117 argumenta
665 5020 721 5073 in
751 5032 920 5081 certos
957 5028 1138 5088 titulos
1191 5037 1419 5108 digesta,
1448 5020 1891 5119 interpreteris,

234 5104 630 5210 non‘magis
686 5122 859 5210 ex‘eo
913 5114 1214 5193 intelligas,
1263 5127 1373 5184 nisi
1421 5104 1654 5191 aliunde
1710 5140 1890 5210 noris,

235 5192 449 5267 quale
480 5194 655 5294 tuerit
684 5196 1031 5298 collectionis
1046 5192 1441 5282 argumentum
1465 5224 1521 5277 et
1542 5222 1695 5294 ﬁnis,

236 5282 426 5338 alius
460 5280 619 5349 libri,
650 5284 743 5341 cui
787 5294 979 5348 auctor
1014 5280 1241 5358 titulum
1285 5280 1761 5371 Adversariorum
1796 5323 1896 5373 aut

233 5369 774 5464 graue-clausorum
805 5380 1359 5455 praeﬁgerevoluerit.
1376 5396 1598 5458 Similis
1623 5369 1897 5464 eetialter

234 5458 362 5565 ille
398 5456 640 5565 titulus,
667 5477 832 5565 quem
852 5467 1253 5536 Constantinus
1282 5486 1441 5555 operi
1502 5456 1896 5565 suorqub—dva

236 5547 451 5652 Eobis
513 5548 587 5605 De
640 5551 1069 5652 administrando
1110 5547 1338 5642 imperii;
1394 5577 1558 5635 citari
1601 5547 1895 5652 £013.35

238 5638 607 5694 Romanum
640 5639 819 5700 ﬁlium
852 5650 1079 5722 scripto,
1136 5638 1457 5734 praeposuit,

603 5768 868 5837 PATROL.
915 5780 1021 5842 Gn.
1064 5786 1239 5851 CXII.

1515 5667 1892 5749 φιλοπόνήμα,

3554 426 3633 485 42

1624 508 1767 614 satis
1814 515 1870 614 et
1899 515 1955 581 Α
1981 524 2330 614 ςφανοίιαιίο.
2366 529 2499 588 Vid.
2532 534 2786 597 Bandur.
2828 540 2996 599 initio
3028 551 3300 608 notarum
3332 553 3404 609 ad
3450 555 3631 614 istum

1981 608 2221 679 librum,
2255 619 2398 673 tom.
2422 619 2471 675 II
2500 623 2687 697 Antig.
2720 629 2853 701 Imp.
2897 635 3113 692 Orient.

2051 703 2161 768 54.
2194 705 2288 802 ι)εῂ
2315 713 2517 802 auctor
2548 712 2699 772 libri.
2756 748 2825 760 -—
2884 720 3020 779 Fuit
3079 724 3187 782 hoc
3230 745 3379 802 opus
3436 733 3630 792 hacte-

1981 804 2114 855 nus,
2158 807 2226 848 ex
2255 793 2369 851 ﬁde
2419 801 2893 864 membranarum
2950 793 3309 884 nostrarum,
3364 820 3446 876 illi
3477 824 3631 879 Con-

1983 881 2245 982 stantino
2275 885 2848 982 Porphyrogenneto,
2890 899 3096 959 Leonis
3147 881 3438 977 Sapientis
3488 914 3626 982 ﬁlio,

1979 969 2177 1025 Basilii
2208 974 2541 1033 Macedonis
2572 983 2791 1053 nepoti,
2817 988 3127 1061 tributum,
3152 969 3322 1067 cujus
3353 998 3505 1055 inter
3534 969 3631 1058 do:

1978 1065 2100 1115 ctoe
2123 1072 2471 1160 purpuratos
2519 1084 2733 1142 magna
2763 1073 2893 1131 laus
2924 1083 2981 1133 et
3013 1065 3238 1140 celebre
3276 1102 3489 1146 nomen
3514 1101 3623 1160 est,

1976 1150 2035 1202 et
2054 1148 2146 1204 eui
2168 1148 2282 1206 alia
2302 1170 2535 1226 quoque
2568 1158 2787 1231 ingenii
2816 1165 3179 1227 industrimve
3213 1184 3621 1247 monumenta,

1978 1243 2062 1336 ut,
2104 1245 2321 1336 praeter
2367 1245 2541 1301 modo
2596 1248 2893 1310 laudatum
2942 1257 3243 1328 geminum
3274 1279 3443 1336 opus,
3480 1243 3626 1323 liber

1979 1326 2050 1382 de
2080 1329 2462 1402 thematibus,
2495 1335 2641 1393 alius
2670 1340 2742 1397 de
2772 1342 2890 1399 vita
2920 1326 3139 1416 Basilii,
3190 1326 3329 1407 item
3384 1326 3455 1409 de
3486 1357 3626 1412 ima-

1978 1418 2115 1515 gine
2137 1420 2426 1481 Edessena
2457 1425 2715 1497 libellus,
2737 1432 3121 1503 imputantur.
3158 1441 3274 1513 Ego
3303 1459 3460 1515 vero,
3491 1463 3622 1503 cum

1978 1505 2037 1561 in
2070 1506 2179 1563 hoc
2210 1514 2432 1579 nostro,
2465 1517 2529 1569 ut
2571 1516 2931 1591 inscribitur,
2971 1505 3346 1600 Syntagmate
3400 1505 3624 1591 inveni-

1977 1609 2099 1650 rem
2132 1596 2289 1653 haud
2323 1617 2530 1672 pauca,
2556 1605 2705 1675 ejus,
2746 1624 2919 1679 quem
2960 1596 3099 1684 dixi,
3131 1596 3499 1678 Constantini
3531 1640 3624 1679 ex-

1977 1698 2145 1740 cessu
2203 1690 2547 1761 posteriora,
2624 1711 2740 1752 non
2801 1701 3054 1773 margini
3111 1715 3332 1776 assuta,
3386 1712 3486 1767 sed
3553 1712 3625 1769 ab

1977 1774 2179 1831 eadem
2221 1792 2421 1846 manu,
2482 1798 2606 1853 quas
2673 1790 2882 1845 caetera
2929 1792 3125 1850 omnia
3176 1799 3450 1866 exaravit,
3507 1818 3625 1858 uno

1903 1880 1950 1947 Β
1981 1863 2257 1921 continuo
2305 1867 2404 1924 ﬁlo
2463 1870 2725 1932 intexta:
2787 1879 2931 1950 ccepi
2982 1882 3053 1937 de
3099 1890 3334 1943 auctore
3396 1863 3626 1962 ﬁdeque

1980 1950 2403 2027 inscriptionis,
2435 1962 2491 2015 et
2513 1962 2771 2035 vulgaris
2806 1967 2973 2024 famas
3003 1973 3320 2046 ambigere.
3348 1977 3499 2034 Sunt
3527 1950 3628 2035 au-

1979 2044 2096 2097 tem
2127 2043 2242 2101 illas
2273 2046 2753 2110 characteristicaa
2784 2060 3109 2130 temporum
3160 2043 3310 2121 nota
3360 2068 3444 2123 ha;
3474 2084 3623 2141 pras-

1981 2130 2185 2227 cipuaa.
2213 2137 2275 2190 In
2299 2136 2401 2192 illo
2431 2140 2640 2227 capite,
2673 2147 2827 2215 quod
2861 2160 3239 2209 monumenta
3276 2130 3623 2227 sepulcralia

1980 2219 2397 2311 imperatorum
2418 2226 2777 2288 CPtanorum
2809 2244 3110 2304 percenset
3138 2241 3253 2311 (est
3282 2219 3505 2300 id-libri
3537 2263 3622 2302 se-

1982 2310 2156 2364 cundi
2187 2314 2706 2386 quadragesimum
2748 2325 3113 2397 secundum),
3156 2310 3414 2387 occurrit
3462 2333 3621 2390 illius

1983 2397 2172 2467 ipsius
2221 2401 2610 2473 Constantini,
2661 2425 2837 2479 quem
2885 2410 3058 2469 liceat
3104 2416 3379 2475 doctrinae
3436 2422 3622 2492 gratia

1979 2485 2315 2558 Sapientem
2347 2492 2419 2547 ad
2451 2495 2633 2563 patris
2666 2498 2871 2555 Leonis
2907 2504 3240 2574 exemplum
3301 2485 3619 2579 appellare,

1981 2590 2130 2630 urna
2160 2592 2295 2632 cum
2328 2579 2434 2636 hoc
2489 2582 2677 2656 elogio
2724 2602 2738 2642 :
2778 2586 3013 2663 Λάρναξ,
3046 2590 3099 2645 ἐν
3123 2592 3169 2663 ᾧ
3199 2592 3482 2651 ἀπόκειται
3515 2598 3622 2653 Λέ-

1981 2682 2104 2721 ων..
2161 2665 2254 2719 σὺν
2302 2670 2381 2737 τῷ
2438 2668 2541 2739 υἱῷ
2608 2676 3009 2751 Κωνσταντίνῳ,
3086 2678 3304 2758 ὕστεραν
3366 2684 3625 2758 τελευτή-

1980 2771 2152 2822 σαντι,
2208 2775 2289 2826 τῳ
2346 2762 2867 2837 Πορφυρογεννήτῳ,
2961 2770 3132 2841 Urna,
3175 2774 3233 2827 in
3292 2792 3400 2846 qua
3483 2778 3625 2847 iacet

1980 2845 2152 2899 Leo...
2212 2861 2339 2901 cum
2386 2848 2504 2918 ﬁlio
2558 2853 2915 2912 Constantino
2970 2845 3489 2936 Porphrogrunelo,
3526 2870 3625 2939 qui

1980 2931 2231 3005 deinceps
2260 2946 2513 2994 mortuus
2541 2939 2622 3010 (id
2655 2948 2744 2998 est
2772 2944 2947 3017 longo
2999 2931 3262 3022 tempore
3291 2961 3417 3024 post
3453 2931 3622 3027 ⁷ροέἰ-

1981 3023 2106 3077 tum
2130 3026 2277 3093 patri
2309 3038 2756 3087 monumentum
2788 3034 2905 3090 vita
2934 3036 3244 3096 defunctus
3293 3047 3350 3098 et
3406 3023 3486 3099 in—
3515 3062 3624 3116 pa-

1981 3111 2215 3165 ternum
2242 3114 2533 3170 tumulum
2583 3115 2800 3188 illatus)
2837 3123 2968 3189 fuit.
3018 3125 3254 3197 Aliquot
3300 3111 3624 3201 interjectis

1902 3240 1947 3307 C
1984 3198 2250 3255 versibus
2299 3209 2662 3260 memoratur
2726 3208 2949 3278 Basilii,
2997 3214 3164 3284 vulgo
3212 3198 3621 3288 Bulgaroctoni

1987 3285 2118 3307 ,με
2177 3303 2327 3307 μων
2436 3306 2443 3307 ,
2504 3296 2515 3307 .
2786 3297 2912 3307 .-..
3052 3302 3085 3307 λ
3286 3304 3293 3307 .
3356 3306 3359 3307 ν

1980 3285 2143 3356 dicti,
2176 3296 2649 3363 monumentum,
2700 3297 2798 3369 qui
2831 3299 2990 3356 ﬁlius
3052 3302 3296 3360 Romani
3330 3285 3617 3378 junioris,

1983 3390 2163 3447 nepos
2194 3392 2370 3449 supra
2390 3379 2529 3435 dicti
2565 3382 2930 3443 Constantini
2962 3389 3272 3462 Sapientis,
3304 3411 3458 3453 anno
3488 3402 3623 3468 post

1982 3466 2074 3520 avi
2104 3465 2325 3524 obitum
2352 3472 2707 3545 sexagesimo
2744 3477 2949 3549 quinto
2987 3480 3133 3538 vivis
3165 3486 3436 3542 excessit.
3476 3465 3623 3544 'l‘an-

1985 3553 2117 3609 dem
2150 3571 2380 3629 quoque
2426 3561 2616 3633 capite
2639 3569 2804 3621 sexto
2854 3570 2910 3623 et
2967 3572 3342 3640 nonagesimo
3364 3574 3536 3646 primi
3562 3576 3627 3631 li-

1986 3744 2197 3787 narum
2250 3740 2606 3806 computum,
2669 3747 2964 3809 narratur,
3016 3746 3155 3815 quid
3215 3752 3284 3804 Α.
3334 3751 3399 3805 C.
3447 3752 3554 3805 965
3598 3769 3633 3805 a

1990 3834 2190 3875 mense
2205 3821 2411 3879 Martio
2444 3841 2626 3897 usque
2648 3830 2720 3884 ad
2750 3834 3270 3903 Augustuminillo
3301 3837 3634 3909 interregno

1990 3908 2320 3980 contigerit,
2354 3914 2504 3982 quod
2532 3915 2781 3972 Romani
2801 3920 3060 3988 junioris
3090 3937 3417 3992 excessum,
3451 3933 3503 3981 et
3530 3908 3637 3981 Ni-

1992 3997 2226 4068 cephori
2260 3998 2460 4055 Pherae
2493 4006 2861 4074 tyrannidem
2902 4008 3230 4080 intercedit,
3281 4018 3339 4068 et
3395 4031 3512 4085 qua
3544 4015 3638 4069 hic

1992 4101 2120 4141 eam
2149 4087 2373 4143 ratione
2430 4090 2721 4149 invaserit.
2787 4095 2917 4151 Hac
2974 4115 3126 4154 anno
3184 4105 3318 4171 post
3345 4102 3635 4173 Sapientis

1991 4174 2356 4232 Constantini
2379 4192 2687 4236 excessum
2717 4183 2848 4249 [Εὐ.
2883 4184 2945 4241 L.
2980 4185 3131 4258 VIII]
3178 4194 3387 4260 quarto
3445 4194 3636 4248 conti-

1966 4266 2220 4331 gerunt.
2264 4264 2461 4322 Palam
2522 4267 2704 4342 igitur
2759 4275 2868 4341 est,
2910 4272 3033 4331 hazc
3062 4276 3261 4335 abillo
3294 4279 3469 4335 scribi
3492 4285 3549 4336 et
3581 4282 3639 4337 in

1992 4351 2308 4425 Syutagma
2339 4372 2509 4413 suum
2559 4358 2757 4416 inferri
2816 4379 2933 4418 non
2983 4366 3265 4436 potuisse.
3325 4369 3473 4432 Quid
3504 4387 3639 4443 ergo

1995 4443 2374 4498 statuendum
2397 4444 2424 4499 ‘l
2442 4445 2629 4503 Unum
2650 4462 2918 4521 superest
2936 4458 3036 4509 aut
3065 4453 3314 4511 alterum
3339 4463 3593 4513 statuere
3624 4477 3636 4513 :

1865 4546 1889 4559 ο
1920 4605 1960 4616 ἢ
1996 4530 2116 4585 sive
2147 4530 2446 4601 juniorem
2493 4537 2943 4596 Constantinum
2993 4544 3635 4616 Porphyrogenuetum,

235 4573 458 4629 nandi.
491 4578 801 4632 Praestanti
828 4580 928 4649 illi,
962 4600 1130 4655 quam
1188 4573 1361 4664 supra
1417 4596 1670 4670 laudavi,
1712 4573 1887 4659 colle-
1917 4605 1967 4667 D

1999 4617 2245 4673 Romani
2305 4619 2514 4690 ﬁlium,
2574 4624 2866 4696 Sapientis
2925 4628 3291 4687 Constantini
3350 4641 3639 4704 nepotem,

2003 4707 2194 4776 Operis
2218 4711 2398 4764 nostri
2430 4717 2724 4768 auctorem
2761 4731 2909 4784 esse,
2971 4719 3065 4774 cui
3095 4721 3432 4792 ademptum
3464 4722 3643 4779 libra-

2003 4794 2124 4849 rius
2155 4810 2259 4866 per
2313 4813 2568 4855 errorem
2628 4818 2733 4857 avo
2790 4803 3095 4861 tribuerit:
3129 4814 3229 4863 aut
3257 4825 3383 4865 esse
3410 4812 3643 4881 quidem

2001 4884 2128 4954 ejus
2159 4883 2551 4958 Constantini,
2584 4891 2753 4961 cujus
2779 4894 2835 4948 in
2868 4895 3040 4951 titulo
3075 4897 3433 4968 perhibetur,
3459 4905 3519 4955 at
3549 4917 3651 4957 ex-

1999 4980 2223 5044 pertum
2271 4975 2746 5048 interpolatorem
2779 4999 2793 5050 ;
2827 4983 2948 5039 sive
2979 5000 3162 5056 nepos
3201 4988 3332 5057 ejus
3362 4989 3646 5046 Constan-

2001 5064 2164 5121 tinus
2210 5064 2309 5122 ille
2364 5067 2562 5138 fuerit,
2622 5069 2743 5127 sive
2807 5072 2959 5129 alius
3009 5078 3395 5149 quiscunque.
3447 5080 3649 5151 Specie

2003 5157 2213 5209 neutra
2233 5158 2390 5212 caret
2418 5158 2710 5215 sententia
2738 5177 2751 5229 ;
2786 5161 2931 5217 mihi
2981 5168 3177 5220 tamen
3209 5166 3425 5224 rectius
3452 5168 3652 5225 videor

2003 5243 2212 5312 facere,
2245 5244 2293 5299 si
2313 5247 2624 5317 posteriori
2656 5250 2950 5309 calculum
2982 5270 3183 5312 meum
3215 5257 3451 5328 addam,
3476 5275 3651 5331 quam

2005 5330 2055 5386 si
2081 5331 2283 5404 priori.

2076 5420 2173 5475 Isti
2199 5421 2438 5492 quidem
2472 5427 2794 5497 sententiae,
2838 5447 2970 5502 qua:
2993 5433 3289 5504 juniorem
3320 5436 3652 5493 Constanti-

2005 5525 2159 5565 num.
2192 5510 2392 5568 Basilii
2423 5515 2833 5589 Bulgaroctoni
2877 5521 3128 5592 fratrem,
3174 5525 3334 5598 operi
3383 5525 3521 5582 huic
3561 5525 3655 5583 in-

2005 5598 2231 5665 scribit,
2254 5604 2313 5657 et
2351 5605 2676 5663 secundum
2709 5624 2886 5681 quam
2919 5612 3157 5670 deberet
3215 5614 3313 5671 illo
3348 5618 3650 5671 exaratum

2006 5686 2188 5745 fuisse
2221 5689 2496 5762 triennio,
2554 5711 2670 5767 quo
2700 5696 2859 5756 solus
2889 5699 2988 5757 ille
3045 5702 3466 5760 Constantinus
3518 5704 3651 5774 post

3251 5831 3287 5888 2
