4074 6220
60 42 166 153 7)

390 395 471 452 43
1710 380 1935 441 JOAN.
1983 379 2051 438 JA

2196 377 2483 438 REISKII
3730 378 3812 435 44

393 522 589 588 fratris
648 522 765 585 fata
822 518 1099 589 regnavit,
1132 517 1186 573 id
1217 519 1308 571 est
1332 514 1407 571 ab
1454 516 1525 570 A.
1563 518 1622 568 C.
1668 513 1806 568 1025
1857 524 2040 582 usque
2070 512 2121 577 Α
2151 525 2372 565 rarenos
2428 510 2689 579 aﬁ'ecisse.
2740 507 2802 562 In
2854 506 3150 561 neminem
3219 506 3275 561 id
3336 508 3545 562 cadere
3605 513 3804 578 potest

397 613 468 669 ad
506 611 665 681 1028,
698 610 853 678 favet
883 609 992 664 hoc
1023 606 1297 669 maxime,
1330 604 1484 675 quod
1529 602 1732 673 junior
1759 601 2047 657 Constan-

394 701 558 771 tinus
588 714 724 755 cum
754 712 888 757 .avo
946 711 1061 751 non
1092 694 1164 748 de
1195 693 1378 748 solius
1437 690 1616 760 hujus
1674 690 1888 759 operis,
1947 688 2046 742 sed

396 789 643 845 aliorum
666 801 893 857 quoque
922 781 1295 854 possessione
1318 780 1653 835 contendat.
1685 777 1812 833 Non
1835 779 2050 833 desunt

400 876 737 932 eorumdem
797 873 1079 929 librorum
1128 868 1412 939 exempla,
1472 884 1618 939 quos
1678 867 1777 923 alii
1822 865 2048 934 librarii

400 982 525 1031 avo,
559 964 658 1020 alii
691 963 884 1033 nepoti
918 962 1210 1021 tribuunt,
1236 959 1469 1014 etiamsi
1498 974 1679 1029 nepos
1710 958 1781 1013 ab
1816 955 2051 1028 ignavia

400 1061 457 1110 et
487 1052 774 1110 dissoluta
794 1053 912 1108 vita
943 1051 999 1105 in
1018 1049 1261 1105 historia
1293 1048 1610 1121 Byzantina
1642 1048 1794 1102 male
1826 1044 2047 1101 audiat.

402 1148 489 1199 Ita
504 1142 738 1198 libellus
769 1142 840 1197 de
855 1138 1105 1211 imagine
1121 1138 1437 1205 Edessena,
1459 1151 1633 1206 quem
1668 1132 2051 1191 Combetisius

401 1232 460 1287 in
491 1231 774 1300 Manipulo
803 1230 1199 1298 antiquitatum
1256 1226 1605 1283 CPlanarum
1637 1239 1768 1295 pag.
1820 1224 1889 1277 76
1918 1237 2048 1293 sqq.

403 1323 515 1379 sub
550 1321 787 1378 nomine
827 1318 1110 1383 Senioris,
1145 1320 1247 1371 aut
1300 1315 1625 1386 Sapientis,
1684 1312 2055 1369 Constantini

405 1411 608 1477 edidit,
636 1425 751 1465 non
786 1411 1017 1463 tantum
1062 1404 1414 1476 Lipomanni
1473 1404 1810 1474 conjectura
1834 1401 2054 1473 juniori

407 1502 632 1568 tribuit,
666 1499 768 1554 sed
800 1498 975 1553 etiam
1009 1497 1186 1552 codex
1225 1493 1438 1565 aliquis
1473 1493 1831 1549 bibliothecae
1864 1492 2054 1563 Regiis

407 1588 812 1654 Taurinensis,
891 1589 951 1639 ut
992 1600 1023 1640 e
1072 1600 1261 1654 nuper
1298 1583 1455 1645 edito
1503 1583 1757 1653 Caialogo
1807 1581 2054 1637 codicum

406 1678 910 1747 manuscriptorum
953 1673 1221 1741 ejusdem
1274 1670 1638 1727 bibliothecis
1696 1686 1828 1743 pag.
1887 1671 2055 1725 3051⁴

407 1767 605 1824 didici.
622 1764 907 1821 Similiter
928 1762 1320 1829 Tacticorum,
1335 1778 1369 1817 a
1390 1761 1636 1817 Meursio
1654 1761 1713 1816 in
1734 1760 2057 1817 Cotlectione

407 1856 797 1929 apusculorum
842 1851 1453 1917 Canstanlinianorum,
1512 1850 1623 1905 sub
1667 1849 1761 1905 avi
1819 1850 2057 1905 nomine

410 1946 799 2017 proditorum,
835 1942 1124 1997 vindicias
1177 1942 1506 2010 disceptant
1557 1956 1700 1994 avus
1747 1945 1803 1993 et
1859 1954 2055 2010 nepos.

410 2034 601 2091 Codex
655 2029 1149 2097 Vindobonensis,
1182 2033 1239 2085 et
1265 2045 1335 2084 ex
1376 2045 1443 2085 eo
1472 2028 1805 2099 descriptus
1848 2030 2059 2084 Palati-

410 2140 546 2189 nus,
579 2138 754 2193 quem
786 2119 938 2191 typis
967 2134 1247 2175 excusum
1302 2117 1555 2173 reddidit
1612 2117 1925 2184 Meursius,
1957 2118 2058 2172 tri-

414 2213 609 2268 buunt
653 2226 801 2277 avo;
834 2208 1189 2264 Veronensis
1219 2211 1416 2261 autem
1447 2210 1503 2261 et
1541 2207 1915 2277 Augustanus
1954 2222 2057 2262 ne-

411 2302 553 2372 poti.
580 2298 779 2354 Neutri
814 2300 988 2352 recte.
1013 2295 1215 2366 Neque
1245 2294 1400 2349 enim
1429 2294 1627 2364 hujus,
1662 2311 1851 2366 neque
1898 2295 2058 2350 illius

410 2393 519 2456 est,
551 2389 653 2443 sed
682 2388 811 2457 ejus
841 2390 927 2441 est
956 2383 1325 2439 Constantini
1365 2382 1926 2454 Porphyrogenneli,
1959 2384 2059 2453 qui

412 2477 701 2532 fuitﬁlius
733 2473 930 2529 Basilii
961 2471 1502 2538 Macedonis,frater
1529 2472 1737 2527 Leonis
1768 2472 2058 2542 Sapientis

414 2576 549 2622 natu
584 2566 794 2634 major,
819 2563 1080 2632 adeoque
1113 2566 1358 2631 patruus
1391 2561 1518 2630 ejus
1543 2562 1932 2629 Constantini,
1963 2562 2057 2617 cui

415 2655 644 2710 Tactica
674 2651 775 2707 illa
795 2655 927 2722 post
940 2649 1261 2705 Meursium
1288 2648 1465 2720 vulgo
1491 2650 1879 2719 imputantur.
1897 2649 2060 2706 Clare

415 2741 473 2796 id
510 2741 713 2810 liquet,
746 2738 824 2793 sit
854 2738 985 2808 quis
1017 2736 1233 2805 locum,
1279 2737 1380 2808 qui
1408 2752 1539 2808 pag.
1571 2737 1641 2789 27
1673 2736 1810 2807 edit,
1843 2737 2057 2794 Meurs.

416 2831 520 2886 lin.
555 2830 624 2883 20
647 2835 885 2899 prostat,
917 2841 1053 2883 cum
1083 2824 1295 2896 pagina
1326 2826 1510 2881 nostri
1542 2824 1720 2896 hujus
1739 2829 1931 2897 operis
1953 2828 2058 2882 287

418 2925 733 2989 comparet.
817 2916 1112 2987 Leguntur
1186 2931 1274 2981 eo,
1343 2930 1455 2985 quo
1507 2914 1649 2982 dixi,
1728 2915 1853 2972 loco
1940 2916 2062 2973 hinc

414 3010 636 3071 verba;
703 3006 882 3061 Τοῦτο
912 3003 1014 3077 γὰρ
1062 3003 1151 3057 καὶ
1211 3002 1479 3076 ἡμέτερος
1528 3003 1707 3075 πατὴρ
1774 3004 1862 3058 καὶ
1915 3004 2062 3078 βασι.

418 3094 543 3156 λεὺς
595 3093 869 3163 ἐποίησιν,
957 3092 1045 3147 ὅτε
1098 3092 1235 3146 κατὰ
1318 3091 1695 3164 Γερμανικῖας.
1757 3089 2063 3163 ἐταξειδεύ-

418 3204 608 3259 σαμεν.
642 3184 781 3239 Nam
815 3191 865 3238 et
894 3181 953 3237 id
993 3197 1205 3254 quoque
1250 3182 1387 3251 fecit
1414 3190 1568 3247 pater
1595 3186 1777 3238 noster
1807 3184 2057 3255 idemque

415 3279 737 3348 imperator,
776 3289 903 3329 cum
950 3273 1213 3328 adversus
1252 3273 1659 3329 Germaniciam
1689 3290 2052 3331 maceremus.

410 3367 609 3439 Neque
641 3366 778 3432 Leo,
811 3379 1001 3434 neque
1027 3363 1618 3433 Constantinus,ejus
1650 3363 1831 3435 ﬁlius,
1865 3381 2054 3437 neque

412 3456 734 3517 Romanus,
768 3468 957 3523 neque
1003 3450 1426 3507 Constantinus
1456 3454 1584 3521 ejus
1614 3452 1796 3521 illius,
1817 3456 2051 3526 expedi-

410 3545 629 3601 tionem
660 3543 937 3599 adversus
978 3539 1404 3596 Germaniciam
1436 3540 1715 3608 inierunt,
1756 3543 1853 3598 sed
1886 3544 2052 3600 Basi-

410 3635 528 3690 lius
560 3634 793 3691 Macedo
850 3631 985 3688 fecit
1011 3633 1081 3686 A.
1113 3632 1173 3687 C.
1205 3632 1332 3686 879.
1391 3636 1560 3688 Hune
1622 3636 1834 3704 patrem
1888 3650 2053 3691 suum

410 3722 683 3795 appellat,
718 3721 819 3794 qui
855 3737 923 3776 ea
948 3721 1205 3793 scripsit.
1233 3721 1367 3777 Fuit
1400 3721 1449 3778 is
1478 3738 1614 3794 ergo
1636 3725 2052 3782 Constantinus

410 3812 1017 3883 Porphyrogennetus,
1068 3811 1169 3881 qui
1227 3816 1361 3866 ante
1418 3817 1643 3883 patrem
1676 3813 1841 3868 obiit.
1893 3816 2051 3871 Idem

408 3900 661 3974 appellat
690 3901 964 3957 eumdem
1006 3901 1399 3970 imperatorem
1424 3916 1619 3970 suum;
1654 3917 1769 3973 quo
1820 3903 2055 3975 signiﬁ-

409 3997 499 4046 cat
528 3990 828 4057 Basilium,
863 4005 977 4063 quo
1008 3995 1271 4061 tempore
1297 3990 1410 4047 ista
1446 3991 1619 4048 verba
1641 3992 2048 4063 exarabantur,

408 4079 601 4136 adhuc
629 4080 687 4136 in
718 4080 865 4136 vivis
882 4084 940 4135 et
964 4078 1026 4134 in
1053 4095 1287 4136 summa
1318 4096 1512 4136 rerum
1546 4085 1826 4151 potestate
1846 4083 2048 4139 fuisse.

404 4168 703 4241 Signiﬁcat
732 4186 967 4243 quoque
1008 4188 1071 4227 se
1116 4171 1310 4241 ipsum
1357 4169 1440 4223 illi
1490 4170 1845 4241 expeditioni
1878 4170 2053 4226 inter-

405 4257 606 4314 fuisse.
636 4257 1120 4315 Perhibentidem
1152 4259 1223 4312 de
1237 4258 1644 4324 Constantino,
1676 4256 1874 4313 Basilii
1906 4259 2048 4330 filio,

406 4362 523 4401 non
579 4350 809 4400 tantum
873 4348 1168 4401 Cedrenus
1224 4349 1281 4400 et
1335 4346 1584 4415 Symeon
1618 4346 1911 4417 Magister,
1950 4349 2049 4405 sed

406 4433 580 4490 etiam
640 4434 940 4504 Appendix
1001 4433 1182 4489 nostri
1213 4432 1393 4503 hujus
1444 4432 1659 4504 operis,
1698 4435 1824 4492 loco
1873 4453 2048 4509 quem

405 4521 581 4594 paulo
631 4532 765 4579 ante
793 4522 1148 4579 indicabam.
1183 4522 1324 4577 Cum
1377 4523 1574 4594 itaque
1629 4524 2050 4583 Constantinus

2156 599 2267 654 nisi
2314 600 2371 653 in
2430 598 2595 653 illum
2652 597 2865 668 ipsum,
2909 597 3078 667 cujus
3132 596 3191 651 in
3225 596 3627 667 superioribus
3676 614 3805 654 me-

2158 688 2454 753 minimus,
2488 686 2871 757 Nicephorum
2902 686 3175 751 Phocam,
3211 687 3309 756 qui
3343 686 3481 741 olim
3525 686 3663 755 dux,
3698 704 3806 743 seu

2116 776 2508 832 idomesticus
2566 775 2922 841 scholarum,
2972 774 3340 829 Constantini
3400 777 3711 845 Sapientis,
3747 781 3806 833 et

2158 867 2285 934 filii,
2319 866 2587 935 Romani,
2621 866 2830 920 deinde
2846 865 3485 935 posthujusexcessum
3520 866 3808 923 orientale

2158 955 2353 1026 rapuit
2399 954 2731 1026 imperium.
2790 953 2967 1024 Atqui
3010 953 3373 1024 Nicephorus
3406 954 3504 1009 ille
3536 956 3799 1011 nondum

2158 1044 2217 1098 in
2249 1043 2393 1099 vivis
2425 1051 2545 1097 tum
2576 1048 2720 1110 erat,
2753 1058 2883 1098 cum
2909 1043 3353 1109 Constantinus,
3379 1042 3579 1098 Basilii
3604 1044 3799 1100 Mace-

2159 1132 2328 1188 donis
2352 1132 2532 1197 filius,
2564 1148 2594 1187 e
2614 1131 2760 1187 vivis
2800 1133 3120 1187 excederet.

2228 1224 2488 1278 Arduum
2516 1237 2790 1294 agnosco,
2814 1222 2913 1276 sed
2945 1238 3177 1293 aequum
3196 1236 3344 1291 esse,
3372 1223 3523 1294 quod
3558 1224 3801 1293 opponi-

2160 1317 2272 1368 tur.
2314 1313 2577 1376 Quaeram
2628 1318 2825 1368 tamen
2859 1328 2929 1367 ex
2959 1311 3058 1367 illo
3089 1312 3210 1382 ipso
3270 1317 3609 1384 argumento
3660 1329 3797 1383 spe-

2162 1403 2309 1459 ciem
2340 1408 2397 1459 et
2427 1404 2602 1459 robur
2631 1402 2716 1457 illi
2766 1403 3068 1458 sententiae
3124 1400 3449 1471 posteriori,
3501 1401 3573 1456 ad
3621 1416 3795 1473 quam

2162 1508 2342 1564 supra
2367 1492 2483 1547 dixi
2543 1507 2637 1546 me
2695 1490 2883 1563 magis
2939 1492 3135 1547 animo
3176 1491 3553 1561 propendere,
3588 1494 3645 1545 et
3671 1507 3799 1561 quae

2164 1581 2389 1647 statuit,
2420 1582 2869 1637 Constantinum
2912 1580 3144 1651 quidem
3178 1580 3534 1651 Sapientem,
3600 1580 3799 1633 Leonis

2162 1670 2372 1739 ﬁlium,
2424 1669 2669 1726 Romani
2722 1675 2969 1742 patrem,
3004 1669 3203 1741 hujus,
3262 1670 3417 1742 quod
3479 1683 3634 1724 nunc
3674 1669 3800 1739 edo,

2164 1761 2575 1816 eaerimonialis
2618 1759 2751 1815 libri
2783 1764 3079 1815 auctorem
3133 1758 3548 1827 esse;venisse
3606 1763 3802 1813 autem

2090 1878 2136 1943 Β
2166 1866 2439 1943 processu
2480 1849 2762 1943 temporis
2810 1848 3085 1943 aliquem,
3137 1847 3235 1918 qui
3264 1848 3425 1919 operi
3466 1847 3550 1901 illi
3595 1847 3665 1901 de
3704 1862 3806 1901 suo

2167 1939 2435 2010 quaedam
2466 1938 2759 1994 addiderit
2791 1957 2805 2006 ;
2839 1938 2935 2007 qui
2977 1938 3222 1992 fueritne
3254 1937 3677 1992 Constantinus
3708 1951 3806 1991 ne-

2167 2044 2293 2099 pos,
2317 2046 2390 2083 an
2422 2028 2589 2096 alius,
2623 2028 2681 2084 in
2714 2026 2903 2083 medio
2930 2026 3177 2097 positum
3210 2025 3499 2097 relinquo.
3534 2024 3656 2081 Non
3688 2025 3800 2079 im-

2167 2119 2480 2191 probabilia
2511 2125 2730 2186 tamen,
2789 2118 2933 2175 mihi
2991 2118 3241 2189 quidem,
3289 2117 3534 2182 videtur,
3578 2116 3623 2172 si
3676 2115 3805 2188 quis

2166 2210 2474 2279 existimet,
2508 2208 2999 2264 ididemlicentiae
3014 2211 3282 2278 nepotem
3305 2206 3416 2262 sibi
3445 2206 3503 2261 in
3539 2205 3624 2260 avi
3654 2221 3801 2276 opus

2165 2314 2486 2370 arrogasse,
2519 2299 2673 2369 quod
2707 2312 2847 2353 avus
2877 2297 2933 2351 in
2970 2296 3162 2368 patrui
3207 2312 3350 2367 cpus
3409 2294 3518 2349 sibi
3567 2309 3799 2362 arroga-

2165 2391 2345 2442 verat.
2381 2387 2589 2442 Eorum
2618 2387 2717 2442 ille
2750 2403 2875 2442 mos
2904 2391 3028 2441 erat
3056 2389 3404 2457 temporum,
3438 2399 3555 2438 non
3596 2382 3795 2437 lauda-

2165 2474 2301 2531 bilis
2333 2476 2589 2546 quidem,
2639 2476 2834 2532 minus
2887 2480 3081 2531 tamen
3137 2471 3573 2535 malevolentiae,
3623 2486 3801 2542 quam

2165 2565 2557 2637 simplicitatis
2588 2570 2643 2624 et
2674 2566 2921 2623 inscitiae
2969 2566 3160 2621 index.
3193 2563 3462 2619 Nondum
3510 2560 3800 2619 callebant

2168 2672 2294 2711 eam
2326 2662 2531 2725 artem,
2591 2660 3115 2713 commentatorum
3170 2653 3699 2711 animadversiones
3732 2650 3801 2706 ab

2167 2746 2471 2799 auctorum
2502 2744 2691 2799 verbis
2724 2743 3086 2810 secernendi,
3121 2758 3298 2814 quam
3323 2742 3571 2798 solertia
3604 2756 3798 2795 recen-

2166 2831 2381 2888 tiorum
2434 2833 2737 2891 debemus.
2784 2834 3169 2889 Ascribebant
3228 2833 3511 2888 librorum
3543 2835 3799 2886 veterum

2159 2922 2427 2992 juniores
2487 2939 2844 2994 possessores
2890 2922 2947 2977 in
2982 2922 3369 2995 marginibus,
3403 2937 3530 2992 quae
3560 2919 3805 2985 vellent;

2170 3026 2237 3066 ea
2267 3010 2491 3067 librarii
2522 3016 2691 3067 aetate
2723 3012 3071 3083 posteriores
3113 3011 3171 3065 in
3206 3010 3363 3081 ipsos
3412 3009 3639 3065 codices
3673 3009 3808 3063 abs-

2172 3116 2284 3171 que
2325 3100 2445 3156 ulla
2476 3100 2851 3157 distinctione
2880 3099 3285 3168 inferciebant,
3318 3101 3373 3154 et
3403 3097 3810 3168 exspectabant

2115 3243 2136 3273 η
2169 3188 2408 3245 lectores
2465 3194 2563 3245 aut
2612 3198 2721 3245 tam
2779 3206 3012 3245 securos
3068 3194 3124 3244 et
3162 3188 3396 3260 ignaros
3450 3202 3641 3242 rerum
3684 3201 3810 3242 om—

2170 3278 2345 3346 nium,
2369 3283 2433 3334 ut
2456 3280 2724 3350 scopulos
2756 3277 3195 3351 chronologicos
3234 3278 3456 3348 absque
3492 3275 3808 3331 oil'ensione

2164 3369 2565 3439 praeterirent;
2600 3374 2699 3425 aut
2746 3368 2793 3424 si
2833 3385 2977 3439 quos
3009 3369 3480 3425 nanciscerentur
3527 3363 3799 3422 acutioris

2164 3472 2395 3525 sensus,
2446 3457 2877 3529 persuadebant
2925 3458 3055 3525 sibi,
3088 3473 3186 3513 eos
3218 3457 3401 3518 facile,
3434 3457 3520 3511 vel
3554 3471 3667 3510 non
3698 3451 3800 3509 ad-

2164 3546 2439 3614 monitos,
2464 3551 2806 3603 assumenta
2827 3546 3016 3603 aliena
3046 3562 3173 3603 esse
3205 3546 3530 3618 agnituros.
3554 3544 3797 3599 Veniam

2163 3640 2387 3708 poterat
2416 3653 2483 3693 ea
2516 3636 2865 3708 simplicitas
2895 3637 3174 3705 invenire,
3208 3637 3257 3692 si
3289 3637 3441 3691 intra
3472 3651 3597 3690 eam
3655 3632 3797 3689 sub:

2163 3725 2468 3791 stitissent,
2500 3726 2595 3796 qui
2629 3730 2755 3782 tum
2772 3731 2956 3797 erant,
2988 3727 3269 3781 librorum
3303 3722 3798 3779 consarcinatores

2161 3818 2217 3871 et
2265 3814 2507 3871 librarii.
2542 3818 2614 3872 At
2664 3815 2750 3871 illi
2809 3818 2994 3873 multo
3044 3817 3255 3888 pejora.
3312 3810 3802 3870 Transcribebant

2161 3903 2353 3961 aliena
2383 3906 2598 3978 scripta
2635 3906 3002 3973 verbotenus,
3033 3905 3325 3961 addebant
3365 3902 3426 3959 in
3455 3902 3569 3957 line
3594 3916 3798 3972 parum

2162 3993 2379 4065 aliquid
2419 3994 2490 4051 de
2547 4012 2676 4061 suo,
2708 3997 2959 4067 denique
3012 3994 3389 4073 pratigebant
3445 4008 3658 4048 nomen
3702 3993 3799 4045 aut

2162 4099 2359 4151 suum,
2394 4093 2492 4138 aut
2528 4091 2678 4155 quod
2722 4085 2958 4152 vellent,
2991 4089 3048 4139 et
3075 4084 3325 4155 agebant
3374 4082 3433 4136 in
3464 4080 3685 4135 litteras
3715 4078 3799 4133 la-

2163 4174 2406 4230 trocinia
2434 4175 2697 4247 impune,
2728 4178 3009 4246 tantaque
3062 4172 3374 4229 securitate
3404 4177 3460 4227 et
3490 4171 3804 4242 impuden-

2160 4262 2263 4325 tia,
2295 4268 2414 4326 aut,
2444 4264 2493 4319 si
2544 4263 2748 4325 mavis.
2782 4269 3039 4336 stupore,
3070 4266 3133 4318 ut
3163 4261 3301 4318 furti
3348 4262 3670 4333 veterisque
3701 4261 3802 4314 do-

2160 4351 2307 4407 mini
2355 4352 2567 4408 indicia
2608 4370 2724 4409 non
2754 4351 3043 4409 tollerent.
3079 4351 3242 4417 Quod
3273 4351 3606 4407 luculenter
3638 4353 3808 4403 testa-

2160 4448 2271 4510 tur,
2331 4458 2403 4498 ne
2463 4442 2574 4497 alia
2634 4443 2944 4515 proferam,
3021 4440 3320 4499 indiculus
3381 4442 3801 4512 imperatorum

2160 4528 2519 4586 CPtanorum
2579 4547 2613 4585 a
2662 4533 2964 4589 Lambecio
3008 4531 3079 4587 ad
3126 4528 3409 4586 Codinum
3479 4527 3588 4581 sub
3632 4524 3804 4595 hujus

403 4611 502 4669 ille
530 4614 710 4668 altero
741 4621 871 4684 post
903 4614 1071 4669 istam
1102 4613 1529 4685 expeditionem
1560 4630 1711 4671 anno
1768 4617 1882 4672 fato
1939 4635 2047 4675 suo
2079 4603 2124 4669 Ι)
2159 4619 2398 4675 nomine
2436 4619 2650 4676 editus.

405 4702 780 4773 concesserit,
834 4718 1072 4759 necesse
1121 4706 1230 4773 est,
1290 4704 1523 4758 Tactica
1554 4704 1681 4776 [Ed.
1718 4706 1775 4761 L.
1814 4706 1902 4780 1X]
1948 4707 2046 4765 illa

404 4788 586 4845 fuisse
616 4790 769 4846 intra
824 4806 1008 4846 annos
1050 4790 1188 4845 Chr.
1225 4790 1331 4844 878
1385 4795 1441 4845 et
1478 4793 1584 4846 879
1640 4793 1876 4865 scripta,
1930 4812 2045 4867 quo

404 4882 664 4950 tempore
692 4879 945 4936 auctoris
990 4880 1183 4949 frater,
1216 4884 1327 4935 Leo
1356 4880 1620 4953 Sapiens,
1680 4884 2043 4940 Constantini

404 4969 694 5040 Sapientis
726 4974 906 5041 pater,
952 4972 1211 5025 nondum
1242 4986 1478 5025 uxorem
1530 4972 1803 5043 duxisset,
1840 4973 2046 5046 viginti

404 5074 504 5113 sex
537 5059 716 5114 ferme
745 5059 919 5114 annis
948 5064 1261 5130 antequam
1286 5058 1382 5115 ille
1410 5059 1830 5117 Constantinus
1862 5061 1919 5116 in
1953 5062 2043 5117 lu-

404 5162 524 5202 rem
556 5148 839 5218 ederetur,
869 5146 1041 5219 vulgo
1072 5148 1436 5204 tribuuntur.

473 5238 545 5292 At
575 5236 715 5307 quid
747 5236 834 5293 ais
882 5237 954 5292 de
983 5236 1108 5293 loco
1130 5238 1157 5291 ‘?
1186 5239 1489 5309 (repugnet
1533 5238 1769 5310 aliquis)
1826 5240 1923 5309 qui
1981 5239 2041 5294 in

402 5325 518 5380 ﬁne
546 5324 775 5380 illorum
807 5324 1191 5395 ipsorummet
1221 5326 1611 5395 Tacticorum,
1674 5342 1787 5381 non
1847 5342 1913 5383 eo
1942 5328 2042 5397 qui

400 5414 541 5471 olim
570 5414 694 5482 fuit,
730 5415 829 5471 sed
854 5415 952 5486 qui
984 5415 1155 5473 hodie
1207 5415 1267 5470 in
1326 5415 1516 5470 multa
1545 5415 1797 5471 editione
1851 5416 2040 5473 Meur-

401 5504 565 5562 siana
586 5517 697 5573 est,
730 5522 864 5579 pag.
892 5507 987 5573 52,
1008 5506 1067 5561 in
1100 5522 1217 5578 quo
1248 5509 1606 5562 memoratur
1634 5504 1849 5576 aliquis
1881 5506 2041 5564 Nice-

396 5596 621 5667 phorus,
654 5611 846 5667 quem,
879 5596 979 5667 qui
1010 5611 1078 5650 ea
1108 5593 1838 5667 scripsit,appellatducem
1859 5613 2039 5669 suum,

398 5689 458 5742 et
485 5702 521 5743 a
549 5701 604 5741 se
633 5684 859 5741 missum
881 5684 942 5739 in
972 5684 1196 5754 Syriam
1222 5683 1541 5755 ingentibus
1570 5683 1921 5742 aitctadibus
1941 5687 2039 5744 Sa-

2228 4710 2334 4777 §5.
2368 4710 2439 4763 De
2469 4709 2730 4764 exhibitis
2758 4711 2819 4763 in
2874 4710 2972 4765 hoc
3011 4705 3311 4773 volumine,
3342 4709 3396 4760 et
3446 4703 3502 4758 in
3550 4712 3803 4760 secuturo

2157 4798 2503 4854 exhibendis.
2564 4830 2630 4838 —
2681 4796 3009 4853 Prazfationi
3080 4794 3301 4865 subjeci
3349 4792 3422 4848 cl.
3475 4794 3801 4849 decessoris

2157 4886 2271 4942 mei
2302 4888 2772 4943 dissertationem
2807 4888 2877 4940 de
2938 4883 3307 4939 Constantini
3366 4883 3802 4957 Porphyrogen-

2157 4980 2309 5047 neto,
2344 4992 2520 5047 quam
2546 4976 2595 5030 is
2617 4990 2768 5030 anno
2811 4974 2952 5027 1747
2976 4972 3177 5028 edidit.
3205 4972 3389 5028 Vitam
3424 4978 3659 5027 enarrat
3691 4972 3801 5025 im-

2156 5064 2436 5134 peratoris
2462 5064 2533 5119 sb
2576 5078 2772 5118 amore
2824 5066 2881 5116 et
2933 5061 3147 5117 studiis
3181 5059 3507 5117 litterarum
3540 5058 3798 5115 celebra-

2155 5152 2360 5209 tissimi
2428 5168 2572 5224 pura
2630 5158 2682 5207 et
2756 5150 3004 5223 eleganti
3079 5150 3352 5219 dictione,
3410 5157 3686 5222 grataque
3744 5151 3802 5202 et

2156 5243 2438 5299 concinna
2494 5242 2620 5314 [Ed.
2672 5241 2736 5296 L.
2788 5242 2862 5313 X]
2925 5241 3223 5312 brevitate,
3276 5240 3553 5310 bonaeque
3614 5237 3801 5309 frugis

2154 5333 2660 5391 observationibus
2681 5333 2847 5391 nitet.
2882 5334 3067 5398 Quam
3100 5332 3171 5388 ci.
3207 5329 3472 5404 opusculi
3504 5336 3703 5384 auctor
3742 5327 3802 5381 in

2157 5423 2269 5479 fine
2314 5422 2595 5493 promittit
2627 5423 3122 5492 dissertationem,
3159 5421 3318 5477 velut
3357 5419 3599 5475 alteram
3658 5434 3804 5489 prie—

2155 5513 2337 5570 sentis
2366 5519 2611 5584 partem,
2643 5514 2712 5569 de
2744 5512 3107 5568 Constantini
3141 5510 3375 5583 scriptis
3402 5514 3457 5565 et
3485 5509 3543 5564 in
3577 5508 3803 5563 litteras

2157 5603 2399 5670 meritis,
2432 5619 2561 5659 eam
2606 5604 2664 5659 in
2716 5606 2844 5675 ejus
2878 5603 3114 5658 schedia
3162 5599 3416 5672 reperire
3464 5615 3579 5654 non
3642 5594 3805 5668 potui

2153 5691 2510 5766 elaboratam
2547 5709 2561 5747 :
2594 5696 2952 5766 quapropter
2980 5688 3273 5747 sarciendi
3300 5688 3561 5744 defectus
3618 5686 3809 5758 gratia
