4074 6220
309 404 390 466 45
1733 404 2322 467 PREFATIONEB.
3647 424 3725 481 45

311 535 693 592 decreveram
753 533 1124 608 particulam,
1167 550 1295 607 qua
1346 532 1503 595 idem
1553 544 1967 609 argumentum
2003 532 2048 605 Α
2085 550 2221 593 cum
2254 553 2288 592 a
2321 535 2419 593 tali
2454 538 2702 595 consilio
2736 535 2962 599 alienus
2979 543 3191 613 sim,et
3210 561 3314 617 per
3344 562 3606 605 mearum
3636 567 3728 608 re-

312 622 692 698 exsequitur,
724 638 755 681 e
800 623 873 680 cl.
905 622 1154 679 Fabricii
1203 624 1544 681 Bibliotheca
1584 623 1775 684 Graeca
1805 641 1972 698 repe-

309 719 462 771 tere.
496 713 616 770 Sed
649 729 778 769 cum
811 711 959 769 liber
980 713 1041 768 in
1074 713 1337 769 omnium
1370 730 1549 770 manu
1581 716 1678 783 sit,
1711 714 1850 769 satis
1888 715 1973 770 est

312 804 467 859 illuc
501 802 739 876 cupidos
770 801 1057 874 ablegare.
1086 801 1311 874 Repetii
1332 808 1525 859 tamen
1547 804 1682 860 inde
1704 803 1969 860 notitiam

318 893 513 966 hujus
544 891 759 949 Codicis
798 892 871 948 ab
909 889 1291 950 Uffenbachio
1340 894 1654 949 conditam.
1696 893 1972 964 Sequitur

323 981 433 1038 illa
461 981 749 1055 promissa
775 981 905 1052 ipse
953 979 1181 1053 primus
1224 980 1689 1039 Constantiniani
1739 980 1971 1039 Codicis

329 1068 739 1128 Caerimonialis
782 1068 956 1137 liber,
995 1084 1129 1127 cum
1188 1071 1667 1144 interpretatione
1714 1071 1967 1144 primum

331 1160 561 1233 quidem
600 1157 937 1228 Leichiana,
971 1176 1099 1232 quae
1139 1176 1323 1232 usque
1354 1160 1425 1217 ad
1458 1177 1591 1234 pag.
1621 1160 1721 1215 221
1767 1177 1969 1233 proce-

325 1252 430 1319 dit,
460 1251 662 1306 deinde
689 1266 825 1306 vero
854 1266 985 1306 mea
1018 1265 1198 1323 usque
1222 1251 1292 1306 ad
1318 1250 1515 1307 finem.
1541 1251 1753 1307 Addidi
1782 1250 1970 1323 primo

314 1339 463 1395 libro
509 1338 666 1394 velut
719 1339 1103 1411 appendicem
1163 1339 1272 1396 illa
1327 1344 1618 1413 pmcepta
1665 1340 1968 1410 militaria,

311 1445 441 1500 quae
482 1428 545 1484 in
578 1427 778 1485 codice
799 1434 999 1486 nostro
1020 1430 1422 1502 manuscripto
1445 1430 1678 1486 initium
1697 1430 1973 1487 facientia

310 1535 415 1589 per
462 1518 688 1590 primas
735 1519 944 1591 viginti
993 1520 1368 1577 membranas
1418 1520 1824 1579 decurrebant.
1860 1522 1970 1578 Po-

310 1612 538 1664 tueram
560 1625 692 1665 eam
736 1608 1081 1680 particulam
1110 1611 1365 1668 secundo
1395 1609 1546 1668 libro
1575 1609 1965 1685 subiungere;

310 1697 412 1753 sed
445 1698 774 1754 cavendum
824 1697 968 1753 mihi
1019 1704 1163 1769 erat,
1224 1716 1299 1756 ne
1349 1696 1642 1773 posterius
1690 1699 1967 1757 volumen

313 1785 468 1842 mole
510 1785 670 1842 ultra
718 1786 882 1859 prius
925 1788 1243 1844 excederet.
1290 1788 1373 1845 Cl.
1426 1789 1697 1846 Leichius
1726 1790 1784 1846 id
1839 1790 1967 1847 ideo

311 1892 559 1948 prorsus
599 1876 897 1940 omiserat,
946 1876 1082 1949 quia
1129 1878 1202 1934 ab
1251 1877 1362 1935 hoc
1410 1894 1583 1951 opere
1626 1879 1963 1936 decreverat

314 1981 534 2033 arcere,
581 1970 638 2021 et
692 1966 751 2021 in
800 1964 1141 2023 collectione
1194 1967 1558 2024 Tacticorum
1614 1969 1960 2038 Graecorum,

323 2072 505 2127 quam
560 2055 972 2125 meditabatur,
1018 2056 1308 2113 exhibere.
1360 2056 1548 2113 Habeo
1597 2057 1653 2114 in
1686 2060 1961 2117 manibus

328 2144 618 2216 exemplar
671 2144 1087 2217 opusculorum
1147 2145 1529 2215 Constantini,
1599 2166 1634 2204 a
1709 2148 1960 2205 Meursio

324 2235 506 2307 Lugd.
552 2236 735 2290 Batav.
767 2252 863 2290 an.
897 2235 1028 2290 1611
1064 2234 1375 2306 editorum,
1406 2235 1465 2291 in
1497 2237 1708 2308 quibus
1728 2236 1963 2293 Tactica

313 2324 421 2380 vir.
455 2323 524 2378 cl.
572 2324 790 2396 passim
837 2325 1243 2380 emendaverat
1274 2341 1371 2381 sua
1406 2341 1585 2381 manu
1618 2330 1796 2398 atque
1825 2342 1961 2398 sup-

308 2414 589 2487 pleverat,
623 2431 655 2470 e
685 2413 905 2481 codice,
937 2418 1001 2469 ut
1043 2413 1313 2486 conjicio,
1346 2417 1709 2488 Augustano.
1758 2415 1959 2471 Inveni

311 2504 371 2560 in
414 2504 544 2575 ejus
592 2501 956 2560 Adversariis
1000 2502 1115 2559 alia
1161 2502 1569 2577 supplementa
1619 2505 1959 2562 earumdem

306 2594 699 2657 Tacticorum,
755 2595 820 2647 ut
875 2594 933 2648 et
980 2590 1210 2660 Leonis,
1263 2610 1294 2648 e
1338 2593 1535 2651 codice
1590 2594 1956 2666 Augustano,

310 2700 443 2756 quae
472 2700 507 2739 a
536 2681 913 2738 celeberrimo
960 2680 1251 2741 Bruckero
1300 2691 1617 2757 acceperat.
1657 2685 1773 2758 Ego
1806 2701 1958 2757 vero,

2081 642 2211 682 rum
2260 624 2657 685 conditionem
2705 642 3003 702 nequeam‘
3036 648 3151 688 non
3200 650 3347 704 esse,
3391 637 3567 695 debui
3598 656 3727 696 om-

2080 715 2221 772 nino
2253 716 2442 772 locum
2472 716 2533 772 in
2565 717 2675 774 hac
2720 720 2977 777 editione
3023 725 3315 793 opusculo
3354 727 3514 792 dare,
3545 729 3723 785 inter-

2080 809 2305 877 pretatu
2341 805 2573 878 quidem
2605 807 2855 877 difficili,
2879 808 3025 865 lectu
3066 816 3264 867 tamen
3292 814 3570 884 jucunde,
3603 818 3720 889 ple-

2080 906 2273 965 noque
2287 909 2474 951 rerum
2499 895 2648 952 scitu
2670 898 3170 969 dignissimarum.
3196 900 3401 959 Parum
3417 906 3719 963 referebat.

2080 983 2181 1040 ubi
2235 984 2335 1039 ubi
2392 984 2811 1057 collocaretur;
2864 990 3037 1045 modo
3086 988 3276 1047 locum
3325 993 3565 1051 haberet
3605 1014 3719 1054 non

2078 1072 2327 1130 nullum.

2148 1164 2483 1221 Secundum
2506 1164 2778 1223 volumen
2808 1167 2972 1224 dabit
2993 1171 3314 1226 secundum
3339 1172 3517 1230 Graeci
3542 1175 3720 1248 huius

2077 1253 2486 1310 carimonialis
2519 1254 2756 1325 librum,
2781 1271 2914 1313 cum
2949 1258 3227 1328 adjuncta
3258 1261 3460 1318 Latina
3486 1279 3616 1321 mea
3637 1266 3721 1322 in-

2076 1340 2508 1414 terpretatione.
2567 1345 2833 1402 Proxime
2898 1361 3188 1418 apponam
3247 1353 3411 1406 notas
3468 1353 3718 1423 critieas,

2076 1446 2209 1503 qua:
2234 1432 2490 1488 codicem
2521 1436 2781 1489 Graecum
2815 1434 2966 1506 typis
2995 1451 3340 1507 expressum
3360 1455 3430 1495 ex
3460 1440 3719 1510 ipsarum

2078 1520 2556 1578 membranarum
2593 1522 2782 1578 denuo
2812 1540 2845 1578 a
2878 1540 2967 1579 me
2989 1523 3296 1597 diligenter
3321 1528 3716 1599 inspectarum

2076 1606 2192 1666 ﬁde
2222 1613 2279 1666 et
2309 1604 2655 1682 conjecturls
2678 1611 2823 1669 meis
2853 1614 3268 1670 emendabunt.
3296 1616 3601 1689 Excipient
3620 1636 3719 1676 eas

2076 1694 2616 1755 animadversiones
2638 1694 2926 1755 historica
2948 1696 3007 1756 in
3032 1702 3217 1758 totum
3246 1720 3390 1774 Opus
3424 1722 3557 1763 cum
3594 1709 3717 1764 Lei-

2075 1787 2305 1845 obianis
2336 1804 2515 1859 mets;
2546 1790 2722 1845 ﬁnem
2758 1791 2922 1846 faciet
2944 1790 3119 1848 index
3140 1792 3483 1855 Graecitatis.
3516 1799 3718 1854 Latina

2074 1878 2305 1948 quidem
2338 1878 2735 1949 interpretatio
2762 1879 2819 1934 in
2853 1881 3072 1937 mundo
3103 1890 3210 1950 est,
3236 1886 3299 1938 ut
3337 1884 3504 1941 facile
3536 1889 3719 1957 possit

2070 1982 2189 2024 una
2219 1983 2352 2023 cum
2379 1965 2591 2023 Graecis
2623 1968 2777 2023 intra
2808 1968 2977 2026 breve
3006 1975 3244 2043 tempus
3284 1972 3440 2043 prelo
3472 1974 3715 2031 absolvi.

2070 2057 2316 2131 Reliqua
2337 2058 2605 2131 quamvis
2626 2059 2896 2129 expeditu
2918 2060 3101 2115 ardua
3122 2066 3177 2117 et
3196 2078 3521 2119 aerumnosa
3538 2081 3720 2136 pensa

2070 2148 2205 2216 sint,
2242 2165 2411 2221 spero
2440 2154 2639 2204 tamen
2670 2149 2807 2215 fore,
2844 2148 2892 2205 si
2925 2151 3234 2220 prepitium
3270 2169 3483 2208 numen
3515 2156 3717 2225 emptis

2070 2236 2220 2293 meis
2252 2237 2491 2307 aspiret,
2524 2241 2587 2292 ut
2634 2241 2879 2292 exeunte
2912 2237 3144 2293 biennio
3193 2239 3436 2296 alterum
3482 2258 3717 2314 quoque

2068 2324 2359 2392 volumen,
2393 2325 2694 2397 aliquanto
2743 2325 3007 2395 spissius,
3040 2342 3218 2398 quam
3268 2328 3378 2384 hoc
3417 2334 3525 2398 est,
3560 2332 3714 2388 futu-

2069 2433 2223 2485 rum,
2256 2415 2316 2471 in
2343 2416 2645 2472 doctorum
2678 2415 2980 2472 hominum
3012 2432 3225 2472 manus
3254 2418 3464 2475 veniat.

2139 2505 2303 2573 Vale,
2345 2504 2574 2562 Erudite
2635 2504 2861 2574 Lector,
2920 2508 2977 2561 et
3037 2507 3345 2565 conatibus
3395 2510 3715 2566 decessoris

2068 2594 2182 2651 mei
2214 2597 2390 2668 atque
2422 2594 2567 2651 mets
2590 2594 2733 2651 fave.
2765 2593 2948 2651 Scrib.
2984 2594 3190 2670 Lipsia
3223 2612 3418 2655 mense
3457 2598 3717 2670 Septem-

2068 2682 2157 2739 bri
2193 2684 2350 2741 1751.

312 2865 3719 2896 Ἥ...

1057 3022 1263 3153 ΑΙ)
1354 3018 1958 3155 TOMUM
2054 3018 2979 3157 SECUNDUM.

378 3419 508 3490 (Ed.
544 3418 600 3474 L.
632 3415 854 3489 XI-XII]
905 3415 985 3472 Ea
1022 3420 1108 3473 est
1154 3417 1634 3488 argumentorum
1703 3414 1960 3472 secundo
1994 3420 2042 3488 α
2150 3416 2214 3475 In
2246 3414 2355 3473 hac
2386 3414 2566 3490 igitur
2596 3414 2822 3474 edenda
2852 3421 3036 3487 parte,
3060 3431 3175 3471 non
3207 3412 3401 3470 minus
3419 3414 3593 3485 atque
3618 3410 3715 3467 illa

305 3508 441 3571 hoc,
464 3507 621 3580 quod
644 3522 804 3563 nunc
818 3504 1070 3573 edimus,
1093 3503 1392 3561 volumine
1412 3503 1773 3561 Constantini
1800 3502 1960 3560 Ceri-

309 3596 581 3657 monialis
614 3596 1015 3668 expositorum
1062 3595 1340 3667 dignitas,
1373 3599 1437 3651 ut
1467 3593 1726 3666 palmam
1775 3594 1955 3667 priori

307 3688 543 3745 dubiam
594 3688 782 3743 facere
828 3701 1000 3757 posse
1047 3685 1333 3741 videatur.
1384 3684 1643 3748 Quorum
1689 3683 1958 3755 quamvis

308 3792 549 3834 summa
575 3774 769 3848 capita
798 3772 1066 3847 superior
1085 3772 1215 3845 jam
1245 3770 1503 3844 prafatio
1536 3770 1808 3842 attigerit,
1841 3788 1955 3827 non

310 3864 527 3920 inutile
560 3869 751 3919 tamen
783 3862 919 3919 duxi
966 3861 1067 3919 illa
1098 3862 1207 3918 hoc
1245 3876 1473 3932 quoque
1512 3859 1635 3916 loco
1676 3864 1955 3931 repetere.

314 3952 553 4009 Eminet
577 3952 745 4017 igitur
775 3952 951 4023 hujus
986 3950 1231 4007 secundi
1260 3949 1394 4006 libri
1425 3967 1493 4006 ea
1522 3966 1656 4021 pars
1692 3965 1817 4020 quae
1850 3965 1952 4005 no-

308 4041 477 4098 mine
504 4037 982 4115 Κλητωρολόγιον,
1017 4055 1116 4095 seu
1157 4038 1418 4096 doctrina
1464 4039 1687 4094 rituum
1719 4036 1953 4094 illorum

303 4137 420 4199 est,
445 4130 661 4204 quibus
690 4130 982 4187 solemnes
1007 4127 1191 4202 epulis
1217 4128 1403 4199 Impp.
1427 4127 1782 4183 CPtanorum
1809 4126 1953 4182 cele-

302 4222 463 4278 brari
494 4219 783 4287 solebant,
810 4220 940 4290 ipsa
971 4234 1029 4274 re
1061 4222 1237 4290 atque
1259 4216 1614 4289 professione
1638 4215 1844 4272 notitia
1864 4220 1953 4271 est

300 4309 653 4380 dignitatum
702 4308 935 4378 Imperii
999 4305 1331 4373 Orientalis,
1391 4305 1562 4377 quale
1628 4303 1837 4360 saaculo
1894 4321 1950 4360 χι

298 4405 550 4457 exeunte
578 4404 722 4455 erat.
758 4397 1003 4453 Minoris
1035 4395 1333 4464 momenti,
1366 4408 1555 4465 neque
1586 4398 1782 4449 tamen
1818 4409 1952 4450 con-

300 4488 620 4559 temnendi,
655 4491 796 4545 sunt
819 4485 905 4542 illi
936 4484 1067 4553 loci,
1101 4485 1203 4556 qui
1234 4483 1559 4552 legatorum
1590 4481 1947 4554 excipiendo-

299 4596 433 4636 rum
466 4580 777 4647 rationem,
792 4575 1221 4646 titulorumque
1242 4571 1950 4646 praescribuntformulas,

302 4669 516 4741 quibus
548 4671 651 4724 aut
688 4665 869 4723 exteri
917 4663 1093 4737 legati
1141 4662 1482 4719 CPlitanum
1534 4661 1948 4732 imperatorem

302 4776 365 4815 ex
397 4775 557 4815 more
578 4757 1175 4856 alloquehanturﬁaut
1203 4753 1329 4856 ipse
1367 4750 1627 4856 vicissim
1660 4751 1948 4856 inlitteris
1978 4790 2027 4856 Β

301 4849 371 4903 ad
405 4853 631 4904 exteros
663 4845 960 4919 principes
978 4843 1101 4900 suis
1130 4843 1424 4899 utebatur.
1450 4842 1584 4908 Quae
1614 4841 1685 4895 ad
1719 4856 1949 4912 proces-

301 4936 489 4992 siones
518 4937 970 5009 imperatorum,
996 4932 1055 4989 in
1076 4930 1285 4988 balnea
1310 4934 1367 4986 et
1388 4928 1599 4985 horrea
1617 4927 1946 4998 lustranda,

299 5042 432 5101 qua
461 5026 533 5082 ad
558 5025 892 5097 triumphos
917 5023 988 5079 de
1020 5020 1284 5078 hostibus
1314 5019 1555 5077 devictis
1585 5019 1861 5091 agendos,
1876 5019 1948 5076 ad

300 5114 609 5183 brumalia,
643 5117 950 5187 spectant;
998 5112 1137 5167 item
1171 5125 1295 5183 quae
1334 5108 1408 5166 de
1436 5107 1638 5164 liberis
1667 5108 1949 5181 Augustis

300 5220 502 5261 recens
534 5204 707 5272 natis,
739 5207 796 5259 et
824 5200 982 5259 unda
1028 5198 1273 5257 salutari
1310 5196 1655 5265 lustrandis,
1686 5201 1790 5254 aut
1818 5200 1947 5256 ton-

300 5294 530 5360 dendis,
576 5294 649 5349 de
688 5289 1154 5364 patriarcharum
1202 5288 1503 5355 electione,
1546 5285 1617 5341 de
1666 5290 1947 5357 apparatu

301 5382 567 5440 navaliin
597 5382 891 5454 geminam
916 5377 1365 5451 expeditionem,
1388 5374 1721 5433 Cretensem
1745 5393 1946 5448 unam,

299 5471 542 5529 alteram
571 5470 1096 5545 Longobardicam,
1132 5467 1463 5532 traduntur,
1497 5463 1631 5534 alia,
1665 5482 1792 5539 quae
1824 5484 1949 5540 per-

299 5576 539 5617 censere
596 5559 832 5632 singula
874 5556 1118 5630 longum
1164 5555 1309 5611 foret
1340 5570 1353 5609 :
1387 5569 1454 5609 ea
1501 5551 1700 5610 omnia
1749 5553 1948 5610 multi-

298 5648 508 5721 plicem
567 5654 626 5707 et
679 5662 851 5705 usum
908 5650 967 5705 et
1017 5642 1459 5703 delectationem
1508 5640 1740 5712 habere,
1799 5639 1947 5702 ultro

303 5742 483 5810 patet.

2069 3502 2390 3576 superiore,
2413 3511 2574 3562 tanta
2604 3508 2863 3562 versatus
2895 3503 2981 3561 fui
3005 3502 3305 3576 religione,
3331 3506 3396 3558 ut
3428 3501 3714 3557 membra-

2068 3612 2279 3652 narum
2326 3594 2715 3667 Lipsiensium
2762 3590 3070 3668 plerasque
3129 3593 3370 3650 mendas
3417 3595 3474 3647 et
3514 3590 3709 3663 ipsum

2066 3685 2237 3742 illum
2262 3685 2627 3757 antiquitatis
2652 3686 2808 3741 velut
2832 3687 2984 3738 πῖνον
3019 3683 3259 3739 reddere
3277 3698 3393 3739 non
3413 3682 3711 3737 dubitave-

2065 3774 2202 3842 rim,
2250 3773 2393 3830 satis
2436 3772 2661 3831 habens
2709 3771 3059 3829 emendandi
3105 3770 3388 3827 rationem
3442 3770 3500 3824 in
3547 3785 3707 3823 com-

2067 3862 2368 3919 mentariis
2400 3861 2707 3919 indicasse.
2735 3865 2798 3917 In
2831 3860 3171 3917 adornanda
3194 3859 3396 3914 Latina
3426 3854 3706 3928 interpre-

2064 3954 2283 4008 tatione
2314 3951 2441 4007 cavi
2484 3949 2710 4014 sedulo,
2764 3954 3051 4020 quantum
3102 3952 3159 4003 et
3205 3964 3306 4019 per
3337 3960 3528 4002 rerum
3561 3960 3706 4018 quas

2065 4045 2267 4097 auctor
2305 4045 2530 4105 tractat,
2590 4043 2647 4095 et
2704 4056 2805 4110 per
2880 4038 3155 4093 dictionis
3222 4052 3338 4107 qua
3409 4033 3505 4089 ille
3563 4034 3704 4089 satis

2063 4130 2318 4198 horrida,
2352 4147 2419 4185 ex
2467 4144 2628 4184 more
2676 4127 2764 4185 eui
2800 4126 3015 4194 saeculi,
3052 4125 3253 4191 utitur,
3287 4123 3700 4180 obscuritatem

2061 4219 2249 4291 licuit,
2302 4224 2362 4276 ut
2422 4234 2608 4291 neque
2665 4236 2698 4274 a
2754 4216 3061 4272 verborum
3121 4216 3409 4271 sententia
3457 4213 3701 4280 abirem,

2063 4326 2246 4383 neque
2306 4309 2649 4380 perspicuus
2700 4323 2889 4363 sermo
2947 4304 3394 4361 desideraretur.
3428 4304 3491 4359 In
3533 4302 3701 4359 Com-

2062 4398 2369 4455 mentariis
2400 4413 2535 4453 cum
2584 4396 2757 4452 verba
2796 4394 3059 4467 ritusque
3110 4396 3331 4449 veteres
3383 4392 3678 4447 illustrare

2060 4493 2348 4564 quantum
2382 4486 2536 4543 valui
2582 4490 2639 4541 et
2689 4485 2831 4541 satis
2881 4484 2977 4551 sit,
3022 4481 3242 4549 studui,
3286 4489 3403 4537 lum
3449 4481 3518 4536 de
3548 4482 3699 4536 veris

2059 4592 2287 4652 quoque
2318 4575 2788 4639 membranarum
2820 4572 3188 4639 lectionibus,
3212 4571 3312 4626 ubi
3344 4588 3491 4641 opus
3522 4574 3699 4635 esset,

2057 4666 2391 4738 significare
2425 4681 2540 4721 non
2572 4662 2818 4736 neglexi.
2850 4662 2912 4717 ln
2943 4662 3145 4717 breves
3181 4659 3591 4716 annotationes
3623 4657 3695 4714 cl.

2058 4752 2381 4812 decessoris
2412 4750 2556 4808 mihi
2605 4757 2815 4825 praeter
2839 4748 3183 4823 digestionis
3214 4748 3518 4804 arbitrium
3552 4746 3698 4803 nihil

2059 4843 2346 4916 arrogavi.
2380 4843 2532 4908 Quas
2581 4841 2678 4898 ille
2724 4839 2913 4896 titulis
2944 4837 3214 4895 undecim
3270 4837 3607 4910 complexus
3638 4837 3696 4891 in

2059 4931 2388 4988 adversaria
2418 4946 2506 4999 eo,
2540 4946 2655 5003 quo
2688 4928 2868 4986 libros
2914 4944 3173 5001 quosque
3202 4927 3453 4997 legisset,
3497 4925 3699 4981 ordine

2058 5022 2383 5093 coniecerat
2399 5020 2854 5090 observationes,
2886 5034 3005 5085 eas,
3027 5024 3089 5073 ut
3106 5015 3267 5075 locus
3284 5017 3529 5090 quisque
3552 5016 3701 5071 ferre

2056 5119 2228 5182 atque
2257 5110 2556 5183 postulare
2587 5109 2917 5176 videbatur,
2950 5108 3036 5165 sic
3066 5106 3117 5163 ei
3156 5102 3609 5173 accommodavi,
3643 5108 3702 5162 et

2056 5199 2188 5257 tela
2217 5216 2357 5257 mea:
2388 5199 2633 5258 intexui.
2666 5201 2922 5267 Quorum
2960 5195 3265 5253 titulorum
3298 5196 3463 5265 duos,
3489 5211 3698 5263 unum,

2060 5290 2355 5362 quintum,
2382 5306 2440 5361 p.
2470 5288 2541 5345 28
2582 5292 2912 5345 nostrorum
2951 5285 3521 5354 commentariorum,
3556 5283 3701 5339 alte-

2059 5395 2217 5447 rum,
2250 5382 2539 5445 octavum,
2571 5394 2627 5449 p.
2677 5376 2747 5431 94
2794 5374 3134 5448 speciminis
3180 5392 3349 5430 causa
3380 5373 3637 5443 exhibui,
3672 5388 3701 5427 e

2057 5484 2195 5541 quo,
2230 5466 2366 5539 quid
2390 5471 2448 5522 et
2477 5464 2576 5521 ille
2607 5464 2663 5521 in
2697 5465 2930 5521 schedia
2978 5464 3295 5535 reliquerit,
3342 5467 3397 5520 et
3427 5479 3491 5518 eo
3524 5477 3701 5533 appa-

2058 5561 2185 5613 ratu
2219 5555 2515 5628 quomodo
2539 5570 2644 5609 nos
2677 5555 2767 5609 usi
2798 5550 3103 5620 fuerimus,
3134 5557 3375 5610 constet.

2126 5648 2215 5704 Ad
2256 5646 2432 5703 linem
2489 5642 2624 5701 libri
2675 5643 2850 5716 primi
2905 5642 3463 5701 commentariorum
3523 5640 3697 5697 telam

2060 5735 2289 5809 abrupi.
2323 5738 2456 5801 Quae
2497 5734 2567 5791 ad
2621 5732 2943 5790 secundum
2994 5735 3049 5789 et
3098 5732 3267 5803 primi
3314 5728 3695 5802 appendicem
