4074 6220
1475 349 1534 410 ,1.
1584 349 1657 406 Η.
1705 339 1976 404 LEICHII

2107 335 2594 397 )MMENTATIO
3660 316 3738 375 48

1540 481 1688 536 forte
1744 470 2216 548 quoqueAfini,
2275 468 2365 523 cui
2423 466 2597 538 vulgo
2664 463 2839 519 tribui
2888 460 3057 525 solet,
3113 461 3377 526 tempora
3425 449 3733 506 conditum

2088 558 2417 622 fuisse,duo
2437 556 2555 610 haec
2586 553 2699 609 alia
2719 551 2891 608 velim
2927 548 3096 615 addi;
3129 559 3338 609 unum,
3363 539 3738 597 Constantini

2089 646 2328 702 senioris
2386 649 2550 700 aelate
2601 644 2658 698 in
2724 658 2831 696 usu
2883 655 2997 694 non
3049 636 3229 691 fuisse
3285 631 3738 704 prohedrorum,

386 721 498 742 uuu
525 721 584 738 ,μ
615 721 706 737 ..ω
753 721 791 733 ..
826 721 1059 730 --η-η-
1170 721 1186 738 ι

339 721 564 832 :odices
596 721 818 825 Graecos
853 778 1029 817 manu
1081 759 1340 814 exaratos
1393 749 1698 821 reperitur,
1731 745 1977 813 dignum
2089 753 2265 809 quam
2294 735 2494 790 titulus
2525 732 2729 803 capitis
2761 729 2952 785 ultimi
3001 724 3136 781 libri
3187 721 3359 795 primi
3415 721 3732 782 memorat,

339 807 564 832 υυυιυυδ
596 807 818 825 υιωυνυ
853 807 1029 817 μιν-ι-..
1086 807 1297 814 τ-..-ηκγ
1459 807 1474 821 ⁵
1686 807 1696 814 1
1795 807 1826 813 ν
2106 807 2123 809 ν

337 860 652 933 aliquando
685 851 857 910 Leoni
885 848 1094 904 Allatio
1112 844 1318 906 visum,
1344 838 1496 910 quod
1534 835 1799 890 Latinum
1825 831 1978 884 face-
2088 826 2460 898 dignitatern,
2493 839 2525 878 a
2545 823 2763 877 Joanne
2793 815 3080 874 Tzimisce
3111 814 3344 867 demum
3379 825 3480 865 seu
3531 807 3739 862 inven-

1298 930 1309 933 ⁸
1474 929 1482 933 Α
1613 923 1623 933 ’
1650 923 1665 933 ’
1752 921 1791 933 “
1835 919 1844 933 ’
1904 919 1915 930 ’
2091 921 2103 933 ⁸
2169 932 2197 933 η
2269 930 2362 933 -λλ-
2423 915 2745 933 -λ--ι-ιιμ
2795 924 2806 933 -
2864 906 3107 933 ..Νη-...Μ
3184 918 3217 933 η
3303 900 3409 933 9-7:;
3453 901 3739 933 ρηηαιοη-

336 900 1086 1008 :etﬂye‘tl-avs-e've—de-ndumV
1129 900 1512 1004 promitteret,
1573 923 1691 978 vid.
1751 919 1972 975 Fabric.
2088 921 2232 984 tam,
2264 930 2365 969 seu
2423 915 2806 967 revocatam:
2864 906 3133 968 alterum,
3184 918 3240 972 p.
3303 900 3409 954 375
3453 901 3743 954 Constan-

334 985 766 1095 £8227;kath
785 985 1221 1099 "Piri-125,31;
1241 1025 1281 1074 t.
1307 1018 1372 1082 X,
1409 985 1613 1088 p.641,
1639 1029 1725 1078 ea,
1749 1010 1799 1065 si
1829 1008 1978 1064 tanti
2089 1005 2280 1060 tinum
2341 1001 2545 1057 Leonis
2629 999 2841 1065 filium,
2878 993 3142 1066 μακάριον
3207 987 3511 1062 appellari,
3585 985 3740 1058 quod

334 1075 766 1095 νουμυιων...
823 1075 899 1095 ..,
1357 1075 1427 1088 .,
1600 1075 1609 1081 ,
1712 1075 1718 1078 ν

332 1129 700 1190 videbuntur,
759 1075 996 1176 tertiurm
1055 1112 1331 1168 volumen
1389 1103 1630 1176 implere
1683 1102 1976 1172 poterunt.
2089 1093 2342 1164 elogium
2373 1106 2486 1146 non
2527 1088 2672 1145 solet
2720 1087 2832 1142 nisi
2861 1085 2978 1141 vita
3018 1081 3311 1138 defunctis
3347 1075 3742 1144 tribui.Vale,

331 1175 795 1285 argumenta
834 1202 1127 1274 superiore
1159 1175 1499 1268 prmfatione
1533 1189 1814 1258 exposita,
1853 1202 1980 1257 quas
2089 1184 2290 1250 lector,
2324 1185 2380 1237 et
2409 1179 2624 1236 studiis
2657 1177 2873 1232 nostris
2903 1175 3052 1229 fave.

342 381 418 438 47

341 507 586 566 dicenda
641 501 933 574 superant,
976 508 1109 548 cum
1166 485 1482 552 indicibus,

340 561 626 665 agemus
656 561 921 647 chronici
945 579 1123 639 Graeci
1147 575 1349 634 inediti
1381 569 1611 642 Georgii
1635 561 1973 631 Hamartoli,

340 685 498 759 quod
516 654 584 738 Iin
615 678 791 750 ampl.
826 677 1061 730 senatus
1102 662 1421 738 Lipsiensis
1454 657 1807 714 bibliotheca
1828 654 1979 708 inter

2146 1387 3737 1418 __________________.__._______

332 1413 2137 1454 _____________________——————-——-

329 1261 1301 1360 ile-mnorias-tranﬁtvCaari‘moniale-hoc
1335 1286 1463 1354 post
1493 1279 1652 1334 illius
1691 1277 1976 1332 Constan-

2165 1273 2288 1328 Scr.
2322 1285 2523 1325 mense
2550 1266 2826 1323 Januario
2857 1266 2918 1319 A.
2955 1267 3012 1317 Ο.
3052 1261 3208 1318 1754.

1005 1521 1654 1687 JOANNIS
1734 1512 2384 1671 HENBICI
2469 1504 3070 1661 LEICHII

1749 1750 2328 1819 COMMENTATIO

732 1913 852 1976 DE
913 1909 1103 1975 VITA
1153 1899 1444 1965 REBUS
1493 1894 1810 1963 GESTIS
1867 1892 1976 1954 C0.

2107 1887 2450 1952 I’ANHNI
2499 1883 2789 1947 PORPH
2802 1877 3341 1947 YROGENNITI

1614 2025 2062 2086 IMPERATORIS
2100 2025 2268 2080 ΒΥΖΑ
2284 2023 2467 2079 ΝῚῚΝΙ

406 2355 529 2424 [Ed.
567 2353 622 2407 L.
655 2339 1204 2418 XIII.]Constantini
1242 2329 1793 2406 Porphyrogenneti,
1831 2328 1998 2399 cujus
2033 2342 2121 2382 res
2161 2341 2302 2397 pace
2333 2322 2598 2393 belloque
2620 2324 2811 2392 gestas
2835 2319 3086 2375 scribere
3110 2333 3384 2388 agressus
3406 2333 3558 2385 sum,
3592 2315 3649 2370 in
3681 2332 3746 2371 ea

329 2449 448 2502 fere
478 2449 742 2512 tempora
772 2441 913 2491 aetas
943 2431 1171 2495 incidit,
1205 2428 1422 2499 quibus
1460 2421 1714 2495 imperii,
1768 2418 2011 2474 maximi
2057 2414 2377 2487 quondam,
2408 2417 2465 2469 et
2496 2420 2620 2483 post
2661 2411 2898 2467 deorum
2931 2427 3070 2482 opes
3102 2408 3480 2481 amplissimi,
3513 2413 3740 2464 tantum

334 2497 543 2590 uim-bra
573 2497 834 2599 quaedam
887 2527 944 2577 et
972 2521 1166 2590 imago
1213 2497 1534 2585 supererat.
1585 2513 1901 2578 Postquam
1948 2505 2172 2562 scilicet
2220 2521 2284 2560 eo
2325 2507 2664 2575 perventum
2698 2505 2839 2568 erat,
2873 2504 2935 2556 ut
2977 2499 3379 2571 largitionibus
3424 2502 3521 2553 aut
3561 2497 3745 2553 armis

333 2623 487 2678 viam
519 2618 631 2674 sibi
663 2617 732 2670 ad
768 2627 1016 2684 regnum
1049 2605 1288 2680 plurimi
1319 2608 1608 2674 pararent,
1649 2597 1864 2654 scelere
1897 2600 2123 2667 partum
2157 2593 2408 2666 pessime
2446 2595 2503 2647 et
2549 2590 2952 2646 crudelissime
2981 2592 3266 2661 gererent,
3295 2591 3572 2645 ﬂuctuare
3617 2602 3745 2642 res-

335 2709 589 2784 publica,
620 2709 734 2761 eta
766 2677 888 2757 suis
920 2677 1241 2753 rectoribus
1290 2693 1564 2748 destituta
1622 2689 1683 2744 in
1726 2686 1994 2742 ultimam
2045 2684 2358 2756 perniciem
2417 2682 2626 2738 adduci
2671 2682 2856 2752 caepit.
2889 2681 3097 2736 Civiles
3146 2679 3300 2735 enim
3351 2677 3649 2734 discordias
3683 2681 3740 2732 et

336 2801 600 2873 potentes
650 2804 956 2865 procerum
991 2785 1292 2853 factiones,
1339 2797 1474 2837 cum
1524 2792 1816 2836 summam
1869 2779 2219 2847 potestatem
2271 2774 2338 2828 ad
2388 2789 2450 2828 se
2498 2788 2698 2844 rapere
2745 2769 2961 2841 singuli
2999 2768 3230 2838 vellent,
3278 2768 3469 2825 omnia
3526 2767 3739 2822 misere

336 2858 696 2944 turbarunt:
728 2885 785 2936 at
815 2877 1096 2942 caedibus,
1143 2877 1243 2929 aut
1298 2870 1539 2940 rapinis,
1571 2871 1671 2923 aut
1712 2864 2026 2931 veneﬁciis,
2062 2880 2188 2934 quas
2245 2863 2486 2918 lectores
2535 2875 2764 2932 quoque
2815 2859 2987 2914 taedio
3016 2858 3304 2924 afﬁciunt,
3335 2858 3730 2922 obscuratam,

336 2994 468 3034 raro
500 2976 571 3032 ad
601 2975 837 3044 nepotes
869 2965 1298 3024 transtulerint.
1332 2962 1425 3017 Sic
1457 2960 1566 3015 Leo
1604 2957 1741 3014 olim
1773 2955 2089 3044 Isauricus,
2123 2955 2210 3010 sic
2250 2953 2627 3024 Nicephorus,
2678 2951 2761 3006 sic
2798 2949 3042 3005 Michael
3097 2948 3329 3017 Balbus,
3363 2948 3446 3004 sic
3479 2946 3734 3003 Basilius

336 3066 592 3123 Macedo.
642 3037 1012 3118 Constantini
1070 3070 1232 3120 avus,
1263 3053 1335 3107 ab
1387 3047 1634 3121 ignobili
1663 3045 1887 3118 origine
1929 3043 2003 3100 ad
2050 3058 2384 3114 supremum
2435 3041 2729 3112 fastigium
2782 3040 3032 3110 provecti
3094 3042 3508 3094 memorantur.
3539 3037 3736 3093 Virtus

336 3171 503 3228 porro
535 3156 591 3209 et
619 3149 797 3224 gloria
827 3151 1221 3202 Romanorum
1253 3138 1636 3202 exercituum,
1670 3135 1932 3191 nummis
1963 3137 2018 3188 et
2049 3131 2293 3201 publicis
2343 3130 2740 3186 monumentis
2772 3128 3056 3198 quondam
3089 3127 3398 3192 celebrata,
3422 3126 3647 3182 desidia
3679 3129 3737 3180 et

336 3214 543 3299 inertia
573 3214 692 3295 tuum
727 3237 900 3308 plane
931 3234 1264 3298 evanuerat,
1301 3225 1568 3300 praesidia
1597 3222 1934 3295 regionibus
1964 3219 2259 3292 imposita,
2295 3218 2450 3273 haud
2489 3217 2744 3272 invalida
2778 3215 2877 3271 illa
2903 3215 3156 3286 quidem,
3191 3219 3292 3270 aut
3322 3215 3549 3287 exigua,
3583 3214 3742 3270 hosti

339 3331 510 3389 feroci
545 3333 601 3384 et
634 3325 846 3382 callido
879 3339 991 3378 non
1020 3317 1409 3382 sufficiebant,
1441 3331 1547 3370 nec
1591 3312 1712 3369 ulla
1741 3327 1874 3382 spes
1914 3311 1974 3366 in
2006 3309 2237 3365 auxiliis
2281 3308 2665 3363 finitimarum
2697 3305 2960 3377 gentium
2993 3312 3133 3372 erat,
3167 3303 3300 3360 licet
3329 3303 3389 3358 in
3421 3304 3747 3374 provincias

339 3420 643 3490 descripta
677 3415 851 3471 urbes
912 3409 1201 3485 praefectis
1248 3407 1521 3476 subjectae
1569 3406 1781 3458 essent.
1814 3401 1960 3456 Hinc
2008 3399 2496 3471 Opportunitatem
2552 3395 2892 3452 contermini
2946 3395 3146 3467 populi
3193 3395 3366 3460 nacti,
3401 3394 3548 3450 fines
3579 3395 3745 3467 regni

342 3509 530 3582 magis
562 3506 865 3578 magisque
905 3499 1358 3561 imminuerunt,
1410 3511 1524 3549 non
1560 3491 1874 3548 ambitione
1923 3494 2020 3545 aut
2068 3486 2440 3544 amulatione
2467 3485 2683 3558 gloriae,
2716 3487 2818 3541 sed
2849 3486 3000 3556 quod
3034 3488 3303 3556 angustis
3332 3484 3596 3540 terminis
3635 3487 3750 3540 im-

343 3572 550 3656 mensa
587 3572 901 3650 multitudo
934 3587 1220 3644 contineri
1251 3601 1365 3639 non
1397 3585 1642 3653 poterat,
1676 3581 1747 3635 ad
1797 3595 1955 3634 arma
1993 3576 2410 3634 commovenda
2467 3573 2719 3630 excitati.
2772 3573 3026 3628 Turbata
3049 3573 3174 3643 jam
3205 3573 3418 3628 dudum
3448 3572 3656 3645 Apulia
3689 3577 3748 3628 et

343 3687 609 3744 Calabria
641 3687 781 3753 erat,
815 3679 1011 3736 Sicilia
1041 3676 1303 3743 nutabat,
1337 3689 1463 3745 qua:
1497 3670 1869 3726 Occidentem
1899 3683 2099 3723 versus
2129 3666 2309 3721 unicae
2359 3663 2523 3736 regni
2571 3663 2916 3734 amplissimi
2963 3662 3219 3734 reliquiae
3253 3667 3439 3730 erant,
3474 3661 3679 3734 partim
3714 3679 3750 3716 a

347 3773 738 3849 Longobardis
769 3772 1088 3840 occupatae,
1120 3764 1336 3837 partim
1386 3760 1789 3849 frequentibus
1837 3758 2253 3813 Saracenorum
2303 3773 2370 3811 ex
2401 3755 2592 3810 Africa
2623 3752 3060 3810 incursionibus
3100 3754 3331 3810 attrita-3.
3366 3754 3482 3810 Nec
3539 3753 3747 3809 Oriens

343 3842 623 3922 immotus
651 3865 796 3929 erat,
829 3873 959 3914 cum
989 3852 1272 3924 Scythicis
1317 3854 1374 3907 et
1402 3848 1657 3905 Arabicis
1704 3846 1975 3919 gentibus
2005 3844 2252 3900 inermes
2311 3843 2637 3915 provinciae,
2688 3847 2747 3898 et
2803 3858 3036 3914 semper
3063 3842 3329 3899 hostibus
3361 3843 3655 3914 exposite,
3687 3844 3748 3898 in

347 3955 597 4027 pretium
632 3949 765 4007 belli
813 3946 1152 4012 cessissent,
1192 3958 1342 4014 quas
1389 3939 1603 3995 frustra
1651 3936 1832 3992 Graeci
1881 3935 2062 3990 armis
2103 3936 2460 4006 repetebant.
2513 3935 2668 3988 Inter
2717 3931 2838 3987 haec
2877 3932 3093 3987 mirum
3146 3936 3254 3999 est,
3289 3941 3502 4004 quanto
3556 3933 3750 3988 studio

348 4021 728 4116 imperatores
750 4037 943 4095 adnixi
975 4034 1111 4102 sint,
1147 4040 1206 4088 ut
1229 4031 1504 4101 majestas
1537 4044 1643 4083 sua
1671 4031 1727 4082 et
1770 4026 2025 4097 potentia
2064 4024 2392 4080 veneranda
2421 4024 2653 4095 popu!is
2685 4038 2751 4078 ac
2782 4021 3059 4078 terribilis
3099 4030 3268 4090 esset,
3323 4039 3426 4079 nec
3457 4023 3640 4080 fracta
3668 4027 3758 4080 tot

351 4130 810 4196 calamitatibus,
842 4130 945 4183 aut
974 4123 1308 4190 imminuta,
1339 4120 1654 4174 videretur.
1699 4115 1848 4170 Hinc
1898 4114 1995 4170 ille
2025 4113 2428 4169 ministrorum
2462 4112 2628 4183 regni
2662 4127 2965 4180 numerus,
2999 4111 3139 4167 hinc
3168 4112 3552 4184 triumphalia
3582 4130 3758 4170 orna-

352 4231 545 4278 menta
575 4225 632 4275 et
663 4233 906 4290 pompae,
942 4215 1074 4268 hinc
1105 4213 1394 4266 circenses
1428 4208 1545 4261 ludi
1579 4211 1636 4260 et
1686 4205 2014 4274 spectacula
2063 4202 2284 4258 civibus
2315 4202 2489 4271 edita,
2521 4201 2658 4257 hinc
2699 4217 3005 4258 munerum
3039 4201 3331 4259 solemnes
3364 4206 3752 4276 erogationes,

353 4315 411 4366 et
441 4311 488 4364 si
519 4325 645 4379 quas
677 4305 792 4361 alia
822 4307 920 4358 aut
952 4299 1198 4372 principi
1231 4299 1436 4353 decora
1464 4298 1564 4350 aut
1593 4297 1830 4362 accepta
1872 4292 2061 4362 vulgo,
2112 4291 2482 4363 putabantur.
2527 4291 2620 4346 Sic
2665 4308 2798 4347 vero
2830 4296 3158 4364 temporum
3182 4308 3449 4351 successu
3483 4296 3757 4352 ωτατίυω

354 4399 705 4455 exhaustum
757 4399 865 4458 est,
896 4393 954 4444 ct
986 4385 1230 4442 mollitie
1279 4399 1344 4439 ac
1398 4383 1511 4437 otio
1559 4381 1912 4450 imperantes
1962 4383 2018 4436 et
2063 4380 2310 4450 subjecti
2353 4380 2798 4437 contabuerunt.
2845 4380 2970 4436 Non
3019 4381 3162 4438 adeo
3221 4387 3420 4438 tamen
3471 4382 3758 4439 virtutum

357 4485 581 4544 sterilia
612 4483 734 4537 hac
764 4476 979 4536 secula
1012 4477 1189 4540 fuere,
1215 4478 1280 4528 ut
1313 4488 1426 4526 non
1459 4476 1513 4525 et
1543 4469 1696 4524 bona
1713 4467 1979 4539 exempla
2009 4468 2391 4539 prodiderint,
2417 4468 2531 4524 imo
2556 4468 2747 4539 plures
2779 4469 3114 4540 Byzantium
3148 4470 3532 4540 habuit,quos
3554 4471 3758 4538 Italiae,

355 4575 563 4631 studiis
593 4572 920 4627 litterarum
954 4563 1248 4636 quondam
1282 4557 1730 4626 florentissima,
1752 4564 1873 4611 tum
1905 4555 2003 4612 illo
2035 4556 2256 4612 lumine
2289 4557 2605 4627 destitutae,
2636 4562 2976 4629 opponeret.
3000 4560 3138 4612 Cum
3177 4556 3355 4623 enim,
3380 4574 3413 4611 a
3438 4556 3758 4613 Justiniani

356 4669 544 4730 aetate,
576 4669 727 4716 artes
761 4657 1000 4725 antiqua
1030 4651 1308 4724 religione
1341 4647 1505 4720 pauci
1538 4664 1638 4718 per
1669 4645 1893 4701 Italiam
1922 4644 2267 4711 excolerent,
2309 4646 2462 4716 quod
2509 4647 2766 4713 Barbari,
2787 4647 2996 4717 quibus
3030 4650 3150 4700 tum
3184 4660 3384 4716 parere
3415 4646 3758 4718 cogebatur,

355 4755 429 4810 iis
463 4751 686 4807 animos
717 4742 1065 4809 effeminari,
1111 4756 1176 4796 ac
1222 4737 1487 4794 bellicam
1536 4735 1813 4790 virtutem
1863 4735 2137 4806 opprimi,
2187 4735 2517 4803 credebant,
2552 4735 2768 4790 Graecia
2799 4733 3168 4804 Procopium,
3202 4734 3534 4803 Agathiam,
3565 4736 3760 4792 Theo-

358 4843 632 4916 Ph‘mem:
661 4832 960 4910 Ρτδέείδηίί
990 4831 1316 4888 eruditione
1346 4827 1518 4916 Viroﬁ.
1553 4823 1778 4916 83mm:
1813 4823 1912 4916 His
1943 4823 2320 4916 _non‘impa‘r
2353 4825 2458 4879 fuit
2487 4825 2704 4881 Paulus
2745 4822 3130 4893 Silentiarius,
3168 4822 3431 4894 pulchris
3463 4826 3762 4899 doctisque

359 4909 720 4988 carminibus
749 4924 1004 4990 inclitus,
1039 4935 1171 4975 cum
1203 4932 1416 4989 magna
1449 4914 1550 4970 illa
1578 4913 1813 4986 ingenia
1843 4912 2064 4968 dudum
2097 4911 2156 4967 in
2190 4912 2357 4969 Italia
2387 4913 2724 4977 cessissent,
2757 4915 2813 4966 et
2845 4909 3155 4981 strepitum
3193 4917 3492 4984 poetarum
3525 4916 3759 4971 Latino.

360 5035 490 5077 rum
520 5018 614 5073 vix
643 5032 708 5073 ea
737 5020 1019 5084 tempora,
1071 5007 1291 5081 quibus
1344 5004 1671 5078 prodibant,
1718 5003 1866 5057 ferre
1913 5005 2172 5073 possent.
2207 5003 2339 5071 Sed,
2375 5010 2435 5058 ut
2466 5003 2536 5057 ad
2588 5000 2820 5072 propria
2869 4999 3197 5070 veniamus,
3233 5003 3366 5073 quis
3396 5004 3620 5070 Photio,
3657 5005 3760 5076 qui

361 5108 557 5165 Basilii
581 5102 912 5161 Macedonis
943 5101 1172 5155 aetatem
1196 5095 1533 5162 illustravit,
1567 5093 1699 5161 quis
1729 5091 1995 5147 omnium
2029 5092 2360 5164 principum
2405 5091 2601 5158 Leoni,
2635 5090 2727 5144 cui
2775 5088 3042 5145 doctrina
3073 5096 3129 5147 et
3160 5100 3436 5164 paternus
3466 5094 3524 5149 in
3557 5094 3759 5150 Musas

361 5200 594 5255 animus
623 5192 914 5266 Sapientis
944 5202 1264 5259 cognomen
1298 5183 1690 5252 addidit,jure
1716 5187 1912 5252 posset
1934 5181 2316 5254 aequiparari?
2345 5183 2409 5236 In
2441 5181 2527 5250 [L.
2560 5179 2708 5251 XIV]
2741 5183 2867 5251 ejus
2896 5181 3132 5252 quidem
3166 5184 3370 5240 edictis
3401 5183 3761 5242 declamato-

361 5291 513 5346 rium
552 5287 743 5358 potius
773 5280 1002 5340 dicendi
1033 5295 1238 5350 genus,
1271 5292 1445 5348 quam
1478 5274 1578 5330 illa
1611 5273 1862 5344 gravitas
1894 5278 1950 5328 et
1982 5273 2256 5344 majestas
2287 5273 2585 5340 orationis,
2619 5286 2740 5342 quae
2771 5273 3027 5344 antiquis
3059 5273 3232 5343 inest,
3264 5276 3758 5348 deprehenditur;

364 5381 465 5438 sed
498 5381 615 5435 hac
646 5379 882 5432 fortasse
914 5384 1241 5442 temporum
1260 5367 1452 5438 culpa,
1476 5370 1533 5421 et
1549 5364 1710 5436 quasi
1737 5365 1946 5436 genius
1970 5365 2209 5435 quidam
2236 5363 2360 5419 fuit.
2384 5363 2770 5420 Constantino
2793 5364 3360 5436 Porphyrogenneto,
3387 5367 3593 5423 Leonis
3616 5367 3764 5438 ﬁlio,

364 5474 667 5542 acceptum
697 5464 954 5528 ferimus,
987 5461 1136 5532 quod
1170 5463 1397 5515 vetusta
1438 5455 1713 5511 memoria
1753 5471 1864 5509 non
1905 5454 2077 5527 plane
2117 5454 2420 5523 interierit,
2457 5469 2594 5509 cum
2639 5455 2869 5511 Diodori
2916 5455 3115 5524 Siculi,
3147 5455 3348 5510 Dionis
3389 5455 3585 5525 Cassii,
3621 5457 3764 5516 alio-

361 5578 516 5629 rum,
549 5557 949 5623 monumenta,
975 5549 1190 5607 litteris
1219 5548 1453 5615 tradita,
1488 5563 1554 5602 ex
1586 5545 1685 5601 illa
1717 5545 1981 5602 Palatina
2009 5545 2366 5602 bibliotheca
2396 5544 2456 5600 in
2489 5545 2678 5604 lucem
2712 5555 3008 5616 utcunque
3039 5544 3363 5615 protulerit,
3409 5547 3678 5621 princeps
3713 5552 3769 5604 et

361 5658 488 5728 ipse
518 5650 743 5724 egregie
773 5649 978 5705 doctus
1009 5647 1068 5700 et
1097 5643 1459 5699 eruditorum
1514 5639 1701 5696 cultor
1748 5649 1800 5695 et
1845 5639 2090 5695 antistes
2123 5637 2432 5695 maximus.
2477 5637 2587 5697 Sed
2636 5641 2709 5696 de
2738 5634 3103 5695 Constantini
3149 5636 3376 5708 scriptis
3405 5641 3463 5695 et
3494 5639 3552 5696 in
3585 5641 3771 5697 bona;
