4074 6220
302 349 380 407 53
910 348 1012 406 DE
1051 347 1234 409 VITA
1278 348 1380 408 ET
1425 347 1674 410 REBUS
1722 347 1988 410 GESTIS
2035 347 2574 411 CONSTANTINI
2623 351 3131 415 PORPHYROG.
3645 357 3723 419 54

306 482 363 537 in
388 482 729 536 Macedonia
759 497 892 536 cum
919 482 1132 536 Graecis
1186 497 1394 537 manus
1433 482 1748 552 commisit,
1800 499 1949 554 quo-
1980 489 2027 550 Α
2061 481 2322 538 Thracis
2351 481 2653 538 castellum
2677 483 2814 556 (19),
2835 501 3172 557 aggressus,
3206 487 3370 544 clade
3389 489 3724 546 incredibili

303 586 430 626 rum
467 587 609 641 pars
643 571 897 625 maxime
921 586 1092 636 caesa,
1126 569 1333 640 reliqui
1364 572 1421 625 in
1485 571 1680 643 fugam
1712 572 1958 643 conjecti

304 665 468 726 sunt,
503 661 713 725 duces,
757 659 1034 714 abscissis
1083 659 1348 725 naribus,
1379 660 1689 715 inhonesta
1717 660 1959 716 vulnera

307 749 558 804 domum
596 747 856 802 retulere.
907 746 1053 802 Hinc
1086 751 1212 808 Leo,
1248 763 1353 803 suo
1406 747 1579 804 militi
1639 765 1754 804 non
1813 749 1958 806 satis

310 838 599 904 conﬁsus,
633 838 843 892 Turcos
871 837 985 904 (sic
1017 841 1142 890 tum
1195 837 1407 908 Ungari
1467 837 1865 908 vocabantur),
1895 839 1956 894 in

314 944 419 984 eos
447 925 771 991 concitavit,
798 925 923 997 qui,
970 925 1115 980 Istro
1143 932 1434 996 superato,
1468 926 1802 997 Bulgariam
1833 944 1958 984 cre-

321 1017 443 1072 bris
491 1014 923 1070 incursionibus
959 1018 1238 1070 vexarunt
1267 1014 1402 1086 (16).
1436 1015 1619 1071 Leone
1647 1021 1956 1086 exstincto,

322 1121 451 1161 cum
481 1104 702 1159 Simeon
735 1102 1045 1173 imperium
1079 1119 1112 1156 a
1151 1104 1512 1158 Constantini
1534 1105 1829 1160 tutoribus
1862 1121 1958 1160 ne-

320 1193 614 1266 gligontius
670 1192 820 1261 geri,
849 1196 911 1246 et
956 1195 1193 1247 externa
1223 1192 1348 1247 sine
1378 1207 1520 1248 cura
1549 1192 1770 1260 haberi,
1806 1195 1960 1250 vide-

314 1288 416 1349 ret,
450 1296 654 1336 rursus
685 1279 967 1350 Byzantio
997 1297 1130 1335 cum
1166 1281 1372 1336 robore
1421 1281 1710 1338 exercitus
1759 1284 1959 1338 immi-

305 1372 452 1436 nuit,
486 1369 825 1440 castrisque
854 1369 929 1425 ad
960 1370 1164 1425 urbem
1198 1369 1430 1440 positis,
1464 1371 1576 1427 late
1615 1373 1814 1428 omnia
1843 1379 1959 1430 ter-

302 1477 427 1516 rore
451 1460 791 1530 complevit.
819 1458 1112 1531 Prtscipue
1136 1474 1328 1530 regem
1351 1460 1512 1516 illata
1545 1461 1617 1516 ab
1630 1462 1957 1520 Alexandro

299 1547 707 1620 imp.iujuria,
733 1551 1062 1619 spretaeque
1090 1553 1450 1620 arroganter,
1470 1564 1618 1620 quas
1644 1549 1954 1619 obtulerat,

298 1639 466 1710 pacis
497 1636 871 1692 conditiones
900 1638 968 1691 ad
1000 1635 1312 1692 vindictam
1332 1637 1725 1694 sollicitabant
1747 1641 1876 1711 (17).
1910 1645 1950 1695 Α

297 1741 420 1797 quo
453 1729 650 1780 tamen
683 1723 928 1779 consilio
954 1724 1232 1779 mcsnium
1255 1725 1418 1781 urbis
1445 1725 1716 1794 altitudo,
1737 1733 1792 1783 et
1822 1745 1954 1799 pro-

298 1814 658 1887 pugnacula,
679 1812 877 1883 ipsum
912 1813 1374 1882 absterruerunt,
1410 1819 1492 1878 ut,
1525 1815 1831 1872 obsidione
1860 1833 1952 1873 so-

299 1906 451 1973 luta,
508 1919 712 1975 pacem
766 1903 1005 1968 Grecis,
1073 1919 1248 1974 quam
1309 1903 1425 1959 fere
1482 1904 1950 1976 desperaverant,

303 1998 519 2065 sponte
576 1993 936 2060 concederet,
986 1996 1086 2048 aut
1145 1993 1334 2063 potius
1385 1994 1662 2050 venderet
1699 1996 1829 2066 (1.8).
1890 1996 1952 2052 In

312 2083 524 2138 itinere
551 2083 879 2148 Thraciam,
901 2097 1052 2151 saepe
1084 2082 1266 2138 armis
1300 2083 1652 2154 perculsam,
1689 2083 1950 2152 vastavit,

315 2176 376 2225 et
406 2171 827 2242 Adrianopolim
861 2185 997 2226 cum
1027 2171 1278 2228 exercitu
1311 2173 1510 2239 movit,
1544 2187 1714 2242 quam
1748 2179 1954 2229 natura

307 2278 440 2325 sua,
476 2269 530 2315 et
576 2276 758 2330 opere,
806 2261 1207 2329 munitiorem,
1241 2277 1412 2331 quam
1461 2265 1523 2316 ut
1552 2263 1678 2332 capi
1734 2266 1951 2333 posset,

302 2350 633 2421 proditione
663 2350 836 2422 cepit,
883 2365 1001 2404 non
1052 2350 1149 2405 diu
1180 2353 1374 2406 tamen
1416 2351 1624 2406 tenuit.
1685 2354 1953 2421 Augusta

2068 571 2418 643 prostravit;
2453 574 2551 628 sed
2583 589 2718 628 cum
2740 575 2970 630 subitus
3006 580 3194 632 terror
3230 578 3374 635 forte
3406 580 3592 651 copiis
3614 581 3722 636 ob-

2059 660 2252 731 jcctus
2282 665 2457 729 esset,
2491 660 2766 718 inclinata
2796 664 2940 732 acie,
2962 665 3098 736 fuga
3120 663 3358 724 ordines
3387 671 3720 727 turbarunt.

2067 750 2287 814 Quibus
2343 750 2624 820 dispersis
2700 752 2933 808 Simeon
2991 769 3122 808 cum
3190 755 3414 828 reliquo
3463 760 3713 814 exercitu

2064 839 2423 908 supervenit,
2459 844 2799 910 tantamque
2841 849 3094 913 stragem
3122 843 3324 911 edidit,
3358 850 3420 901 ut
3439 847 3531 902 vix
3563 863 3714 902 nun-

2065 926 2186 983 tius
2217 928 2344 997 ejus
2366 928 2706 996 Byzantium
2727 930 2959 985 rediret.
2983 931 3182 986 Tanta
3205 933 3557 991 calamitatis
3588 937 3717 991 cul-

2065 1033 2198 1086 pam
2247 1016 2483 1088 plurimi
2527 1019 2587 1072 in
2641 1017 2970 1074 Romanum
3018 1020 3402 1092 Lecapeuum,
3439 1023 3609 1079 classi
3643 1030 3704 1080 et

2065 1122 2178 1160 ora
2209 1107 2516 1162 maritima)
2549 1107 2906 1178 prafectum,
2944 1110 3290 1173 referebant,
3333 1115 3488 1183 quod
3520 1114 3716 1169 littora

2065 1211 2196 1250 cum
2229 1195 2566 1250 triremibus
2609 1195 2800 1267 legere
2823 1197 3051 1268 jussus,
3084 1197 3566 1258 Patzinaoitarum
3599 1205 3710 1273 (20)

2065 1283 2283 1338 auxilia
2311 1299 2429 1339 non
2469 1284 2801 1354 traiecerat,
2833 1292 2932 1340 aut
2969 1286 3294 1358 fugientem
3343 1289 3585 1346 militem
3619 1307 3714 1346 ex-

2065 1377 2316 1444 ceperat.
2364 1371 2665 1443 Vulgatior
2694 1373 2849 1428 fama
2881 1379 2989 1441 est,
3044 1375 3318 1446 Leonem,
3351 1378 3451 1432 ubi
3505 1379 3720 1434 Roma-

2068 1477 2231 1528 num,
2257 1461 2598 1534 Byzantium
2618 1463 2967 1533 profectum,
2992 1464 3375 1522 cumNicolao
3399 1468 3722 1538 patriarcha

2067 1551 2312 1606 consilia
2341 1551 2412 1606 de
2464 1566 2642 1622 regno
2683 1550 2905 1622 agitare
2935 1559 3299 1623 cognoverat,
3331 1555 3548 1610 omissa
3581 1555 3720 1611 belli

2067 1639 2213 1706 alea,
2247 1639 2438 1708 ipsum
2484 1645 2824 1712 praevertere
2853 1641 3110 1696 voluisse
3147 1643 3282 1712 (21).
3313 1643 3598 1715 Bulgaros
3629 1661 3718 1700 re-

2068 1743 2253 1801 gnum
2289 1744 2404 1784 non
2439 1727 2625 1784 multo
2657 1733 2790 1801 post
2815 1728 3024 1787 iterum
3057 1731 3293 1786 adortos
3331 1733 3464 1802 (22),
3489 1733 3720 1790 Graeco-

2072 1834 2202 1873 rum
2230 1817 2422 1888 copias
2453 1818 2522 1874 ad
2557 1819 2882 1890 Catasyrtas
2934 1819 3299 1891 proﬂigasse,
3334 1821 3487 1877 fama
3512 1823 3716 1878 eadem

2069 1907 2220 1962 tulit.

2136 1997 2233 2052 III.
2258 1995 2404 2052 Elati
2437 2000 2524 2052 tot
2550 1996 2812 2052 victoriis
2844 1997 3076 2053 Barbari
3125 2000 3195 2054 ad
3231 2000 3432 2056 urbem
3487 2017 3720 2073 quoque

2061 2088 2339 2142 terrorem
2362 2085 2746 2157 pertulerant,
2774 2085 2874 2141 ubi
2893 2090 3104 2143 cuncta
3125 2087 3429 2145 discordiis
3449 2089 3718 2145 civilibus

2061 2175 2236 2242 fessa,
2271 2174 2552 2246 populum
2586 2175 2796 2231 seditio
2824 2175 3161 2232 incesserat.
3188 2177 3509 2245 Romanus,
3546 2179 3702 2249 quod

2062 2279 2176 2318 non
2209 2263 2436 2319 miserit
2465 2263 2752 2329 triremes,
2781 2279 3027 2334 quarum
3059 2264 3316 2320 subsidio
3358 2267 3575 2320 auxilia
3606 2271 3719 2320 tra-

2054 2351 2400 2421 jicerentur,
2423 2351 2485 2406 in
2506 2351 2606 2420 jus
2635 2355 2876 2406 vocatus
2905 2355 2995 2405 est
3020 2367 3033 2405 :
3058 2351 3401 2407 damnatum
3427 2353 3715 2408 sententia

298 2441 485 2503 enim,
520 2456 554 2494 a
582 2438 986 2506 Constantino,
1010 2439 1108 2510 qui
1144 2438 1713 2495 matrisdesiderium
1729 2439 1950 2494 diutius
2052 2441 2346 2511 judicum,
2381 2440 2538 2495 favor
2577 2442 2856 2511 Auguste
2914 2439 3164 2494 servavit
3194 2440 3326 2510 (23).
3379 2444 3447 2494 At
3490 2441 3619 2508 Leo,
3651 2441 3705 2497 is

301 2532 454 2585 ferre
493 2545 608 2585 non
659 2533 901 2598 poterat,
962 2528 1208 2599 imperio
1262 2529 1474 2584 iterum
1534 2530 1788 2596 admota,
1845 2529 1950 2585 do-

287 2622 386 2674 nis
416 2619 503 2686 [L.
540 2618 689 2689 XVI]
723 2616 955 2682 oblatis,
997 2619 1204 2672 urbem
1247 2619 1472 2690 recipit,
1508 2634 1640 2672 mox
1669 2618 1780 2674 icto
1811 2634 1947 2678 cum

287 2709 604 2764 Saracenis
639 2707 875 2774 foedere,
909 2707 1008 2778 qui
1040 2709 1096 2761 et
1128 2706 1457 2762 maritimas
1489 2705 1668 2764 Italiae
1727 2724 1860 2763 oras
1890 2712 1950 2764 et

287 2797 588 2852 Orientem
607 2795 890 2851 hactenus
922 2795 1318 2861 turbaverant,
1341 2796 1496 2850 omni
1528 2795 1783 2852 exercitu
1805 2813 1949 2851 con-

286 2891 499 2950 tracto,
557 2886 845 2940 fortunam
882 2883 1017 2940 belli
1051 2884 1108 2938 in
1169 2883 1444 2956 Bulgaros
1477 2885 1746 2956 experiri,
1805 2901 1948 2956 gen-

295 2983 539 3046 temque
596 2973 842 3030 ferocem
896 2978 952 3029 et
982 2973 1315 3046 ambiguam
1374 2974 1554 3030 armis
1586 2973 1945 3044 exscindere,

291 3065 528 3120 statuit.
562 3065 639 3118 Ea
666 3062 962 3133 provincia
990 3062 1164 3118 Leoni
1200 3062 1422 3132 Pbocas,
1454 3064 1818 3120 terrestrium
1851 3079 1943 3119 co-

2059 2529 2159 2599 qui
2190 2544 2378 2598 nuper
2397 2544 2634 2584 summo
2667 2543 2801 2583 cum
2829 2527 3074 2598 imperio
3096 2528 3302 2592 fuerat,
3335 2528 3716 2585 Constantini

2057 2617 2333 2684 eunuchi,
2368 2617 2622 2672 multum
2664 2616 2875 2688 opibus
2905 2622 2962 2672 et
2981 2617 3168 2687 gratia
3208 2616 3476 2680 valentis,
3509 2633 3705 2687 opera,

2057 2709 2129 2765 ad
2153 2707 2262 2764 hoc
2292 2706 2528 2764 tentatis
2551 2705 2805 2762 militum
2839 2704 3079 2781 animis,
3122 2705 3531 2776 imperatorem
3563 2706 3709 2761 solio

2057 2797 2369 2854 deturbare
2381 2813 2580 2852 ausus.
2606 2794 2850 2850 Romani
2868 2794 3561 2861 insidiisoircumvsntus,
3583 2811 3720 2850 ocu-

2055 2886 2392 2952 lisorbatur,
2411 2884 2636 2956 pridem
2655 2888 2981 2954 suspectus,
2997 2884 3160 2954 quasi
3177 2881 3310 2955 plus
3325 2900 3502 2955 quam
3516 2884 3710 2938 civilia

2057 2975 2301 3047 agitaret
2332 2974 2465 3046 (24).
2492 2973 2786 3029 Romanus
2807 2971 2986 3037 enim,
3019 2989 3051 3025 a
3071 2972 3393 3040 Theodoro,
3427 2973 3710 3028 Constan-

2057 3064 2168 3121 tini
2200 3063 2501 3135 magistro,
2520 3062 2580 3116 in
2603 3061 2795 3118 aulam
2817 3065 3106 3127 evocatus,
3139 3065 3205 3116 ut
3230 3077 3430 3132 pacem
3457 3061 3712 3116 etliber-

296 3154 521 3226 piarum
580 3132 715 3207 duci
768 3152 976 3219 evenit,
1037 3152 1136 3223 qui
1194 3151 1394 3209 hostes
1461 3155 1532 3209 ad
1605 3152 1946 3222 Acheloum,
1978 3132 2022 3200 (ἶ
2061 3157 2262 3220 tatem,
2295 3132 2353 3208 et
2396 3151 2640 3206 domum
2697 3153 3022 3219 Augustam
3057 3153 3428 3214 sustentaret,
3461 3148 3616 3205 nolle
3646 3165 3708 3204 se

1908 3251 2142 3308 NOTAE.

289 3366 504 3405 omnem
531 3353 816 3420 regionem
848 3350 1096 3416 illorum,
1129 3366 1298 3420 usque
1335 3349 1406 3405 ad
1434 3359 1647 3420 portam
1679 3351 1950 3407 Constan-

292 3424 719 3493 tinopolitanam
757 3422 1095 3478 devastando
1126 3421 1509 3493 insequuntur.
1532 3423 1598 3477 Et
1628 3424 1830 3493 paucis
1859 3425 1951 3478 in-

292 3495 587 3564 terjectis:
653 3495 787 3562 Quis
831 3494 1132 3562 gentilium
1166 3495 1470 3548 Avarorum
1524 3499 1734 3562 strage:
1783 3497 1954 3551 tantis

290 3565 780 3635 cangressionibu:
816 3564 1194 3620 enumerando
1223 3568 1394 3635 possit
1441 3582 1716 3634 exponere
1739 3569 1766 3620 ?
1823 3582 1957 3637 quo-

292 3638 450 3692 niam
485 3638 872 3706 Butgarorum,
898 3639 974 3690 ad
1007 3652 1137 3706 quos
1163 3638 1395 3692 victoria
1423 3641 1712 3705 concessit,
1759 3654 1954 3693 nume-

295 3725 355 3764 ro
380 3726 458 3763 xx
487 3711 678 3764 millia
717 3709 962 3779 equitum
993 3723 1139 3764 caesa
1171 3710 1562 3765 inveniuntur.

369 3782 484 3848 (16)
544 3780 774 3836 Contin.
832 3780 1094 3848 Tbeoph.
1167 3797 1220 3848 p.
1281 3781 1407 3837 234.
1470 3781 1582 3836 Leo
1632 3781 1952 3836 Grammat.

302 3868 361 3919 p.
388 3853 511 3904 488.
543 3852 774 3906 Simeon
797 3851 1036 3922 Logoth.
1062 3867 1118 3922 ρ.
1152 3852 1277 3906 472.

383 3923 498 3992 (17)
522 3923 706 3988 Citati,
733 3921 1073 3993 Luitprand.
1102 3921 1139 3978 l.
1177 3939 1258 3983 ιιι,
1287 3939 1333 3976 c.
1369 3925 1422 3977 7.
1457 3922 1723 3978 Theodos
1767 3923 1954 3977 Kiow.

306 3991 369 4046 in
435 3993 644 4048 Chron.
699 4011 752 4062 p.
809 3991 894 4060 19,
965 3993 1036 4048 ad
1088 4009 1182 4047 an.
1237 3994 1363 4050 914.
1424 3994 1758 4049 Elmacinus
1816 3994 1955 4048 Hist.

303 4063 506 4119 δαν-αδ.
538 4082 592 4135 p.
638 4063 772 4120 198:
823 4065 972 4121 Obiit
1029 4064 1355 4134 Alexander,
1387 4066 1479 4120 cui
1508 4068 1761 4120 successit
1815 4066 1954 4120 Con-

300 4140 603 4206 stantinus,
667 4137 860 4192 Leonis
934 4135 1107 4206 ﬁlius,
1169 4137 1236 4189 13
1291 4154 1568 4191 annorum
1621 4153 1772 4205 puer.
1807 4135 1961 4192 Misit

307 4211 676 4275 Butgarorum
715 4224 816 4265 rex
862 4208 932 4262 ad
964 4210 1389 4263 Constantinum
1448 4211 1859 4278 imperatorem,
1899 4215 1961 4264 ut

305 4294 554 4334 sororem
575 4297 733 4334 suam
754 4280 1104 4347 desponderet
1155 4281 1273 4344 eius
1321 4280 1439 4349 ﬁlio
1467 4295 1478 4334 :
1511 4279 1652 4350 quod
1694 4296 1820 4333 cum
1873 4293 1960 4334 re-

302 4358 625 4416 cusavisset,
654 4353 861 4422 praelia
909 4350 1085 4406 multa
1116 4352 1406 4406 commissa
1462 4357 1590 4406 sunt
1633 4369 1668 4406 a
1699 4352 1961 4406 Romanis

2059 3351 2380 3407 Turcorum
2414 3362 2607 3420 agros
2665 3345 2843 3420 armis
2899 3344 3276 3420 subegerunt.
3334 3344 3469 3402 Erat
3513 3349 3709 3402 autem

2063 3419 2427 3478 Constantini
2474 3416 2641 3476 {etate
2671 3417 2998 3474 Patzinacia
3023 3419 3215 3474 omnis
3253 3416 3312 3472 in
3339 3421 3468 3474 octo
3519 3423 3711 3488 partes

2064 3494 2267 3562 divisa,
2290 3507 2532 3563 quarum
2554 3489 2798 3562 singulas
2818 3490 3136 3563 praefectos,
3174 3504 3420 3563 quorum
3453 3494 3712 3559 potestas

2065 3581 2180 3620 non
2239 3560 2322 3619 se
2357 3563 2508 3618 ﬁlios
2566 3560 2674 3619 sed
2700 3561 3014 3632 patrueles,
3055 3561 3362 3622 transibat,
3394 3560 3708 3632 habebant.

2065 3637 2415 3706 Frequentia
2444 3633 2529 3706 eis
2561 3632 2764 3704 prcslia
2783 3649 2917 3689 cum
2949 3633 3170 3706 Turcis,
3198 3631 3714 3706 Moraviam‘eulen-

2066 3703 2239 3776 tibus,
2268 3708 2444 3761 fuere.
2488 3703 2804 3761 Cossum.
2840 3706 2914 3760 De
2943 3703 3153 3758 admin.
3194 3706 3474 3776 imperio.
3508 3703 3599 3776 37,
3623 3703 3711 3757 38.

2069 3773 2312 3843 Russos,
2345 3779 2765 3834 conterminam
2821 3780 3054 3847 gentem
3115 3790 3267 3847 anno
3323 3773 3430 3847 915_
3462 3774 3716 3847 primum

2067 3850 2348 3920 aggressi,
2375 3863 2513 3919 pace
2555 3845 3130 3920 composifzi,_sedes_
3148 3846 3217 3898 ad
3255 3845 3579 3920 Danubium
3615 3861 3714 3920 po-

2067 3914 2257 3977 suEre.
2290 3914 2569 3974 THlZODOS.
2606 3914 2761 3971 Kiov.
2795 3919 2865 3972 ad
2896 3917 2948 3969 h.
3008 3933 3062 3972 a.
3087 3915 3368 3970 Tenuisse
3399 3930 3497 3969 eos
3522 3914 3718 3986 plani-

2069 3994 2234 4057 tiem,
2294 4009 2327 4046 a
2373 3988 2731 4057 Borysthene
2793 3986 2964 4041 ﬂuvio
3009 3987 3079 4040 ad
3132 3986 3486 4057 Pannoniam
3531 4002 3718 4057 usque

2070 4005 2234 4057 tlem,
2294 4009 2327 4046 a
2373 4005 2484 4043 Hor
2524 4005 2731 4042 stnene
2793 4005 2964 4041 uuvm
3009 4005 3079 4040 au
3132 4005 3486 4040 rannonlam
3531 4005 3717 4057 usque

2070 4068 2414 4134 porrectam,
2450 4005 2542 4134 ubi
2576 4058 2870 4134 Moldavia
2893 4057 3066 4134 hodie
3097 4063 3150 4111 et
3171 4056 3435 4134 _Podolia
3464 4057 3585 4134 sita
3607 4063 3717 4122 est,

2069 4127 2273 4191 domos
2296 4131 2568 4187 habuisse
2609 4129 2825 4196 nullas,
2860 4130 2914 4184 in
2942 4128 3218 4199 plaustris
3255 4127 3430 4184 vitam
3463 4129 3717 4198 degisse,

2070 4215 2268 4264 auctor
2289 4210 2377 4259 est
2407 4203 2706 4258 Cedrenus
2732 4218 2788 4272 p.
2819 4199 2944 4258 775.

2140 4279 2250 4349 (21)
2303 4269 2912 4349 Luitprandus,'l._m,
2946 4271 3073 4349 c_._8.
3110 4269 3244 4349 Cum
3275 4270 3536 4349 Bulgaris
3561 4283 3717 4349 prae-

2069 4340 2215 4406 terea
2233 4340 2518 4418 pugnanti
2550 4346 2742 4418 Phocus
2787 4341 3101 4418 domestico,
3145 4340 3241 4418 qui
3296 4349 3349 4418 et
3387 4340 3717 4418 'ipse‘Pate-r

303 4433 354 4479 et
387 4411 676 4492 Bulgaria:
708 4424 900 4478 Videns
929 4422 1026 4478 hoc
1054 4422 1337 4489 Nicotaus,
1369 4432 1562 4478 auctor
1590 4423 1721 4492 fuit,
1757 4430 1813 4476 ut
1849 4423 1948 4476 Ro-
1986 4425 2031 4488 Ι)
2065 4411 2304 4476 Βαδῑίεόδ
2325 4411 2591 4492 ardenter
2621 4416 2744 4485 ﬁeri
2771 4414 3046 4492 cupiebat,
3071 4411 3288 4492 _i_n'ipsg
3321 4412 3454 4468 bello
3506 4411 3624 4482 jam
3656 4411 3720 4466 de

304 4512 500 4553 atauus
521 4495 826 4565 imperator
846 4495 1022 4562 ﬁeret,
1040 4497 1138 4562 qui
1159 4493 1529 4563 Bulgamrum
1559 4494 1677 4563 regi
1693 4492 1956 4565 ﬁliarum

307 4575 552 4623 altarum
580 4563 731 4622 dedit
787 4581 1038 4620 uxorem.
1089 4568 1224 4632 Quae
1273 4567 1343 4622 de
1374 4581 1552 4620 causa
1599 4563 1730 4620 belli
1765 4565 1959 4631 tradit,

312 4659 342 4696 ι
370 4656 506 4694 vero
529 4638 726 4696 aliena
756 4642 895 4692 sunt
927 4653 940 4691 :
974 4643 1127 4693 errat
1165 4642 1456 4706 praeterea,
1490 4638 1632 4691 dum
1664 4637 1785 4690 haec
1818 4649 1972 4690 anno

317 4714 454 4780 Heg.
488 4710 617 4775 309,
646 4725 771 4764 erae
801 4707 1058 4780 vulgaris
1089 4708 1214 4769 932,
1248 4709 1548 4774 accidisse,
1583 4707 1809 4780 scribit.

381 4777 491 4850 (t8)
526 4781 758 4836 Contin.
808 4777 1066 4849 Théoph.
1095 4797 1152 4851 p.
1184 4780 1307 4835 475.
1341 4780 1626 4835 Theodos.
1670 4779 1849 4834 Kiow.
1891 4777 1963 4832 ad

311 4871 401 4911 an.
432 4854 560 4908 915.

375 4927 488 4992 (19)
521 4924 842 4986 Cedrenus,

314 5006 360 5052 et
397 4998 507 5052 Leo
538 4995 860 5059 Grammat.
894 5012 949 5059 p.
985 4995 1088 5048 492
1119 4994 1333 5049 flumen
1375 5000 1596 5051 voeant.
1629 4993 1813 5048 Verba
1843 4993 1971 5059 ejus

314 5069 432 5124 hac
481 5072 670 5122 sunt:
724 5066 785 5122 Ὁ
824 5064 1264 5136 πόλεμος-μετά
1321 5067 1428 5118 τῶν
1488 5063 1820 5136 Βουλγάρων
1880 5061 1970 5116 καὶ

306 5137 790 5213 Ῥῳμαίων-πρὸς
828 5142 909 5207 τῷ
959 5134 1228 5213 Ἀχελώῳ
1277 5134 1676 5213 συγκεκρρτῃτὸ
1713 5134 1966 5204 ἀτοταμῷ,

310 5211 399 5264 καὶ
434 5207 511 5250 '—
553 5207 844 5280 τρέπὸνται
888 5207 1155 5280 Ῥωμξᾶῖοι
1216 5207 1535 5279 πανστρατί,
1579 5212 1970 5280 Romanosex

314 5284 415 5337 illo
469 5277 670 5352 praelia
702 5283 948 5336 victores
993 5277 1356 5347 discessisse,
1393 5277 1710 5335 'Credenus
1768 5277 1963 5343 tradit,

315 5363 620 5425 propterea
671 5370 704 5408 a
743 5353 951 5420 Goaro,
995 5353 1148 5425 notis
1177 5353 1254 5425 ad
1297 5353 1564 5416 Leonem,
1625 5352 1966 5425 castigatus.

314 5423 512 5480 Sedis
528 5425 808 5480 Zonaram
842 5424 1127 5490 sequitur,
1159 5423 1258 5494 qui
1293 5438 1417 5494 pag.
1457 5425 1578 5487 185,
1612 5440 1728 5477 non
1763 5423 1970 5475 instre-

317 5514 429 5550 nue
452 5512 574 5549 rem
606 5496 862 5565 gessisse
894 5496 1142 5557 Graecos,
1169 5493 1271 5550 nec
1295 5493 1663 5550 incruentam
1701 5493 1967 5562 Bulgaria

311 5569 621 5622 victoriam
650 5567 849 5632 fuisse,
877 5571 1179 5622 memorat.

383 5639 501 5708 (20)
540 5639 899 5716 Ρξιιξιηεοὶιφ
932 5637 1211 5708 principio
1242 5653 1341 5716 eas
1379 5637 1822 5716 regiones,quas
1867 5638 1967 5716 Ilzi

319 5705 521 5782 postea
551 5714 610 5765 et
639 5710 875 5767 Chazari
907 5705 1286 5780 occuparunt,
1329 5714 1585 5774 tenuere,
1619 5705 1753 5764 inde
1813 5705 1964 5777 pulsi

887 4940 942 4994 p.
984 4923 1110 4986 613,
1147 4923 1369 4978 Simeon
1398 4922 1753 4994 Logotheta,
1776 4937 1833 4989 p.
1867 4919 1972 4994 476

2069 4492 2312 4548 hostibus
2342 4489 2681 4562 triumphum
2712 4485 3118 4562 tenenti,_quid
3175 4502 3207 4540 a
3250 4485 3484 4562 Romano
3537 4492 3720 4562 actum

2084 4563 2177 4626 sit,
2199 4556 2526 4625 nuntiaturi
2580 4560 2680 4631 qui
2707 4573 2836 4612 mox
2874 4556 3063 4631 animo
3109 4560 3508 4631 consternatus,
3549 4556 3724 4631 nimio

2083 4636 2273 4690 dolore
2301 4627 2631 4703 compulsus,
2662 4631 2909 4685 victoria
2953 4629 3193 4703 signum,
3227 4643 3330 4699 quo
3389 4627 3560 4703 hostes
3587 4628 3725 4703 inse—

2081 4699 2656 4776 quebatur,projecit,
2682 4708 2843 4776 terga
2873 4703 3057 4766 vertit,
3071 4701 3272 4776 fugam
3309 4713 3432 4752 suos
3472 4699 3615 4753 inire
3644 4699 3725 4768 [e-

2079 4769 2179 4842 cit,
2211 4781 2321 4831 etc.
2346 4769 2437 4830 Sic
2459 4769 2634 4828 etiam
2667 4773 2960 4825 Cedrenus
2993 4769 3186 4872 p.613.

2156 4850 2266 4872 tarn
2308 4846 2510 4872 f‘-..l£—
2571 4843 2808 4872 mlum-“.1.
2870 4858 2902 4872 η
2950 4843 3044 4872 0.ι
3109 4845 3185 4872 ΟΛ

2155 4839 2267 4917 (⁷22)
2308 4846 2534 4900 Contin.
2571 4843 2925 4917 Theoph._p.
2950 4839 3076 4909 241,
3109 4845 3316 4917 georg.
3351 4839 3614 4917 ltlouach.

2082 4911 2318 4991 p.570,
2364 4918 2620 4991 Simeon.
2659 4911 2964 4991 [οδω-ηιμ..
3007 4929 3062 4983 p.
3101 4913 3222 4968 477.
3266 4911 3466 4991 stteri
3500 4911 3727 4991 diversa

2082 4982 2345 5054 tradunt,
2377 4997 2435 5042 ut
2483 4982 2821 5044 Zonaras'et
2854 4982 3170 5050 Cedrenus,
3203 4984 3304 5052 qui
3336 4983 3613 5052 Bulgaros
3637 4982 3722 5037 in-

2081 5062 2235 5134 genti
2260 5060 2419 5134 clude
2448 5062 2765 5130 prostratos
2795 5057 3019 5134 dicunt.

2151 5134 2263 5203 (23)
2349 5124 2577 5185 Simeon
2643 5127 2873 5203 Logoth.
2937 5124 3178 5203 ρη47β,
3234 5125 3346 5179 Leo
3393 5124 3726 5203 grammat.

2081 5195 2294 5276 p.192,
2327 5204 2528 5257 Zonar.
2569 5218 2616 5266 p.
2658 5199 2780 5254 186.
2807 5195 3067 5278 TbeOph.
3104 5196 3265 5250 Cont.
3391 5197 3496 5250 242
3521 5213 3610 5267 sq.

2153 5276 2263 5320 (2M
2300 5275 2501 5320 Praeter
2532 5270 2760 5320 citatos.
2803 5267 3146 5320 Lmtnrand.
3185 5281 3267 5320 ιιι.
3344 5282 3359 5320 :
3411 5270 3610 5320 Οιηηίε

2153 5267 2760 5347 (24)Preeter_citatos,
2803 5267 3359 5347 Luitp'ra‘nd.rm,__8:
3411 5270 3576 5347 Omni
3603 5282 3727 5347 cum

2075 5337 2428 5419 festinatione
2451 5343 2655 5419 Phocus
2674 5337 2995 5419 domesticus
3013 5340 3529 5419 Constantinopolin
3561 5337 3725 5419 redit,

2080 5410 2355 5490 palatium
2386 5413 2811 5490 ingredi_cupit,
2842 5418 2901 5490 et_
2937 5411 3227 5490 arteuﬁeri
3270 5410 3427 5490 pater
3490 5410 3729 5490 Basileos

2076 5483 2304 5559 satagit.
2331 5520 2398 5528 —
2422 5486 2521 5542 Sed
2551 5502 2584 5540 a
2613 5485 2848 5539 Romano
2869 5483 3162 5559 domestico
3180 5483 3534 5559 istecAapitur,
3565 5486 3730 5559 atque

2077 5553 2310 5632 utroque
2343 5561 2555 5613 lumine
2603 5559 2878 5632 privatur.
2911 5555 3096 5632 Aliter
3127 5554 3268 5632 Leo_
3298 5553 3618 5632 Gramhmat.
3671 5553 3728 5602 et

2077 5623 2338 5702 Theopb.
2375 5623 2692 5698 Continfp.
2748 5627 2872 5690 245,
2916 5628 3111 5702 inscio
3140 5632 3197 5678 et
3257 5625 3435 5680 invito
3467 5623 3724 5678 Romano

2079 5698 2309 5775 poenam
2334 5720 2366 5760 a
2402 5704 2584 5758 Pboca
2611 5705 2931 5770 sumptam,
2974 5698 3302 5770 prodentes.
