4074 6220
381 344 458 404 59
1526 340 1582 401 J.
1634 337 1719 399 H.
1769 336 2025 398 LECHII
2069 337 2650 404 COMMENTATIO
3706 346 3788 405 60

381 498 413 537 a
471 480 780 551 Polyeucto
841 474 1191 549 patriarcha,
1240 491 1355 530 non
1414 474 1601 530 multo
1645 476 1794 545 post,
1836 471 2019 528 sacris
2051 473 2104 539 Α
2138 478 2391 531 mentem
2424 485 2699 545 cerneret,
2734 482 2792 533 ut
2824 475 2927 547 qui
2953 478 3126 531 tantae
3149 476 3490 545 dignitatem
3519 480 3793 549 majesta-

384 567 677 641 diptychis
736 566 1098 638 adscriptum
1147 581 1295 633 esse,
1354 564 1590 638 plurimi
1648 565 2023 635 indignaren-

385 664 481 715 tur
510 659 643 729 (45).

457 747 519 804 ν.
554 747 689 802 Post
737 761 913 800 annos
963 743 1281 800 admodum
1314 742 1667 815 quindecim,
1702 758 1877 815 quam
1907 740 2027 813 pri-

389 853 549 893 mum
570 835 883 907 imperium
905 834 1090 889 adorti
1116 838 1300 901 erant,
1332 832 1563 904 Bulgari
1595 847 1797 888 rursus
1829 846 2024 902 pacem

388 940 617 993 exuere,
650 940 749 979 seu
783 922 1161 978 assuetudine
1203 921 1411 992 gentis,
1463 937 1590 993 qum
1638 922 1895 978 secunda
1926 918 2024 974 ad-

386 1030 584 1071 versus
613 1012 1017 1082 circumjeclas
1052 1012 1320 1066 nationes
1362 1010 1515 1066 bella
1543 1011 1826 1065 hactenus
1854 1024 2024 1063 exer-

385 1106 604 1171 cuerat,
666 1119 768 1158 seu
821 1102 975 1172 quod
1027 1099 1283 1155 claustra
1332 1099 1511 1154 maris
1569 1115 1637 1155 ac
1690 1103 1857 1154 terra:
1912 1096 2024 1152 levi

384 1193 654 1267 praesidio
712 1194 991 1247 adversus
1059 1190 1455 1246 validissimos
1524 1189 1807 1246 exercitus
1858 1193 2026 1258 septa

381 1287 596 1341 essent.
634 1283 742 1337 An.
777 1280 904 1337 929.
955 1281 1101 1335 Tum
1154 1280 1510 1350 praetoriana
1564 1279 1828 1334 cohortes
1860 1293 2025 1332 arma

384 1373 579 1429 subito
636 1372 933 1440 ceperunt,
994 1370 1248 1423 infausto
1322 1371 1551 1432 eventu,
1628 1382 1759 1422 cum
1832 1366 2025 1422 acrius

378 1477 554 1533 quam
584 1458 971 1527 constantius,
1013 1456 1276 1528 przelium
1322 1456 1559 1511 inirent.
1604 1455 1797 1511 Classe
1848 1455 2023 1511 etiam

381 1551 674 1605 vindicare
697 1547 877 1603 maria
914 1547 1125 1611 visum,
1150 1562 1298 1617 quas,
1333 1546 1546 1600 ducum
1578 1544 1896 1615 imperitia,
1928 1550 2026 1598 aut

382 1640 646 1711 dispersa
686 1646 794 1707 est,
827 1645 922 1693 aut
950 1637 1008 1691 in
1046 1638 1243 1708 fugam
1279 1637 1556 1707 conjecta.
1581 1638 1878 1690 Auxerunt
1911 1638 2024 1689 ter-

382 1744 566 1784 rorem
599 1732 874 1798 ngrestes,
909 1741 1041 1780 cum
1085 1725 1266 1796 portis
1296 1724 1461 1781 urbis
1481 1723 1825 1793 incidentes,
1850 1724 2025 1793 Pega-

383 1833 512 1871 rum
540 1820 595 1872 et
631 1816 948 1871 Theodore:
976 1813 1210 1885 palatia,
1243 1814 1623 1883 Stenumque,
1654 1812 1857 1868 hostili
1889 1811 2024 1883 igne

383 1922 649 1975 accensa,
685 1903 882 1976 procul
927 1904 1150 1959 fumare
1193 1903 1549 1958 nuntiarent.
1596 1901 1860 1957 Pericula
1890 1901 2023 1956 ulti-

382 2012 479 2051 ma
506 1996 719 2050 audere
749 1998 805 2049 et
834 1992 1078 2063 experiri
1109 1992 1347 2047 tandem
1371 1992 1580 2061 jussus
1610 1995 1701 2046 est
1728 1990 2023 2057 Saotitius,

366 2100 550 2156 quem
587 2084 848 2156 palantes
897 2081 1091 2153 copias
1146 2098 1259 2136 non
1318 2080 1619 2135 instrenue
1657 2095 2023 2152 aggressum,

383 2190 498 2229 uno
529 2173 766 2227 vulnere
825 2170 1062 2226 Barbari
1123 2170 1183 2223 in
1242 2176 1486 2224 mortem
1545 2168 1806 2224 effecere.
1846 2169 2027 2239 Cujus

384 2267 549 2334 gesta
580 2261 751 2316 multi
784 2275 919 2316 cum
951 2258 1269 2329 attigerint,
1294 2258 1351 2312 in
1384 2273 1450 2314 eo
1478 2256 1876 2327 consentiunt,
1912 2274 2028 2312 ma-

383 2367 499 2422 gna
529 2352 587 2405 in
622 2350 749 2421 ipso
796 2346 1057 2414 virtutis,
1108 2361 1324 2418 magna
1374 2345 1512 2401 belli
1559 2346 1772 2402 decora
1821 2345 2024 2413 fuisse,

384 2438 598 2511 quibus
631 2454 753 2493 rem
788 2436 1079 2508 publicam
1114 2435 1171 2490 in
1207 2433 1410 2505 paucis
1442 2433 1846 2490 sustinuisset.
1872 2433 2031 2490 Inter

383 2530 507 2584 haec
558 2544 658 2583 rex
688 2528 1093 2597 Bulgarorum,
1144 2528 1200 2579 et
1246 2523 1413 2578 ducis
1453 2526 1511 2577 et
1540 2522 1789 2594 gregarii
1824 2522 2029 2578 militis

386 2617 580 2673 officia
610 2616 834 2681 obiens,
866 2612 1325 2684 Andrianopolin
1373 2628 1509 2667 cum
1539 2611 1793 2667 exercitu
1824 2612 2028 2676 movit,

386 2723 596 2764 corona
635 2706 1074 2772 circumdatam,
1108 2711 1419 2775 postquam
1451 2718 1683 2759 annona
1712 2703 2026 2770 defecerat,

386 2797 557 2868 cepit,
591 2796 816 2867 captivo
848 2794 1004 2858 duci,
1034 2792 1318 2864 quidquid
1341 2796 1762 2847 tormentorum
1790 2791 2028 2862 reperiri

387 2887 595 2958 potuit,
618 2883 875 2940 adhiberi
911 2882 1112 2954 jussit.
1146 2882 1288 2936 Inde
1317 2880 1559 2936 victoria
1586 2880 1737 2935 haud
1771 2880 2030 2951 segniter

388 2993 551 3040 usus,
582 2972 829 3030 Thracia
858 2977 914 3028 et
962 2970 1298 3029 Macedonia
1328 2970 1474 3026 ferro
1504 2970 1753 3040 igneque
1781 2973 2027 3035 vastata,

385 3064 580 3120 sedem
608 3061 836 3134 imperii
889 3067 945 3116 et
989 3066 1186 3132 caput,
1236 3058 1571 3131 Byzantium
1606 3058 1808 3130 petiit;
1843 3067 1900 3113 at
1931 3076 2028 3113 oa-

386 3155 521 3211 stris
552 3153 782 3225 positis,
814 3168 976 3207 versa
1029 3153 1096 3205 ad
1149 3166 1347 3221 pacem
1394 3148 1768 3220 cogitatione,
1801 3156 1861 3203 ut
1914 3148 2024 3204 sibi

2129 562 2225 628 tis,
2283 580 2414 619 raro
2473 581 2540 622 ea
2601 569 2965 636 tempestate,
3028 572 3083 619 et
3138 581 3207 620 ex
3255 571 3449 621 vetere
3498 569 3786 625 memoria

2130 654 2414 723 exemplo,
2446 671 2543 710 ore
2593 660 2831 726 totoque
2892 654 3094 709 habitu
3155 656 3458 726 proderet;
3503 658 3626 725 jam
3666 666 3789 715 tum

2130 742 2484 813 praesagiens
2514 744 2733 811 animo,
2768 745 2884 800 fore
2917 752 2978 797 ut
3010 760 3122 815 pax
3148 745 3538 801 affinitatibus
3570 763 3787 804 connu-

2132 829 2359 886 biorum
2419 832 2774 889 firmaretur.
2834 832 3074 903 Aliquot
3129 833 3301 888 annis
3361 840 3515 905 post,
3550 836 3782 894 Simeon

2130 920 2436 991 Bulgarus,
2488 923 2691 978 morbo
2741 923 3089 988 exstinctus,
3143 922 3310 979 Petro
3358 923 3479 979 ﬁlio
3532 942 3780 997 regnum

2134 1014 2476 1067 testamento
2508 1010 2784 1082 relinquit
2814 1012 2949 1083 (47),
2978 1010 3100 1081 qui,
3133 1010 3268 1067 licet
3292 1013 3419 1082 jam
3468 1015 3784 1072 exercitum

2129 1097 2188 1152 in
2224 1100 2446 1154 Graecos
2495 1105 2799 1166 armasset,
2834 1116 2967 1156 cum
3011 1100 3202 1169 Turci,
3233 1101 3438 1168 Servii,
3488 1103 3785 1174 Chrobati,

2128 1186 2339 1243 validas
2369 1189 2655 1255 nationes,
2690 1189 2801 1245 sibi
2834 1189 3230 1257 imminerent,
3264 1207 3616 1264 summaque
3640 1211 3783 1264 prm-

2128 1280 2289 1331 terea
2349 1277 2558 1333 caritas
2615 1294 2859 1332 annonas
2907 1276 3215 1345 incideret,
3264 1277 3488 1349 legatos
3541 1282 3614 1336 de
3647 1299 3785 1351 pace

2127 1365 2532 1433 instauranda,
2598 1368 2669 1422 ad
2727 1372 3061 1423 Romanum
3113 1367 3293 1435 misit,
3350 1372 3530 1439 utque
3571 1370 3776 1439 Maria,

2128 1454 2532 1527 Christophori
2559 1456 2799 1512 Ctesaris
2832 1457 2971 1523 filia,
3013 1457 3072 1511 in
3104 1474 3317 1513 manus
3362 1458 3469 1514 sibi
3504 1460 3783 1516 conveni-

2129 1548 2236 1612 ret,
2272 1545 2509 1615 rogavit.
2533 1547 2639 1602 An.
2664 1546 2790 1602 942.
2811 1548 2952 1602 Tum
2984 1563 3119 1617 spes
3151 1548 3380 1616 objecta
3409 1554 3500 1604 est
3525 1550 3779 1607 Christo-

2130 1634 2309 1705 phoro
2339 1635 2581 1689 secundi
2617 1653 2648 1689 a
2683 1640 2845 1705 patre
2875 1635 3010 1704 loci,
3038 1635 3588 1708 Porphyrogenneto
3615 1640 3783 1710 quid-

2129 1723 2262 1794 quid
2296 1740 2364 1779 ex
2394 1724 2547 1780 avita
2592 1726 2899 1795 majestate
2947 1731 3249 1795 supererat
3276 1726 3618 1798 ademptum
3654 1730 3780 1798 (48).

2136 1815 2264 1868 Haec
2301 1812 2460 1869 domi
2492 1814 2609 1869 fere
2659 1830 2726 1869 ea
2772 1820 2938 1869 astate
2987 1819 3148 1886 gesta
3192 1820 3351 1871 sunt.
3403 1816 3579 1873 Paulo
3609 1823 3785 1874 antea

2136 1902 2422 1967 Melitene,
2453 1906 2623 1958 vetus
2655 1918 2721 1957 ac
2751 1902 2965 1959 nobilis
2996 1905 3065 1958 ad
3099 1904 3445 1973 Euphratem
3480 1907 3640 1971 urbs,
3672 1909 3779 1962 Ar-

2136 1991 2341 2047 menia:
2414 1992 2687 2047 secundae
2733 2008 2766 2045 a
2816 1991 3148 2047 Justiniano
3198 1992 3510 2064 assignate,
3554 2002 3785 2065 recepta

2136 2085 2226 2137 est
2256 2080 2394 2152 (49).
2439 2081 2548 2136 Diu
2606 2082 2934 2151 subjectam
2995 2082 3303 2138 Saracenis
3360 2084 3789 2141 Constantinus

2136 2173 2538 2240 Copronymus
2568 2169 2708 2224 olim
2751 2174 3155 2240 occupaverat,
3188 2170 3247 2224 in
3281 2170 3559 2242 obsequio
3592 2177 3788 2229 tenere

2138 2272 2253 2313 non
2286 2262 2550 2328 potuerat
2579 2260 2710 2328 (50).
2755 2260 3009 2314 Joannes
3038 2262 3315 2323 Curcuas,
3346 2260 3650 2330 praefectus
3684 2262 3785 2317 mi-

2137 2345 2330 2412 litum,
2364 2347 2464 2416 qui
2499 2362 2599 2417 per
2630 2346 2855 2419 Syriam
2888 2348 3101 2403 stativa
3142 2346 3454 2414 habebant,
3483 2349 3787 2409 obsidione

2140 2434 2315 2506 longa
2343 2446 2402 2490 et
2450 2434 2672 2490 difﬁcili
2704 2436 2981 2502 cinctam,
3025 2436 3085 2491 in
3132 2436 3413 2493 ditionem
3458 2437 3702 2509 redegit,
3734 2442 3791 2495 et

2139 2529 2340 2594 postea
2394 2523 2610 2579 civium
2660 2524 2871 2580 auxilio
2912 2524 3177 2581 finitimis
3228 2526 3504 2597 gentibus
3552 2527 3787 2595 attritis,

2140 2612 2395 2683 praedam
2430 2613 2745 2684 insignem,
2777 2616 3055 2684 captivos,
3106 2614 3361 2686 bellique
3410 2616 3655 2671 confecti
3705 2617 3785 2672 fa-

2140 2717 2298 2756 mam
2331 2704 2569 2757 domum
2603 2703 2939 2773 reportavit.
2973 2703 3185 2759 Urbem
3227 2709 3284 2759 et
3331 2704 3616 2775 quidquid
3652 2706 3783 2759 fini-

2139 2790 2269 2845 timi
2302 2792 2426 2863 agri
2486 2796 2595 2859 est,
2651 2792 2708 2846 in
2769 2792 3144 2863 provinciam,
3200 2810 3377 2863 quam
3439 2794 3783 2850 Curatoriam

2138 2882 2437 2947 vocarunt,
2473 2878 2791 2950 imperator
2822 2880 3130 2951 descripsit
3164 2882 3294 2949 (51).

2211 2968 2307 3024 VI.
2337 2968 2459 3025 Sub
2492 2968 2646 3027 idem
2695 2969 2809 3025 fere
2858 2974 3093 3041 tempus
3152 2970 3305 3026 bella
3356 2970 3608 3040 plurima
3640 2971 3789 3028 lines

2139 3057 2370 3129 imperii
2403 3063 2749 3113 torruerunt.
2785 3058 2928 3113 Nam
2979 3064 3036 3114 et
3075 3058 3322 3130 Scythas,
3357 3060 3663 3129 Strymone
3696 3076 3791 3117 su-

2140 3151 2363 3221 perato,
2393 3146 2723 3218 Nicopolin,
2746 3146 3000 3202 validam
3030 3149 3256 3217 urbem,
3280 3148 3524 3219 Augusti
3550 3150 3786 3204 victoria

384 3261 512 3301 cum
546 3213 807 3301 immane
836 3240 1083 3310 colloqui
1116 3213 1335 3305 liceret,
1369 3213 1553 3293 oravit
1582 3238 1718 3310 (46).
1753 3213 2023 3294 Ᾰᾱῐῐιὶισα-
2055 3213 2099 3280 C
2140 3213 2415 3309 nobilem,
2466 3213 2848 3308 occuparunt,
2883 3245 2936 3291 et
2975 3237 3165 3305 Turci,
3200 3213 3299 3309 qui
3333 3213 3401 3292 et
3419 3236 3553 3309 Ugri
3583 3237 3721 3308 (52),
3754 3254 3789 3292 a

380 3334 461 3389 tio
493 3333 670 3388 subiit
716 3330 1022 3401 utriusque
1068 3328 1355 3383 exercitus
1407 3326 1676 3393 militem,
1719 3342 1851 3382 cum
1884 3325 2021 3385 hinc

380 3422 652 3477 ferociam
685 3417 940 3489 Bulgari,
970 3417 1105 3471 inde
1150 3432 1264 3471 non
1317 3416 1625 3470 infractam
1665 3415 2021 3485 imperatoris

2133 3324 2524 3396 septentrione
2549 3323 2886 3392 Thraciam,-
2909 3324 3252 3397 Byzantium
3283 3342 3489 3397 usque,
3526 3328 3788 3383 incursa-

2132 3422 2267 3469 runt
2302 3430 2315 3469 :
2354 3414 2459 3469 bos
2503 3413 2884 3484 Theophanes
2935 3414 3209 3484 patricius
3240 3415 3532 3486 prosperis
3564 3414 3775 3485 praeliis

1976 3514 2205 3570 NOTAE.

384 3613 562 3672 σιλεία
608 3618 713 3687 τῶν
756 3613 1056 3687 θεοστεφῶν
1100 3608 1375 3687 Βασιλέων
1425 3610 1585 3687 ἡμὲὒν
1616 3606 1905 3687 Βᾳ-σιλείου
1934 3610 2023 3687 ξιᾳῖ

384 3684 790 3745 Κωνσταντίνου
823 3682 1028 3757 συνῆψε
1057 3682 1145 3737 καὶ
1178 3682 1469 3757 συνήνῳσε.
1504 3683 1561 3757 E_
1584 3682 1794 3757 quibus
1836 3684 2025 3737 verbis

383 3764 561 3818 etiam
594 3760 703 3815 hoc
750 3754 1058 3826 colligitur,
1092 3758 1295 3810 turbas
1346 3755 1494 3809 inter
1524 3754 1941 3826 Euthymianos
1972 3758 2028 3809 et

384 3833 694 3889 Nicolaitas
729 3825 988 3885 nondum
1014 3828 1120 3883 hac
1150 3831 1314 3882 astate
1344 3825 2025 3896 compositas,autnovas

385 3906 578 3977 potius
611 3904 680 3958 de
717 3902 941 3972 quartis
972 3898 1193 3970 nuptiis
1216 3903 1371 3953 ortas
1392 3913 1540 3977 esse.
1566 3897 2026 3977 Quodpraeterea

385 3968 676 4032 Cedrenus
707 3968 973 4037 téstatur,
1008 3968 1396 4041 magnamque
1428 3968 1642 4027 Nicolai
1672 3968 2024 4041 Chrysoper-

386 4050 462 4121 gii
497 4049 571 4121 in_
609 4044 963 4121 stabilienda
998 4040 1306 4121 concordia
1355 4056 1571 4121 curam.
1604 4040 1803 4121 fuisse,
1840 4042 2027 4121 prodit

385 4110 441 4193 ᾗ.
473 4118 671 4193 7027B.
704 4118 983 4193 Caterum
1024 4117 1091 4193 _in
1136 4113 1531 4193 matrimoniis
1558 4110 2029 4193 ineundisnulla

384 4181 529 4262 gens
558 4192 753 4245 Graeca
782 4187 1102 4262 religiosior
1132 4186 1263 4250 fuit,
1289 4190 1351 4262 ut
1379 4200 1450 4262 ea
1483 4183 1728 4262 Matthaei
1762 4181 2025 4262 Monachi

384 4252 595 4326 Quaest.
632 4252 961 4315 matrimon.
996 4262 1259 4327 apparet,
1291 4261 1347 4311 et
1376 4255 1591 4310 illustri
1612 4252 1878 4322 exemplo
1903 4268 2029 4323 pro-

387 4337 488 4389 hat
518 4332 815 4403 Cedrenus
847 4347 900 4397 p.
930 4328 1057 4403 61:9;
1209 4396 1243 4403 __
1380 4396 1414 4403 η
1542 4393 1552 4403 ,
1741 4390 1752 4403 ,
1809 4395 1818 4403 ,
1901 4393 1911 4403 ,

484 4404 570 4473 45)
601 4405 647 4456 Α
677 4400 803 4453 Vita
825 4393 901 4473 AS.
952 4396 1249 4473 Eolyeuoti
1296 4412 1326 4452 e
1375 4393 1590 4473 (graecis
1646 4393 2029 4464 scriptoribus

389 4466 632 4531 collecta
663 4476 785 4527 Act.
818 4470 918 4525 SS.
952 4466 1118 4524 Febr.
1151 4474 1193 4522 t.
1228 4467 1276 4528 Ι.
1307 4484 1362 4535 p.
1395 4466 1521 4519 707.

459 4547 571 4618 (46)
604 4545 720 4618 Leo
761 4542 1085 4598 Grammat.
1131 4556 1193 4618 _p.
1243 4534 1398 4618 1198:“
1410 4536 1648 4618 gentia.
1677 4534 2022 4618 .Thepphan.

394 4607 605 4688 p.248.
667 4616 902 4670 Simeon
950 4607 1184 4688 Legoth.
1238 4609 1712 4688 p.‘483,nc:a3teri.
1774 4607 2036 4688 Meminit

389 4679 563 4744 etiam
604 4688 894 4743 Theodos.
929 4683 1221 4741 Kioviens.
1243 4679 1320 4736 ad
1354 4698 1449 4736 an.
1481 4680 1608 4748 929,
1642 4680 1927 4751 Sigebert.
1963 4679 2034 4733 ad

390 4778 484 4816 an.
525 4761 652 4815 926.

460 4833 572 4903 (47)
606 4832 789 4895 Quem
824 4845 891 4883 ex
919 4828 1102 4903 altera
1136 4840 1309 4880 uxore
1328 4828 1700 4903 susceperat,
1736 4820 2033 4903 Michaele,

389 4894 577 4973 primo
610 4894 733 4958 loco
761 4907 924 4969 nato,
956 4901 1070 4954 ritu
1114 4897 1531 4953 monachorum
1580 4902 1765 4951 tonso.
1800 4894 2035 4950 Simeon

392 4975 636 5031 Lozoth.
673 4992 727 5031 ι).
761 4973 850 5027 46.

465 4992 850 5119 (ξὲξῠὲιξιέἒῗί
880 5042 1098 5099 scilicet
1253 5055 1393 5119 rege
1430 5039 1717 5119 genteque
1749 5034 2035 5119 sua_i_ndi-

390 5107 571 5189 gnum
608 5107 962 5189 judicantes,
999 5112 1262 5189 quod_in
1313 5107 1669 5189 Solemnibus
1710 5107 2035 5189 pepuliss-

389 5178 866 5256 Elamationibus,
899 5178 1277 5240 constantiae
1317 5184 1596 5256 primum,
1630 5178 1840 5256 deinde
1866 5178 2034 5256 Chris-

389 5262 672 5332 stOphoro
728 5251 917 5313 honos
979 5251 1334 5332 haberetur,’
1368 5253 1535 5309 facile
1584 5268 1618 5306 a
1649 5251 1933 5332 Romano,
1969 5254 2035 5308 ut

390 5327 641 5388 mutatio
675 5332 851 5401 prisci
883 5330 1057 5401 moris
1091 5330 1272 5401 fieret,
1306 5327 1710 5401 impetrarunt:

463 5390 910 5473 (49)Ἐ-ἶτίσημον
967 5400 1055 5453 καὶ
1116 5390 1455 5473 ἐξακόυστόγ,
1496 5394 1586 5449 καὶ
1642 5390 2033 5473 πάνυ-,ὀχυρρν

390 5464 479 5527 xui
549 5464 1057 5544 δυνατὸν”κάστρον
1114 5464 1238 5544 βῆς(
1286 5468 1481 5541 Συρίας
1548 5473 1712 5544 vocat
1734 5464 2031 5544 __'I_‘_i't_eo_pb.

391 5548 625 5603 Contin.
661 5564 717 5617 p.
749 5547 872 5601 257.
913 5535 1318 5617 ConfrPa'gius
1341 5535 1412 5617 _ad
1449 5556 1540 5617 an.
1575 5539 1699 5591 927.
1734 5536 1882 5617 vni.
1920 5535 2034 5617 No-

391 5624 490 5673 tus
547 5606 933 5674 est.Acacius
989 5606 1383 5689 Melctinensis
1441 5611 1785 5689 episcopus,‘
1823 5606 2027 5689 Nesto-

392 5690 576 5746 rianis
652 5689 1125 5747 contentionibus
1204 5685 1409 5757 quinto
1477 5677 1687 5739 saeculo
1772 5677 2029 5746 implici-

2135 3616 2251 3667 tus.

2139 3682 2548 3809 46(350)Zonar.
2615 3681 2825 3737 Annal.
2876 3685 2914 3737 t.
2972 3682 3040 3748 Il,
3083 3699 3140 3755 p.
3204 3684 3325 3739 108.
3385 3683 3679 3738 Cedrenus
3728 3699 3785 3755 p.

2205 3824 2318 3895 (51)
2353 3824 2458 3897 Leo
2497 3825 2818 3879 Grammat.
2855 3842 2909 3896 p.
2964 3826 3090 3881 504.
3142 3826 3368 3881 Contin.
3417 3825 3677 3895 Theopb.
3723 3843 3780 3897 p.

2132 3898 2257 3950 258.
2309 3896 2472 3951 Dicta
2519 3900 2632 3968 est,
2664 3899 2954 3951 Curatoria
2986 3915 3019 3953 a
3066 3900 3348 3963 Curatore,
3400 3899 3499 3968 qui
3548 3896 3783 3966 tributa,

2135 3984 2236 4038 per
2278 3983 2419 4039 eam
2479 3966 2834 4035 provinciam
2904 3968 3163 4039 collecta,
3226 3966 3432 4023 aerario
3482 3970 3786 4039 principis,

2138 4038 2290 4110 quod
2324 4047 2377 4092 et
2410 4038 2597 4107 ipsum
2641 4038 2997 4110 Κουρατωρία
3046 4046 3303 4107 vocatur,
3338 4038 3639 4095 inferebat.
3672 4038 3787 4095 Hoc

2136 4127 2202 4166 ex
2234 4110 2502 4180 Simeone
2556 4112 2872 4180 Logotheta
2920 4130 2973 4178 p.
3029 4112 3131 4167 487
3176 4112 3383 4179 colligo
3419 4128 3432 4166 :
3468 4110 3783 4180 Μελιτηνὴν

2137 4176 2555 4257 ξουρατωρεξαν
2592 4176 2816 4257 aricinos
2847 4182 2874 4257 ῥ
2909 4176 3186 4257 βαᾳιλεῗὺς,
3222 4176 3553 4257 δαιῖυτξᾳλλᾶς
3601 4176 3791 4257 χιλιᾶο

2139 4249 2234 4334 ξας
2258 4249 2495 4334 χρυσρῦ
2519 4250 2625 4334 ’ἒς-αὶ
2665 4249 2925 4334 ἀργυρίοὺ
2978 4249 3182 4334 ἐκξῖὓεκί
3229 4249 3499 4334 λξμϐάνει
3531 4249 3787 4334 ἐτῂἶτίως.

2138 4322 2393 4391 Cangius
2425 4324 2481 4376 in
2513 4322 2768 4381 Glossar'.
2806 4322 2877 4379 'h.
2930 4342 2982 4379 v.
3026 4330 3201 4380 Annae
3257 4326 3559 4381 Comnenze
3595 4328 3788 4381 locum

2141 4394 2393 4467 Algm’ad.
2448 4394 2484 4449 I.
2539 4411 2636 4463 v11,
2688 4413 2745 4467 p.
2785 4398 2908 4465 205,
2963 4398 3221 4467 corrigit,
3253 4403 3309 4452 et
3340 4414 3439 4467 pro
3475 4394 3787 4467 Μιτυλίνης

2056 4471 2101 4536 D
2132 4462 2450 4540 Μελιτήνης
2484 4462 2768 4532 rescribit,
2804 4472 2859 4521 in
2894 4462 3007 4540 quo
3040 4462 3233 4538 ipsum
3272 4462 3417 4524 ratio
3464 4470 3629 4539 fugit.
3664 4462 3776 4525 Re—

2147 4539 2255 4595 fert
2289 4541 2556 4610 Augusta,
2594 4539 3111 4605 Tzacham,’classi
3147 4541 3499 4609 praefectum,
3534 4558 3784 4610 occupa-

2146 4612 2219 4667 tis
2275 4609 2656 4682 Clazomenis,
2719 4612 2773 4664 in
2833 4611 3189 4667 Phocensem
3258 4628 3463 4682 agrum
3524 4609 3789 4679 solvisse,

2144 4697 2400 4752 cumque
2432 4682 2532 4735 diu
2566 4681 2624 4737 in
2657 4682 2961 4738 obsidione
2995 4681 3341 4751 Methymnae
3370 4683 3654 4745 heesisset,
3689 4684 3793 4737 Mi-

2145 4753 2506 4825 tylenensem
2536 4753 2833 4825 regionem
2868 4754 3239 4825 inditionem
3274 4754 3792 4825 redegissc.Unde,

2147 4824 2529 4896 quilocorum
2564 4824 2742 4879 situm
2791 4831 2847 4880 et
2904 4824 3503 4896 circumscriptionem
3558 4831 3794 4893 norunt,

2148 4895 2312 4950 facile
2342 4895 2688 4966 intelligent,
2717 4913 2843 4950 eam
2877 4896 2946 4949 de
2980 4895 3268 4967 Mitylene,
3294 4903 3480 4951 vetere
3512 4913 3577 4951 ac
3610 4898 3793 4953 nobili

2149 4968 2311 5041 urbe,
2347 4967 2527 5041 loqui,
2561 4970 2727 5036 cujus
2773 4983 2984 5023 nomen
3038 4969 3315 5023 universae
3358 4969 3559 5023 insula
3592 4975 3795 5041 postea

2146 5039 2433 5094 tributum
2470 5039 2713 5093 videtur.

2217 5111 2330 5180 (52)
2366 5110 2571 5165 Indict.
2608 5109 2723 5170 VII.
2761 5125 2839 5162 m.
2864 5107 3063 5180 Aprili,
3098 5126 3197 5165 seu
3233 5111 3297 5164 A.
3333 5111 3391 5165 C.
3416 5110 3540 5164 934.
3573 5114 3796 5165 Turcos

2147 5179 2263 5253 fere
2325 5188 2529 5253 vocant
2558 5179 2922 5253 scriptores,
2952 5179 3051 5253 qui
3108 5182 3276 5253 hodie
3317 5181 3571 5253 Hungari
3631 5186 3793 5237 sunt.

2145 5252 2350 5326 gener.
2384 5268 2441 5321 p.
2476 5251 2612 5326 47‘6.’
2654 5252 2891 5326 Τοῦρκοι
2944 5250 2995 5303 οἱ
3040 5250 3304 5326 neptem
3349 5250 3581 5325 'Icrpov,
3615 5253 3667 5305 nl
3702 5253 3793 5326 καὶ

2146 5318 2418 5396 Οὕγγαρόι
2455 5318 2780 5396 καλοῦνταιξ
2821 5325 2974 5379 idem
3027 5340 3083 5395 p.
3112 5318 3239 5378 ’255
3268 5325 3335 5379 de
3366 5318 3593 5394 Turcis,
3626 5325 3790 5394 regni

2142 5394 2467 5467 Saracenici
2514 5396 2902 5460 eversoribus,
2945 5394 3170 5460 scribit,
3222 5412 3319 5450 eos
3370 5396 3795 5467 septentriona-

2144 5465 2254 5519 lem
2320 5468 2547 5535 plagam
2608 5467 2681 5521 ad
2749 5468 3072 5522 Caucasum
3132 5474 3387 5521 montem
3437 5465 3788 5522 incoluisse.

2145 5535 2327 5591 Multa
2357 5538 2425 5591 de
2471 5537 2543 5592 iis
2592 5539 3011 5594 Constantinus
3066 5538 3209 5595 libro
3244 5540 3319 5595 De
3346 5538 3789 5595 administrando

2142 5609 2279 5678 imp.
2313 5610 2487 5663 variis
2520 5609 2659 5666 locis
2692 5612 2981 5667 observat.
