4074 6220
268 351 346 410 61
888 338 989 400 DE
1029 339 1211 401 VITA
1253 341 1354 401 ET
1401 339 1653 403 REBUS
1696 336 1971 401 GESTIS
2014 336 2547 405 CONSTANTINI
2594 343 3093 406 PORPHYROG.
3621 350 3702 409 62

271 481 529 553 subegit,
561 480 621 534 et
651 474 940 548 captivos,
972 488 1216 544 quorum
1238 473 1445 546 ingens
1476 488 1753 529 numerus
1784 479 1926 541 erat,
1958 474 2018 541 Α
2048 471 2139 543 gis
2170 478 2226 529 et
2254 473 2579 533 latronibus
2615 480 2917 533 statutum.
2968 476 3159 547 Turci,
3200 492 3332 535 cum
3364 478 3574 534 iterum
3606 496 3699 537 res

273 571 507 642 recepit.
536 573 686 623 Pace
722 580 858 625 cum
906 562 996 618 his
1042 563 1386 632 composita,
1421 563 1619 631 Russi,
1645 578 1771 633 qua
1810 565 1935 618 tum

269 661 454 730 natio,
484 662 674 714 terror
702 652 893 709 Graeci
932 650 1190 708 nominis
1240 652 1387 708 mari
1422 652 1819 724 pmpollebat,
1849 649 1937 707 di-

276 754 447 821 repta
476 744 692 802 minori
738 740 902 808 Asia,
948 756 1083 797 cum
1133 739 1336 797 decem
1392 739 1626 795 navium
1675 738 1941 795 millibus

281 853 452 895 mare
480 833 829 892 obsederunt
847 829 986 901 (35).
1030 829 1342 900 Nunquam
1376 828 1436 883 in
1466 829 1554 899 [L.
1586 828 1740 899 XIX]
1772 844 1937 884 acco-

284 929 382 983 las
415 925 651 998 gravius
682 919 963 987 saevitum,
998 917 1285 988 praecipue
1313 918 1639 974 sacerdotes
1662 916 1936 987 gravissio

289 1017 414 1072 mis
454 1010 747 1085 suppliciis
792 1006 987 1064 affecti
1028 1011 1189 1074 sunt,
1250 1020 1357 1062 nec
1410 1023 1442 1062 a
1497 1006 1684 1063 sacris
1713 1006 1938 1061 adibus

287 1105 491 1160 hostes
511 1104 700 1174 ignem
731 1097 1162 1154 abstinuerunt.
1194 1094 1495 1153 Distractie
1528 1094 1753 1151 scilicet
1773 1097 1939 1151 erant

289 1190 522 1265 imperii
552 1190 722 1255 vires,
772 1186 929 1259 quod
980 1201 1153 1242 naves
1212 1188 1314 1241 aut
1363 1189 1566 1241 contra
1620 1188 1938 1241 Saracenos

288 1283 479 1338 missa
513 1281 702 1343 erant,
733 1280 835 1332 aut
861 1275 1090 1332 insulas
1121 1274 1460 1331 tuebantur.
1503 1277 1752 1329 Praeerat
1783 1272 1937 1330 Rus-

278 1385 481 1427 sorum
513 1367 695 1424 classi
727 1366 878 1437 lgor,
907 1380 1009 1420 seu
1039 1364 1215 1435 Ingor
1262 1363 1373 1435 (54)
1422 1364 1596 1435 (quod
1631 1362 1939 1431 admoneo,

284 1477 358 1515 ne
384 1458 520 1530 quis
551 1457 819 1511 vivorum
863 1452 1337 1510 immutationem
1372 1456 1555 1523 putet,
1586 1467 1711 1523 quis
1742 1450 1937 1508 nomi-

282 1564 427 1607 num
456 1548 597 1617 est),
632 1545 902 1615 princeps
950 1541 1161 1613 gentis,
1193 1540 1342 1596 nulli
1380 1541 1596 1597 virtute
1625 1542 1935 1609 secundus,

282 1645 339 1695 st
386 1636 651 1692 victoriis
708 1630 979 1704 plurimis
1033 1630 1345 1701 superbus.
1404 1629 1530 1687 Non
1580 1628 1678 1686 diu
1737 1633 1939 1686 tamen

280 1729 507 1791 hostes,
538 1740 674 1781 cum
715 1726 952 1779 ventum
983 1721 1057 1777 ad
1090 1736 1301 1777 manus
1330 1722 1506 1787 esset,
1536 1718 1935 1791 Theophanis.

276 1820 567 1887 impetum
600 1812 932 1869 sustinuere
961 1826 975 1865 :
1008 1813 1159 1866 certe
1190 1826 1260 1865 ex
1291 1809 1537 1866 navibus
1568 1825 1765 1880 paucas
1810 1825 1941 1864 ser—

277 1911 453 1973 vatas,
479 1920 613 1976 pars
642 1900 900 1957 maxima
938 1903 1040 1954 aut
1074 1913 1267 1954 mersa
1314 1912 1567 1969 aequore,
1608 1903 1709 1955 aut
1739 1899 1939 1955 Graeco

282 1996 423 2060 igne
469 1993 770 2049 combusta
816 1993 925 2046 est.
980 1987 1358 2061 Fugientibus
1406 1989 1655 2044 Joannes
1683 1989 1941 2043 Curcuas

286 2100 431 2140 cum
462 2082 705 2138 Orientis
752 2078 940 2151 copiis
984 2076 1342 2148 supervenit,
1375 2084 1429 2133 et
1477 2076 1739 2133 horribili
1781 2076 1943 2135 clade

296 2173 541 2229 affectos
596 2169 817 2227 delevit.
878 2168 961 2223 Re
1010 2166 1255 2223 feliciter
1299 2172 1479 2238 gesta,
1551 2166 1941 2240 Theophanes

290 2263 570 2335 princeps
592 2256 844 2315 cubiculi
864 2255 1346 2325 dictus,Joannes
1376 2255 1649 2322 Curcuas,
1670 2256 1771 2330 qui
1803 2258 1941 2313 duo-

282 2354 397 2410 bus
426 2356 486 2407 et
517 2349 721 2423 viginti
739 2348 912 2404 annis
936 2363 1059 2403 rem
1089 2346 1387 2418 publicam
1408 2346 1653 2403 consilio
1674 2350 1733 2403 et
1760 2348 1941 2404 armis

286 2444 763 2507 sustentaret,et,
787 2442 852 2495 ut
870 2442 994 2493 erat
1012 2437 1244 2509 magnis
1266 2436 1426 2492 ausis
1458 2441 1787 2508 promptus,
1809 2437 1939 2493 mii-

288 2534 342 2589 le
372 2537 613 2605 ceperat
639 2528 878 2602 oppida,
896 2528 1136 2602 prolatis
1156 2528 1229 2583 ad
1254 2527 1610 2599 Euphratem
1635 2532 1693 2583 et
1716 2528 1937 2599 Tigrim

284 2622 519 2695 imperil
550 2618 792 2684 ﬁnibus,
814 2616 1032 2673 invidia
1061 2632 1377 2688 oppressus
1406 2620 1497 2672 est
1526 2617 1661 2688 (55).
1702 2615 1873 2672 Russi
1910 2632 1943 2671 a

288 2714 445 2769 cede
474 2715 533 2767 et
560 2710 716 2765 {erro
746 2708 1012 2763 animum
1039 2722 1365 2778 sumpsere,
1388 2710 1447 2762 et
1476 2704 1812 2778 ignominiaa
1835 2706 1941 2762 im-

286 2802 598 2875 patientes,
649 2796 889 2853 collecto
928 2812 958 2851 e
1005 2795 1248 2869 Varegis
1279 2796 1413 2865 (56),
1444 2793 1650 2860 Slavis,
1682 2794 1939 2860 Polonis,

291 2891 479 2947 milite
507 2894 565 2945 et
603 2888 886 2942 instructa
937 2884 1147 2952 classe,
1191 2900 1396 2940 rursus
1442 2883 1723 2941 Graeciam
1759 2889 1943 2941 lenta-

293 2983 453 3037 runt.
485 2980 654 3033 Anno
685 2976 792 3030 944
838 2974 1034 3033 missis
1083 2989 1312 3047 quoque
1360 2974 1420 3030 in
1451 2973 1787 3030 Patzinacas
1810 2988 1943 3030 con-

296 3067 585 3125 citoribus
614 3063 753 3121 belli
795 3064 930 3136 (57).
978 3062 1099 3127 Quo
1136 3063 1342 3119 nuntio
1380 3061 1725 3133 perterritus
1754 3062 1943 3133 impe-

296 3161 483 3221 rator,
510 3156 794 3212 tributum
837 3153 995 3209 hosti
1026 3152 1277 3224 pendere
1307 3153 1535 3224 cogitur
1562 3152 1697 3222 (58).
1730 3155 1807 3208 At
1838 3167 1944 3207 an-

293 3261 374 3303 no
420 3245 688 3319 proximo
735 3242 925 3299 tmdns
972 3223 1108 3297 cum
1148 3241 1332 3313 Igore,
1364 3223 1535 3313 cujus
1565 3240 1856 3297 sententia
1884 3239 1945 3296 in
1975 3223 2018 3290 (ἶ

295 3338 455 3393 hunc
485 3335 732 3390 modum
785 3332 917 3398 fuit,
966 3331 1283 3404 paciscitur
1331 3344 1346 3386 :
1397 3330 1747 3387 commercia
1794 3334 1946 3385 terra

292 3428 562 3497 marique
593 3424 775 3480 libera
802 3422 1032 3493 utrique
1082 3419 1297 3493 papulo
1330 3435 1457 3476 esse
1487 3420 1732 3488 debere;
1767 3418 1943 3475 Cher-

289 3530 577 3572 sonesum
623 3510 932 3569 Tauricam
982 3510 1136 3567 nolle
1184 3526 1247 3566 se
1290 3509 1473 3567 armis
1510 3510 1807 3580 invadere,
1841 3525 1947 3566 nec

288 3604 581 3677 Bulgaros
635 3605 841 3658 contra
885 3599 1111 3657 incolas
1166 3599 1439 3669 excitare,
1472 3599 1531 3654 in
1578 3616 1639 3655 re
1696 3600 1944 3670 trepida,

291 3691 632 3765 imperatori
663 3690 881 3747 auxilia
905 3706 967 3746 se
986 3689 1270 3746 missuros
1292 3705 1442 3757 esse,
1486 3688 1661 3744 Russi
1692 3704 1946 3759 spopon-

297 3784 542 3850 derunt;
573 3782 645 3838 de
674 3778 881 3852 capitis
910 3779 1084 3837 etiam
1128 3778 1442 3846 damnatis,
1476 3778 1665 3849 deque
1696 3778 1950 3834 transfu-

2044 564 2272 619 Graecas
2333 562 2708 636 lacerassent,
2740 583 2773 623 a
2819 566 3169 637 Theophane
3218 568 3503 640 persuasi,
3544 568 3697 627 datis

2046 649 2372 720 obsidibus,
2408 653 2675 709 inducias
2707 654 2767 710 in
2809 656 3071 726 quinque
3111 671 3292 712 annos
3324 657 3475 728 pacti
3507 662 3647 713 sunt
3681 675 3694 715 :

2048 737 2427 810 longinquam
2486 740 2643 799 enim
2714 741 2984 798 militiam
3057 742 3238 798 Grmci
3298 744 3698 815 aspernaban-

2045 828 2143 883 tur
2172 827 2309 899 (59).

2118 915 2240 973 VII.
2296 917 2723 989 Mesopotamia:
2811 922 3225 989 componenda:
3310 922 3694 994 Theophilus,

2045 1004 2293 1064 Joannis
2319 1006 2706 1079 Zimisce,qui
2722 1012 2918 1080 postea
2939 1009 3561 1081 imperatorsalutatus
3582 1016 3691 1080 est,

2047 1111 2212 1161 avus,
2245 1094 2542 1168 deligitur,
2590 1102 2655 1155 ut
2702 1097 3049 1167 Saracenos,
3094 1099 3213 1156 late
3252 1116 3320 1157 ea
3348 1099 3477 1157 ioca
3514 1099 3692 1159 habi-

2048 1188 2263 1254 tantes,
2297 1186 2356 1242 in
2379 1185 2661 1258 obsequio
2688 1188 3169 1260 contineret(60).
3203 1192 3389 1262 Caput
3420 1189 3696 1261 regionis,

2048 1275 2289 1343 Edessa,
2350 1275 2717 1350 nobilissima
2750 1277 2911 1342 urbs,
2964 1285 3019 1333 et
3070 1278 3453 1335 munimentis
3485 1279 3698 1350 objecti

2048 1365 2259 1433 amnis,
2285 1347 2587 1438 murisque
2610 1368 2862 1436 ﬁrmata,
2887 1368 2987 1425 diu
3010 1369 3377 1426 obsidionem
3407 1370 3695 1439 toleravit,

2048 1470 2165 1525 qua
2196 1456 2431 1512 tandem
2464 1456 2655 1513 soluta
2698 1462 2806 1523 est,
2842 1458 3167 1515 Servatoris
3212 1457 3488 1530 imagine,
3519 1458 3696 1514 linteo

2048 1544 2351 1615 impressa.
2386 1544 2545 1602 Hanc
2575 1546 2869 1618 Abgarum
2902 1563 3121 1619 regem,
3153 1548 3356 1605 morbo
3376 1548 3600 1604 difﬁcili
3630 1564 3694 1602 ac

2048 1633 2328 1689 diuturno
2357 1635 2807 1703 decumbentem,
2840 1652 2974 1693 cum
3026 1652 3085 1693 se
3126 1638 3397 1709 praesenti
3428 1638 3696 1693 Servato-

2049 1723 2126 1779 ris
2157 1723 2393 1793 auxilio,
2446 1741 2548 1796 per
2607 1725 2829 1782 litteras
2877 1728 3369 1794 commendasset,
3404 1728 3701 1799 accepisse

2049 1812 2262 1881 ferunt,
2279 1817 2335 1869 et
2355 1814 2657 1885 desperata
2686 1816 2814 1886 jam
2849 1815 3057 1885 salute,
3082 1817 3272 1873 subito
3310 1816 3695 1885 convaluisse,

2052 1919 2183 1960 mox
2212 1904 2523 1961 attonitum
2550 1903 2633 1961 rei
2678 1904 2988 1974 miraculo,
3027 1907 3096 1961 ad
3130 1906 3522 1964 Christianam
3555 1922 3698 1977 pro-

2052 1992 2364 2049 fessionem
2386 2010 2515 2049 esse
2547 1995 2863 2050 adductum
2896 1996 3028 2066 (61).
3062 1994 3198 2064 Alii,
3239 2000 3304 2052 ut
3332 1994 3566 2051 difficile
3589 1998 3697 2061 est,

2052 2090 2167 2138 tam
2198 2082 2498 2155 antiquam
2533 2100 2656 2139 rem
2689 2084 2985 2140 subtiliter
3012 2084 3277 2156 exsequi,
3311 2087 3698 2154 Servatorem,

2048 2171 2109 2227 in
2144 2170 2362 2228 Oliveto
2408 2172 2647 2228 tristitia
2687 2173 2975 2231 immensa
3005 2174 3355 2240 confectum,
3408 2174 3699 2231 Thaddaso

2051 2259 2380 2326 sudarium,
2434 2276 2548 2328 quo
2602 2260 2808 2319 faciem
2866 2262 3236 2329 absterserat,
3297 2263 3368 2318 ad
3411 2263 3698 2333 Abgarum

2054 2349 2374 2422 principem
2403 2351 2812 2422 perferendum
2837 2350 3151 2408 tradidisse
3176 2356 3521 2420 memorant,
3545 2352 3701 2408 edito

2056 2437 2310 2507 oraculo,
2344 2438 2571 2506 urbem,
2612 2455 2736 2510 quae
2769 2456 3004 2497 sacrum
3037 2441 3252 2512 pignus
3282 2440 3389 2496 rite
3421 2444 3701 2512 servaret,

2058 2533 2337 2600 perpetuo
2370 2528 2640 2584 invictam
2673 2528 2793 2587 fore
2814 2529 2947 2600 (62).
2984 2529 3134 2597 Haec,
3165 2528 3314 2587 mira
3343 2543 3699 2601 quanquam,

2059 2618 2233 2673 fidem
2262 2634 2329 2675 ex
2366 2634 2431 2673 eo
2476 2620 2794 2685 traxerunt,
2845 2618 2997 2689 quod
3049 2619 3290 2675 Cosroes
3323 2618 3517 2683 Persa,
3569 2636 3700 2674 cum

2055 2708 2114 2762 in
2147 2706 2449 2764 obsidione
2480 2706 2640 2762 urbis
2679 2705 2941 2775 hmreret,
2972 2707 3098 2777 ejus
3143 2710 3413 2765 contactu
3446 2708 3702 2777 (dedica-

2059 2804 2179 2852 tum
2212 2796 2365 2854 enim
2408 2801 2530 2853 erat
2563 2795 2622 2851 in
2663 2796 2868 2853 veteris
2898 2802 3104 2854 statum
3134 2797 3539 2869 fundamento)
3572 2814 3703 2867 gra-

2058 2883 2299 2941 vissimo
2328 2886 2529 2943 morbo
2578 2885 2857 2942 liberatus
2899 2886 2998 2955 sit,
3031 2890 3088 2942 et
3117 2887 3345 2943 lustrali
3374 2904 3527 2959 aqua
3556 2903 3618 2945 se
3648 2890 3706 2943 et

2058 2973 2341 3030 familiam
2374 2990 2605 3031 omnem
2649 2974 2809 3031 ablui
2848 2975 3097 3045 jusserit
3144 2975 3280 3047 (63).
3323 2977 3468 3033 Hinc
3498 2976 3703 3047 imagi-

2054 3078 2187 3120 nem
2218 3063 2513 3121 Romanus
2546 3064 2879 3135 imperator,
2909 3064 3004 3121 cui
3038 3065 3344 3136 indignum
3373 3065 3701 3133 videbatur,

2055 3151 2176 3208 haec
2206 3168 2374 3209 sacra
2405 3156 2524 3209 tam
2561 3153 2808 3224 impuris
2849 3153 3121 3210 manibus
3154 3155 3525 3221 contrectari,
3553 3171 3707 3226 saepe

2057 3240 2387 3313 expetitam,
2416 3258 2531 3297 non
2582 3241 2851 3310 obtinuit,
2907 3241 3041 3299 licet
3088 3242 3353 3299 ducentis
3384 3243 3701 3308 Saracenis,

2057 3346 2204 3402 quos
2233 3329 2494 3403 captivos
2519 3331 2775 3401 tenebat,
2807 3334 2863 3386 et
2909 3348 2989 3387 xu
3020 3329 3281 3389 millibus
3310 3331 3440 3387 aeris
3467 3332 3703 3403 signati,

2057 3420 2293 3479 oblatis.
2323 3420 2579 3477 Tandem
2613 3436 2739 3477 eam
2772 3421 3081 3493 proiectus
3111 3421 3297 3485 urbis,
3332 3426 3393 3477 ut
3423 3438 3457 3477 a
3496 3422 3621 3477 suis
3649 3422 3713 3476 fi-

2061 3509 2237 3565 nibus
2265 3512 2490 3565 Griecos
2542 3512 2786 3577 arceret,
2828 3507 3137 3571 concessit,
3168 3515 3395 3581 pactus,
3433 3512 3495 3563 ut
3527 3508 3708 3565 Edes-

2059 3614 2181 3654 sam
2206 3605 2259 3654 st
2286 3599 2683 3654 conterminos
2704 3613 2878 3669 agros
2910 3613 3209 3669 nunquam
3246 3597 3398 3654 bello
3422 3598 3479 3653 in
3514 3602 3706 3669 poste-

2060 3703 2190 3744 rum
2241 3692 2515 3743 vexarent
2559 3688 2693 3758 (64).
2742 3686 2837 3743 Sic
2886 3686 3225 3759 Byzantium
3288 3688 3617 3759 deportata,
3649 3686 3707 3741 in

2057 3776 2397 3833 Biachernis
2446 3776 2719 3847 primum,
2755 3780 2886 3848 post
2941 3776 2999 3831 in
3049 3776 3169 3832 azde
3219 3775 3407 3843 Phari,
3452 3776 3706 3847 reposita

1907 3875 2140 3933 NOTAE.

386 3978 500 4049 (53)
557 3984 717 4033 Anno
768 3978 896 4045 941,
928 3993 1049 4043 seu,
1111 3979 1173 4031 ut
1228 3974 1526 4049 Byzantini
1584 3979 1946 4049 computant,

301 4046 510 4106 indici.
543 4066 652 4117 xiv,
689 4048 797 4106 Leo
844 4050 1169 4105 Grammat.
1216 4046 1342 4103 506.
1393 4048 1582 4103 Anon.
1635 4046 1945 4103 Combeﬁs.

295 4138 434 4194 pag.
471 4122 597 4194 262.
644 4122 878 4194 Simeon
924 4120 1163 4194 Logoth.
1212 4135 1343 4190 pag.
1373 4119 1520 4194 ¹490.
1569 4118 1664 4194 ubi
1728 4117 1948 4194 Ru_ssos

296 4183 579 4276 breuitas
605 4198 793 4276 vocat,
827 4189 886 4247 ἐκ
909 4183 1099 4276 γίνδυς
1127 4183 1236 4276 ξηῶὖ
1268 4183 1532 4276 (Setinum
1560 4183 1743 4276 p'v-raz.
1798 4189 1947 4276 Tum

296 4267 457 4322 enim
489 4266 800 4321 Germania
838 4260 1109 4321 universa
1138 4260 1754 4326 Francia'dicebatur,
1798 4266 1860 4315 ut
1888 4260 1949 4315 in

298 4338 457 4393 notis
488 4340 559 4391 ad
580 4337 884 4392 Constant.
908 4336 981 4391 De
1007 4336 1289 4391 caerimon.
1312 4333 1463 4390 Aula
1493 4334 1727 4404 Byzant.
1762 4337 1950 4404 osten-

302 4412 461 4464 dam.
493 4412 621 4463 Huc
650 4407 827 4463 etiam
861 4406 1255 4475 Luitprandus
1297 4402 1551 4476 pertinet
1596 4420 1649 4470 v,
1698 4403 1733 4458 6
1767 4419 1779 4458 :
1814 4402 1951 4458 Gens

303 4479 559 4553 quidam
595 4483 679 4534 est
726 4479 825 4534 sub
874 4479 1151 4553 aquilonis
1194 4476 1693 4553 parte_constﬂ.uta,
1727 4491 1891 4545 quam
1913 4491 1952 4553 _a

300 4523 849 4635 ;aalituu_corporis
888 4523 1088 4635 (Erga.
1120 4523 1315 4605 υοῖαηι
1344 4551 1563 4635 Rufras,
1611 4523 1775 4635 720,312
1798 4547 1949 4628 posti
1979 4523 2027 4587 Ῑ)

305 4617 458 4679 tione
489 4624 603 4678 loci
639 4636 896 4677 vocamus
943 4620 1344 4676 Nardmannos.
1399 4619 1646 4682 Nicetas,
1677 4636 1709 4672 a
1740 4617 1955 4688 Cangio

308 4697 378 4749 ad
432 4695 739 4757 Zonaram,
803 4710 857 4764 p.
917 4694 987 4747 99
1033 4693 1345 4764 adductus,
1403 4706 1531 4764 eos
1566 4691 1671 4764 τῷν
1733 4688 1954 4740 Σκυθῶν

308 4764 464 4824 ἆθνος
495 4769 675 4820 vocat.
723 4761 979 4820 Classem
1024 4764 1094 4818 ad
1147 4762 1325 4818 millia
1353 4761 1956 4833 quindecimparavef

311 4837 707 4963 rantészaonar.
759 4852 815 4906 p.
862 4835 981 4891 191.
1034 4834 1295 4890 Meminit
1338 4834 1514 4889 etiam
1564 4832 1849 4903 Sigebert.
1882 4832 1954 4887 ad

311 4926 403 4963 an.
557 4951 571 4963 .

308 4926 403 4965 an.
441 4926 571 4964 υσο.

380 4982 498 5050 (54)
529 4979 598 5032 ν.
629 4976 888 5047 Theoph.
921 4977 1131 5050 Sigeir.
1163 4975 1363 5033 Baveri
1400 4977 1605 5050 Dissert
1633 4974 1699 5030 de
1733 4974 1956 5042 Varegis

308 5051 370 5107 in
389 5047 733 5108 Comment.
772 5047 1100 5120 Petmpoiit.
1134 5052 1175 5104 t.
1204 5051 1302 5115 ιν,
1329 5047 1552 5120 p.293.

380 5122 497 5194 (55)
520 5121 714 5194 Vitam
734 5123 841 5194 Jo._
859 5116 1131 5194 Curcug
1162 5124 1219 5176 et
1264 5116 1354 5175 res
1400 5117 1553 5194 bello
1594 5116 1823 5188 egregio
1854 5130 1957 5194 ge-

310 5188 431 5249 stas
463 5188 596 5248 octo
628 5191 793 5247 libris
822 5190 1051 5247 Manuel
1100 5190 1612 5262 Protospatharius
1635 5188 1953 5262 exposuit,

353 5264 471 5320 uod
501 5281 651 5330 opus
692 5263 917 5318 dudum
964 5263 1156 5333 periit.
1186 5258 1449 5332 Theoph.
1483 5260 1709 5317 Contin.
1740 5258 1795 5331 p.
1826 5258 1953 5314 265.

353 5283 471 5320 000
501 5283 651 5330 opus
692 5283 917 5318 auaum
965 5283 1156 5333 ρϐτιιι.
1196 5283 1449 5332 ιἠεορυ.
1483 5283 1491 5310 l

309 5283 479 5393 Enni.
512 5337 763 5406 Cangius
782 5334 1253 5406 Famil._Byz.anl.
1281 5333 1491 5406 p.77153.

384 5410 496 5478 (56)
534 5401 783 5478 Bayerus
815 5405 854 5460 l.
888 5422 939 5462 c.
977 5401 1312 5461 Gri-bardus
1342 5404 1500 5478 Frid.
1533 5401 1831 5478 Muilerus,
1862 5403 1956 5458 cui

312 5475 568 5534 multum
598 5475 768 5533 debet
814 5478 1059 5548 antiqua
1089 5479 1412 5533 Russorum
1445 5475 1709 5548 historia,
1742 5489 1956 5548 nomen

308 5553 506 5621 gentis
558 5567 592 5605 a
639 5548 921 5604 vocabulo
960 5546 1196 5615 ‘Varech,
1246 5547 1521 5611 marinus,
1564 5546 1746 5609 ducit,
1780 5546 1957 5615 idque

309 5620 602 5688 omnibus,
664 5622 761 5691 qui
823 5620 1127 5691 piraticam
1208 5620 1585 5691 exercebant,
1643 5632 1954 5691 commune

315 5694 495 5749 fuisse
526 5688 781 5759 conjicit,
814 5688 874 5746 in
926 5691 1145 5747 Collect.
1189 5692 1259 5744 ad
1307 5691 1510 5744 Hister.
1557 5690 1776 5743 Russor.
1812 5706 1864 5755 p.
1898 5688 1952 5744 4.

311 5765 592 5821 Theodos.
629 5764 913 5819 Kioviens.
945 5763 1039 5817 ad.
1071 5779 1165 5817 an.
1196 5763 1322 5815 860.
1355 5776 1477 5828 eos,
1510 5760 1657 5814 mari
1689 5760 1953 5828 trajecta,

314 5834 526 5903 Slavis,
572 5834 842 5904 lleranis,
885 5832 1174 5903 Crivitzis,
1224 5834 1325 5904 qui
1371 5830 1669 5889 communi
1721 5829 1954 5889 nomine

2058 3971 2231 4028 Bussi
2256 3962 2647 4041 appellantur,
2681 3969 2905 4025 tributa
2937 3971 3257 4039 imperasse
3280 3970 3476 4024 refert.

2130 4044 2243 4113 (57)
2270 4042 2555 4098 Theodos.
2617 4041 2908 4105 Kioviens,
2969 4057 3064 4095 an.
3123 4041 3265 4113 9474;
3319 4041 3494 4097 silent
3550 4041 3706 4096 enim

2060 4112 2449 4169 hancnovam
2484 4112 2869 4179 irruptionem
2904 4112 3204 4183 Byzantini
3238 4114 3571 4184 scriptores.

2150 4186 2242 4241 58)
2274 4186 2427 4241 Idem
2463 4202 2557 4241 an.
2590 4184 2718 4239 945.

2150 4187 2219 4239 58
2274 4186 2427 4241 Idem
2463 4202 2557 4241 an.
2590 4186 2718 4239 945.

2129 4186 2508 4382 Ξῗξῗζὲῗοὲἱιέ.
2562 4253 2817 4325 Theoph.
2889 4271 2943 4326 p.
2993 4254 3125 4320 267,
3180 4253 3369 4309 caeteri
3417 4253 3705 4310 Theodos.

2060 4328 2233 4385 Κίον.
2254 4345 2349 4386 an.
2382 4328 2508 4383 943.

2130 4401 2258 4526 (ἓὲὲ
2276 4399 2502 4456 Contin.
2528 4395 2791 4469 Theoph.
2821 4412 2918 4470 pp.
2940 4396 3065 4466 265,
3092 4396 3219 4467 2'78,
3250 4399 3360 4453 Leo
3386 4396 3707 4453 Grammat.

2061 4488 2454 4613 p.(g‘ixlslVigra
2487 4540 2709 4613 scilicet
2754 4539 2914 4610 lepra
2962 4539 3215 4611 graviter
3269 4539 3567 4613 laborabat
3599 4541 3709 4595 Ab.

2067 4611 2259 4681 garus,
2318 4611 2452 4670 inde
2510 4612 2790 4677 Uchomo,
2848 4613 3031 4679 niger,
3110 4611 3577 4681 cognominatus,
3644 4615 3711 4666 ut

2069 4686 2319 4759 Bayerus
2349 4685 2409 4759 in
2459 4684 2596 4738 Hist.
2633 4682 2936 4759 Edessena,
2991 4698 3047 4752 p.
3102 4682 3205 4759 104
3254 4683 3605 4759 arbitratur;
3639 4683 3709 4736 de

2068 4754 2275 4824 genere
2316 4756 2470 4810 enim
2505 4754 2689 4809 morbi
2732 4770 2844 4807 non
2894 4754 3158 4807 convenit
3190 4754 3340 4824 inter
3370 4754 3703 4824 scriptores.

2069 4823 2233 4883 Multi
2273 4827 2343 4882 de
2393 4827 2613 4881 mutuis
2644 4823 2857 4895 Abgari
2905 4827 2962 4879 et
3008 4823 3221 4897 Christi
3271 4823 3534 4897 epistolis
3567 4824 3711 4879 scri-

2066 4916 2254 4970 psere,
2290 4899 2578 4970 praecipue
2606 4894 3511 4970 Grabius_Spicil._PP._t.'ijnit.

2138 4972 2253 5041 (62)
2285 4965 2650 5041 Constantia.
2691 4968 2765 5041 De
2815 4965 3312 5041 Christﬁimagine
3353 4968 3710 5041 Edesseaap.

2138 4983 2253 5041 (62)
2285 4983 2650 5024 Constantia.
2691 4983 2765 5023 ue
2815 4983 3019 5022 cnrzsn
3072 4983 3312 5036 imagine
3353 4983 3622 5020 naeswna

2066 5042 2155 5109 85,
2191 5057 2321 5109 quas
2351 5044 2541 5096 exstat
2588 5040 2647 5093 in
2696 5038 2977 5106 Manipulo
3021 5038 3147 5093 Rer.
3210 5038 3502 5093 Constant.
3552 5038 3634 5092 Ad
3684 5053 3714 5091 e

2067 5111 2418 5169 Combefisio
2441 5115 2645 5183 notata
2671 5127 2729 5183 p.
2765 5111 2887 5164 105.

2135 5186 2251 5256 (63)
2287 5184 2565 5256 Evagrius
2592 5179 2695 5256 iib'.
2731 5197 2803 5256 iv,
2830 5196 2879 5236 c.
2911 5180 3001 5256 27,
3037 5179 3135 5234 ubi
3158 5179 3426 5256 C_o_srocm
3454 5184 3712 5256 propter-

2067 5252 2481 5311 ea'exercitu’m
2526 5253 2653 5308 urbi
2700 5252 3025 5307 admovisse
3074 5252 3298 5315 scribit,
3349 5257 3431 5321 ut,
3474 5268 3601 5322 quae
3642 5254 3710 5305 de

2067 5327 2321 5394 imagine
2376 5326 2544 5394 vulgo
2604 5324 3001 5385 tradebantur,
3063 5324 3371 5378 mendaciii
3418 5328 3709 5394 argueret.

2066 5394 2243 5454 Paulo
2274 5396 2441 5453 aliter
2471 5394 2835 5466 Constantia.
2872 5412 2928 5466 p.
2959 5394 3024 5447 91
3064 5400 3280 5450 narrat.

2136 5470 2247 5541 (6i)
2298 5468 2540 5541 Charam
2600 5465 2842 5532 scilicet,
2877 5465 3147 5541 'Saroten
3214 5471 3270 5521 et
3325 5469 3711 5541 Samosatam,

2066 5537 2354 5598 Edesseno
2388 5540 2678 5612 praefecto,
2724 5554 2896 5612 quem
2950 5538 3219 5612 Emirumg
3253 5537 3710 5612 vocant_,_subj_e-

2065 5620 2209 5667 ctas.
2243 5607 2603 5667 Constantin.
2658 5625 2783 5679 pag.
2837 5609 2942 5675 illi;
2990 5609 3139 5662 adde
3183 5608 3413 5663 Contin.
3447 5607 3705 5679 Theoph.

2064 5683 2103 5739 l.
2138 5684 2322 5811 c._{el.
2356 5688 2476 5741 Hoc
2508 5677 2945 5756 pactum—aurea
2968 5680 3127 5736 bulla
3156 5679 3475 5752 imperator
3508 5677 3711 5734 contir-

2064 5770 2213 5811 mavx
2243 5792 2261 5811 .

2064 5770 2261 5812 mavxt.
