  <div class='ocr_page' id='page_1' title='image "/cluster/home/n/w/nwhite01/storage/ocr_20150623/112/hvd.32044073502304/037.png"; bbox 0 0 4074 6220; ppageno 0'>
   <div class='ocr_carea' id='block_1_1' title="bbox 419 314 3819 383">
    <p class='ocr_par' dir='ltr' id='par_1_1' title="bbox 419 314 3819 383">
     <span class='ocr_line' id='line_1_1' title="bbox 419 314 3819 383; baseline -0.005 0"><span class='ocrx_word' id='word_1_1' title='bbox 419 321 497 382; x_wconf 84' lang='lat'>63</span> <span class='ocrx_word' id='word_1_2' title='bbox 1549 323 1607 383; x_wconf 82' lang='lat' dir='ltr'>J.</span> <span class='ocrx_word' id='word_1_3' title='bbox 1656 323 1738 382; x_wconf 91' lang='lat' dir='ltr'>H.</span> <span class='ocrx_word' id='word_1_4' title='bbox 1780 319 2075 382; x_wconf 81' lang='lat' dir='ltr'>LEICHII</span> <span class='ocrx_word' id='word_1_5' title='bbox 2117 314 2686 380; x_wconf 80' lang='lat' dir='ltr'>COMMENTATIO</span> <span class='ocrx_word' id='word_1_6' title='bbox 3736 320 3819 382; x_wconf 72' lang='grc'>64</span> 
     </span>
    </p>
   </div>
   <div class='ocr_carea' id='block_1_2' title="bbox 417 448 3815 525">
    <p class='ocr_par' dir='ltr' id='par_1_2' title="bbox 417 448 3815 525">
     <span class='ocr_line' id='line_1_2' title="bbox 417 448 3815 525; baseline 0.001 -16"><span class='ocrx_word' id='word_1_7' title='bbox 417 456 527 520; x_wconf 88' lang='lat' dir='ltr'>est,</span> <span class='ocrx_word' id='word_1_8' title='bbox 559 454 1011 525; x_wconf 77' lang='lat' dir='ltr'>procedentibus</span> <span class='ocrx_word' id='word_1_9' title='bbox 1042 454 1214 525; x_wconf 88' lang='lat' dir='ltr'>longo</span> <span class='ocrx_word' id='word_1_10' title='bbox 1245 454 1448 509; x_wconf 91' lang='lat' dir='ltr'>ordine</span> <span class='ocrx_word' id='word_1_11' title='bbox 1478 452 1808 525; x_wconf 90' lang='lat' dir='ltr'>Sthephano</span> <span class='ocrx_word' id='word_1_12' title='bbox 1839 456 1895 507; x_wconf 89' lang='lat' dir='ltr'>et</span> <span class='ocrx_word' id='word_1_13' title='bbox 1915 450 2056 507; x_wconf 90' lang='lat' dir='ltr'>Con-</span> <span class='ocrx_word' id='word_1_14' title='bbox 2084 450 2138 519; x_wconf 79' lang='grc' dir='ltr'><strong>Α</strong></span> <span class='ocrx_word' id='word_1_15' title='bbox 2166 448 2405 513; x_wconf 80' lang='lat' dir='ltr'>videret,</span> <span class='ocrx_word' id='word_1_16' title='bbox 2458 464 2531 503; x_wconf 89' lang='lat' dir='ltr'>ne</span> <span class='ocrx_word' id='word_1_17' title='bbox 2586 452 2703 504; x_wconf 90' lang='lat' dir='ltr'>tam</span> <span class='ocrx_word' id='word_1_18' title='bbox 2740 448 3015 520; x_wconf 76' lang='lat' dir='ltr'>praeclara</span> <span class='ocrx_word' id='word_1_19' title='bbox 3052 450 3299 520; x_wconf 76' lang='lat' dir='ltr'>indoles,</span> <span class='ocrx_word' id='word_1_20' title='bbox 3330 455 3417 508; x_wconf 88' lang='lat' dir='ltr'>tot</span> <span class='ocrx_word' id='word_1_21' title='bbox 3463 460 3815 512; x_wconf 86' lang='lat' dir='ltr'>ornamenta</span> 
     </span>
    </p>
   </div>
   <div class='ocr_carea' id='block_1_3' title="bbox 417 542 2055 614">
    <p class='ocr_par' dir='ltr' id='par_1_3' title="bbox 417 542 2055 614">
     <span class='ocr_line' id='line_1_3' title="bbox 417 542 2055 614; baseline -0.001 -17"><span class='ocrx_word' id='word_1_22' title='bbox 417 543 703 607; x_wconf 87' lang='lat' dir='ltr'>stantino,</span> <span class='ocrx_word' id='word_1_23' title='bbox 720 544 961 600; x_wconf 82' lang='lat' dir='ltr'>Romani</span> <span class='ocrx_word' id='word_1_24' title='bbox 978 542 1138 614; x_wconf 89' lang='lat' dir='ltr'>ﬁliis,</span> <span class='ocrx_word' id='word_1_25' title='bbox 1157 543 1721 614; x_wconf 83' lang='lat' dir='ltr'>Porphyrogenneto,</span> <span class='ocrx_word' id='word_1_26' title='bbox 1744 548 1800 599; x_wconf 90' lang='lat' dir='ltr'>et</span> <span class='ocrx_word' id='word_1_27' title='bbox 1827 546 2055 609; x_wconf 88' lang='lat' dir='ltr'>senatu,</span> 
     </span>
    </p>
   </div>
   <div class='ocr_carea' id='block_1_4' title="bbox 418 632 2058 703">
    <p class='ocr_par' dir='ltr' id='par_1_4' title="bbox 418 632 2058 703">
     <span class='ocr_line' id='line_1_4' title="bbox 418 632 2058 703; baseline -0.001 -17"><span class='ocrx_word' id='word_1_28' title='bbox 418 648 552 687; x_wconf 90' lang='lat' dir='ltr'>cum</span> <span class='ocrx_word' id='word_1_29' title='bbox 595 632 796 701; x_wconf 90' lang='lat' dir='ltr'>cereis,</span> <span class='ocrx_word' id='word_1_30' title='bbox 840 637 896 688; x_wconf 91' lang='lat' dir='ltr'>et</span> <span class='ocrx_word' id='word_1_31' title='bbox 947 632 1386 703; x_wconf 85' lang='lat' dir='ltr'>Evangeliorum</span> <span class='ocrx_word' id='word_1_32' title='bbox 1447 632 1759 700; x_wconf 85' lang='lat' dir='ltr'>volumine,</span> <span class='ocrx_word' id='word_1_33' title='bbox 1808 635 1873 685; x_wconf 87' lang='lat' dir='ltr'>ut</span> <span class='ocrx_word' id='word_1_34' title='bbox 1921 639 2058 685; x_wconf 90' lang='lat' dir='ltr'>tunc</span> 
     </span>
    </p>
   </div>
   <div class='ocr_carea' id='block_1_5' title="bbox 418 715 2055 789">
    <p class='ocr_par' dir='ltr' id='par_1_5' title="bbox 418 715 2055 789">
     <span class='ocr_line' id='line_1_5' title="bbox 418 715 2055 789; baseline -0.001 -17"><span class='ocrx_word' id='word_1_35' title='bbox 418 718 781 773; x_wconf 83' lang='lat' dir='ltr'>consuetudo</span> <span class='ocrx_word' id='word_1_36' title='bbox 823 721 944 773; x_wconf 90' lang='lat' dir='ltr'>erat</span> <span class='ocrx_word' id='word_1_37' title='bbox 988 717 1047 772; x_wconf 90' lang='lat' dir='ltr'>in</span> <span class='ocrx_word' id='word_1_38' title='bbox 1081 717 1332 789; x_wconf 85' lang='lat' dir='ltr'>publicis</span> <span class='ocrx_word' id='word_1_39' title='bbox 1361 716 1911 789; x_wconf 81' lang='lat' dir='ltr'>supplicationibus.</span> <span class='ocrx_word' id='word_1_40' title='bbox 1963 715 2055 771; x_wconf 90' lang='lat' dir='ltr'>ln-</span> 
     </span>
    </p>
   </div>
   <div class='ocr_carea' id='block_1_6' title="bbox 416 805 2055 879">
    <p class='ocr_par' dir='ltr' id='par_1_6' title="bbox 416 805 2055 879">
     <span class='ocr_line' id='line_1_6' title="bbox 416 805 2055 879; baseline -0.002 -17"><span class='ocrx_word' id='word_1_41' title='bbox 416 806 592 863; x_wconf 89' lang='lat' dir='ltr'>cessit</span> <span class='ocrx_word' id='word_1_42' title='bbox 621 808 829 863; x_wconf 90' lang='lat' dir='ltr'>deinde</span> <span class='ocrx_word' id='word_1_43' title='bbox 853 806 1406 879; x_wconf 87' lang='lat' dir='ltr'>religiu,quonamin</span> <span class='ocrx_word' id='word_1_44' title='bbox 1425 806 1641 877; x_wconf 88' lang='lat' dir='ltr'>templo</span> <span class='ocrx_word' id='word_1_45' title='bbox 1655 805 2055 875; x_wconf 80' lang='lat' dir='ltr'>sacraet‘ﬁgies</span> 
     </span>
    </p>
   </div>
   <div class='ocr_carea' id='block_1_7' title="bbox 416 894 2052 967">
    <p class='ocr_par' dir='ltr' id='par_1_7' title="bbox 416 894 2052 967">
     <span class='ocr_line' id='line_1_7' title="bbox 416 894 2052 967; baseline -0.002 -16"><span class='ocrx_word' id='word_1_46' title='bbox 416 895 751 956; x_wconf 87' lang='lat' dir='ltr'>collocanda</span> <span class='ocrx_word' id='word_1_47' title='bbox 771 896 955 952; x_wconf 84' lang='lat' dir='ltr'>foret?</span> <span class='ocrx_word' id='word_1_48' title='bbox 966 901 1260 967; x_wconf 87' lang='lat' dir='ltr'>postremo</span> <span class='ocrx_word' id='word_1_49' title='bbox 1283 895 1341 951; x_wconf 92' lang='lat' dir='ltr'>in</span> <span class='ocrx_word' id='word_1_50' title='bbox 1364 896 1588 951; x_wconf 67' lang='lat' dir='ltr'>Sanctae</span> <span class='ocrx_word' id='word_1_51' title='bbox 1619 894 1840 966; x_wconf 64' lang='lat' dir='ltr'>Sophia;</span> <span class='ocrx_word' id='word_1_52' title='bbox 1870 894 2052 963; x_wconf 90' lang='lat' dir='ltr'>illata,</span> 
     </span>
    </p>
   </div>
   <div class='ocr_carea' id='block_1_8' title="bbox 412 985 2052 1058">
    <p class='ocr_par' dir='ltr' id='par_1_8' title="bbox 412 985 2052 1058">
     <span class='ocr_line' id='line_1_8' title="bbox 412 985 2052 1058; baseline 0 -18"><span class='ocrx_word' id='word_1_53' title='bbox 412 987 645 1057; x_wconf 79' lang='lat' dir='ltr'>rituque</span> <span class='ocrx_word' id='word_1_54' title='bbox 671 986 918 1041; x_wconf 85' lang='lat' dir='ltr'>solemni</span> <span class='ocrx_word' id='word_1_55' title='bbox 949 987 1106 1041; x_wconf 88' lang='lat' dir='ltr'>culta</span> <span class='ocrx_word' id='word_1_56' title='bbox 1146 985 1255 1041; x_wconf 80' lang='lat' dir='ltr'>fuit</span> <span class='ocrx_word' id='word_1_57' title='bbox 1294 986 1431 1058; x_wconf 90' lang='lat'>(65).</span> <span class='ocrx_word' id='word_1_58' title='bbox 1463 988 1663 1041; x_wconf 83' lang='lat' dir='ltr'>Exstat</span> <span class='ocrx_word' id='word_1_59' title='bbox 1692 986 2052 1041; x_wconf 79' lang='lat' dir='ltr'>Constantini</span> 
     </span>
    </p>
   </div>
   <div class='ocr_carea' id='block_1_9' title="bbox 412 1074 2053 1147">
    <p class='ocr_par' dir='ltr' id='par_1_9' title="bbox 412 1074 2053 1147">
     <span class='ocr_line' id='line_1_9' title="bbox 412 1074 2053 1147; baseline 0 -18"><span class='ocrx_word' id='word_1_60' title='bbox 412 1074 946 1147; x_wconf 81' lang='lat' dir='ltr'>Porphyrogenneti</span> <span class='ocrx_word' id='word_1_61' title='bbox 981 1076 1052 1130; x_wconf 90' lang='lat' dir='ltr'>de</span> <span class='ocrx_word' id='word_1_62' title='bbox 1074 1075 1364 1131; x_wconf 74' lang='lat' dir='ltr'>Edessena</span> <span class='ocrx_word' id='word_1_63' title='bbox 1387 1074 1646 1143; x_wconf 90' lang='lat' dir='ltr'>sudario,</span> <span class='ocrx_word' id='word_1_64' title='bbox 1670 1074 1903 1146; x_wconf 82' lang='lat' dir='ltr'>elegans</span> <span class='ocrx_word' id='word_1_65' title='bbox 1922 1092 2053 1130; x_wconf 88' lang='lat' dir='ltr'>ora-</span> 
     </span>
    </p>
   </div>
   <div class='ocr_carea' id='block_1_10' title="bbox 408 1162 2052 1235">
    <p class='ocr_par' dir='ltr' id='par_1_10' title="bbox 408 1162 2052 1235">
     <span class='ocr_line' id='line_1_10' title="bbox 408 1162 2052 1235; baseline 0.001 -17"><span class='ocrx_word' id='word_1_66' title='bbox 408 1162 512 1229; x_wconf 87' lang='lat' dir='ltr'>tio,</span> <span class='ocrx_word' id='word_1_67' title='bbox 547 1181 699 1219; x_wconf 90' lang='lat' dir='ltr'>anno</span> <span class='ocrx_word' id='word_1_68' title='bbox 734 1165 1017 1235; x_wconf 86' lang='lat' dir='ltr'>proximo,</span> <span class='ocrx_word' id='word_1_69' title='bbox 1050 1168 1115 1218; x_wconf 87' lang='lat' dir='ltr'>ut</span> <span class='ocrx_word' id='word_1_70' title='bbox 1154 1164 1397 1233; x_wconf 90' lang='lat' dir='ltr'>videtur,</span> <span class='ocrx_word' id='word_1_71' title='bbox 1441 1164 1499 1219; x_wconf 91' lang='lat' dir='ltr'>in</span> <span class='ocrx_word' id='word_1_72' title='bbox 1541 1164 1737 1234; x_wconf 91' lang='lat' dir='ltr'>populi</span> <span class='ocrx_word' id='word_1_73' title='bbox 1776 1163 2052 1221; x_wconf 88' lang='lat' dir='ltr'>concione</span> 
     </span>
    </p>
   </div>
   <div class='ocr_carea' id='block_1_11' title="bbox 410 1252 2052 1323">
    <p class='ocr_par' dir='ltr' id='par_1_11' title="bbox 410 1252 2052 1323">
     <span class='ocr_line' id='line_1_11' title="bbox 410 1252 2052 1323; baseline 0 -16"><span class='ocrx_word' id='word_1_74' title='bbox 410 1252 625 1319; x_wconf 91' lang='lat' dir='ltr'>habita,</span> <span class='ocrx_word' id='word_1_75' title='bbox 659 1269 837 1323; x_wconf 88' lang='lat' dir='ltr'>quam</span> <span class='ocrx_word' id='word_1_76' title='bbox 876 1252 1135 1323; x_wconf 89' lang='lat' dir='ltr'>junioris</span> <span class='ocrx_word' id='word_1_77' title='bbox 1181 1252 1548 1307; x_wconf 85' lang='lat' dir='ltr'>Constantini</span> <span class='ocrx_word' id='word_1_78' title='bbox 1598 1268 1741 1319; x_wconf 89' lang='lat' dir='ltr'>esse,</span> <span class='ocrx_word' id='word_1_79' title='bbox 1783 1252 2052 1323; x_wconf 88' lang='lat' dir='ltr'>Aloysius</span> 
     </span>
    </p>
   </div>
   <div class='ocr_carea' id='block_1_12' title="bbox 413 1341 2048 1413">
    <p class='ocr_par' dir='ltr' id='par_1_12' title="bbox 413 1341 2048 1413">
     <span class='ocr_line' id='line_1_12' title="bbox 413 1341 2048 1413; baseline 0 -18"><span class='ocrx_word' id='word_1_80' title='bbox 413 1341 844 1413; x_wconf 87' lang='lat' dir='ltr'>Lippomannus</span> <span class='ocrx_word' id='word_1_81' title='bbox 875 1345 932 1396; x_wconf 90' lang='lat' dir='ltr'>et</span> <span class='ocrx_word' id='word_1_82' title='bbox 961 1342 1151 1397; x_wconf 74' lang='lat' dir='ltr'>Caesar</span> <span class='ocrx_word' id='word_1_83' title='bbox 1181 1341 1465 1396; x_wconf 89' lang='lat' dir='ltr'>Baronius</span> <span class='ocrx_word' id='word_1_84' title='bbox 1494 1356 1623 1397; x_wconf 88' lang='lat' dir='ltr'>esse</span> <span class='ocrx_word' id='word_1_85' title='bbox 1652 1341 2048 1409; x_wconf 82' lang='lat' dir='ltr'>arbitrantur;</span> 
     </span>
    </p>
   </div>
   <div class='ocr_carea' id='block_1_13' title="bbox 407 1428 2049 1501">
    <p class='ocr_par' dir='ltr' id='par_1_13' title="bbox 407 1428 2049 1501">
     <span class='ocr_line' id='line_1_13' title="bbox 407 1428 2049 1501; baseline -0.001 -16"><span class='ocrx_word' id='word_1_86' title='bbox 407 1446 473 1486; x_wconf 90' lang='lat' dir='ltr'>eo</span> <span class='ocrx_word' id='word_1_87' title='bbox 506 1430 793 1501; x_wconf 65' lang='lat' dir='ltr'>praecipue</span> <span class='ocrx_word' id='word_1_88' title='bbox 840 1434 1180 1501; x_wconf 82' lang='lat' dir='ltr'>argumento</span> <span class='ocrx_word' id='word_1_89' title='bbox 1229 1430 1391 1495; x_wconf 84' lang='lat' dir='ltr'>moti,</span> <span class='ocrx_word' id='word_1_90' title='bbox 1443 1431 1592 1501; x_wconf 89' lang='lat' dir='ltr'>quod</span> <span class='ocrx_word' id='word_1_91' title='bbox 1636 1428 1786 1485; x_wconf 89' lang='lat' dir='ltr'>aliud</span> <span class='ocrx_word' id='word_1_92' title='bbox 1818 1429 2049 1486; x_wconf 88' lang='lat' dir='ltr'>dicendi</span> 
     </span>
    </p>
   </div>
   <div class='ocr_carea' id='block_1_14' title="bbox 405 1518 2051 1591">
    <p class='ocr_par' dir='ltr' id='par_1_14' title="bbox 405 1518 2051 1591">
     <span class='ocr_line' id='line_1_14' title="bbox 405 1518 2051 1591; baseline 0 -18"><span class='ocrx_word' id='word_1_93' title='bbox 405 1533 592 1589; x_wconf 90' lang='lat' dir='ltr'>genus</span> <span class='ocrx_word' id='word_1_94' title='bbox 623 1520 681 1574; x_wconf 90' lang='lat' dir='ltr'>in</span> <span class='ocrx_word' id='word_1_95' title='bbox 714 1518 879 1574; x_wconf 89' lang='lat' dir='ltr'>libris</span> <span class='ocrx_word' id='word_1_96' title='bbox 925 1521 997 1575; x_wconf 77' lang='lat' dir='ltr'>De</span> <span class='ocrx_word' id='word_1_97' title='bbox 1033 1519 1469 1582; x_wconf 75' lang='lat' dir='ltr'>administrando</span> <span class='ocrx_word' id='word_1_98' title='bbox 1502 1520 1747 1591; x_wconf 81' lang='lat' dir='ltr'>imperio,</span> <span class='ocrx_word' id='word_1_99' title='bbox 1783 1518 1911 1574; x_wconf 86' lang='lat' dir='ltr'>Vita</span> <span class='ocrx_word' id='word_1_100' title='bbox 1940 1519 2051 1574; x_wconf 91' lang='lat' dir='ltr'>Ba-</span> 
     </span>
    </p>
   </div>
   <div class='ocr_carea' id='block_1_15' title="bbox 406 1606 2049 1681">
    <p class='ocr_par' dir='ltr' id='par_1_15' title="bbox 406 1606 2049 1681">
     <span class='ocr_line' id='line_1_15' title="bbox 406 1606 2049 1681; baseline 0.001 -20"><span class='ocrx_word' id='word_1_101' title='bbox 406 1606 546 1676; x_wconf 90' lang='lat' dir='ltr'>silii,</span> <span class='ocrx_word' id='word_1_102' title='bbox 578 1608 822 1677; x_wconf 63' lang='lat' dir='ltr'>caeteris,</span> <span class='ocrx_word' id='word_1_103' title='bbox 855 1614 1135 1681; x_wconf 84' lang='lat' dir='ltr'>appareat</span> <span class='ocrx_word' id='word_1_104' title='bbox 1159 1610 1290 1681; x_wconf 90' lang='lat'>(66).</span> <span class='ocrx_word' id='word_1_105' title='bbox 1312 1610 1533 1665; x_wconf 91' lang='lat' dir='ltr'>Damus</span> <span class='ocrx_word' id='word_1_106' title='bbox 1563 1608 1673 1664; x_wconf 89' lang='lat' dir='ltr'>hoc</span> <span class='ocrx_word' id='word_1_107' title='bbox 1702 1608 1912 1664; x_wconf 63' lang='lat' dir='ltr'>Cresari</span> <span class='ocrx_word' id='word_1_108' title='bbox 1944 1608 2049 1663; x_wconf 84' lang='lat' dir='ltr'>Ba-</span> 
     </span>
    </p>
   </div>
   <div class='ocr_carea' id='block_1_16' title="bbox 406 1696 2049 1770">
    <p class='ocr_par' dir='ltr' id='par_1_16' title="bbox 406 1696 2049 1770">
     <span class='ocr_line' id='line_1_16' title="bbox 406 1696 2049 1770; baseline 0.002 -20"><span class='ocrx_word' id='word_1_109' title='bbox 406 1696 593 1762; x_wconf 90' lang='lat' dir='ltr'>ronio,</span> <span class='ocrx_word' id='word_1_110' title='bbox 626 1713 954 1753; x_wconf 88' lang='lat' dir='ltr'>sermonem</span> <span class='ocrx_word' id='word_1_111' title='bbox 1006 1699 1376 1770; x_wconf 78' lang='lat' dir='ltr'>imperatoris</span> <span class='ocrx_word' id='word_1_112' title='bbox 1428 1697 1710 1754; x_wconf 92' lang='lat' dir='ltr'>humilem</span> <span class='ocrx_word' id='word_1_113' title='bbox 1758 1698 1817 1752; x_wconf 94' lang='lat' dir='ltr'>in</span> <span class='ocrx_word' id='word_1_114' title='bbox 1849 1697 1965 1753; x_wconf 89' lang='lat' dir='ltr'>illis</span> <span class='ocrx_word' id='word_1_115' title='bbox 1992 1704 2049 1753; x_wconf 89' lang='lat' dir='ltr'>et</span> 
     </span>
    </p>
   </div>
   <div class='ocr_carea' id='block_1_17' title="bbox 2163 539 3812 618">
    <p class='ocr_par' dir='ltr' id='par_1_17' title="bbox 2163 539 3812 618">
     <span class='ocr_line' id='line_1_17' title="bbox 2163 539 3812 618; baseline 0.004 -25"><span class='ocrx_word' id='word_1_116' title='bbox 2163 539 3166 604; x_wconf 89' lang='lat' dir='ltr'>virtutum,inertiaobscurarentur.</span> <span class='ocrx_word' id='word_1_117' title='bbox 3198 541 3537 612; x_wconf 86' lang='lat' dir='ltr'>Adjutorem</span> <span class='ocrx_word' id='word_1_118' title='bbox 3564 543 3812 618; x_wconf 83' lang='lat' dir='ltr'>Porphy-</span> 
     </span>
    </p>
   </div>
   <div class='ocr_carea' id='block_1_18' title="bbox 2166 630 3809 705">
    <p class='ocr_par' dir='ltr' id='par_1_18' title="bbox 2166 630 3809 705">
     <span class='ocr_line' id='line_1_18' title="bbox 2166 630 3809 705; baseline 0.007 -22"><span class='ocrx_word' id='word_1_119' title='bbox 2166 635 2551 702; x_wconf 89' lang='lat' dir='ltr'>rogennetum</span> <span class='ocrx_word' id='word_1_120' title='bbox 2577 631 2717 698; x_wconf 83' lang='lat' dir='ltr'>fore,</span> <span class='ocrx_word' id='word_1_121' title='bbox 2741 630 2834 686; x_wconf 90' lang='lat' dir='ltr'>cui</span> <span class='ocrx_word' id='word_1_122' title='bbox 2858 631 2999 687; x_wconf 88' lang='lat' dir='ltr'>nihil</span> <span class='ocrx_word' id='word_1_123' title='bbox 3032 633 3334 704; x_wconf 87' lang='lat' dir='ltr'>antiquius</span> <span class='ocrx_word' id='word_1_124' title='bbox 3357 634 3452 701; x_wconf 90' lang='lat' dir='ltr'>sit,</span> <span class='ocrx_word' id='word_1_125' title='bbox 3478 651 3651 705; x_wconf 89' lang='lat' dir='ltr'>quam</span> <span class='ocrx_word' id='word_1_126' title='bbox 3676 652 3809 694; x_wconf 90' lang='lat' dir='ltr'>eum</span> 
     </span>
    </p>
   </div>
   <div class='ocr_carea' id='block_1_19' title="bbox 2164 719 3807 796">
    <p class='ocr_par' dir='ltr' id='par_1_19' title="bbox 2164 719 3807 796">
     <span class='ocr_line' id='line_1_19' title="bbox 2164 719 3807 796; baseline 0.005 -23"><span class='ocrx_word' id='word_1_127' title='bbox 2164 734 2430 791; x_wconf 90' lang='lat' dir='ltr'>regnare,</span> <span class='ocrx_word' id='word_1_128' title='bbox 2464 719 2561 790; x_wconf 91' lang='lat' dir='ltr'>qui</span> <span class='ocrx_word' id='word_1_129' title='bbox 2591 720 2660 774; x_wconf 88' lang='lat' dir='ltr'>ad</span> <span class='ocrx_word' id='word_1_130' title='bbox 2695 720 2844 776; x_wconf 87' lang='lat' dir='ltr'>hanc</span> <span class='ocrx_word' id='word_1_131' title='bbox 2894 738 3054 789; x_wconf 89' lang='lat' dir='ltr'>spem</span> <span class='ocrx_word' id='word_1_132' title='bbox 3086 722 3317 792; x_wconf 88' lang='lat' dir='ltr'>genitus</span> <span class='ocrx_word' id='word_1_133' title='bbox 3348 728 3500 779; x_wconf 87' lang='lat' dir='ltr'>esset</span> <span class='ocrx_word' id='word_1_134' title='bbox 3519 724 3656 796; x_wconf 89' lang='lat'>(68).</span> <span class='ocrx_word' id='word_1_135' title='bbox 3691 728 3807 781; x_wconf 87' lang='lat' dir='ltr'>Ita-</span> 
     </span>
    </p>
   </div>
   <div class='ocr_carea' id='block_1_20' title="bbox 2165 808 3811 879">
    <p class='ocr_par' dir='ltr' id='par_1_20' title="bbox 2165 808 3811 879">
     <span class='ocr_line' id='line_1_20' title="bbox 2165 808 3811 879; baseline 0.006 -18"><span class='ocrx_word' id='word_1_136' title='bbox 2165 822 2279 878; x_wconf 92' lang='lat' dir='ltr'>que</span> <span class='ocrx_word' id='word_1_137' title='bbox 2308 808 2603 864; x_wconf 82' lang='lat' dir='ltr'>Romanus</span> <span class='ocrx_word' id='word_1_138' title='bbox 2623 808 3093 879; x_wconf 87' lang='lat' dir='ltr'>comprehensus,</span> <span class='ocrx_word' id='word_1_139' title='bbox 3123 809 3183 865; x_wconf 88' lang='lat' dir='ltr'>in</span> <span class='ocrx_word' id='word_1_140' title='bbox 3218 810 3420 867; x_wconf 84' lang='lat' dir='ltr'>Proteu</span> <span class='ocrx_word' id='word_1_141' title='bbox 3447 811 3705 868; x_wconf 88' lang='lat' dir='ltr'>insulam</span> <span class='ocrx_word' id='word_1_142' title='bbox 3728 830 3811 871; x_wconf 84' lang='lat' dir='ltr'>re-</span> 
     </span>
    </p>
   </div>
   <div class='ocr_carea' id='block_1_21' title="bbox 2163 895 3804 967">
    <p class='ocr_par' dir='ltr' id='par_1_21' title="bbox 2163 895 3804 967">
     <span class='ocr_line' id='line_1_21' title="bbox 2163 895 3804 967; baseline 0.004 -17"><span class='ocrx_word' id='word_1_143' title='bbox 2163 895 2383 967; x_wconf 78' lang='lat' dir='ltr'>legatur</span> <span class='ocrx_word' id='word_1_144' title='bbox 2440 901 2497 951; x_wconf 90' lang='lat' dir='ltr'>et</span> <span class='ocrx_word' id='word_1_145' title='bbox 2549 897 2963 952; x_wconf 88' lang='lat' dir='ltr'>monachorum</span> <span class='ocrx_word' id='word_1_146' title='bbox 3021 897 3137 952; x_wconf 90' lang='lat' dir='ltr'>ritu</span> <span class='ocrx_word' id='word_1_147' title='bbox 3194 900 3524 956; x_wconf 90' lang='lat' dir='ltr'>tondetur:</span> <span class='ocrx_word' id='word_1_148' title='bbox 3573 916 3804 957; x_wconf 84' lang='lat' dir='ltr'>summa</span> 
     </span>
    </p>
   </div>
   <div class='ocr_carea' id='block_1_22' title="bbox 2162 984 3801 1059">
    <p class='ocr_par' dir='ltr' id='par_1_22' title="bbox 2162 984 3801 1059">
     <span class='ocr_line' id='line_1_22' title="bbox 2162 984 3801 1059; baseline 0.004 -20"><span class='ocrx_word' id='word_1_149' title='bbox 2162 984 2391 1056; x_wconf 88' lang='lat' dir='ltr'>imperii</span> <span class='ocrx_word' id='word_1_150' title='bbox 2413 986 2481 1040; x_wconf 88' lang='lat' dir='ltr'>ad</span> <span class='ocrx_word' id='word_1_151' title='bbox 2498 985 2648 1040; x_wconf 88' lang='lat' dir='ltr'>ﬁlios</span> <span class='ocrx_word' id='word_1_152' title='bbox 2672 990 2729 1041; x_wconf 91' lang='lat' dir='ltr'>et</span> <span class='ocrx_word' id='word_1_153' title='bbox 2750 986 3363 1058; x_wconf 88' lang='lat' dir='ltr'>Porphyrogennetum</span> <span class='ocrx_word' id='word_1_154' title='bbox 3385 989 3801 1059; x_wconf 88' lang='lat' dir='ltr'>delata,statim</span> 
     </span>
    </p>
   </div>
   <div class='ocr_carea' id='block_1_23' title="bbox 2162 1073 3805 1148">
    <p class='ocr_par' dir='ltr' id='par_1_23' title="bbox 2162 1073 3805 1148">
     <span class='ocr_line' id='line_1_23' title="bbox 2162 1073 3805 1148; baseline 0.005 -21"><span class='ocrx_word' id='word_1_155' title='bbox 2162 1073 2449 1144; x_wconf 86' lang='lat' dir='ltr'>apparuit,</span> <span class='ocrx_word' id='word_1_156' title='bbox 2475 1074 2951 1139; x_wconf 89' lang='lat' dir='ltr'>arduum,eodem</span> <span class='ocrx_word' id='word_1_157' title='bbox 2980 1074 3104 1131; x_wconf 90' lang='lat' dir='ltr'>loco</span> <span class='ocrx_word' id='word_1_158' title='bbox 3138 1077 3452 1148; x_wconf 88' lang='lat' dir='ltr'>potentiam</span> <span class='ocrx_word' id='word_1_159' title='bbox 3482 1082 3540 1133; x_wconf 83' lang='lat' dir='ltr'>et</span> <span class='ocrx_word' id='word_1_160' title='bbox 3559 1094 3805 1135; x_wconf 87' lang='lat' dir='ltr'>concor-</span> 
     </span>
    </p>
   </div>
   <div class='ocr_carea' id='block_1_24' title="bbox 2159 1163 3805 1235">
    <p class='ocr_par' dir='ltr' id='par_1_24' title="bbox 2159 1163 3805 1235">
     <span class='ocr_line' id='line_1_24' title="bbox 2159 1163 3805 1235; baseline 0.005 -19"><span class='ocrx_word' id='word_1_161' title='bbox 2159 1163 2311 1216; x_wconf 84' lang='lat' dir='ltr'>diam</span> <span class='ocrx_word' id='word_1_162' title='bbox 2343 1178 2494 1225; x_wconf 88' lang='lat' dir='ltr'>esse.</span> <span class='ocrx_word' id='word_1_163' title='bbox 2527 1178 2662 1219; x_wconf 91' lang='lat' dir='ltr'>cum</span> <span class='ocrx_word' id='word_1_164' title='bbox 2712 1163 2769 1218; x_wconf 92' lang='lat' dir='ltr'>id</span> <span class='ocrx_word' id='word_1_165' title='bbox 2819 1168 3012 1234; x_wconf 86' lang='lat' dir='ltr'>ageret</span> <span class='ocrx_word' id='word_1_166' title='bbox 3060 1165 3411 1235; x_wconf 89' lang='lat' dir='ltr'>Stephanus,</span> <span class='ocrx_word' id='word_1_167' title='bbox 3454 1172 3518 1223; x_wconf 92' lang='lat' dir='ltr'>ut</span> <span class='ocrx_word' id='word_1_168' title='bbox 3547 1166 3707 1224; x_wconf 84' lang='lat' dir='ltr'>solus</span> <span class='ocrx_word' id='word_1_169' title='bbox 3738 1185 3805 1224; x_wconf 87' lang='lat' dir='ltr'>ea</span> 
     </span>
    </p>
   </div>
   <div class='ocr_carea' id='block_1_25' title="bbox 2159 1251 3802 1324">
    <p class='ocr_par' dir='ltr' id='par_1_25' title="bbox 2159 1251 3802 1324">
     <span class='ocr_line' id='line_1_25' title="bbox 2159 1251 3802 1324; baseline 0.005 -19"><span class='ocrx_word' id='word_1_170' title='bbox 2159 1251 2445 1323; x_wconf 82' lang='lat' dir='ltr'>dignitate</span> <span class='ocrx_word' id='word_1_171' title='bbox 2477 1253 2777 1324; x_wconf 90' lang='lat' dir='ltr'>potiretur.</span> <span class='ocrx_word' id='word_1_172' title='bbox 2830 1252 3055 1309; x_wconf 86' lang='lat' dir='ltr'>Interea</span> <span class='ocrx_word' id='word_1_173' title='bbox 3094 1255 3541 1312; x_wconf 88' lang='lat' dir='ltr'>Constantinum</span> <span class='ocrx_word' id='word_1_174' title='bbox 3592 1256 3802 1313; x_wconf 83' lang='lat' dir='ltr'>Helena</span> 
     </span>
    </p>
   </div>
   <div class='ocr_carea' id='block_1_26' title="bbox 2159 1343 3800 1414">
    <p class='ocr_par' dir='ltr' id='par_1_26' title="bbox 2159 1343 3800 1414">
     <span class='ocr_line' id='line_1_26' title="bbox 2159 1343 3800 1414; baseline 0.004 -19"><span class='ocrx_word' id='word_1_175' title='bbox 2159 1345 2448 1412; x_wconf 82' lang='lat' dir='ltr'>Augusta,</span> <span class='ocrx_word' id='word_1_176' title='bbox 2483 1352 2543 1396; x_wconf 91' lang='lat' dir='ltr'>ut</span> <span class='ocrx_word' id='word_1_177' title='bbox 2570 1345 2689 1397; x_wconf 86' lang='lat' dir='ltr'>tam</span> <span class='ocrx_word' id='word_1_178' title='bbox 2724 1343 2973 1398; x_wconf 87' lang='lat' dir='ltr'>nefarios</span> <span class='ocrx_word' id='word_1_179' title='bbox 2995 1360 3177 1398; x_wconf 88' lang='lat' dir='ltr'>ausus</span> <span class='ocrx_word' id='word_1_180' title='bbox 3197 1346 3625 1414; x_wconf 88' lang='lat' dir='ltr'>comprimeret,</span> <span class='ocrx_word' id='word_1_181' title='bbox 3651 1347 3800 1401; x_wconf 85' lang='lat' dir='ltr'>exci-</span> 
     </span>
    </p>
   </div>
   <div class='ocr_carea' id='block_1_27' title="bbox 2157 1431 3799 1507">
    <p class='ocr_par' dir='ltr' id='par_1_27' title="bbox 2157 1431 3799 1507">
     <span class='ocr_line' id='line_1_27' title="bbox 2157 1431 3799 1507; baseline 0.005 -23"><span class='ocrx_word' id='word_1_182' title='bbox 2157 1434 2262 1499; x_wconf 86' lang='lat' dir='ltr'>tat,</span> <span class='ocrx_word' id='word_1_183' title='bbox 2282 1431 2383 1502; x_wconf 90' lang='lat' dir='ltr'>qui</span> <span class='ocrx_word' id='word_1_184' title='bbox 2414 1447 2535 1497; x_wconf 90' lang='lat' dir='ltr'>eos,</span> <span class='ocrx_word' id='word_1_185' title='bbox 2562 1431 2755 1501; x_wconf 85' lang='lat' dir='ltr'>specie</span> <span class='ocrx_word' id='word_1_186' title='bbox 2785 1431 3082 1499; x_wconf 69' lang='lat' dir='ltr'>amicitiis,</span> <span class='ocrx_word' id='word_1_187' title='bbox 3106 1432 3296 1503; x_wconf 89' lang='lat' dir='ltr'>epulis</span> <span class='ocrx_word' id='word_1_188' title='bbox 3328 1432 3650 1503; x_wconf 90' lang='lat' dir='ltr'>adhibitos,</span> <span class='ocrx_word' id='word_1_189' title='bbox 3672 1442 3799 1507; x_wconf 89' lang='lat' dir='ltr'>post</span> 
     </span>
    </p>
   </div>
   <div class='ocr_carea' id='block_1_28' title="bbox 2159 1518 3794 1594">
    <p class='ocr_par' dir='ltr' id='par_1_28' title="bbox 2159 1518 3794 1594">
     <span class='ocr_line' id='line_1_28' title="bbox 2159 1518 3794 1594; baseline 0.004 -24"><span class='ocrx_word' id='word_1_190' title='bbox 2159 1518 2544 1589; x_wconf 86' lang='lat' dir='ltr'>quadraginta</span> <span class='ocrx_word' id='word_1_191' title='bbox 2574 1518 2800 1574; x_wconf 88' lang='lat' dir='ltr'>dierum</span> <span class='ocrx_word' id='word_1_192' title='bbox 2856 1519 3190 1590; x_wconf 90' lang='lat' dir='ltr'>imperium,</span> <span class='ocrx_word' id='word_1_193' title='bbox 3222 1518 3282 1575; x_wconf 90' lang='lat' dir='ltr'>in</span> <span class='ocrx_word' id='word_1_194' title='bbox 3314 1520 3585 1577; x_wconf 84' lang='lat' dir='ltr'>exsilium</span> <span class='ocrx_word' id='word_1_195' title='bbox 3617 1522 3794 1594; x_wconf 90' lang='lat' dir='ltr'>pellit.</span> 
     </span>
    </p>
   </div>
   <div class='ocr_carea' id='block_1_29' title="bbox 2159 1607 3801 1681">
    <p class='ocr_par' dir='ltr' id='par_1_29' title="bbox 2159 1607 3801 1681">
     <span class='ocr_line' id='line_1_29' title="bbox 2159 1607 3801 1681; baseline 0.005 -20"><span class='ocrx_word' id='word_1_196' title='bbox 2159 1608 2216 1661; x_wconf 92' lang='lat' dir='ltr'><strong>Id</strong></span> <span class='ocrx_word' id='word_1_197' title='bbox 2250 1607 2583 1679; x_wconf 88' lang='lat' dir='ltr'>Stephanus</span> <span class='ocrx_word' id='word_1_198' title='bbox 2613 1623 2703 1662; x_wconf 72' lang='lat' dir='ltr'><strong>xxx</strong></span> <span class='ocrx_word' id='word_1_199' title='bbox 2734 1624 2922 1665; x_wconf 89' lang='lat' dir='ltr'>annos</span> <span class='ocrx_word' id='word_1_200' title='bbox 2954 1624 3162 1681; x_wconf 90' lang='lat' dir='ltr'>magno</span> <span class='ocrx_word' id='word_1_201' title='bbox 3193 1608 3387 1666; x_wconf 87' lang='lat' dir='ltr'>animo</span> <span class='ocrx_word' id='word_1_202' title='bbox 3417 1610 3476 1665; x_wconf 92' lang='lat' dir='ltr'>in</span> <span class='ocrx_word' id='word_1_203' title='bbox 3510 1611 3695 1668; x_wconf 87' lang='lat' dir='ltr'>Lesbo</span> <span class='ocrx_word' id='word_1_204' title='bbox 3719 1612 3801 1669; x_wconf 89' lang='lat' dir='ltr'>in-</span> 
     </span>
    </p>
   </div>
   <div class='ocr_carea' id='block_1_30' title="bbox 2157 1696 3796 1770">
    <p class='ocr_par' dir='ltr' id='par_1_30' title="bbox 2157 1696 3796 1770">
     <span class='ocr_line' id='line_1_30' title="bbox 2157 1696 3796 1770; baseline 0.003 -18"><span class='ocrx_word' id='word_1_205' title='bbox 2157 1696 2288 1752; x_wconf 90' lang='lat' dir='ltr'>sula</span> <span class='ocrx_word' id='word_1_206' title='bbox 2315 1696 2908 1768; x_wconf 83' lang='lat' dir='ltr'>tulit.Constantinus,</span> <span class='ocrx_word' id='word_1_207' title='bbox 2933 1698 3161 1754; x_wconf 90' lang='lat' dir='ltr'>duobus</span> <span class='ocrx_word' id='word_1_208' title='bbox 3181 1698 3352 1755; x_wconf 89' lang='lat' dir='ltr'>annis</span> <span class='ocrx_word' id='word_1_209' title='bbox 3382 1704 3531 1770; x_wconf 90' lang='lat' dir='ltr'>post,</span> <span class='ocrx_word' id='word_1_210' title='bbox 3568 1700 3643 1756; x_wconf 90' lang='lat' dir='ltr'>ad</span> <span class='ocrx_word' id='word_1_211' title='bbox 3678 1718 3796 1757; x_wconf 85' lang='lat' dir='ltr'>ma-</span> 
     </span>
    </p>
   </div>
   <div class='ocr_carea' id='block_1_31' title="bbox 405 1786 3800 1895">
    <p class='ocr_par' dir='ltr' id='par_1_31' title="bbox 405 1786 3800 1895">
     <span class='ocr_line' id='line_1_31' title="bbox 405 1786 3800 1895; baseline 0.001 -54"><span class='ocrx_word' id='word_1_212' title='bbox 405 1786 745 1859; x_wconf 91' lang='lat' dir='ltr'>plerumque</span> <span class='ocrx_word' id='word_1_213' title='bbox 787 1787 1085 1860; x_wconf 89' lang='lat' dir='ltr'>vulgarem</span> <span class='ocrx_word' id='word_1_214' title='bbox 1136 1804 1297 1856; x_wconf 84' lang='lat' dir='ltr'>esse;</span> <span class='ocrx_word' id='word_1_215' title='bbox 1355 1789 1455 1844; x_wconf 90' lang='lat' dir='ltr'>sed</span> <span class='ocrx_word' id='word_1_216' title='bbox 1509 1786 1838 1844; x_wconf 88' lang='lat' dir='ltr'>sublimiori</span> <span class='ocrx_word' id='word_1_217' title='bbox 1898 1787 2047 1861; x_wconf 85' lang='lat' dir='ltr'>stylo</span> <span class='ocrx_word' id='word_1_218' title='bbox 2085 1830 2128 1895; x_wconf 76' lang='grc' dir='ltr'><strong>Β</strong></span> <span class='ocrx_word' id='word_1_219' title='bbox 2152 1786 2304 1857; x_wconf 85' lang='lat' dir='ltr'>jora,</span> <span class='ocrx_word' id='word_1_220' title='bbox 2338 1790 2397 1841; x_wconf 91' lang='lat' dir='ltr'>et</span> <span class='ocrx_word' id='word_1_221' title='bbox 2441 1786 2627 1858; x_wconf 90' lang='lat' dir='ltr'>magis</span> <span class='ocrx_word' id='word_1_222' title='bbox 2670 1786 2987 1859; x_wconf 66' lang='lat' dir='ltr'>prmeipitia</span> <span class='ocrx_word' id='word_1_223' title='bbox 3032 1802 3368 1857; x_wconf 88' lang='lat' dir='ltr'>conversus,</span> <span class='ocrx_word' id='word_1_224' title='bbox 3413 1803 3545 1845; x_wconf 89' lang='lat' dir='ltr'>cum</span> <span class='ocrx_word' id='word_1_225' title='bbox 3577 1790 3800 1862; x_wconf 80' lang='lat' dir='ltr'>Byzan-</span> 
     </span>
    </p>
   </div>
   <div class='ocr_carea' id='block_1_32' title="bbox 404 1875 3802 1952">
    <p class='ocr_par' dir='ltr' id='par_1_32' title="bbox 404 1875 3802 1952">
     <span class='ocr_line' id='line_1_32' title="bbox 404 1875 3802 1952; baseline 0.002 -22"><span class='ocrx_word' id='word_1_226' title='bbox 404 1876 712 1931; x_wconf 87' lang='lat' dir='ltr'>formanda</span> <span class='ocrx_word' id='word_1_227' title='bbox 742 1881 864 1931; x_wconf 88' lang='lat' dir='ltr'>erat</span> <span class='ocrx_word' id='word_1_228' title='bbox 918 1877 1125 1945; x_wconf 86' lang='lat' dir='ltr'>oratio,</span> <span class='ocrx_word' id='word_1_229' title='bbox 1185 1893 1310 1949; x_wconf 77' lang='lat' dir='ltr'>quas</span> <span class='ocrx_word' id='word_1_230' title='bbox 1368 1882 1489 1933; x_wconf 89' lang='lat' dir='ltr'>tam</span> <span class='ocrx_word' id='word_1_231' title='bbox 1538 1891 1734 1934; x_wconf 86' lang='lat' dir='ltr'>sacras</span> <span class='ocrx_word' id='word_1_232' title='bbox 1774 1876 2053 1948; x_wconf 88' lang='lat' dir='ltr'>reliquias</span> <span class='ocrx_word' id='word_1_233' title='bbox 2085 1875 2128 1895; x_wconf 76' lang='grc' dir='ltr'><strong><em>υ</em></strong></span> <span class='ocrx_word' id='word_1_234' title='bbox 2163 1875 2310 1930; x_wconf 90' lang='lat' dir='ltr'>tium</span> <span class='ocrx_word' id='word_1_235' title='bbox 2343 1879 2643 1948; x_wconf 85' lang='lat' dir='ltr'>repeteret,</span> <span class='ocrx_word' id='word_1_236' title='bbox 2674 1892 2708 1930; x_wconf 88' lang='lat' dir='ltr'>a</span> <span class='ocrx_word' id='word_1_237' title='bbox 2736 1876 3072 1932; x_wconf 89' lang='lat' dir='ltr'>custodibus</span> <span class='ocrx_word' id='word_1_238' title='bbox 3118 1881 3205 1932; x_wconf 88' lang='lat' dir='ltr'>est</span> <span class='ocrx_word' id='word_1_239' title='bbox 3254 1876 3631 1949; x_wconf 85' lang='lat' dir='ltr'>interemptus</span> <span class='ocrx_word' id='word_1_240' title='bbox 3661 1880 3802 1952; x_wconf 85' lang='lat'>(69).</span> 
     </span>
    </p>
   </div>
   <div class='ocr_carea' id='block_1_33' title="bbox 407 1963 949 2036">
    <p class='ocr_par' dir='ltr' id='par_1_33' title="bbox 407 1963 949 2036">
     <span class='ocr_line' id='line_1_33' title="bbox 407 1963 949 2036; baseline 0.006 -18"><span class='ocrx_word' id='word_1_241' title='bbox 407 1963 583 2036; x_wconf 86' lang='lat' dir='ltr'>digne</span> <span class='ocrx_word' id='word_1_242' title='bbox 615 1963 949 2021; x_wconf 85' lang='lat' dir='ltr'>celebraret.</span> 
     </span>
    </p>
   </div>
   <div class='ocr_carea' id='block_1_34' title="bbox 479 2052 2050 2128">
    <p class='ocr_par' dir='ltr' id='par_1_34' title="bbox 479 2052 2050 2128">
     <span class='ocr_line' id='line_1_34' title="bbox 479 2052 2050 2128; baseline 0.002 -21"><span class='ocrx_word' id='word_1_243' title='bbox 479 2052 630 2108; x_wconf 91' lang='lat' dir='ltr'><strong>VIII.</strong></span> <span class='ocrx_word' id='word_1_244' title='bbox 663 2052 869 2108; x_wconf 84' lang='lat' dir='ltr'>Sextus</span> <span class='ocrx_word' id='word_1_245' title='bbox 894 2054 1016 2124; x_wconf 89' lang='lat' dir='ltr'>jam</span> <span class='ocrx_word' id='word_1_246' title='bbox 1064 2057 1123 2110; x_wconf 91' lang='lat' dir='ltr'>et</span> <span class='ocrx_word' id='word_1_247' title='bbox 1162 2053 1476 2111; x_wconf 91' lang='lat' dir='ltr'>vicesimus</span> <span class='ocrx_word' id='word_1_248' title='bbox 1524 2056 1805 2128; x_wconf 88' lang='lat' dir='ltr'>agebatur</span> <span class='ocrx_word' id='word_1_249' title='bbox 1838 2072 2050 2127; x_wconf 91' lang='lat' dir='ltr'>annus,</span> 
     </span>
    </p>
   </div>
   <div class='ocr_carea' id='block_1_35' title="bbox 407 2141 2049 2214">
    <p class='ocr_par' dir='ltr' id='par_1_35' title="bbox 407 2141 2049 2214">
     <span class='ocr_line' id='line_1_35' title="bbox 407 2141 2049 2214; baseline 0.002 -19"><span class='ocrx_word' id='word_1_250' title='bbox 407 2155 477 2195; x_wconf 83' lang='lat' dir='ltr'>ex</span> <span class='ocrx_word' id='word_1_251' title='bbox 506 2156 617 2210; x_wconf 91' lang='lat' dir='ltr'>quo</span> <span class='ocrx_word' id='word_1_252' title='bbox 663 2141 966 2197; x_wconf 84' lang='lat' dir='ltr'>Romanus</span> <span class='ocrx_word' id='word_1_253' title='bbox 1015 2141 1329 2213; x_wconf 88' lang='lat' dir='ltr'>imperium</span> <span class='ocrx_word' id='word_1_254' title='bbox 1378 2159 1481 2214; x_wconf 91' lang='lat' dir='ltr'>pro</span> <span class='ocrx_word' id='word_1_255' title='bbox 1524 2143 1765 2199; x_wconf 90' lang='lat' dir='ltr'>arbitrio</span> <span class='ocrx_word' id='word_1_256' title='bbox 1796 2144 2049 2211; x_wconf 90' lang='lat' dir='ltr'>tenebat,</span> 
     </span>
    </p>
   </div>
   <div class='ocr_carea' id='block_1_36' title="bbox 405 2229 2050 2303">
    <p class='ocr_par' dir='ltr' id='par_1_36' title="bbox 405 2229 2050 2303">
     <span class='ocr_line' id='line_1_36' title="bbox 405 2229 2050 2303; baseline 0.005 -20"><span class='ocrx_word' id='word_1_257' title='bbox 405 2229 548 2285; x_wconf 88' lang='lat' dir='ltr'>adeo</span> <span class='ocrx_word' id='word_1_258' title='bbox 564 2229 878 2284; x_wconf 85' lang='lat' dir='ltr'>imminuta</span> <span class='ocrx_word' id='word_1_259' title='bbox 892 2230 1423 2303; x_wconf 82' lang='lat' dir='ltr'>Porphyrogenneti</span> <span class='ocrx_word' id='word_1_260' title='bbox 1441 2235 1893 2303; x_wconf 81' lang='lat' dir='ltr'>potestate,utex</span> <span class='ocrx_word' id='word_1_261' title='bbox 1903 2236 2050 2303; x_wconf 91' lang='lat' dir='ltr'>perti</span> 
     </span>
    </p>
   </div>
   <div class='ocr_carea' id='block_1_37' title="bbox 402 2317 2048 2393">
    <p class='ocr_par' dir='ltr' id='par_1_37' title="bbox 402 2317 2048 2393">
     <span class='ocr_line' id='line_1_37' title="bbox 402 2317 2048 2393; baseline 0.004 -22"><span class='ocrx_word' id='word_1_262' title='bbox 402 2317 648 2388; x_wconf 73' lang='lat' dir='ltr'>publica:</span> <span class='ocrx_word' id='word_1_263' title='bbox 698 2335 852 2374; x_wconf 62' lang='lat' dir='ltr'>cura;</span> <span class='ocrx_word' id='word_1_264' title='bbox 897 2325 955 2375; x_wconf 88' lang='lat' dir='ltr'>et</span> <span class='ocrx_word' id='word_1_265' title='bbox 1001 2319 1254 2386; x_wconf 88' lang='lat' dir='ltr'>consilii,</span> <span class='ocrx_word' id='word_1_266' title='bbox 1286 2325 1489 2392; x_wconf 67' lang='lat' dir='ltr'>prater</span> <span class='ocrx_word' id='word_1_267' title='bbox 1532 2321 1778 2393; x_wconf 84' lang='lat' dir='ltr'>Augusti</span> <span class='ocrx_word' id='word_1_268' title='bbox 1813 2337 2048 2393; x_wconf 88' lang='lat' dir='ltr'>nomen,</span> 
     </span>
    </p>
   </div>
   <div class='ocr_carea' id='block_1_38' title="bbox 400 2409 2047 2485">
    <p class='ocr_par' dir='ltr' id='par_1_38' title="bbox 400 2409 2047 2485">
     <span class='ocr_line' id='line_1_38' title="bbox 400 2409 2047 2485; baseline 0.002 -20"><span class='ocrx_word' id='word_1_269' title='bbox 400 2409 548 2465; x_wconf 89' lang='lat' dir='ltr'>nihil</span> <span class='ocrx_word' id='word_1_270' title='bbox 580 2412 822 2467; x_wconf 90' lang='lat' dir='ltr'>omnino</span> <span class='ocrx_word' id='word_1_271' title='bbox 869 2411 1140 2468; x_wconf 89' lang='lat' dir='ltr'>relictum</span> <span class='ocrx_word' id='word_1_272' title='bbox 1171 2417 1344 2469; x_wconf 90' lang='lat' dir='ltr'>esset.</span> <span class='ocrx_word' id='word_1_273' title='bbox 1378 2412 1484 2476; x_wconf 90' lang='lat' dir='ltr'>Qui</span> <span class='ocrx_word' id='word_1_274' title='bbox 1516 2414 1588 2469; x_wconf 91' lang='lat' dir='ltr'>ad</span> <span class='ocrx_word' id='word_1_275' title='bbox 1622 2414 1888 2469; x_wconf 90' lang='lat' dir='ltr'>ultimum</span> <span class='ocrx_word' id='word_1_276' title='bbox 1918 2431 2047 2485; x_wconf 92' lang='lat' dir='ltr'>per-</span> 
     </span>
    </p>
   </div>
   <div class='ocr_carea' id='block_1_39' title="bbox 400 2497 2047 2572">
    <p class='ocr_par' dir='ltr' id='par_1_39' title="bbox 400 2497 2047 2572">
     <span class='ocr_line' id='line_1_39' title="bbox 400 2497 2047 2572; baseline 0.004 -21"><span class='ocrx_word' id='word_1_277' title='bbox 400 2499 580 2553; x_wconf 60' lang='lat' dir='ltr'>taesus</span> <span class='ocrx_word' id='word_1_278' title='bbox 617 2497 899 2570; x_wconf 87' lang='lat' dir='ltr'>longioris</span> <span class='ocrx_word' id='word_1_279' title='bbox 954 2501 1078 2566; x_wconf 89' lang='lat' dir='ltr'>otii,</span> <span class='ocrx_word' id='word_1_280' title='bbox 1130 2502 1285 2571; x_wconf 91' lang='lat' dir='ltr'>quod</span> <span class='ocrx_word' id='word_1_281' title='bbox 1332 2502 1527 2556; x_wconf 89' lang='lat' dir='ltr'>studia</span> <span class='ocrx_word' id='word_1_282' title='bbox 1571 2501 1870 2570; x_wconf 69' lang='lat' dir='ltr'>doctrinae,</span> <span class='ocrx_word' id='word_1_283' title='bbox 1920 2502 2047 2572; x_wconf 89' lang='lat' dir='ltr'>qui-</span> 
     </span>
    </p>
   </div>
   <div class='ocr_carea' id='block_1_40' title="bbox 399 2584 2046 2658">
    <p class='ocr_par' dir='ltr' id='par_1_40' title="bbox 399 2584 2046 2658">
     <span class='ocr_line' id='line_1_40' title="bbox 399 2584 2046 2658; baseline 0.004 -18"><span class='ocrx_word' id='word_1_284' title='bbox 399 2584 511 2641; x_wconf 87' lang='lat' dir='ltr'>bus</span> <span class='ocrx_word' id='word_1_285' title='bbox 542 2586 629 2656; x_wconf 89' lang='lat' dir='ltr'>[L.</span> <span class='ocrx_word' id='word_1_286' title='bbox 662 2587 780 2657; x_wconf 83' lang='lat' dir='ltr'>XX]</span> <span class='ocrx_word' id='word_1_287' title='bbox 811 2587 1072 2643; x_wconf 89' lang='lat' dir='ltr'>animum</span> <span class='ocrx_word' id='word_1_288' title='bbox 1114 2588 1430 2658; x_wconf 88' lang='lat' dir='ltr'>imbuerat,</span> <span class='ocrx_word' id='word_1_289' title='bbox 1461 2590 1745 2646; x_wconf 90' lang='lat' dir='ltr'>hactenus</span> <span class='ocrx_word' id='word_1_290' title='bbox 1776 2590 1937 2646; x_wconf 90' lang='lat' dir='ltr'>unice</span> <span class='ocrx_word' id='word_1_291' title='bbox 1967 2589 2046 2646; x_wconf 87' lang='lat' dir='ltr'>le-</span> 
     </span>
    </p>
   </div>
   <div class='ocr_carea' id='block_1_41' title="bbox 403 2673 2043 2750">
    <p class='ocr_par' dir='ltr' id='par_1_41' title="bbox 403 2673 2043 2750">
     <span class='ocr_line' id='line_1_41' title="bbox 403 2673 2043 2750; baseline 0.004 -22"><span class='ocrx_word' id='word_1_292' title='bbox 403 2673 667 2730; x_wconf 89' lang='lat' dir='ltr'>niverant</span> <span class='ocrx_word' id='word_1_293' title='bbox 696 2676 831 2746; x_wconf 88' lang='lat'>(67),</span> <span class='ocrx_word' id='word_1_294' title='bbox 863 2677 936 2731; x_wconf 90' lang='lat' dir='ltr'>de</span> <span class='ocrx_word' id='word_1_295' title='bbox 967 2680 1361 2748; x_wconf 88' lang='lat' dir='ltr'>recuperando</span> <span class='ocrx_word' id='word_1_296' title='bbox 1384 2694 1560 2750; x_wconf 86' lang='lat' dir='ltr'>regno</span> <span class='ocrx_word' id='word_1_297' title='bbox 1582 2677 1826 2734; x_wconf 91' lang='lat' dir='ltr'>consilia</span> <span class='ocrx_word' id='word_1_298' title='bbox 1845 2678 2043 2735; x_wconf 90' lang='lat' dir='ltr'>volvit.</span> 
     </span>
    </p>
   </div>
   <div class='ocr_carea' id='block_1_42' title="bbox 399 2762 2041 2835">
    <p class='ocr_par' dir='ltr' id='par_1_42' title="bbox 399 2762 2041 2835">
     <span class='ocr_line' id='line_1_42' title="bbox 399 2762 2041 2835; baseline 0.003 -17"><span class='ocrx_word' id='word_1_299' title='bbox 399 2762 563 2828; x_wconf 89' lang='lat' dir='ltr'>Quod</span> <span class='ocrx_word' id='word_1_300' title='bbox 597 2780 730 2819; x_wconf 90' lang='lat' dir='ltr'>cum</span> <span class='ocrx_word' id='word_1_301' title='bbox 762 2764 938 2820; x_wconf 89' lang='lat' dir='ltr'>variis</span> <span class='ocrx_word' id='word_1_302' title='bbox 973 2766 1195 2823; x_wconf 91' lang='lat' dir='ltr'>artibus</span> <span class='ocrx_word' id='word_1_303' title='bbox 1227 2771 1528 2835; x_wconf 88' lang='lat' dir='ltr'>tentasset,</span> <span class='ocrx_word' id='word_1_304' title='bbox 1563 2766 1927 2824; x_wconf 86' lang='lat' dir='ltr'>tutissimum</span> <span class='ocrx_word' id='word_1_305' title='bbox 1957 2768 2041 2823; x_wconf 91' lang='lat' dir='ltr'>vi-</span> 
     </span>
    </p>
   </div>
   <div class='ocr_carea' id='block_1_43' title="bbox 391 2859 2043 2931">
    <p class='ocr_par' dir='ltr' id='par_1_43' title="bbox 391 2859 2043 2931">
     <span class='ocr_line' id='line_1_43' title="bbox 391 2859 2043 2931; baseline 0.003 -19"><span class='ocrx_word' id='word_1_306' title='bbox 391 2873 521 2912; x_wconf 88' lang='lat' dir='ltr'>sum</span> <span class='ocrx_word' id='word_1_307' title='bbox 563 2861 675 2928; x_wconf 88' lang='lat' dir='ltr'>est,</span> <span class='ocrx_word' id='word_1_308' title='bbox 737 2859 1095 2931; x_wconf 86' lang='lat' dir='ltr'>Stephanum</span> <span class='ocrx_word' id='word_1_309' title='bbox 1155 2867 1212 2916; x_wconf 86' lang='lat' dir='ltr'>et</span> <span class='ocrx_word' id='word_1_310' title='bbox 1266 2861 1738 2928; x_wconf 88' lang='lat' dir='ltr'>Constantinum,</span> <span class='ocrx_word' id='word_1_311' title='bbox 1797 2861 2043 2918; x_wconf 83' lang='lat' dir='ltr'>Romani</span> 
     </span>
    </p>
   </div>
   <div class='ocr_carea' id='block_1_44' title="bbox 396 2944 2040 3019">
    <p class='ocr_par' dir='ltr' id='par_1_44' title="bbox 396 2944 2040 3019">
     <span class='ocr_line' id='line_1_44' title="bbox 396 2944 2040 3019; baseline 0.004 -20"><span class='ocrx_word' id='word_1_312' title='bbox 396 2944 570 3013; x_wconf 87' lang='lat' dir='ltr'>ﬁlios,</span> <span class='ocrx_word' id='word_1_313' title='bbox 603 2947 929 3018; x_wconf 89' lang='lat' dir='ltr'>cupiditate</span> <span class='ocrx_word' id='word_1_314' title='bbox 977 2949 1262 3019; x_wconf 88' lang='lat' dir='ltr'>regnandi</span> <span class='ocrx_word' id='word_1_315' title='bbox 1312 2951 1644 3006; x_wconf 81' lang='lat' dir='ltr'>accendere.</span> <span class='ocrx_word' id='word_1_316' title='bbox 1687 2950 1919 3006; x_wconf 89' lang='lat' dir='ltr'>Dudum</span> <span class='ocrx_word' id='word_1_317' title='bbox 1954 2950 2040 3006; x_wconf 90' lang='lat' dir='ltr'>illi</span> 
     </span>
    </p>
   </div>
   <div class='ocr_carea' id='block_1_45' title="bbox 391 3035 2039 3106">
    <p class='ocr_par' dir='ltr' id='par_1_45' title="bbox 391 3035 2039 3106">
     <span class='ocr_line' id='line_1_45' title="bbox 391 3035 2039 3106; baseline 0.004 -18"><span class='ocrx_word' id='word_1_318' title='bbox 391 3036 631 3105; x_wconf 88' lang='lat' dir='ltr'>paterno</span> <span class='ocrx_word' id='word_1_319' title='bbox 664 3035 795 3090; x_wconf 92' lang='lat' dir='ltr'>odio</span> <span class='ocrx_word' id='word_1_320' title='bbox 828 3036 1132 3106; x_wconf 88' lang='lat' dir='ltr'>ardebant,</span> <span class='ocrx_word' id='word_1_321' title='bbox 1165 3037 1316 3105; x_wconf 88' lang='lat' dir='ltr'>quod</span> <span class='ocrx_word' id='word_1_322' title='bbox 1338 3037 1655 3104; x_wconf 80' lang='lat' dir='ltr'>Romanus,</span> <span class='ocrx_word' id='word_1_323' title='bbox 1688 3043 2039 3096; x_wconf 79' lang='lat' dir='ltr'>testamento</span> 
     </span>
    </p>
   </div>
   <div class='ocr_carea' id='block_1_46' title="bbox 2163 1962 3804 2039">
    <p class='ocr_par' dir='ltr' id='par_1_46' title="bbox 2163 1962 3804 2039">
     <span class='ocr_line' id='line_1_46' title="bbox 2163 1962 3804 2039; baseline 0.002 -19"><span class='ocrx_word' id='word_1_324' title='bbox 2163 1962 2257 2020; x_wconf 88' lang='lat' dir='ltr'>Sic</span> <span class='ocrx_word' id='word_1_325' title='bbox 2288 1965 2522 2021; x_wconf 86' lang='lat' dir='ltr'>tandem</span> <span class='ocrx_word' id='word_1_326' title='bbox 2544 1963 2704 2020; x_wconf 89' lang='lat' dir='ltr'>solus</span> <span class='ocrx_word' id='word_1_327' title='bbox 2727 1981 2917 2021; x_wconf 84' lang='lat' dir='ltr'>rerum</span> <span class='ocrx_word' id='word_1_328' title='bbox 2940 1965 3157 2037; x_wconf 89' lang='lat' dir='ltr'>potitus</span> <span class='ocrx_word' id='word_1_329' title='bbox 3179 1970 3268 2022; x_wconf 91' lang='lat' dir='ltr'>est</span> <span class='ocrx_word' id='word_1_330' title='bbox 3287 1966 3804 2039; x_wconf 85' lang='lat' dir='ltr'>Porphyrogenne-</span> 
     </span>
    </p>
   </div>
   <div class='ocr_carea' id='block_1_47' title="bbox 2161 2052 3804 2126">
    <p class='ocr_par' dir='ltr' id='par_1_47' title="bbox 2161 2052 3804 2126">
     <span class='ocr_line' id='line_1_47' title="bbox 2161 2052 3804 2126; baseline 0.004 -18"><span class='ocrx_word' id='word_1_331' title='bbox 2161 2057 2278 2121; x_wconf 90' lang='lat' dir='ltr'>tus,</span> <span class='ocrx_word' id='word_1_332' title='bbox 2310 2053 2402 2109; x_wconf 92' lang='lat' dir='ltr'>cui</span> <span class='ocrx_word' id='word_1_333' title='bbox 2433 2052 2662 2109; x_wconf 65' lang='lat' dir='ltr'>insidia</span> <span class='ocrx_word' id='word_1_334' title='bbox 2720 2071 2754 2110; x_wconf 93' lang='lat' dir='ltr'>a</span> <span class='ocrx_word' id='word_1_335' title='bbox 2794 2052 3061 2124; x_wconf 89' lang='lat' dir='ltr'>plurimis</span> <span class='ocrx_word' id='word_1_336' title='bbox 3104 2063 3315 2126; x_wconf 70' lang='lat' dir='ltr'>paratae</span> <span class='ocrx_word' id='word_1_337' title='bbox 3359 2060 3515 2112; x_wconf 89' lang='lat' dir='ltr'>sunt.</span> <span class='ocrx_word' id='word_1_338' title='bbox 3566 2056 3716 2112; x_wconf 89' lang='lat' dir='ltr'>Nam</span> <span class='ocrx_word' id='word_1_339' title='bbox 3748 2062 3804 2114; x_wconf 86' lang='lat' dir='ltr'>et</span> 
     </span>
    </p>
   </div>
   <div class='ocr_carea' id='block_1_48' title="bbox 2162 2142 3800 2217">
    <p class='ocr_par' dir='ltr' id='par_1_48' title="bbox 2162 2142 3800 2217">
     <span class='ocr_line' id='line_1_48' title="bbox 2162 2142 3800 2217; baseline 0.003 -20"><span class='ocrx_word' id='word_1_340' title='bbox 2162 2142 2569 2211; x_wconf 86' lang='lat' dir='ltr'>Theophanes,</span> <span class='ocrx_word' id='word_1_341' title='bbox 2602 2142 2874 2215; x_wconf 89' lang='lat' dir='ltr'>princeps</span> <span class='ocrx_word' id='word_1_342' title='bbox 2906 2143 3421 2211; x_wconf 89' lang='lat' dir='ltr'>cubiculariorum,</span> <span class='ocrx_word' id='word_1_343' title='bbox 3449 2145 3800 2217; x_wconf 83' lang='lat' dir='ltr'>Romanum,</span> 
     </span>
    </p>
   </div>
   <div class='ocr_carea' id='block_1_49' title="bbox 2159 2231 3801 2302">
    <p class='ocr_par' dir='ltr' id='par_1_49' title="bbox 2159 2231 3801 2302">
     <span class='ocr_line' id='line_1_49' title="bbox 2159 2231 3801 2302; baseline 0.004 -17"><span class='ocrx_word' id='word_1_344' title='bbox 2159 2235 2217 2286; x_wconf 90' lang='lat' dir='ltr'>et</span> <span class='ocrx_word' id='word_1_345' title='bbox 2246 2232 2552 2302; x_wconf 88' lang='lat' dir='ltr'>Gregorius</span> <span class='ocrx_word' id='word_1_346' title='bbox 2583 2231 2835 2302; x_wconf 83' lang='lat' dir='ltr'>Macedo,</span> <span class='ocrx_word' id='word_1_347' title='bbox 2886 2233 3110 2288; x_wconf 87' lang='lat' dir='ltr'>allectis</span> <span class='ocrx_word' id='word_1_348' title='bbox 3159 2234 3218 2289; x_wconf 90' lang='lat' dir='ltr'>in</span> <span class='ocrx_word' id='word_1_349' title='bbox 3268 2234 3597 2291; x_wconf 84' lang='lat' dir='ltr'>societatem</span> <span class='ocrx_word' id='word_1_350' title='bbox 3631 2234 3801 2292; x_wconf 87' lang='lat' dir='ltr'>claris</span> 
     </span>
    </p>
   </div>
   <div class='ocr_carea' id='block_1_50' title="bbox 2160 2320 3797 2395">
    <p class='ocr_par' dir='ltr' id='par_1_50' title="bbox 2160 2320 3797 2395">
     <span class='ocr_line' id='line_1_50' title="bbox 2160 2320 3797 2395; baseline 0.003 -20"><span class='ocrx_word' id='word_1_351' title='bbox 2160 2326 2219 2376; x_wconf 91' lang='lat' dir='ltr'>et</span> <span class='ocrx_word' id='word_1_352' title='bbox 2256 2320 2588 2377; x_wconf 88' lang='lat' dir='ltr'>illustribus</span> <span class='ocrx_word' id='word_1_353' title='bbox 2645 2321 2802 2390; x_wconf 83' lang='lat' dir='ltr'>viris,</span> <span class='ocrx_word' id='word_1_354' title='bbox 2863 2321 3224 2394; x_wconf 87' lang='lat' dir='ltr'>Stephanum</span> <span class='ocrx_word' id='word_1_355' title='bbox 3282 2324 3527 2395; x_wconf 88' lang='lat' dir='ltr'>imperio</span> <span class='ocrx_word' id='word_1_356' title='bbox 3590 2324 3797 2381; x_wconf 89' lang='lat' dir='ltr'>iterum</span> 
     </span>
    </p>
   </div>
   <div class='ocr_carea' id='block_1_51' title="bbox 2160 2410 3803 2485">
    <p class='ocr_par' dir='ltr' id='par_1_51' title="bbox 2160 2410 3803 2485">
     <span class='ocr_line' id='line_1_51' title="bbox 2160 2410 3803 2485; baseline 0.004 -21"><span class='ocrx_word' id='word_1_357' title='bbox 2160 2410 2466 2466; x_wconf 89' lang='lat' dir='ltr'>admovere</span> <span class='ocrx_word' id='word_1_358' title='bbox 2488 2410 2614 2466; x_wconf 89' lang='lat' dir='ltr'>ausi</span> <span class='ocrx_word' id='word_1_359' title='bbox 2636 2418 2773 2466; x_wconf 87' lang='lat' dir='ltr'>sunt</span> <span class='ocrx_word' id='word_1_360' title='bbox 2796 2428 2809 2467; x_wconf 90' lang='lat'><strong>:</strong></span> <span class='ocrx_word' id='word_1_361' title='bbox 2834 2410 2894 2466; x_wconf 91' lang='lat' dir='ltr'>in</span> <span class='ocrx_word' id='word_1_362' title='bbox 2926 2416 3264 2484; x_wconf 83' lang='lat' dir='ltr'>utrumque,</span> <span class='ocrx_word' id='word_1_363' title='bbox 3297 2414 3517 2469; x_wconf 86' lang='lat' dir='ltr'>detecta</span> <span class='ocrx_word' id='word_1_364' title='bbox 3539 2414 3803 2485; x_wconf 89' lang='lat' dir='ltr'>perﬁdia,</span> 
     </span>
    </p>
   </div>
   <div class='ocr_carea' id='block_1_52' title="bbox 2158 2499 3799 2569">
    <p class='ocr_par' dir='ltr' id='par_1_52' title="bbox 2158 2499 3799 2569">
     <span class='ocr_line' id='line_1_52' title="bbox 2158 2499 3799 2569; baseline 0.002 -16"><span class='ocrx_word' id='word_1_365' title='bbox 2158 2499 2410 2569; x_wconf 86' lang='lat' dir='ltr'>graviter</span> <span class='ocrx_word' id='word_1_366' title='bbox 2431 2504 2517 2554; x_wconf 84' lang='lat' dir='ltr'>est</span> <span class='ocrx_word' id='word_1_367' title='bbox 2546 2500 3038 2557; x_wconf 88' lang='lat' dir='ltr'>animadversum.</span> <span class='ocrx_word' id='word_1_368' title='bbox 3065 2506 3201 2557; x_wconf 91' lang='lat' dir='ltr'>Post</span> <span class='ocrx_word' id='word_1_369' title='bbox 3241 2501 3359 2557; x_wconf 69' lang='lat' dir='ltr'>hinc</span> <span class='ocrx_word' id='word_1_370' title='bbox 3389 2500 3799 2558; x_wconf 82' lang='lat' dir='ltr'>Constantinus</span> 
     </span>
    </p>
   </div>
   <div class='ocr_carea' id='block_1_53' title="bbox 2157 2587 3803 2663">
    <p class='ocr_par' dir='ltr' id='par_1_53' title="bbox 2157 2587 3803 2663">
     <span class='ocr_line' id='line_1_53' title="bbox 2157 2587 3803 2663; baseline 0.002 -20"><span class='ocrx_word' id='word_1_371' title='bbox 2157 2589 2481 2643; x_wconf 85' lang='lat' dir='ltr'>Romanum</span> <span class='ocrx_word' id='word_1_372' title='bbox 2533 2587 2745 2657; x_wconf 86' lang='lat' dir='ltr'>ﬁlium,</span> <span class='ocrx_word' id='word_1_373' title='bbox 2778 2604 2991 2645; x_wconf 87' lang='lat' dir='ltr'>corona</span> <span class='ocrx_word' id='word_1_374' title='bbox 3030 2589 3326 2661; x_wconf 88' lang='lat' dir='ltr'>imposita,</span> <span class='ocrx_word' id='word_1_375' title='bbox 3358 2590 3416 2645; x_wconf 93' lang='lat' dir='ltr'>in</span> <span class='ocrx_word' id='word_1_376' title='bbox 3447 2595 3669 2663; x_wconf 90' lang='lat' dir='ltr'>partem</span> <span class='ocrx_word' id='word_1_377' title='bbox 3702 2606 3803 2647; x_wconf 93' lang='lat' dir='ltr'>cu-</span> 
     </span>
    </p>
   </div>
   <div class='ocr_carea' id='block_1_54' title="bbox 2156 2679 3802 2751">
    <p class='ocr_par' dir='ltr' id='par_1_54' title="bbox 2156 2679 3802 2751">
     <span class='ocr_line' id='line_1_54' title="bbox 2156 2679 3802 2751; baseline 0.004 -19"><span class='ocrx_word' id='word_1_378' title='bbox 2156 2693 2352 2733; x_wconf 89' lang='lat' dir='ltr'>rarum</span> <span class='ocrx_word' id='word_1_379' title='bbox 2404 2679 2644 2746; x_wconf 89' lang='lat' dir='ltr'>vocavit,</span> <span class='ocrx_word' id='word_1_380' title='bbox 2688 2682 2753 2733; x_wconf 95' lang='lat' dir='ltr'>ut</span> <span class='ocrx_word' id='word_1_381' title='bbox 2793 2694 2925 2734; x_wconf 90' lang='lat' dir='ltr'>eum</span> <span class='ocrx_word' id='word_1_382' title='bbox 2957 2679 3278 2751; x_wconf 88' lang='lat' dir='ltr'>temperius</span> <span class='ocrx_word' id='word_1_383' title='bbox 3308 2687 3362 2735; x_wconf 83' lang='lat' dir='ltr'>et</span> <span class='ocrx_word' id='word_1_384' title='bbox 3393 2679 3505 2736; x_wconf 86' lang='lat' dir='ltr'>sibi</span> <span class='ocrx_word' id='word_1_385' title='bbox 3530 2683 3587 2735; x_wconf 89' lang='lat' dir='ltr'>et</span> <span class='ocrx_word' id='word_1_386' title='bbox 3617 2688 3802 2750; x_wconf 86' lang='lat' dir='ltr'>poste-</span> 
     </span>
    </p>
   </div>
   <div class='ocr_carea' id='block_1_55' title="bbox 2153 2767 2896 2840">
    <p class='ocr_par' dir='ltr' id='par_1_55' title="bbox 2153 2767 2896 2840">
     <span class='ocr_line' id='line_1_55' title="bbox 2153 2767 2896 2840; baseline 0.001 -18"><span class='ocrx_word' id='word_1_387' title='bbox 2153 2767 2311 2823; x_wconf 88' lang='lat' dir='ltr'>ritati</span> <span class='ocrx_word' id='word_1_388' title='bbox 2343 2767 2732 2824; x_wconf 88' lang='lat' dir='ltr'>conformaret</span> <span class='ocrx_word' id='word_1_389' title='bbox 2760 2769 2896 2840; x_wconf 85' lang='grc'>(70).</span> 
     </span>
    </p>
   </div>
   <div class='ocr_carea' id='block_1_56' title="bbox 2225 2857 3795 2930">
    <p class='ocr_par' dir='ltr' id='par_1_56' title="bbox 2225 2857 3795 2930">
     <span class='ocr_line' id='line_1_56' title="bbox 2225 2857 3795 2930; baseline 0.003 -17"><span class='ocrx_word' id='word_1_390' title='bbox 2225 2857 2324 2913; x_wconf 87' lang='lat' dir='ltr'>IX.</span> <span class='ocrx_word' id='word_1_391' title='bbox 2356 2861 2485 2914; x_wconf 92' lang='lat' dir='ltr'>Una</span> <span class='ocrx_word' id='word_1_392' title='bbox 2514 2865 2634 2913; x_wconf 89' lang='lat' dir='ltr'>tum</span> <span class='ocrx_word' id='word_1_393' title='bbox 2666 2857 3003 2930; x_wconf 89' lang='lat' dir='ltr'>imperatori</span> <span class='ocrx_word' id='word_1_394' title='bbox 3032 2874 3174 2915; x_wconf 89' lang='lat' dir='ltr'>cura</span> <span class='ocrx_word' id='word_1_395' title='bbox 3202 2863 3346 2929; x_wconf 89' lang='lat' dir='ltr'>erat,</span> <span class='ocrx_word' id='word_1_396' title='bbox 3389 2864 3453 2916; x_wconf 92' lang='lat' dir='ltr'>ut</span> <span class='ocrx_word' id='word_1_397' title='bbox 3478 2876 3723 2929; x_wconf 82' lang='lat' dir='ltr'>regnum</span> <span class='ocrx_word' id='word_1_398' title='bbox 3764 2877 3795 2917; x_wconf 90' lang='lat' dir='ltr'>a</span> 
     </span>
    </p>
   </div>
   <div class='ocr_carea' id='block_1_57' title="bbox 2152 2939 3793 3019">
    <p class='ocr_par' dir='ltr' id='par_1_57' title="bbox 2152 2939 3793 3019">
     <span class='ocr_line' id='line_1_57' title="bbox 2152 2939 3793 3019; baseline 0.004 -19"><span class='ocrx_word' id='word_1_399' title='bbox 2152 2946 2472 3016; x_wconf 84' lang='lat' dir='ltr'>majoribus</span> <span class='ocrx_word' id='word_1_400' title='bbox 2529 2946 2818 3016; x_wconf 89' lang='lat' dir='ltr'>relictum,</span> <span class='ocrx_word' id='word_1_401' title='bbox 2880 2947 3053 3003; x_wconf 85' lang='lat' dir='ltr'>avitis</span> <span class='ocrx_word' id='word_1_402' title='bbox 3110 2947 3429 3019; x_wconf 86' lang='lat' dir='ltr'>patriisque</span> <span class='ocrx_word' id='word_1_403' title='bbox 3480 2939 3793 3006; x_wconf 82' lang='lat' dir='ltr'>virtutibus</span> 
     </span>
    </p>
   </div>
   <div class='ocr_carea' id='block_1_58' title="bbox 2150 3036 3790 3108">
    <p class='ocr_par' dir='ltr' id='par_1_58' title="bbox 2150 3036 3790 3108">
     <span class='ocr_line' id='line_1_58' title="bbox 2150 3036 3790 3108; baseline 0.002 -17"><span class='ocrx_word' id='word_1_404' title='bbox 2150 3040 2393 3108; x_wconf 89' lang='lat' dir='ltr'>regeret,</span> <span class='ocrx_word' id='word_1_405' title='bbox 2426 3051 2533 3092; x_wconf 90' lang='lat' dir='ltr'>nec</span> <span class='ocrx_word' id='word_1_406' title='bbox 2567 3041 2822 3092; x_wconf 81' lang='lat' dir='ltr'>extrema</span> <span class='ocrx_word' id='word_1_407' title='bbox 2850 3054 2886 3093; x_wconf 89' lang='lat' dir='ltr'>a</span> <span class='ocrx_word' id='word_1_408' title='bbox 2933 3036 3205 3092; x_wconf 82' lang='lat' dir='ltr'>Barbarie</span> <span class='ocrx_word' id='word_1_409' title='bbox 3253 3036 3790 3095; x_wconf 89' lang='lat' dir='ltr'>dehonestarentur.</span> 
     </span>
    </p>
   </div>
   <div class='ocr_carea' id='block_1_59' title="bbox 395 3121 3791 3199">
    <p class='ocr_par' dir='ltr' id='par_1_59' title="bbox 395 3121 3791 3199">
     <span class='ocr_line' id='line_1_59' title="bbox 395 3121 3791 3199; baseline 0.002 -22"><span class='ocrx_word' id='word_1_410' title='bbox 395 3121 635 3193; x_wconf 88' lang='lat' dir='ltr'>scripto,</span> <span class='ocrx_word' id='word_1_411' title='bbox 670 3123 994 3196; x_wconf 89' lang='lat' dir='ltr'>principem</span> <span class='ocrx_word' id='word_1_412' title='bbox 1029 3126 1219 3181; x_wconf 90' lang='lat' dir='ltr'>locum</span> <span class='ocrx_word' id='word_1_413' title='bbox 1249 3126 1790 3199; x_wconf 82' lang='lat' dir='ltr'>Porphyrogenneto</span> <span class='ocrx_word' id='word_1_414' title='bbox 1814 3129 2037 3185; x_wconf 85' lang='lat' dir='ltr'>tribue-</span> <span class='ocrx_word' id='word_1_415' title='bbox 2079 3194 2107 3199; x_wconf 24' lang='grc' dir='ltr'>ᾧ</span> <span class='ocrx_word' id='word_1_416' title='bbox 2149 3125 2573 3195; x_wconf 85' lang='lat' dir='ltr'>Cappadociam</span> <span class='ocrx_word' id='word_1_417' title='bbox 2633 3125 2790 3181; x_wconf 90' lang='lat' dir='ltr'>enim</span> <span class='ocrx_word' id='word_1_418' title='bbox 2849 3129 2906 3180; x_wconf 91' lang='lat' dir='ltr'>et</span> <span class='ocrx_word' id='word_1_419' title='bbox 2962 3124 3326 3182; x_wconf 85' lang='lat' dir='ltr'>nobilissima</span> <span class='ocrx_word' id='word_1_420' title='bbox 3375 3126 3619 3183; x_wconf 86' lang='lat' dir='ltr'>minoris</span> <span class='ocrx_word' id='word_1_421' title='bbox 3647 3127 3791 3183; x_wconf 63' lang='lat' dir='ltr'>Asia</span> 
     </span>
    </p>
   </div>
   <div class='ocr_carea' id='block_1_60' title="bbox 395 3194 3789 3289">
    <p class='ocr_par' dir='ltr' id='par_1_60' title="bbox 395 3194 3789 3289">
     <span class='ocr_line' id='line_1_60' title="bbox 395 3194 3789 3289; baseline 0.001 -24"><span class='ocrx_word' id='word_1_422' title='bbox 395 3218 479 3266; x_wconf 90' lang='lat' dir='ltr'>rat</span> <span class='ocrx_word' id='word_1_423' title='bbox 514 3229 526 3265; x_wconf 91' lang='lat'><strong>:</strong></span> <span class='ocrx_word' id='word_1_424' title='bbox 556 3194 883 3283; x_wconf 83' lang='lat' dir='ltr'>Stephanus</span> <span class='ocrx_word' id='word_1_425' title='bbox 916 3216 1225 3287; x_wconf 66' lang='lat' dir='ltr'>praecipue,</span> <span class='ocrx_word' id='word_1_426' title='bbox 1270 3194 1461 3285; x_wconf 23' lang='lat' dir='ltr'>quem:</span> <span class='ocrx_word' id='word_1_427' title='bbox 1487 3194 1626 3272; x_wconf 60' lang='lat' dir='ltr'>salis</span> <span class='ocrx_word' id='word_1_428' title='bbox 1660 3218 1784 3288; x_wconf 90' lang='lat' dir='ltr'>jam</span> <span class='ocrx_word' id='word_1_429' title='bbox 1818 3218 2034 3289; x_wconf 90' lang='lat' dir='ltr'>procli-</span> <span class='ocrx_word' id='word_1_430' title='bbox 2064 3194 2108 3261; x_wconf 66' lang='grc' dir='ltr'>(ἶ</span> <span class='ocrx_word' id='word_1_431' title='bbox 2147 3194 2359 3284; x_wconf 83' lang='lat' dir='ltr'>oppida</span> <span class='ocrx_word' id='word_1_432' title='bbox 2405 3213 2695 3283; x_wconf 89' lang='lat' dir='ltr'>Saraceni,</span> <span class='ocrx_word' id='word_1_433' title='bbox 2764 3214 3018 3269; x_wconf 88' lang='lat' dir='ltr'>Tarsum</span> <span class='ocrx_word' id='word_1_434' title='bbox 3074 3212 3413 3283; x_wconf 85' lang='lat' dir='ltr'>incolentes,</span> <span class='ocrx_word' id='word_1_435' title='bbox 3473 3220 3789 3285; x_wconf 88' lang='lat' dir='ltr'>vastarant,</span> 
     </span>
    </p>
   </div>
   <div class='ocr_carea' id='block_1_61' title="bbox 393 3302 2026 3379">
    <p class='ocr_par' dir='ltr' id='par_1_61' title="bbox 393 3302 2026 3379">
     <span class='ocr_line' id='line_1_61' title="bbox 393 3302 2026 3379; baseline 0.006 -25"><span class='ocrx_word' id='word_1_436' title='bbox 393 3316 520 3355; x_wconf 91' lang='lat' dir='ltr'>vem</span> <span class='ocrx_word' id='word_1_437' title='bbox 562 3302 729 3357; x_wconf 86' lang='lat' dir='ltr'>facile</span> <span class='ocrx_word' id='word_1_438' title='bbox 777 3303 1049 3374; x_wconf 88' lang='lat' dir='ltr'>Basilius,</span> <span class='ocrx_word' id='word_1_439' title='bbox 1099 3304 1391 3377; x_wconf 88' lang='lat' dir='ltr'>particeps</span> <span class='ocrx_word' id='word_1_440' title='bbox 1437 3306 1689 3375; x_wconf 87' lang='lat' dir='ltr'>consilii,</span> <span class='ocrx_word' id='word_1_441' title='bbox 1724 3309 2026 3379; x_wconf 87' lang='lat' dir='ltr'>permovit.</span> 
     </span>
    </p>
   </div>
   <div class='ocr_carea' id='block_1_62' title="bbox 390 3389 2028 3466">
    <p class='ocr_par' dir='ltr' id='par_1_62' title="bbox 390 3389 2028 3466">
     <span class='ocr_line' id='line_1_62' title="bbox 390 3389 2028 3466; baseline 0.006 -24"><span class='ocrx_word' id='word_1_442' title='bbox 390 3392 446 3445; x_wconf 91' lang='lat' dir='ltr'><strong>Is</strong></span> <span class='ocrx_word' id='word_1_443' title='bbox 477 3389 619 3445; x_wconf 90' lang='lat' dir='ltr'>olim</span> <span class='ocrx_word' id='word_1_444' title='bbox 651 3390 963 3447; x_wconf 90' lang='lat' dir='ltr'>honestum</span> <span class='ocrx_word' id='word_1_445' title='bbox 1009 3393 1272 3450; x_wconf 84' lang='lat' dir='ltr'>ordinem</span> <span class='ocrx_word' id='word_1_446' title='bbox 1323 3395 1583 3463; x_wconf 84' lang='lat' dir='ltr'>duxerat,</span> <span class='ocrx_word' id='word_1_447' title='bbox 1629 3396 1715 3451; x_wconf 93' lang='lat' dir='ltr'>vir</span> <span class='ocrx_word' id='word_1_448' title='bbox 1757 3396 2028 3466; x_wconf 90' lang='lat' dir='ltr'>callidus,</span> 
     </span>
    </p>
   </div>
   <div class='ocr_carea' id='block_1_63' title="bbox 388 3477 2033 3561">
    <p class='ocr_par' dir='ltr' id='par_1_63' title="bbox 388 3477 2033 3561">
     <span class='ocr_line' id='line_1_63' title="bbox 388 3477 2033 3561; baseline 0.006 -29"><span class='ocrx_word' id='word_1_449' title='bbox 388 3484 443 3532; x_wconf 90' lang='lat' dir='ltr'>et</span> <span class='ocrx_word' id='word_1_450' title='bbox 476 3477 535 3532; x_wconf 92' lang='lat' dir='ltr'>in</span> <span class='ocrx_word' id='word_1_451' title='bbox 568 3480 766 3535; x_wconf 90' lang='lat' dir='ltr'>animo</span> <span class='ocrx_word' id='word_1_452' title='bbox 797 3480 1075 3551; x_wconf 86' lang='lat' dir='ltr'>Stephani</span> <span class='ocrx_word' id='word_1_453' title='bbox 1106 3482 1573 3554; x_wconf 87' lang='lat' dir='ltr'>validus,quem,</span> <span class='ocrx_word' id='word_1_454' title='bbox 1596 3486 2033 3561; x_wconf 78' lang='lat' dir='ltr'>ppportunitate</span> 
     </span>
    </p>
   </div>
   <div class='ocr_carea' id='block_1_64' title="bbox 389 3567 2034 3645">
    <p class='ocr_par' dir='ltr' id='par_1_64' title="bbox 389 3567 2034 3645">
     <span class='ocr_line' id='line_1_64' title="bbox 389 3567 2034 3645; baseline 0.006 -24"><span class='ocrx_word' id='word_1_455' title='bbox 389 3567 549 3634; x_wconf 91' lang='lat' dir='ltr'>data,</span> <span class='ocrx_word' id='word_1_456' title='bbox 585 3568 890 3624; x_wconf 87' lang='lat' dir='ltr'>admonuit</span> <span class='ocrx_word' id='word_1_457' title='bbox 922 3587 936 3625; x_wconf 87' lang='lat'>:</span> <span class='ocrx_word' id='word_1_458' title='bbox 970 3570 1278 3642; x_wconf 90' lang='lat' dir='ltr'>imperium</span> <span class='ocrx_word' id='word_1_459' title='bbox 1320 3589 1470 3645; x_wconf 68' lang='lat' dir='ltr'>aegre</span> <span class='ocrx_word' id='word_1_460' title='bbox 1499 3590 1531 3629; x_wconf 90' lang='lat' dir='ltr'>a</span> <span class='ocrx_word' id='word_1_461' title='bbox 1561 3573 1850 3645; x_wconf 90' lang='lat' dir='ltr'>decrepito</span> <span class='ocrx_word' id='word_1_462' title='bbox 1896 3592 2034 3631; x_wconf 89' lang='lat' dir='ltr'>sene</span> 
     </span>
    </p>
   </div>
   <div class='ocr_carea' id='block_1_65' title="bbox 396 3656 2035 3735">
    <p class='ocr_par' dir='ltr' id='par_1_65' title="bbox 396 3656 2035 3735">
     <span class='ocr_line' id='line_1_65' title="bbox 396 3656 2035 3735; baseline 0.006 -25"><span class='ocrx_word' id='word_1_463' title='bbox 396 3656 695 3724; x_wconf 89' lang='lat' dir='ltr'>sustineri,</span> <span class='ocrx_word' id='word_1_464' title='bbox 719 3656 939 3715; x_wconf 87' lang='lat' dir='ltr'>viribus</span> <span class='ocrx_word' id='word_1_465' title='bbox 958 3661 1288 3732; x_wconf 89' lang='lat' dir='ltr'>animisque</span> <span class='ocrx_word' id='word_1_466' title='bbox 1309 3679 1453 3734; x_wconf 91' lang='lat' dir='ltr'>opus</span> <span class='ocrx_word' id='word_1_467' title='bbox 1482 3679 1631 3731; x_wconf 89' lang='lat' dir='ltr'>esse,</span> <span class='ocrx_word' id='word_1_468' title='bbox 1665 3679 1735 3717; x_wconf 88' lang='lat' dir='ltr'>ne</span> <span class='ocrx_word' id='word_1_469' title='bbox 1766 3663 1924 3735; x_wconf 88' lang='lat' dir='ltr'>Ugri,</span> <span class='ocrx_word' id='word_1_470' title='bbox 1964 3678 2035 3720; x_wconf 87' lang='lat' dir='ltr'>ne</span> 
     </span>
    </p>
   </div>
   <div class='ocr_carea' id='block_1_66' title="bbox 399 3743 2037 3821">
    <p class='ocr_par' dir='ltr' id='par_1_66' title="bbox 399 3743 2037 3821">
     <span class='ocr_line' id='line_1_66' title="bbox 399 3743 2037 3821; baseline 0.005 -23"><span class='ocrx_word' id='word_1_471' title='bbox 399 3743 659 3817; x_wconf 83' lang='lat' dir='ltr'>Bulgari,</span> <span class='ocrx_word' id='word_1_472' title='bbox 683 3763 754 3802; x_wconf 89' lang='lat' dir='ltr'>ne</span> <span class='ocrx_word' id='word_1_473' title='bbox 786 3748 1053 3805; x_wconf 83' lang='lat' dir='ltr'>Saraceni</span> <span class='ocrx_word' id='word_1_474' title='bbox 1077 3748 1300 3821; x_wconf 83' lang='lat' dir='ltr'>aliquid</span> <span class='ocrx_word' id='word_1_475' title='bbox 1329 3768 1607 3809; x_wconf 90' lang='lat' dir='ltr'>novarum</span> <span class='ocrx_word' id='word_1_476' title='bbox 1639 3768 1834 3809; x_wconf 90' lang='lat' dir='ltr'>rerum</span> <span class='ocrx_word' id='word_1_477' title='bbox 1870 3753 2037 3809; x_wconf 91' lang='lat' dir='ltr'>moli-</span> 
     </span>
    </p>
   </div>
   <div class='ocr_carea' id='block_1_67' title="bbox 394 3835 2035 3914">
    <p class='ocr_par' dir='ltr' id='par_1_67' title="bbox 394 3835 2035 3914">
     <span class='ocr_line' id='line_1_67' title="bbox 394 3835 2035 3914; baseline 0.007 -27"><span class='ocrx_word' id='word_1_478' title='bbox 394 3837 617 3902; x_wconf 86' lang='lat' dir='ltr'>rentur,</span> <span class='ocrx_word' id='word_1_479' title='bbox 651 3835 842 3892; x_wconf 88' lang='lat' dir='ltr'>solum</span> <span class='ocrx_word' id='word_1_480' title='bbox 865 3837 1221 3910; x_wconf 88' lang='lat' dir='ltr'>Stephanum</span> <span class='ocrx_word' id='word_1_481' title='bbox 1258 3848 1425 3896; x_wconf 70' lang='lat' dir='ltr'>tantis</span> <span class='ocrx_word' id='word_1_482' title='bbox 1457 3841 1597 3897; x_wconf 90' lang='lat' dir='ltr'>moli</span> <span class='ocrx_word' id='word_1_483' title='bbox 1629 3858 1827 3914; x_wconf 86' lang='lat' dir='ltr'>parem</span> <span class='ocrx_word' id='word_1_484' title='bbox 1859 3857 1987 3898; x_wconf 88' lang='lat' dir='ltr'>esse</span> <span class='ocrx_word' id='word_1_485' title='bbox 2021 3860 2035 3900; x_wconf 88' lang='lat'><strong>:</strong></span> 
     </span>
    </p>
   </div>
   <div class='ocr_carea' id='block_1_68' title="bbox 2140 3300 3788 3376">
    <p class='ocr_par' dir='ltr' id='par_1_68' title="bbox 2140 3300 3788 3376">
     <span class='ocr_line' id='line_1_68' title="bbox 2140 3300 3788 3376; baseline 0.002 -20"><span class='ocrx_word' id='word_1_486' title='bbox 2140 3301 2335 3373; x_wconf 69' lang='lat' dir='ltr'>praeda</span> <span class='ocrx_word' id='word_1_487' title='bbox 2357 3302 2644 3358; x_wconf 88' lang='lat' dir='ltr'>immensa</span> <span class='ocrx_word' id='word_1_488' title='bbox 2671 3305 2728 3357; x_wconf 91' lang='lat' dir='ltr'>et</span> <span class='ocrx_word' id='word_1_489' title='bbox 2760 3300 3002 3373; x_wconf 89' lang='lat' dir='ltr'>captivis</span> <span class='ocrx_word' id='word_1_490' title='bbox 3032 3301 3299 3373; x_wconf 87' lang='lat' dir='ltr'>plurimis</span> <span class='ocrx_word' id='word_1_491' title='bbox 3332 3302 3622 3373; x_wconf 87' lang='lat' dir='ltr'>abductis,</span> <span class='ocrx_word' id='word_1_492' title='bbox 3644 3319 3788 3376; x_wconf 88' lang='lat' dir='ltr'>quos</span> 
     </span>
    </p>
   </div>
   <div class='ocr_carea' id='block_1_69' title="bbox 2138 3390 3781 3463">
    <p class='ocr_par' dir='ltr' id='par_1_69' title="bbox 2138 3390 3781 3463">
     <span class='ocr_line' id='line_1_69' title="bbox 2138 3390 3781 3463; baseline 0.002 -18"><span class='ocrx_word' id='word_1_493' title='bbox 2138 3391 2322 3463; x_wconf 83' lang='lat' dir='ltr'>pactis</span> <span class='ocrx_word' id='word_1_494' title='bbox 2360 3390 2616 3447; x_wconf 89' lang='lat' dir='ltr'>induciis</span> <span class='ocrx_word' id='word_1_495' title='bbox 2664 3391 2978 3462; x_wconf 86' lang='lat' dir='ltr'>imperator</span> <span class='ocrx_word' id='word_1_496' title='bbox 3020 3391 3236 3462; x_wconf 89' lang='lat' dir='ltr'>recepit</span> <span class='ocrx_word' id='word_1_497' title='bbox 3283 3392 3414 3463; x_wconf 86' lang='lat'>(71).</span> <span class='ocrx_word' id='word_1_498' title='bbox 3477 3392 3781 3462; x_wconf 86' lang='lat' dir='ltr'>Interjecto</span> 
     </span>
    </p>
   </div>
   <div class='ocr_carea' id='block_1_70' title="bbox 2136 3478 3783 3552">
    <p class='ocr_par' dir='ltr' id='par_1_70' title="bbox 2136 3478 3783 3552">
     <span class='ocr_line' id='line_1_70' title="bbox 2136 3478 3783 3552; baseline -0.001 -15"><span class='ocrx_word' id='word_1_499' title='bbox 2136 3486 2416 3552; x_wconf 89' lang='lat' dir='ltr'>tempore,</span> <span class='ocrx_word' id='word_1_500' title='bbox 2448 3496 2601 3547; x_wconf 91' lang='lat' dir='ltr'>cum,</span> <span class='ocrx_word' id='word_1_501' title='bbox 2638 3496 2787 3535; x_wconf 89' lang='lat' dir='ltr'>nova</span> <span class='ocrx_word' id='word_1_502' title='bbox 2816 3480 3002 3537; x_wconf 88' lang='lat' dir='ltr'>classe</span> <span class='ocrx_word' id='word_1_503' title='bbox 3031 3480 3339 3549; x_wconf 90' lang='lat' dir='ltr'>instructa,</span> <span class='ocrx_word' id='word_1_504' title='bbox 3362 3480 3561 3536; x_wconf 70' lang='lat' dir='ltr'>Grtsca</span> <span class='ocrx_word' id='word_1_505' title='bbox 3590 3478 3783 3536; x_wconf 86' lang='lat' dir='ltr'>littora</span> 
     </span>
    </p>
   </div>
   <div class='ocr_carea' id='block_1_71' title="bbox 2142 3568 3780 3641">
    <p class='ocr_par' dir='ltr' id='par_1_71' title="bbox 2142 3568 3780 3641">
     <span class='ocr_line' id='line_1_71' title="bbox 2142 3568 3780 3641; baseline -0.001 -15"><span class='ocrx_word' id='word_1_506' title='bbox 2142 3570 2497 3641; x_wconf 89' lang='lat' dir='ltr'>obsiderent,</span> <span class='ocrx_word' id='word_1_507' title='bbox 2530 3568 2783 3625; x_wconf 90' lang='lat' dir='ltr'>Basilius</span> <span class='ocrx_word' id='word_1_508' title='bbox 2803 3569 3059 3625; x_wconf 89' lang='lat' dir='ltr'>secundo</span> <span class='ocrx_word' id='word_1_509' title='bbox 3090 3568 3288 3639; x_wconf 71' lang='lat' dir='ltr'>praelio</span> <span class='ocrx_word' id='word_1_510' title='bbox 3319 3585 3416 3625; x_wconf 90' lang='lat' dir='ltr'>eos</span> <span class='ocrx_word' id='word_1_511' title='bbox 3441 3570 3780 3639; x_wconf 89' lang='lat' dir='ltr'>prostravit,</span> 
     </span>
    </p>
   </div>
   <div class='ocr_carea' id='block_1_72' title="bbox 2144 3657 3786 3729">
    <p class='ocr_par' dir='ltr' id='par_1_72' title="bbox 2144 3657 3786 3729">
     <span class='ocr_line' id='line_1_72' title="bbox 2144 3657 3786 3729; baseline -0.001 -15"><span class='ocrx_word' id='word_1_512' title='bbox 2144 3660 2215 3715; x_wconf 91' lang='lat' dir='ltr'>de</span> <span class='ocrx_word' id='word_1_513' title='bbox 2245 3659 2493 3715; x_wconf 90' lang='lat' dir='ltr'>ducibus</span> <span class='ocrx_word' id='word_1_514' title='bbox 2510 3658 2754 3728; x_wconf 90' lang='lat' dir='ltr'>captivis</span> <span class='ocrx_word' id='word_1_515' title='bbox 2777 3657 3192 3714; x_wconf 85' lang='lat' dir='ltr'>Constantinus</span> <span class='ocrx_word' id='word_1_516' title='bbox 3213 3657 3579 3729; x_wconf 87' lang='lat' dir='ltr'>triumphum</span> <span class='ocrx_word' id='word_1_517' title='bbox 3599 3657 3786 3729; x_wconf 88' lang='lat' dir='ltr'>prisco</span> 
     </span>
    </p>
   </div>
   <div class='ocr_carea' id='block_1_73' title="bbox 2150 3745 3792 3819">
    <p class='ocr_par' dir='ltr' id='par_1_73' title="bbox 2150 3745 3792 3819">
     <span class='ocr_line' id='line_1_73' title="bbox 2150 3745 3792 3819; baseline -0.001 -16"><span class='ocrx_word' id='word_1_518' title='bbox 2150 3764 2308 3804; x_wconf 91' lang='lat' dir='ltr'>more</span> <span class='ocrx_word' id='word_1_519' title='bbox 2338 3746 2457 3819; x_wconf 90' lang='lat' dir='ltr'>egit</span> <span class='ocrx_word' id='word_1_520' title='bbox 2486 3748 2615 3818; x_wconf 88' lang='lat'>(72).</span> <span class='ocrx_word' id='word_1_521' title='bbox 2660 3746 2777 3804; x_wconf 88' lang='lat' dir='ltr'>Nec</span> <span class='ocrx_word' id='word_1_522' title='bbox 2822 3746 3051 3802; x_wconf 88' lang='lat' dir='ltr'>minora</span> <span class='ocrx_word' id='word_1_523' title='bbox 3080 3745 3212 3801; x_wconf 90' lang='lat' dir='ltr'>belli</span> <span class='ocrx_word' id='word_1_524' title='bbox 3252 3747 3461 3803; x_wconf 89' lang='lat' dir='ltr'>decora</span> <span class='ocrx_word' id='word_1_525' title='bbox 3493 3746 3704 3801; x_wconf 89' lang='lat' dir='ltr'>Leonis</span> <span class='ocrx_word' id='word_1_526' title='bbox 3734 3750 3792 3801; x_wconf 89' lang='lat' dir='ltr'>et</span> 
     </span>
    </p>
   </div>
   <div class='ocr_carea' id='block_1_74' title="bbox 2148 3834 3787 3910">
    <p class='ocr_par' dir='ltr' id='par_1_74' title="bbox 2148 3834 3787 3910">
     <span class='ocr_line' id='line_1_74' title="bbox 2148 3834 3787 3910; baseline -0.002 -16"><span class='ocrx_word' id='word_1_527' title='bbox 2148 3836 2478 3910; x_wconf 90' lang='lat' dir='ltr'>Nicephori,</span> <span class='ocrx_word' id='word_1_528' title='bbox 2504 3836 2707 3893; x_wconf 61' lang='lat' dir='ltr'>Phocw</span> <span class='ocrx_word' id='word_1_529' title='bbox 2740 3836 2961 3904; x_wconf 81' lang='lat' dir='ltr'>Bardae,</span> <span class='ocrx_word' id='word_1_530' title='bbox 2982 3834 3240 3907; x_wconf 89' lang='lat' dir='ltr'>supremi</span> <span class='ocrx_word' id='word_1_531' title='bbox 3274 3834 3442 3890; x_wconf 90' lang='lat' dir='ltr'>ducis</span> <span class='ocrx_word' id='word_1_532' title='bbox 3476 3835 3787 3904; x_wconf 86' lang='lat' dir='ltr'>exercitus,</span> 
     </span>
    </p>
   </div>
   <div class='ocr_carea' id='block_1_75' title="bbox 1975 3939 2203 3998">
    <p class='ocr_par' dir='ltr' id='par_1_75' title="bbox 1975 3939 2203 3998">
     <span class='ocr_line' id='line_1_75' title="bbox 1975 3939 2203 3998; baseline -0.018 -2"><span class='ocrx_word' id='word_1_533' title='bbox 1975 3939 2203 3998; x_wconf 75' lang='grc' dir='ltr'>ΝΟΤᾹΞ.</span> 
     </span>
    </p>
   </div>
   <div class='ocr_carea' id='block_1_76' title="bbox 436 4030 2035 4111">
    <p class='ocr_par' dir='ltr' id='par_1_76' title="bbox 436 4030 2035 4111">
     <span class='ocr_line' id='line_1_76' title="bbox 436 4030 2035 4111; baseline 0.002 -22"><span class='ocrx_word' id='word_1_534' title='bbox 436 4030 576 4111; x_wconf 84' lang='lat'>_(65)</span> <span class='ocrx_word' id='word_1_535' title='bbox 596 4037 786 4111; x_wconf 84' lang='lat' dir='ltr'>_Hanc_</span> <span class='ocrx_word' id='word_1_536' title='bbox 804 4050 1075 4111; x_wconf 74' lang='lat' dir='ltr'>pompam</span> <span class='ocrx_word' id='word_1_537' title='bbox 1108 4036 1474 4111; x_wconf 74' lang='lat' dir='ltr'>Constantia.</span> <span class='ocrx_word' id='word_1_538' title='bbox 1509 4055 1641 4110; x_wconf 88' lang='lat' dir='ltr'>pag.</span> <span class='ocrx_word' id='word_1_539' title='bbox 1673 4039 1744 4094; x_wconf 91' lang='lat'>68</span> <span class='ocrx_word' id='word_1_540' title='bbox 1773 4055 1905 4110; x_wconf 91' lang='lat' dir='ltr'>sqq.</span> <span class='ocrx_word' id='word_1_541' title='bbox 1940 4055 2035 4093; x_wconf 92' lang='lat' dir='ltr'>or-</span> 
     </span>
    </p>
   </div>
   <div class='ocr_carea' id='block_1_77' title="bbox 391 4101 2031 4182">
    <p class='ocr_par' dir='ltr' id='par_1_77' title="bbox 391 4101 2031 4182">
     <span class='ocr_line' id='line_1_77' title="bbox 391 4101 2031 4182; baseline 0.007 -27"><span class='ocrx_word' id='word_1_542' title='bbox 391 4101 527 4182; x_wconf 80' lang='lat' dir='ltr'>dine</span> <span class='ocrx_word' id='word_1_543' title='bbox 560 4101 875 4182; x_wconf 36' lang='lat' dir='ltr'>&#39;_des_crib_it.</span> <span class='ocrx_word' id='word_1_544' title='bbox 927 4101 1087 4182; x_wconf 66' lang='lat' dir='ltr'>Adde</span> <span class='ocrx_word' id='word_1_545' title='bbox 1134 4108 1364 4182; x_wconf 81' lang='lat' dir='ltr'>Contin.</span> <span class='ocrx_word' id='word_1_546' title='bbox 1409 4101 1670 4182; x_wconf 56' lang='lat' dir='ltr'>Theop&#39;h.</span> <span class='ocrx_word' id='word_1_547' title='bbox 1703 4101 2031 4182; x_wconf 35' lang='lat' dir='ltr'>pagi-268.</span> 
     </span>
    </p>
   </div>
   <div class='ocr_carea' id='block_1_78' title="bbox 390 4176 2035 4251">
    <p class='ocr_par' dir='ltr' id='par_1_78' title="bbox 390 4176 2035 4251">
     <span class='ocr_line' id='line_1_78' title="bbox 390 4176 2035 4251; baseline 0.004 -24"><span class='ocrx_word' id='word_1_548' title='bbox 390 4176 728 4251; x_wconf 10' lang='lat' dir='ltr'>Quaaffuerit</span> <span class='ocrx_word' id='word_1_549' title='bbox 754 4178 1218 4251; x_wconf 61' lang='lat' dir='ltr'>sacrzeimagini</span> <span class='ocrx_word' id='word_1_550' title='bbox 1264 4176 1589 4236; x_wconf 69' lang='lat' dir='ltr'>reverentia</span> <span class='ocrx_word' id='word_1_551' title='bbox 1629 4176 1903 4246; x_wconf 73' lang='lat' dir='ltr'>exhibita,</span> <span class='ocrx_word' id='word_1_552' title='bbox 1938 4197 2035 4249; x_wconf 87' lang='lat' dir='ltr'>ap-</span> 
     </span>
    </p>
   </div>
   <div class='ocr_carea' id='block_1_79' title="bbox 391 4248 2032 4322">
    <p class='ocr_par' dir='ltr' id='par_1_79' title="bbox 391 4248 2032 4322">
     <span class='ocr_line' id='line_1_79' title="bbox 391 4248 2032 4322; baseline 0.005 -25"><span class='ocrx_word' id='word_1_553' title='bbox 391 4250 607 4322; x_wconf 82' lang='lat' dir='ltr'>parete</span> <span class='ocrx_word' id='word_1_554' title='bbox 639 4248 869 4322; x_wconf 80' lang='lat' dir='ltr'>Gregor.</span> <span class='ocrx_word' id='word_1_555' title='bbox 906 4248 1169 4305; x_wconf 81' lang='lat' dir='ltr'>Monach.</span> <span class='ocrx_word' id='word_1_556' title='bbox 1206 4268 1338 4322; x_wconf 90' lang='lat' dir='ltr'>pag.</span> <span class='ocrx_word' id='word_1_557' title='bbox 1388 4253 1513 4320; x_wconf 90' lang='lat'>505,</span> <span class='ocrx_word' id='word_1_558' title='bbox 1547 4252 1647 4306; x_wconf 91' lang='lat' dir='ltr'>ubi</span> <span class='ocrx_word' id='word_1_559' title='bbox 1692 4251 1801 4304; x_wconf 89' lang='lat' dir='ltr'>hoc</span> <span class='ocrx_word' id='word_1_560' title='bbox 1834 4248 2032 4319; x_wconf 68' lang='lat' dir='ltr'>praeci-</span> 
     </span>
    </p>
   </div>
   <div class='ocr_carea' id='block_1_80' title="bbox 391 4316 2031 4395">
    <p class='ocr_par' dir='ltr' id='par_1_80' title="bbox 391 4316 2031 4395">
     <span class='ocr_line' id='line_1_80' title="bbox 391 4316 2031 4395; baseline 0.004 -27"><span class='ocrx_word' id='word_1_561' title='bbox 391 4330 503 4395; x_wconf 82' lang='lat' dir='ltr'>pue</span> <span class='ocrx_word' id='word_1_562' title='bbox 536 4316 647 4395; x_wconf 80' lang='lat' dir='ltr'>telo</span> <span class='ocrx_word' id='word_1_563' title='bbox 678 4319 735 4395; x_wconf 83' lang='lat' dir='ltr'>in</span> <span class='ocrx_word' id='word_1_564' title='bbox 769 4335 1064 4395; x_wconf 83' lang='lat' dir='ltr'>eversores</span> <span class='ocrx_word' id='word_1_565' title='bbox 1094 4316 1565 4395; x_wconf 66' lang='lat' dir='ltr'>simulacrorum,</span> <span class='ocrx_word' id='word_1_566' title='bbox 1592 4322 1799 4377; x_wconf 89' lang='lat' dir='ltr'>Leonis</span> <span class='ocrx_word' id='word_1_567' title='bbox 1828 4316 2031 4376; x_wconf 70' lang='lat' dir='ltr'>Arme-</span> 
     </span>
    </p>
   </div>
   <div class='ocr_carea' id='block_1_81' title="bbox 393 4390 1601 4459">
    <p class='ocr_par' dir='ltr' id='par_1_81' title="bbox 393 4390 1601 4459">
     <span class='ocr_line' id='line_1_81' title="bbox 393 4390 1601 4459; baseline 0.009 -23"><span class='ocrx_word' id='word_1_568' title='bbox 393 4390 447 4437; x_wconf 89' lang='lat' dir='ltr'>ni</span> <span class='ocrx_word' id='word_1_569' title='bbox 472 4391 651 4459; x_wconf 51' lang='lat' dir='ltr'>relate</span> <span class='ocrx_word' id='word_1_570' title='bbox 678 4390 878 4442; x_wconf 89' lang='lat' dir='ltr'>turbas</span> <span class='ocrx_word' id='word_1_571' title='bbox 909 4399 1365 4459; x_wconf 86' lang='lat' dir='ltr'>commoventes,</span> <span class='ocrx_word' id='word_1_572' title='bbox 1398 4394 1601 4448; x_wconf 90' lang='lat' dir='ltr'>utitur.</span> 
     </span>
    </p>
   </div>
   <div class='ocr_carea' id='block_1_82' title="bbox 462 4456 2033 4535">
    <p class='ocr_par' dir='ltr' id='par_1_82' title="bbox 462 4456 2033 4535">
     <span class='ocr_line' id='line_1_82' title="bbox 462 4456 2033 4535; baseline 0.006 -26"><span class='ocrx_word' id='word_1_573' title='bbox 462 4456 673 4535; x_wconf 50' lang='lat' dir='ltr'>(66)”V_.</span> <span class='ocrx_word' id='word_1_574' title='bbox 708 4459 1053 4535; x_wconf 84' lang='lat' dir='ltr'>Combeﬁsio</span> <span class='ocrx_word' id='word_1_575' title='bbox 1088 4468 1280 4519; x_wconf 87' lang='lat' dir='ltr'>notata</span> <span class='ocrx_word' id='word_1_576' title='bbox 1416 4465 1519 4519; x_wconf 91' lang='grc'>100</span> <span class='ocrx_word' id='word_1_577' title='bbox 1546 4463 1817 4533; x_wconf 69' lang='lat' dir='ltr'>Manipuli</span> <span class='ocrx_word' id='word_1_578' title='bbox 1848 4463 2033 4535; x_wconf 76' lang='lat' dir='ltr'>Origi-</span> 
     </span>
    </p>
   </div>
   <div class='ocr_carea' id='block_1_83' title="bbox 387 4528 2028 4607">
    <p class='ocr_par' dir='ltr' id='par_1_83' title="bbox 387 4528 2028 4607">
     <span class='ocr_line' id='line_1_83' title="bbox 387 4528 2028 4607; baseline 0.007 -29"><span class='ocrx_word' id='word_1_579' title='bbox 387 4543 517 4582; x_wconf 75' lang='lat' dir='ltr'>num</span> <span class='ocrx_word' id='word_1_580' title='bbox 552 4528 694 4607; x_wconf 73' lang='lat' dir='ltr'>CSP.</span> <span class='ocrx_word' id='word_1_581' title='bbox 732 4535 788 4586; x_wconf 88' lang='lat' dir='ltr'>et</span> <span class='ocrx_word' id='word_1_582' title='bbox 817 4533 1073 4607; x_wconf 71' lang='lat' dir='ltr'>expende</span> <span class='ocrx_word' id='word_1_583' title='bbox 1119 4528 1474 4607; x_wconf 43' lang='lat' dir='ltr'>verbm—qua:</span> <span class='ocrx_word' id='word_1_584' title='bbox 1516 4536 1573 4590; x_wconf 92' lang='lat' dir='ltr'>in</span> <span class='ocrx_word' id='word_1_585' title='bbox 1606 4528 1722 4607; x_wconf 77' lang='lat' dir='ltr'>ﬁne</span> <span class='ocrx_word' id='word_1_586' title='bbox 1751 4528 2028 4607; x_wconf 75' lang='lat' dir='ltr'>orationis</span> 
     </span>
    </p>
   </div>
   <div class='ocr_carea' id='block_1_84' title="bbox 386 4600 2027 4679">
    <p class='ocr_par' dir='ltr' id='par_1_84' title="bbox 386 4600 2027 4679">
     <span class='ocr_line' id='line_1_84' title="bbox 386 4600 2027 4679; baseline 0.004 -28"><span class='ocrx_word' id='word_1_587' title='bbox 386 4605 704 4679; x_wconf 71' lang='lat' dir='ltr'>occurrunt</span> <span class='ocrx_word' id='word_1_588' title='bbox 739 4618 751 4655; x_wconf 90' lang='lat'><strong>:</strong></span> <span class='ocrx_word' id='word_1_589' title='bbox 782 4600 905 4679; x_wconf 77' lang='lat' dir='ltr'>_&#39;u&#39;</span> <span class='ocrx_word' id='word_1_590' title='bbox 942 4605 1075 4679; x_wconf 67' lang='lat' dir='ltr'>Qath</span> <span class='ocrx_word' id='word_1_591' title='bbox 1115 4600 1395 4679; x_wconf 43' lang='lat' dir='ltr'>dimittitis</span> <span class='ocrx_word' id='word_1_592' title='bbox 1452 4610 1549 4660; x_wconf 74' lang='grc' dir='ltr'>τοῦ</span> <span class='ocrx_word' id='word_1_593' title='bbox 1579 4600 2027 4679; x_wconf 20' lang='grc' dir='ltr'>*ἀπαραλλᾶκτου</span> 
     </span>
    </p>
   </div>
   <div class='ocr_carea' id='block_1_85' title="bbox 383 4668 2029 4809">
    <p class='ocr_par' dir='ltr' id='par_1_85' title="bbox 383 4668 2029 4809">
     <span class='ocr_line' id='line_1_85' title="bbox 383 4668 2029 4749; baseline 0.005 -29"><span class='ocrx_word' id='word_1_594' title='bbox 383 4668 607 4744; x_wconf 79' lang='grc' dir='ltr'>πατρὸς,</span> <span class='ocrx_word' id='word_1_595' title='bbox 664 4672 888 4748; x_wconf 76' lang='grc' dir='ltr'>φροὺρει</span> <span class='ocrx_word' id='word_1_596' title='bbox 943 4674 1023 4729; x_wconf 83' lang='grc' dir='ltr'>ἀεὶ</span> <span class='ocrx_word' id='word_1_597' title='bbox 1074 4668 1181 4731; x_wconf 71' lang='grc' dir='ltr'>τὸν’</span> <span class='ocrx_word' id='word_1_598' title='bbox 1225 4668 1459 4738; x_wconf 72' lang='grc' dir='ltr'>εὐσὲϐὦς</span> <span class='ocrx_word' id='word_1_599' title='bbox 1506 4676 1594 4731; x_wconf 85' lang='grc' dir='ltr'>καὶ</span> <span class='ocrx_word' id='word_1_600' title='bbox 1633 4668 1819 4749; x_wconf 76' lang='grc' dir='ltr'>πρᾷως</span> <span class='ocrx_word' id='word_1_601' title='bbox 1868 4678 2029 4748; x_wconf 77' lang='grc' dir='ltr'>ἡμῶν</span> 
     </span>
     <span class='ocr_line' id='line_1_86' title="bbox 385 4738 2026 4809; baseline 0.005 -17"><span class='ocrx_word' id='word_1_602' title='bbox 385 4738 765 4809; x_wconf 74' lang='grc' dir='ltr'>βασιλεύοντα,</span> <span class='ocrx_word' id='word_1_603' title='bbox 843 4745 933 4799; x_wconf 76' lang='grc' dir='ltr'>καὶ</span> <span class='ocrx_word' id='word_1_604' title='bbox 1001 4747 1098 4809; x_wconf 72' lang='grc' dir='ltr'>τήν</span> <span class='ocrx_word' id='word_1_605' title='bbox 1173 4755 1273 4809; x_wconf 80' lang='grc' dir='ltr'>τῆς</span> <span class='ocrx_word' id='word_1_606' title='bbox 1347 4746 1661 4809; x_wconf 76' lang='grc' dir='ltr'>ἀποδημίας</span> <span class='ocrx_word' id='word_1_607' title='bbox 1729 4748 2026 4809; x_wconf 66' lang='grc' dir='ltr'>ἀνάμνησιν</span> 
     </span>
    </p>
   </div>
   <div class='ocr_carea' id='block_1_86' title="bbox 381 4738 2024 4893">
    <p class='ocr_par' dir='ltr' id='par_1_86' title="bbox 381 4738 2024 4893">
     <span class='ocr_line' id='line_1_87' title="bbox 381 4738 2024 4866; baseline 0.005 -74"><span class='ocrx_word' id='word_1_608' title='bbox 381 4738 765 4866; x_wconf 59' lang='grc' dir='ltr'>ξασὶλεύονῖα,</span> <span class='ocrx_word' id='word_1_609' title='bbox 809 4738 933 4799; x_wconf 76' lang='grc' dir='ltr'>’καὶ</span> <span class='ocrx_word' id='word_1_610' title='bbox 1001 4747 1098 4815; x_wconf 74' lang='grc' dir='ltr'>τήν</span> <span class='ocrx_word' id='word_1_611' title='bbox 1173 4755 1273 4815; x_wconf 79' lang='grc' dir='ltr'>τῆς</span> <span class='ocrx_word' id='word_1_612' title='bbox 1347 4738 1686 4820; x_wconf 68' lang='grc' dir='ltr'>ἀποδημίαις¹</span> <span class='ocrx_word' id='word_1_613' title='bbox 1722 4738 2024 4819; x_wconf 57' lang='grc' dir='ltr'>’ἀνάμιὶᾖσιν</span> 
     </span>
     <span class='ocr_line' id='line_1_88' title="bbox 423 4815 2024 4893; baseline 0.004 -28"><span class='ocrx_word' id='word_1_614' title='bbox 423 4818 653 4893; x_wconf 48' lang='lat' dir='ltr'>«inretiat</span> <span class='ocrx_word' id='word_1_615' title='bbox 714 4815 1061 4893; x_wconf 71' lang='grc' dir='ltr'>ὲορτάζοντα,</span> <span class='ocrx_word' id='word_1_616' title='bbox 1120 4820 1177 4872; x_wconf 79' lang='grc' dir='ltr'>ὅν</span> <span class='ocrx_word' id='word_1_617' title='bbox 1235 4823 1304 4893; x_wconf 73' lang='grc' dir='ltr'>τῇ</span> <span class='ocrx_word' id='word_1_618' title='bbox 1358 4819 1624 4893; x_wconf 56' lang='grc' dir='ltr'>παρουσίᾳ</span> <span class='ocrx_word' id='word_1_619' title='bbox 1674 4840 1769 4873; x_wconf 78' lang='grc' dir='ltr'>σου</span> <span class='ocrx_word' id='word_1_620' title='bbox 1805 4818 1891 4874; x_wconf 78' lang='grc' dir='ltr'>ἐπὶ</span> <span class='ocrx_word' id='word_1_621' title='bbox 1929 4821 2024 4872; x_wconf 82' lang='grc' dir='ltr'>τὸν</span> 
     </span>
    </p>
   </div>
   <div class='ocr_carea' id='block_1_87' title="bbox 378 4887 2024 4964">
    <p class='ocr_par' dir='ltr' id='par_1_87' title="bbox 378 4887 2024 4964">
     <span class='ocr_line' id='line_1_89' title="bbox 378 4887 2024 4964; baseline 0.007 -28"><span class='ocrx_word' id='word_1_622' title='bbox 378 4889 652 4964; x_wconf 49' lang='grc' dir='ltr'>παπτῖῷον</span> <span class='ocrx_word' id='word_1_623' title='bbox 693 4887 801 4964; x_wconf 62' lang='grc' dir='ltr'>⁸καὶ</span> <span class='ocrx_word' id='word_1_624' title='bbox 875 4894 1129 4964; x_wconf 74' lang='grc' dir='ltr'>πατρῷον</span> <span class='ocrx_word' id='word_1_625' title='bbox 1211 4887 1403 4964; x_wconf 59' lang='lat' dir='ltr'>optivo;</span> <span class='ocrx_word' id='word_1_626' title='bbox 1437 4887 1445 4893; x_wconf 64' lang='grc'><em>’</em></span> <span class='ocrx_word' id='word_1_627' title='bbox 1482 4887 1792 4964; x_wconf 74' lang='grc' dir='ltr'>ἀνύψωσας,</span> <span class='ocrx_word' id='word_1_628' title='bbox 1862 4893 2024 4947; x_wconf 82' lang='lat' dir='ltr'>Adde</span> 
     </span>
    </p>
   </div>
   <div class='ocr_carea' id='block_1_88' title="bbox 380 4943 2019 5041">
    <p class='ocr_par' dir='ltr' id='par_1_88' title="bbox 380 4943 2019 5041">
     <span class='ocr_line' id='line_1_90' title="bbox 380 4943 2019 5041; baseline 0.002 -29"><span class='ocrx_word' id='word_1_629' title='bbox 380 4943 650 5041; x_wconf 67' lang='lat' dir='ltr'>Lambec.</span> <span class='ocrx_word' id='word_1_630' title='bbox 684 4943 1007 5041; x_wconf 50' lang='lat' dir='ltr'>Comment:</span> <span class='ocrx_word' id='word_1_631' title='bbox 1029 4943 1100 5041; x_wconf 79' lang='lat' dir='ltr'>de</span> <span class='ocrx_word' id='word_1_632' title='bbox 1132 4943 1555 5041; x_wconf 25' lang='lat' dir='ltr'>Biblzvvmdob.</span> <span class='ocrx_word' id='word_1_633' title='bbox 1593 4943 1629 5019; x_wconf 83' lang='grc' dir='ltr'><strong>Ῐ.</strong></span> <span class='ocrx_word' id='word_1_634' title='bbox 1653 4943 1792 5031; x_wconf 49' lang='lat' dir='ltr'>viii;</span> <span class='ocrx_word' id='word_1_635' title='bbox 1815 4943 2019 5034; x_wconf 36' lang='lat' dir='ltr'>p.196,</span> 
     </span>
    </p>
   </div>
   <div class='ocr_carea' id='block_1_89' title="bbox 382 5032 1296 5101">
    <p class='ocr_par' dir='ltr' id='par_1_89' title="bbox 382 5032 1296 5101">
     <span class='ocr_line' id='line_1_91' title="bbox 382 5032 1296 5101; baseline 0.009 -19"><span class='ocrx_word' id='word_1_636' title='bbox 382 5038 433 5083; x_wconf 90' lang='lat' dir='ltr'>et</span> <span class='ocrx_word' id='word_1_637' title='bbox 467 5032 708 5101; x_wconf 89' lang='lat' dir='ltr'>Pagium</span> <span class='ocrx_word' id='word_1_638' title='bbox 743 5033 811 5085; x_wconf 88' lang='lat' dir='ltr'>ad</span> <span class='ocrx_word' id='word_1_639' title='bbox 850 5049 944 5087; x_wconf 90' lang='lat' dir='ltr'>an.</span> <span class='ocrx_word' id='word_1_640' title='bbox 977 5034 1105 5101; x_wconf 83' lang='grc'>944,</span> <span class='ocrx_word' id='word_1_641' title='bbox 1139 5051 1195 5089; x_wconf 91' lang='lat' dir='ltr'>n.</span> <span class='ocrx_word' id='word_1_642' title='bbox 1229 5035 1296 5091; x_wconf 88' lang='lat' dir='ltr'>V.</span> 
     </span>
    </p>
   </div>
   <div class='ocr_carea' id='block_1_90' title="bbox 452 5101 2017 5181">
    <p class='ocr_par' dir='ltr' id='par_1_90' title="bbox 452 5101 2017 5181">
     <span class='ocr_line' id='line_1_92' title="bbox 452 5101 2017 5181; baseline 0.003 -25"><span class='ocrx_word' id='word_1_643' title='bbox 452 5101 563 5181; x_wconf 68' lang='lat'>(67)</span> <span class='ocrx_word' id='word_1_644' title='bbox 604 5103 1232 5181; x_wconf 34' lang='lat' dir='ltr'>Constantinusuitaque</span> <span class='ocrx_word' id='word_1_645' title='bbox 1292 5107 1847 5181; x_wconf 65' lang='lat' dir='ltr'>Parphyrogennetus</span> <span class='ocrx_word' id='word_1_646' title='bbox 1906 5117 2017 5161; x_wconf 79' lang='lat' dir='ltr'>tum</span> 
     </span>
    </p>
   </div>
   <div class='ocr_carea' id='block_1_91' title="bbox 377 5175 2019 5244">
    <p class='ocr_par' dir='ltr' id='par_1_91' title="bbox 377 5175 2019 5244">
     <span class='ocr_line' id='line_1_93' title="bbox 377 5175 2019 5244; baseline 0.003 -18"><span class='ocrx_word' id='word_1_647' title='bbox 377 5175 641 5236; x_wconf 77' lang='lat' dir='ltr'>orationi,</span> <span class='ocrx_word' id='word_1_648' title='bbox 668 5178 783 5228; x_wconf 79' lang='lat' dir='ltr'>tum</span> <span class='ocrx_word' id='word_1_649' title='bbox 800 5175 1125 5231; x_wconf 78' lang='lat' dir='ltr'>lectionibus</span> <span class='ocrx_word' id='word_1_650' title='bbox 1138 5194 1358 5244; x_wconf 74' lang='lat' dir='ltr'>vacans,</span> <span class='ocrx_word' id='word_1_651' title='bbox 1377 5175 1621 5233; x_wconf 67' lang='lat' dir='ltr'>totamse</span> <span class='ocrx_word' id='word_1_652' title='bbox 1636 5178 2019 5234; x_wconf 79' lang='lat' dir='ltr'>Dominocom-</span> 
     </span>
    </p>
   </div>
   <div class='ocr_carea' id='block_1_92' title="bbox 372 5245 2016 5321">
    <p class='ocr_par' dir='ltr' id='par_1_92' title="bbox 372 5245 2016 5321">
     <span class='ocr_line' id='line_1_94' title="bbox 372 5245 2016 5321; baseline 0.002 -24"><span class='ocrx_word' id='word_1_653' title='bbox 372 5245 684 5321; x_wconf 59' lang='lat' dir='ltr'>iamdabat,</span> <span class='ocrx_word' id='word_1_654' title='bbox 706 5261 864 5321; x_wconf 69' lang='lat' dir='ltr'>opere</span> <span class='ocrx_word' id='word_1_655' title='bbox 885 5264 1150 5302; x_wconf 87' lang='lat' dir='ltr'>manuum</span> <span class='ocrx_word' id='word_1_656' title='bbox 1171 5252 1376 5304; x_wconf 72' lang='lat' dir='ltr'>victum</span> <span class='ocrx_word' id='word_1_657' title='bbox 1405 5250 1736 5321; x_wconf 50' lang='lat' dir='ltr'>quantum:</span> <span class='ocrx_word' id='word_1_658' title='bbox 1760 5266 1892 5305; x_wconf 74' lang='lat' dir='ltr'>sane</span> <span class='ocrx_word' id='word_1_659' title='bbox 1916 5248 2016 5315; x_wconf 80' lang='grc' dir='ltr'>τήν</span> 
     </span>
    </p>
   </div>
   <div class='ocr_carea' id='block_1_93' title="bbox 376 5313 2015 5393">
    <p class='ocr_par' dir='ltr' id='par_1_93' title="bbox 376 5313 2015 5393">
     <span class='ocr_line' id='line_1_95' title="bbox 376 5313 2015 5393; baseline 0.005 -25"><span class='ocrx_word' id='word_1_660' title='bbox 376 5313 802 5393; x_wconf 48' lang='lat' dir='ltr'>@791?!de</span> <span class='ocrx_word' id='word_1_661' title='bbox 866 5328 945 5372; x_wconf 78' lang='lat' dir='ltr'>est</span> <span class='ocrx_word' id='word_1_662' title='bbox 985 5321 1294 5393; x_wconf 62' lang='lat' dir='ltr'>picturam,</span> <span class='ocrx_word' id='word_1_663' title='bbox 1358 5313 1680 5393; x_wconf 73' lang='lat' dir='ltr'>pérpulchre</span> <span class='ocrx_word' id='word_1_664' title='bbox 1716 5313 2015 5376; x_wconf 65' lang='lat' dir='ltr'>exercebat.</span> 
     </span>
    </p>
   </div>
   <div class='ocr_carea' id='block_1_94' title="bbox 376 5387 2015 5457">
    <p class='ocr_par' dir='ltr' id='par_1_94' title="bbox 376 5387 2015 5457">
     <span class='ocr_line' id='line_1_96' title="bbox 376 5387 2015 5457; baseline 0.003 -18"><span class='ocrx_word' id='word_1_665' title='bbox 376 5387 715 5457; x_wconf 35' lang='lat' dir='ltr'>Lmtpr‘and.</span> <span class='ocrx_word' id='word_1_666' title='bbox 752 5388 789 5442; x_wconf 94' lang='lat' dir='ltr'>l.</span> <span class='ocrx_word' id='word_1_667' title='bbox 852 5405 937 5452; x_wconf 85' lang='lat' dir='ltr'><strong>III,</strong></span> <span class='ocrx_word' id='word_1_668' title='bbox 994 5407 1041 5444; x_wconf 93' lang='lat' dir='ltr'>c.</span> <span class='ocrx_word' id='word_1_669' title='bbox 1076 5392 1128 5445; x_wconf 90' lang='lat'>9.</span> <span class='ocrx_word' id='word_1_670' title='bbox 1192 5392 1320 5446; x_wconf 66' lang='lat' dir='ltr'>Hzec</span> <span class='ocrx_word' id='word_1_671' title='bbox 1358 5387 1464 5446; x_wconf 45' lang='lat' dir='ltr'>&#39;ad&#39;</span> <span class='ocrx_word' id='word_1_672' title='bbox 1510 5393 1744 5447; x_wconf 83' lang='lat' dir='ltr'>verbum</span> <span class='ocrx_word' id='word_1_673' title='bbox 1803 5393 1861 5445; x_wconf 88' lang='lat' dir='ltr'>in</span> <span class='ocrx_word' id='word_1_674' title='bbox 1911 5407 2015 5444; x_wconf 91' lang='lat' dir='ltr'>suo</span> 
     </span>
    </p>
   </div>
   <div class='ocr_carea' id='block_1_95' title="bbox 374 5457 2016 5532">
    <p class='ocr_par' dir='ltr' id='par_1_95' title="bbox 374 5457 2016 5532">
     <span class='ocr_line' id='line_1_97' title="bbox 374 5457 2016 5532; baseline 0.003 -22"><span class='ocrx_word' id='word_1_675' title='bbox 374 5457 657 5532; x_wconf 63' lang='lat' dir='ltr'>Chronico</span> <span class='ocrx_word' id='word_1_676' title='bbox 682 5460 890 5532; x_wconf 83' lang='lat' dir='ltr'>repetit</span> <span class='ocrx_word' id='word_1_677' title='bbox 912 5460 1266 5532; x_wconf 89' lang='lat' dir='ltr'>Sigebertus,</span> <span class='ocrx_word' id='word_1_678' title='bbox 1301 5482 1351 5531; x_wconf 86' lang='lat' dir='ltr'>p.</span> <span class='ocrx_word' id='word_1_679' title='bbox 1377 5465 1501 5519; x_wconf 76' lang='lat'>255.</span> <span class='ocrx_word' id='word_1_680' title='bbox 1538 5465 1559 5517; x_wconf 94' lang='lat' dir='ltr'>I</span> <span class='ocrx_word' id='word_1_681' title='bbox 1584 5476 1689 5518; x_wconf 74' lang='lat' dir='ltr'>rem</span> <span class='ocrx_word' id='word_1_682' title='bbox 1715 5480 1782 5518; x_wconf 84' lang='lat' dir='ltr'>ex</span> <span class='ocrx_word' id='word_1_683' title='bbox 1805 5462 2016 5515; x_wconf 67' lang='lat' dir='ltr'>Graecis</span> 
     </span>
    </p>
   </div>
   <div class='ocr_carea' id='block_1_96' title="bbox 368 5528 2017 5655">
    <p class='ocr_par' dir='ltr' id='par_1_96' title="bbox 368 5528 2017 5655">
     <span class='ocr_line' id='line_1_98' title="bbox 368 5528 2017 5655; baseline 0.001 -73"><span class='ocrx_word' id='word_1_684' title='bbox 368 5528 749 5655; x_wconf 51' lang='lat' dir='ltr'>E‘hpopthanis</span> <span class='ocrx_word' id='word_1_685' title='bbox 794 5528 1123 5589; x_wconf 76' lang='lat' dir='ltr'>Continuat.</span> <span class='ocrx_word' id='word_1_686' title='bbox 1168 5552 1224 5606; x_wconf 91' lang='lat' dir='ltr'>p.</span> <span class='ocrx_word' id='word_1_687' title='bbox 1284 5528 1409 5604; x_wconf 79' lang='lat'>280,</span> <span class='ocrx_word' id='word_1_688' title='bbox 1458 5539 1514 5589; x_wconf 88' lang='lat' dir='ltr'>et</span> <span class='ocrx_word' id='word_1_689' title='bbox 1544 5535 1791 5589; x_wconf 88' lang='lat' dir='ltr'>Zonaras</span> <span class='ocrx_word' id='word_1_690' title='bbox 1825 5550 1879 5602; x_wconf 90' lang='lat' dir='ltr'>p.</span> <span class='ocrx_word' id='word_1_691' title='bbox 1914 5532 2017 5585; x_wconf 86' lang='lat'>195</span> 
     </span>
     <span class='ocr_line' id='line_1_99' title="bbox 394 5616 680 5655; baseline 0.003 -1"><span class='ocrx_word' id='word_1_692' title='bbox 394 5616 457 5655; x_wconf 88' lang='lat' dir='ltr'>es</span> <span class='ocrx_word' id='word_1_693' title='bbox 487 5616 558 5655; x_wconf 90' lang='lat' dir='ltr'>an</span> <span class='ocrx_word' id='word_1_694' title='bbox 592 5618 680 5655; x_wconf 86' lang='lat' dir='ltr'>ur.</span> 
     </span>
    </p>
   </div>
   <div class='ocr_carea' id='block_1_97' title="bbox 394 5616 680 5658">
    <p class='ocr_par' dir='ltr' id='par_1_97' title="bbox 394 5616 680 5658">
     <span class='ocr_line' id='line_1_100' title="bbox 394 5616 680 5658; baseline 0.01 -4"><span class='ocrx_word' id='word_1_695' title='bbox 394 5616 680 5658; x_wconf 69' lang='grc' dir='ltr'>Θειαηῐιιιδ.</span> 
     </span>
    </p>
   </div>
   <div class='ocr_carea' id='block_1_98' title="bbox 442 5671 2015 5747">
    <p class='ocr_par' dir='ltr' id='par_1_98' title="bbox 442 5671 2015 5747">
     <span class='ocr_line' id='line_1_101' title="bbox 442 5671 2015 5747; baseline 0.005 -23"><span class='ocrx_word' id='word_1_696' title='bbox 442 5671 554 5743; x_wconf 87' lang='lat'>(68)</span> <span class='ocrx_word' id='word_1_697' title='bbox 587 5674 902 5741; x_wconf 88' lang='lat' dir='ltr'>Cedrenus,</span> <span class='ocrx_word' id='word_1_698' title='bbox 935 5691 1067 5747; x_wconf 88' lang='lat' dir='ltr'>pag.</span> <span class='ocrx_word' id='word_1_699' title='bbox 1118 5676 1245 5731; x_wconf 86' lang='lat'>633.</span> <span class='ocrx_word' id='word_1_700' title='bbox 1289 5676 1646 5733; x_wconf 90' lang='lat' dir='ltr'>Vetustiores</span> <span class='ocrx_word' id='word_1_701' title='bbox 1692 5681 1908 5742; x_wconf 91' lang='lat' dir='ltr'>tamen,</span> <span class='ocrx_word' id='word_1_702' title='bbox 1941 5688 2015 5730; x_wconf 83' lang='lat' dir='ltr'>ne</span> 
     </span>
    </p>
   </div>
   <div class='ocr_carea' id='block_1_99' title="bbox 2145 4029 3790 4104">
    <p class='ocr_par' dir='ltr' id='par_1_99' title="bbox 2145 4029 3790 4104">
     <span class='ocr_line' id='line_1_102' title="bbox 2145 4029 3790 4104; baseline -0.002 -14"><span class='ocrx_word' id='word_1_703' title='bbox 2145 4050 2237 4091; x_wconf 88' lang='lat' dir='ltr'>res</span> <span class='ocrx_word' id='word_1_704' title='bbox 2268 4033 2553 4104; x_wconf 88' lang='lat' dir='ltr'>vituperio</span> <span class='ocrx_word' id='word_1_705' title='bbox 2575 4031 3160 4104; x_wconf 88' lang='lat' dir='ltr'>Constantinoesset,</span> <span class='ocrx_word' id='word_1_706' title='bbox 3187 4029 3436 4104; x_wconf 67' lang='lat' dir='ltr'>ﬁliorum</span> <span class='ocrx_word' id='word_1_707' title='bbox 3468 4029 3578 4085; x_wconf 92' lang='lat' dir='ltr'>hoc</span> <span class='ocrx_word' id='word_1_708' title='bbox 3596 4029 3790 4087; x_wconf 90' lang='lat' dir='ltr'>scelus</span> 
     </span>
    </p>
   </div>
   <div class='ocr_carea' id='block_1_100' title="bbox 2144 4102 3787 4174">
    <p class='ocr_par' dir='ltr' id='par_1_100' title="bbox 2144 4102 3787 4174">
     <span class='ocr_line' id='line_1_103' title="bbox 2144 4102 3787 4174; baseline -0.002 -12"><span class='ocrx_word' id='word_1_709' title='bbox 2144 4107 2345 4169; x_wconf 86' lang='lat' dir='ltr'>fuisse,</span> <span class='ocrx_word' id='word_1_710' title='bbox 2371 4102 2697 4174; x_wconf 85' lang='lat' dir='ltr'>perhibent,</span> <span class='ocrx_word' id='word_1_711' title='bbox 2729 4107 2786 4159; x_wconf 90' lang='lat' dir='ltr'>et</span> <span class='ocrx_word' id='word_1_712' title='bbox 2832 4103 3177 4174; x_wconf 83' lang='lat' dir='ltr'>inscioipso</span> <span class='ocrx_word' id='word_1_713' title='bbox 3233 4102 3556 4174; x_wconf 82' lang='lat' dir='ltr'>Romanum</span> <span class='ocrx_word' id='word_1_714' title='bbox 3607 4118 3787 4173; x_wconf 88' lang='lat' dir='ltr'>regno</span> 
     </span>
    </p>
   </div>
   <div class='ocr_carea' id='block_1_101' title="bbox 2146 4173 3786 4249">
    <p class='ocr_par' dir='ltr' id='par_1_101' title="bbox 2146 4173 3786 4249">
     <span class='ocr_line' id='line_1_104' title="bbox 2146 4173 3786 4249; baseline -0.001 -18"><span class='ocrx_word' id='word_1_715' title='bbox 2146 4173 2518 4249; x_wconf 25' lang='lat' dir='ltr'>pulsumtV.</span> <span class='ocrx_word' id='word_1_716' title='bbox 2565 4175 2797 4249; x_wconf 83' lang='lat' dir='ltr'>Simeoo</span> <span class='ocrx_word' id='word_1_717' title='bbox 2857 4173 3194 4249; x_wconf 73' lang='lat' dir='ltr'>Logotheta,</span> <span class='ocrx_word' id='word_1_718' title='bbox 3227 4189 3358 4249; x_wconf 82' lang='lat' dir='ltr'>pag.</span> <span class='ocrx_word' id='word_1_719' title='bbox 3419 4173 3543 4238; x_wconf 65' lang='lat'>493,</span> <span class='ocrx_word' id='word_1_720' title='bbox 3575 4175 3786 4249; x_wconf 72' lang='lat' dir='ltr'>caeteri,</span> 
     </span>
    </p>
   </div>
   <div class='ocr_carea' id='block_1_102' title="bbox 2145 4245 3788 4317">
    <p class='ocr_par' dir='ltr' id='par_1_102' title="bbox 2145 4245 3788 4317">
     <span class='ocr_line' id='line_1_105' title="bbox 2145 4245 3788 4317; baseline -0.002 -14"><span class='ocrx_word' id='word_1_721' title='bbox 2145 4245 2279 4303; x_wconf 76' lang='lat' dir='ltr'>cum</span> <span class='ocrx_word' id='word_1_722' title='bbox 2313 4248 2529 4317; x_wconf 90' lang='lat' dir='ltr'>quibus</span> <span class='ocrx_word' id='word_1_723' title='bbox 2579 4246 2976 4317; x_wconf 89' lang='lat' dir='ltr'>Luitprandus</span> <span class='ocrx_word' id='word_1_724' title='bbox 3009 4246 3046 4301; x_wconf 85' lang='grc' dir='ltr'>ι.</span> <span class='ocrx_word' id='word_1_725' title='bbox 3102 4262 3157 4312; x_wconf 87' lang='lat' dir='ltr'>v,</span> <span class='ocrx_word' id='word_1_726' title='bbox 3207 4260 3257 4317; x_wconf 80' lang='grc' dir='ltr'><strong>ο.</strong></span> <span class='ocrx_word' id='word_1_727' title='bbox 3288 4245 3323 4298; x_wconf 89' lang='grc'><strong>9</strong></span> <span class='ocrx_word' id='word_1_728' title='bbox 3353 4246 3670 4317; x_wconf 73' lang='lat' dir='ltr'>consentit,</span> <span class='ocrx_word' id='word_1_729' title='bbox 3704 4246 3788 4300; x_wconf 92' lang='lat' dir='ltr'>ni-</span> 
     </span>
    </p>
   </div>
   <div class='ocr_carea' id='block_1_103' title="bbox 2147 4315 3784 4389">
    <p class='ocr_par' dir='ltr' id='par_1_103' title="bbox 2147 4315 3784 4389">
     <span class='ocr_line' id='line_1_106' title="bbox 2147 4315 3784 4389; baseline -0.001 -16"><span class='ocrx_word' id='word_1_730' title='bbox 2147 4315 2442 4389; x_wconf 78' lang='lat' dir='ltr'>miamque</span> <span class='ocrx_word' id='word_1_731' title='bbox 2472 4318 2529 4373; x_wconf 92' lang='lat' dir='ltr'>in</span> <span class='ocrx_word' id='word_1_732' title='bbox 2573 4315 2732 4373; x_wconf 85' lang='lat' dir='ltr'>ﬁlios</span> <span class='ocrx_word' id='word_1_733' title='bbox 2755 4317 3121 4373; x_wconf 86' lang='lat' dir='ltr'>severitatem</span> <span class='ocrx_word' id='word_1_734' title='bbox 3152 4316 3326 4372; x_wconf 85' lang='lat' dir='ltr'>exitio</span> <span class='ocrx_word' id='word_1_735' title='bbox 3357 4316 3536 4371; x_wconf 84' lang='lat' dir='ltr'>fuisse</span> <span class='ocrx_word' id='word_1_736' title='bbox 3575 4315 3784 4373; x_wconf 86' lang='lat' dir='ltr'>Roma-</span> 
     </span>
    </p>
   </div>
   <div class='ocr_carea' id='block_1_104' title="bbox 2060 4386 2534 4458">
    <p class='ocr_par' dir='ltr' id='par_1_104' title="bbox 2060 4386 2534 4458">
     <span class='ocr_line' id='line_1_107' title="bbox 2060 4386 2534 4458; baseline -0.013 -8"><span class='ocrx_word' id='word_1_737' title='bbox 2060 4386 2107 4450; x_wconf 90' lang='lat' dir='ltr'><strong>D</strong></span> <span class='ocrx_word' id='word_1_738' title='bbox 2142 4408 2236 4458; x_wconf 91' lang='lat' dir='ltr'>no,</span> <span class='ocrx_word' id='word_1_739' title='bbox 2271 4386 2534 4445; x_wconf 75' lang='lat' dir='ltr'>testatur.</span> 
     </span>
    </p>
   </div>
   <div class='ocr_carea' id='block_1_105' title="bbox 2210 4457 3782 4531">
    <p class='ocr_par' dir='ltr' id='par_1_105' title="bbox 2210 4457 3782 4531">
     <span class='ocr_line' id='line_1_108' title="bbox 2210 4457 3782 4531; baseline -0.003 -15"><span class='ocrx_word' id='word_1_740' title='bbox 2210 4457 2319 4531; x_wconf 31' lang='lat'>(&#39;69)</span> <span class='ocrx_word' id='word_1_741' title='bbox 2355 4462 2414 4515; x_wconf 90' lang='lat' dir='ltr'><strong>In</strong></span> <span class='ocrx_word' id='word_1_742' title='bbox 2451 4460 2868 4516; x_wconf 89' lang='lat' dir='ltr'>monasterium</span> <span class='ocrx_word' id='word_1_743' title='bbox 2906 4458 3153 4514; x_wconf 86' lang='lat' dir='ltr'>Romani</span> <span class='ocrx_word' id='word_1_744' title='bbox 3211 4457 3311 4512; x_wconf 84' lang='lat' dir='ltr'>ﬁlii</span> <span class='ocrx_word' id='word_1_745' title='bbox 3364 4457 3590 4531; x_wconf 81' lang='lat' dir='ltr'>detrusi</span> <span class='ocrx_word' id='word_1_746' title='bbox 3622 4462 3782 4531; x_wconf 88' lang='lat' dir='ltr'>sunt,</span> 
     </span>
    </p>
   </div>
   <div class='ocr_carea' id='block_1_106' title="bbox 2140 4528 3782 4603">
    <p class='ocr_par' dir='ltr' id='par_1_106' title="bbox 2140 4528 3782 4603">
     <span class='ocr_line' id='line_1_109' title="bbox 2140 4528 3782 4603; baseline -0.002 -17"><span class='ocrx_word' id='word_1_747' title='bbox 2140 4528 2644 4603; x_wconf 35' lang='lat' dir='ltr'>quod&#39;timendum</span> <span class='ocrx_word' id='word_1_748' title='bbox 2677 4530 3055 4587; x_wconf 90' lang='lat' dir='ltr'>Constantino</span> <span class='ocrx_word' id='word_1_749' title='bbox 3095 4535 3236 4603; x_wconf 84' lang='lat' dir='ltr'>erat,</span> <span class='ocrx_word' id='word_1_750' title='bbox 3272 4544 3343 4603; x_wconf 87' lang='lat' dir='ltr'>ne</span> <span class='ocrx_word' id='word_1_751' title='bbox 3374 4545 3434 4584; x_wconf 89' lang='lat' dir='ltr'>se</span> <span class='ocrx_word' id='word_1_752' title='bbox 3456 4528 3782 4603; x_wconf 80' lang='lat' dir='ltr'>aliquando</span> 
     </span>
    </p>
   </div>
   <div class='ocr_carea' id='block_1_107' title="bbox 2137 4599 3779 4676">
    <p class='ocr_par' dir='ltr' id='par_1_107' title="bbox 2137 4599 3779 4676">
     <span class='ocr_line' id='line_1_110' title="bbox 2137 4599 3779 4676; baseline -0.003 -17"><span class='ocrx_word' id='word_1_753' title='bbox 2137 4599 2369 4665; x_wconf 77' lang='lat' dir='ltr'>summa</span> <span class='ocrx_word' id='word_1_754' title='bbox 2416 4605 2696 4676; x_wconf 87' lang='lat' dir='ltr'>dignitate</span> <span class='ocrx_word' id='word_1_755' title='bbox 2745 4604 3084 4676; x_wconf 65' lang='lat' dir='ltr'>privarant;</span> <span class='ocrx_word' id='word_1_756' title='bbox 3132 4599 3509 4676; x_wconf 82' lang='lat' dir='ltr'>sic_Theoph.</span> <span class='ocrx_word' id='word_1_757' title='bbox 3546 4600 3779 4654; x_wconf 88' lang='lat' dir='ltr'>Contin.</span> 
     </span>
    </p>
   </div>
   <div class='ocr_carea' id='block_1_108' title="bbox 2137 4671 3784 4745">
    <p class='ocr_par' dir='ltr' id='par_1_108' title="bbox 2137 4671 3784 4745">
     <span class='ocr_line' id='line_1_111' title="bbox 2137 4671 3784 4745; baseline -0.002 -16"><span class='ocrx_word' id='word_1_758' title='bbox 2137 4692 2193 4745; x_wconf 86' lang='lat' dir='ltr'>p.</span> <span class='ocrx_word' id='word_1_759' title='bbox 2228 4677 2354 4743; x_wconf 81' lang='lat'>271,</span> <span class='ocrx_word' id='word_1_760' title='bbox 2406 4671 2654 4730; x_wconf 70' lang='lat' dir='ltr'>Zonaras</span> <span class='ocrx_word' id='word_1_761' title='bbox 2706 4671 2762 4744; x_wconf 70' lang='lat' dir='ltr'>p.</span> <span class='ocrx_word' id='word_1_762' title='bbox 2818 4674 2937 4739; x_wconf 87' lang='lat'>195,</span> <span class='ocrx_word' id='word_1_763' title='bbox 2983 4672 3083 4727; x_wconf 89' lang='lat' dir='ltr'>alii</span> <span class='ocrx_word' id='word_1_764' title='bbox 3135 4671 3541 4745; x_wconf 70' lang='lat' dir='ltr'>Luitprandus</span> <span class='ocrx_word' id='word_1_765' title='bbox 3580 4676 3784 4745; x_wconf 80' lang='lat' dir='ltr'>contra</span> 
     </span>
    </p>
   </div>
   <div class='ocr_carea' id='block_1_109' title="bbox 2136 4741 3780 4812">
    <p class='ocr_par' dir='ltr' id='par_1_109' title="bbox 2136 4741 3780 4812">
     <span class='ocr_line' id='line_1_112' title="bbox 2136 4741 3780 4812; baseline -0.002 -11"><span class='ocrx_word' id='word_1_766' title='bbox 2136 4741 2472 4812; x_wconf 39' lang='lat' dir='ltr'>auctor&#39;est,</span> <span class='ocrx_word' id='word_1_767' title='bbox 2523 4741 2988 4812; x_wconf 76' lang='lat' dir='ltr'>Constantinum,</span> <span class='ocrx_word' id='word_1_768' title='bbox 3022 4760 3155 4799; x_wconf 90' lang='lat' dir='ltr'>cum</span> <span class='ocrx_word' id='word_1_769' title='bbox 3206 4744 3379 4797; x_wconf 90' lang='lat' dir='ltr'>certis</span> <span class='ocrx_word' id='word_1_770' title='bbox 3421 4741 3655 4796; x_wconf 88' lang='lat' dir='ltr'>indiciis</span> <span class='ocrx_word' id='word_1_771' title='bbox 3686 4758 3780 4797; x_wconf 91' lang='lat' dir='ltr'>co-</span> 
     </span>
    </p>
   </div>
   <div class='ocr_carea' id='block_1_110' title="bbox 2134 4814 3785 4889">
    <p class='ocr_par' dir='ltr' id='par_1_110' title="bbox 2134 4814 3785 4889">
     <span class='ocr_line' id='line_1_113' title="bbox 2134 4814 3785 4889; baseline -0.002 -17"><span class='ocrx_word' id='word_1_772' title='bbox 2134 4820 2450 4889; x_wconf 86' lang='lat' dir='ltr'>gnovisset,</span> <span class='ocrx_word' id='word_1_773' title='bbox 2485 4818 2595 4872; x_wconf 90' lang='lat' dir='ltr'>sibi</span> <span class='ocrx_word' id='word_1_774' title='bbox 2626 4817 2697 4871; x_wconf 87' lang='lat' dir='ltr'>ab</span> <span class='ocrx_word' id='word_1_775' title='bbox 2724 4816 2868 4886; x_wconf 91' lang='lat' dir='ltr'>ipsis</span> <span class='ocrx_word' id='word_1_776' title='bbox 2901 4814 3146 4889; x_wconf 85' lang='lat' dir='ltr'>insidias</span> <span class='ocrx_word' id='word_1_777' title='bbox 3179 4814 3389 4889; x_wconf 76' lang='lat' dir='ltr'>parari,</span> <span class='ocrx_word' id='word_1_778' title='bbox 3418 4828 3616 4889; x_wconf 81' lang='lat' dir='ltr'>eorum</span> <span class='ocrx_word' id='word_1_779' title='bbox 3650 4828 3785 4869; x_wconf 86' lang='lat' dir='ltr'>con-</span> 
     </span>
    </p>
   </div>
   <div class='ocr_carea' id='block_1_111' title="bbox 2136 4885 3785 4960">
    <p class='ocr_par' dir='ltr' id='par_1_111' title="bbox 2136 4885 3785 4960">
     <span class='ocr_line' id='line_1_114' title="bbox 2136 4885 3785 4960; baseline -0.003 -16"><span class='ocrx_word' id='word_1_780' title='bbox 2136 4885 2267 4945; x_wconf 66' lang='lat' dir='ltr'>Eilia</span> <span class='ocrx_word' id='word_1_781' title='bbox 2308 4889 2688 4960; x_wconf 69' lang='lat' dir='ltr'>praevertisse,</span> <span class='ocrx_word' id='word_1_782' title='bbox 2739 4885 2919 4960; x_wconf 83' lang='lat' dir='ltr'>utque</span> <span class='ocrx_word' id='word_1_783' title='bbox 2961 4885 3434 4960; x_wconf 83' lang='lat' dir='ltr'>philosophatum</span> <span class='ocrx_word' id='word_1_784' title='bbox 3488 4885 3785 4941; x_wconf 86' lang='lat' dir='ltr'>mitteren-</span> 
     </span>
    </p>
   </div>
   <div class='ocr_carea' id='block_1_112' title="bbox 2132 4958 3785 5030">
    <p class='ocr_par' dir='ltr' id='par_1_112' title="bbox 2132 4958 3785 5030">
     <span class='ocr_line' id='line_1_115' title="bbox 2132 4958 3785 5030; baseline -0.003 -16"><span class='ocrx_word' id='word_1_785' title='bbox 2132 4966 2248 5028; x_wconf 91' lang='lat' dir='ltr'>tur,</span> <span class='ocrx_word' id='word_1_786' title='bbox 2275 4958 2548 5030; x_wconf 83' lang='lat' dir='ltr'>jussisse.</span> <span class='ocrx_word' id='word_1_787' title='bbox 2584 4958 2966 5029; x_wconf 64' lang='lat' dir='ltr'>PhiIOSOphie</span> <span class='ocrx_word' id='word_1_788' title='bbox 3005 4958 3158 5030; x_wconf 85' lang='lat' dir='ltr'>enim</span> <span class='ocrx_word' id='word_1_789' title='bbox 3194 4960 3433 5030; x_wconf 85' lang='lat' dir='ltr'>nomine</span> <span class='ocrx_word' id='word_1_790' title='bbox 3459 4972 3623 5010; x_wconf 88' lang='lat' dir='ltr'>sacra</span> <span class='ocrx_word' id='word_1_791' title='bbox 3654 4971 3785 5010; x_wconf 90' lang='lat' dir='ltr'>mo-</span> 
     </span>
    </p>
   </div>
   <div class='ocr_carea' id='block_1_113' title="bbox 2133 5027 3784 5099">
    <p class='ocr_par' dir='ltr' id='par_1_113' title="bbox 2133 5027 3784 5099">
     <span class='ocr_line' id='line_1_116' title="bbox 2133 5027 3784 5099; baseline -0.004 -14"><span class='ocrx_word' id='word_1_792' title='bbox 2133 5027 2452 5087; x_wconf 42' lang='lat' dir='ltr'>nach—orum</span> <span class='ocrx_word' id='word_1_793' title='bbox 2487 5033 2681 5086; x_wconf 91' lang='lat' dir='ltr'>studia</span> <span class='ocrx_word' id='word_1_794' title='bbox 2730 5027 2945 5099; x_wconf 81' lang='lat' dir='ltr'>passim</span> <span class='ocrx_word' id='word_1_795' title='bbox 2978 5029 3050 5082; x_wconf 90' lang='lat' dir='ltr'>ab</span> <span class='ocrx_word' id='word_1_796' title='bbox 3108 5030 3237 5099; x_wconf 86' lang='lat' dir='ltr'>ejus</span> <span class='ocrx_word' id='word_1_797' title='bbox 3284 5027 3494 5099; x_wconf 56' lang='lat' dir='ltr'>artatis,</span> <span class='ocrx_word' id='word_1_798' title='bbox 3534 5031 3592 5081; x_wconf 89' lang='lat' dir='ltr'>et</span> <span class='ocrx_word' id='word_1_799' title='bbox 3619 5032 3784 5099; x_wconf 39' lang='lat' dir='ltr'>vctu:</span> 
     </span>
    </p>
   </div>
   <div class='ocr_carea' id='block_1_114' title="bbox 2132 5098 3777 5173">
    <p class='ocr_par' dir='ltr' id='par_1_114' title="bbox 2132 5098 3777 5173">
     <span class='ocr_line' id='line_1_117' title="bbox 2132 5098 3777 5173; baseline -0.004 -16"><span class='ocrx_word' id='word_1_800' title='bbox 2132 5104 2405 5158; x_wconf 86' lang='lat' dir='ltr'>stioribus</span> <span class='ocrx_word' id='word_1_801' title='bbox 2463 5098 2859 5173; x_wconf 80' lang='lat' dir='ltr'>scriptoribus</span> <span class='ocrx_word' id='word_1_802' title='bbox 2902 5098 3323 5155; x_wconf 83' lang='lat' dir='ltr'>memorantur.</span> <span class='ocrx_word' id='word_1_803' title='bbox 3383 5098 3448 5151; x_wconf 91' lang='lat' dir='ltr'>V.</span> <span class='ocrx_word' id='word_1_804' title='bbox 3510 5098 3777 5153; x_wconf 90' lang='lat' dir='ltr'>Cotelerii</span> 
     </span>
    </p>
   </div>
   <div class='ocr_carea' id='block_1_115' title="bbox 2129 5172 3612 5251">
    <p class='ocr_par' dir='ltr' id='par_1_115' title="bbox 2129 5172 3612 5251">
     <span class='ocr_line' id='line_1_118' title="bbox 2129 5172 3612 5251; baseline -0.002 -23"><span class='ocrx_word' id='word_1_805' title='bbox 2129 5174 2495 5251; x_wconf 53' lang='lat' dir='ltr'>Mortamgam,</span> <span class='ocrx_word' id='word_1_806' title='bbox 2531 5172 2648 5251; x_wconf 28' lang='grc' dir='ltr'>ω’,</span> <span class='ocrx_word' id='word_1_807' title='bbox 2684 5190 2737 5244; x_wconf 90' lang='lat' dir='ltr'>p.</span> <span class='ocrx_word' id='word_1_808' title='bbox 2771 5172 2889 5251; x_wconf 76' lang='lat'>181,</span> <span class='ocrx_word' id='word_1_809' title='bbox 2920 5173 3072 5251; x_wconf 87' lang='lat'>187._</span> <span class='ocrx_word' id='word_1_810' title='bbox 3141 5247 3149 5251; x_wconf 81' lang='lat'>_</span> <span class='ocrx_word' id='word_1_811' title='bbox 3267 5249 3272 5251; x_wconf 16' lang='grc' dir='ltr'><em>Α</em></span> <span class='ocrx_word' id='word_1_812' title='bbox 3456 5239 3476 5251; x_wconf 35' lang='grc' dir='ltr'><strong><em>Α</em></strong></span> <span class='ocrx_word' id='word_1_813' title='bbox 3576 5240 3612 5251; x_wconf 47' lang='grc' dir='ltr'><strong><em>υ</em></strong></span> 
     </span>
    </p>
   </div>
   <div class='ocr_carea' id='block_1_116' title="bbox 2202 5239 3777 5317">
    <p class='ocr_par' dir='ltr' id='par_1_116' title="bbox 2202 5239 3777 5317">
     <span class='ocr_line' id='line_1_119' title="bbox 2202 5239 3777 5317; baseline -0.003 -18"><span class='ocrx_word' id='word_1_814' title='bbox 2202 5246 2312 5317; x_wconf 91' lang='grc'>(70)</span> <span class='ocrx_word' id='word_1_815' title='bbox 2346 5246 2551 5317; x_wconf 84' lang='lat' dir='ltr'>Misere</span> <span class='ocrx_word' id='word_1_816' title='bbox 2584 5239 2701 5298; x_wconf 56' lang='lat' dir='ltr'>hic&#39;</span> <span class='ocrx_word' id='word_1_817' title='bbox 2725 5247 2919 5317; x_wconf 78' lang='lat' dir='ltr'>omnia</span> <span class='ocrx_word' id='word_1_818' title='bbox 2962 5243 3159 5298; x_wconf 88' lang='lat' dir='ltr'>turbat</span> <span class='ocrx_word' id='word_1_819' title='bbox 3215 5249 3311 5317; x_wconf 37' lang='lat' dir='ltr'>Aet‘</span> <span class='ocrx_word' id='word_1_820' title='bbox 3337 5239 3643 5296; x_wconf 83' lang='lat' dir='ltr'>confundit</span> <span class='ocrx_word' id='word_1_821' title='bbox 3687 5239 3777 5295; x_wconf 86' lang='lat' dir='ltr'>El-</span> 
     </span>
    </p>
   </div>
   <div class='ocr_carea' id='block_1_117' title="bbox 2130 5312 3338 5385">
    <p class='ocr_par' dir='ltr' id='par_1_117' title="bbox 2130 5312 3338 5385">
     <span class='ocr_line' id='line_1_120' title="bbox 2130 5312 3338 5385; baseline -0.003 -14"><span class='ocrx_word' id='word_1_822' title='bbox 2130 5312 2398 5371; x_wconf 76' lang='lat' dir='ltr'>macinus</span> <span class='ocrx_word' id='word_1_823' title='bbox 2430 5316 2485 5369; x_wconf 89' lang='lat' dir='ltr'>in</span> <span class='ocrx_word' id='word_1_824' title='bbox 2522 5316 2718 5372; x_wconf 80' lang='lat' dir='ltr'>Histor.</span> <span class='ocrx_word' id='word_1_825' title='bbox 2752 5314 3016 5371; x_wconf 77' lang='lat' dir='ltr'>Saracen.</span> <span class='ocrx_word' id='word_1_826' title='bbox 3050 5329 3180 5385; x_wconf 81' lang='lat' dir='ltr'>pag.</span> <span class='ocrx_word' id='word_1_827' title='bbox 3211 5312 3338 5367; x_wconf 87' lang='grc'>218.</span> 
     </span>
    </p>
   </div>
   <div class='ocr_carea' id='block_1_118' title="bbox 2199 5384 3270 5457">
    <p class='ocr_par' dir='ltr' id='par_1_118' title="bbox 2199 5384 3270 5457">
     <span class='ocr_line' id='line_1_121' title="bbox 2199 5384 3270 5457; baseline 0 -20"><span class='ocrx_word' id='word_1_828' title='bbox 2199 5388 2313 5454; x_wconf 82' lang='grc'>(71)</span> <span class='ocrx_word' id='word_1_829' title='bbox 2352 5387 2579 5441; x_wconf 86' lang='lat' dir='ltr'>Contin.</span> <span class='ocrx_word' id='word_1_830' title='bbox 2612 5387 2951 5454; x_wconf 88' lang='lat' dir='ltr'>Theophan.</span> <span class='ocrx_word' id='word_1_831' title='bbox 2986 5384 3270 5457; x_wconf 15' lang='lat' dir='ltr'>pag.r’275.</span> 
     </span>
    </p>
   </div>
   <div class='ocr_carea' id='block_1_119' title="bbox 2198 5452 3769 5529">
    <p class='ocr_par' dir='ltr' id='par_1_119' title="bbox 2198 5452 3769 5529">
     <span class='ocr_line' id='line_1_122' title="bbox 2198 5452 3769 5529; baseline -0.001 -21"><span class='ocrx_word' id='word_1_832' title='bbox 2198 5452 2312 5527; x_wconf 84' lang='lat'>(72)</span> <span class='ocrx_word' id='word_1_833' title='bbox 2347 5459 2521 5521; x_wconf 82' lang='lat' dir='ltr'>Idem,</span> <span class='ocrx_word' id='word_1_834' title='bbox 2558 5474 2683 5529; x_wconf 78' lang='lat' dir='ltr'>pag.</span> <span class='ocrx_word' id='word_1_835' title='bbox 2716 5452 2840 5513; x_wconf 83' lang='lat'>282.</span> <span class='ocrx_word' id='word_1_836' title='bbox 2895 5452 3033 5526; x_wconf 72' lang='lat' dir='ltr'>Ejus</span> <span class='ocrx_word' id='word_1_837' title='bbox 3065 5452 3345 5529; x_wconf 73' lang='lat' dir='ltr'>triumphi</span> <span class='ocrx_word' id='word_1_838' title='bbox 3398 5452 3769 5529; x_wconf 83' lang='lat' dir='ltr'>splendorem</span> 
     </span>
    </p>
   </div>
   <div class='ocr_carea' id='block_1_120' title="bbox 2128 5525 3774 5655">
    <p class='ocr_par' dir='ltr' id='par_1_120' title="bbox 2128 5525 3774 5655">
     <span class='ocr_line' id='line_1_123' title="bbox 2128 5525 3774 5655; baseline -0.004 -70"><span class='ocrx_word' id='word_1_839' title='bbox 2128 5525 2535 5655; x_wconf 56' lang='lat' dir='ltr'>imperatgglin</span> <span class='ocrx_word' id='word_1_840' title='bbox 2559 5525 2740 5602; x_wconf 54' lang='lat' dir='ltr'>&#39;opere</span> <span class='ocrx_word' id='word_1_841' title='bbox 2788 5531 2859 5586; x_wconf 83' lang='lat' dir='ltr'>De</span> <span class='ocrx_word' id='word_1_842' title='bbox 2905 5525 3520 5597; x_wconf 60' lang='lat' dir='ltr'>rari&#39;moniz&#39;s&#39;Byzant.</span> <span class='ocrx_word' id='word_1_843' title='bbox 3556 5525 3774 5581; x_wconf 82' lang='lat' dir='ltr'>descri-</span> 
     </span>
     <span class='ocr_line' id='line_1_124' title="bbox 2128 5609 2503 5655; baseline -0.005 0"><span class='ocrx_word' id='word_1_844' title='bbox 2128 5609 2261 5655; x_wconf 81' lang='lat' dir='ltr'>DSlt.</span> <span class='ocrx_word' id='word_1_845' title='bbox 2298 5619 2349 5655; x_wconf 83' lang='lat' dir='ltr'>D.</span> <span class='ocrx_word' id='word_1_846' title='bbox 2491 5642 2503 5653; x_wconf 91' lang='lat'>.</span> 
     </span>
    </p>
   </div>
   <div class='ocr_carea' id='block_1_121' title="bbox 2125 5602 2503 5672">
    <p class='ocr_par' dir='ltr' id='par_1_121' title="bbox 2125 5602 2503 5672">
     <span class='ocr_line' id='line_1_125' title="bbox 2125 5602 2503 5672; baseline 0 -18"><span class='ocrx_word' id='word_1_847' title='bbox 2125 5602 2261 5672; x_wconf 90' lang='lat' dir='ltr'>psit,</span> <span class='ocrx_word' id='word_1_848' title='bbox 2294 5619 2349 5672; x_wconf 86' lang='lat' dir='ltr'>p.</span> <span class='ocrx_word' id='word_1_849' title='bbox 2381 5602 2503 5655; x_wconf 89' lang='grc'>351.</span> 
     </span>
    </p>
   </div>
  </div>
