4074 6220
211 390 282 450 65
820 384 923 443 DE
968 382 1153 445 VlTA
1196 382 1295 442 ET
1342 379 1596 441 REBUS
1638 375 1911 439 GESTIS
1954 374 2478 439 CONSTANTINI
2522 378 3024 444 PORPHYROG.
3544 392 3624 451 66

210 523 487 588 ﬁliorum,
533 520 723 575 fuere.
775 516 905 583 Qui,
938 531 1071 573 cum
1111 519 1293 587 pater,
1327 515 1497 571 annis
1530 512 1861 582 morbisque
1892 512 1947 579 Α
1974 508 2035 564 in
2057 508 2287 566 Graecos
2308 514 2364 567 et
2411 514 2729 571 Germanos
2751 516 3124 587 suscepisset,
3146 518 3216 575 ab
3240 520 3446 577 Ottone
3469 522 3610 594 imp.

213 612 428 685 gravis,
458 608 616 665 hosti
654 612 771 663 tam
804 605 1001 675 feroci,
1032 610 1151 661 tam
1196 605 1430 673 callido,
1462 605 1653 675 impar
1691 605 1868 670 esset,

215 705 353 761 belli
402 702 721 759 discrimen
774 697 1031 769 subiere,
1076 702 1133 754 et
1179 698 1397 755 domito
1441 696 1677 754 Chalebi
1717 710 1865 767 prm-

215 793 391 861 fecto,
416 792 626 847 urbem
657 787 1089 859 triumphantes
1119 789 1418 843 intrarunt
1443 786 1576 858 (73).
1613 784 1868 841 Victoriae

216 884 452 939 fructus
498 881 639 935 urbs
668 879 970 934 Samosata
1018 876 1150 945 fuit,
1181 894 1214 931 a
1244 876 1459 933 Basilio
1491 876 1551 931 in
1584 874 1866 929 ditionem

220 972 487 1028 redacta.
504 969 711 1027 Eodem
733 972 1019 1038 tempore,
1044 982 1102 1022 re
1118 966 1364 1022 feliciter
1390 967 1448 1022 in
1470 964 1663 1019 Africa
1682 969 1864 1034 gesta,

222 1077 294 1117 ex
337 1064 576 1132 Egypto
614 1062 671 1114 et
708 1055 905 1112 Persia
950 1056 1147 1129 legati,
1181 1070 1461 1111 renovare
1505 1054 1761 1121 dextras,
1800 1053 1866 1105 ut

225 1165 373 1205 nova
420 1146 628 1202 fcedera
675 1160 1030 1216 componere
1088 1144 1406 1214 cupientes,
1449 1157 1674 1209 venere,
1707 1138 1863 1212 quod

225 1238 330 1294 sibi
381 1234 780 1307 magniﬁcum,
846 1238 905 1289 ut
962 1237 1104 1299 erat,
1153 1233 1467 1303 imperator
1511 1230 1679 1286 duxit
1728 1228 1861 1299 (74).

220 1326 414 1382 Postea
444 1324 681 1379 turbare
707 1322 943 1379 fortuna
972 1321 1164 1393 cmpit.
1188 1325 1227 1374 E
1260 1321 1431 1377 Creta
1459 1321 1615 1376 enim
1646 1317 1864 1382 insula,

216 1432 415 1487 magna
436 1415 871 1470 Saracenorum
902 1412 1077 1468 turba
1096 1426 1431 1481 erumpens,
1456 1409 1709 1481 navigia,
1732 1424 1864 1479 quae

218 1504 389 1563 Graeci
412 1503 795 1559 validissima
822 1502 882 1556 in
915 1517 1075 1558 mare
1102 1502 1485 1569 deduxerant,
1509 1504 1610 1555 aut
1643 1496 1863 1567 mersit,

220 1599 314 1651 aut
360 1590 653 1650 cremavit
684 1608 698 1646 :
734 1608 913 1647 causa
942 1591 1292 1647 calamitatis
1320 1591 1537 1645 ducum
1569 1585 1863 1659 negligen-

222 1684 295 1740 tia
353 1687 412 1738 et
461 1680 763 1753 imperitia
820 1680 951 1736 fuit.
1007 1678 1124 1737 Nec
1180 1678 1402 1736 amissa
1451 1676 1863 1735 Constantinus

218 1770 507 1843 Gongylas
531 1768 846 1842 reparavit,
869 1769 1011 1840 quin
1033 1768 1230 1841 potius
1252 1768 1309 1823 in
1332 1782 1634 1823 summum
1665 1764 1867 1821 discri-

217 1874 349 1914 men
382 1872 506 1913 rem
531 1854 865 1911 Grecorum
890 1855 1073 1952 traxit
1108 1854 1554 1952 (75)“Postremo
1581 1849 1865 1952 Nicepho-
1896 1890 1942 1952 Β

215 1963 314 2003 rus
342 1946 589 2013 Phocus,
614 1960 825 2000 novam
857 1942 1105 1999 classem
1134 1942 1397 2007 molitus,
1416 1942 1477 1997 in
1507 1945 1732 1997 Cretam
1757 1938 1866 1995 sol-

215 2036 322 2104 vit,
373 2036 523 2091 fusis
580 2033 869 2102 hostibus,
922 2049 1083 2089 arces
1139 2032 1594 2101 munitissimae,
1654 2031 1713 2086 in
1773 2029 1866 2085 his

222 2123 998 2194 Chandacem,tutissimum
1029 2122 1221 2194 gentis
1250 2121 1610 2193 praesidium,
1635 2118 1866 2189 excidit,

223 2213 425 2281 urbes,
461 2212 731 2285 praefectis
760 2211 866 2266 sub
893 2212 1107 2282 jugum
1139 2210 1357 2277 missis,
1381 2208 1619 2281 recepit,
1651 2212 1717 2264 ut
1746 2224 1867 2263 me-

218 2303 510 2358 tuendum
559 2305 727 2367 esset,
776 2316 870 2367 ne,
905 2304 1068 2356 tanto
1098 2315 1375 2357 successu
1408 2314 1605 2355 rerum
1654 2296 1866 2362 elatus,

217 2407 468 2464 regnum
507 2391 800 2447 affectarat
831 2388 946 2460 (76)
979 2407 994 2446 :
1027 2389 1182 2460 quod
1213 2393 1433 2456 tamen,
1478 2390 1563 2442 sic
1610 2384 1867 2442 volenti-

216 2484 325 2537 bus
374 2481 534 2547 fatis,
582 2478 744 2535 brevi
790 2485 1137 2535 consecutus
1179 2482 1287 2534 est.
1331 2478 1483 2545 Haec,
1525 2491 1864 2547 quanquam

213 2569 409 2643 plures
454 2586 557 2641 per
586 2584 774 2625 annos
802 2570 987 2639 gesta,
1017 2566 1146 2637 conj
1158 2566 1318 2638 unxi,
1366 2583 1437 2622 ne
1467 2566 1648 2621 divisa
1696 2563 1865 2619 taedio

209 2664 359 2716 forte
388 2658 664 2714 lectorem
697 2657 1018 2714 afﬁcerent.

284 2750 358 2804 Χ.
387 2751 462 2803 At
506 2746 569 2803 in
618 2746 869 2803 Thracia
911 2745 1131 2817 dispari
1162 2750 1366 2802 eventu
1402 2749 1725 2819 pugnatum
1755 2747 1861 2811 est,

212 2838 446 2903 Turcis,
472 2836 569 2908 qui
592 2841 651 2892 et
674 2832 912 2907 Ungari,
936 2834 1229 2905 proximos
1249 2850 1351 2905 per
1371 2850 1612 2906 campos
1638 2832 1863 2901 ell‘usis,

212 2941 281 2981 eo
325 2924 663 2995 violentius,
696 2925 874 2996 quod,
922 2924 1218 2982 distractis
1254 2929 1382 2978 tum
1422 2922 1627 2995 copiis,
1659 2922 1866 2978 ducem

216 3024 522 3070 strenuum
556 3014 666 3070 sibi
684 3016 912 3072 obviam
934 3014 1182 3081 iturum,
1201 3029 1317 3069 non
1344 3012 1641 3068 rebantur.
1658 3011 1866 3067 Missus

218 3108 281 3161 in
332 3106 438 3159 hos
472 3103 699 3159 Pothus
729 3108 1008 3178 Argyrus,
1042 3102 1343 3176 patricius,
1377 3106 1617 3157 onustos
1650 3101 1864 3172 praeda,

224 3208 412 3265 eoquc
442 3191 814 3264 impeditiore
853 3194 1084 3266 agmine
1127 3196 1353 3258 euntes,
1387 3190 1581 3245 subito
1630 3189 1863 3259 invasit,

216 3251 481 3354 captivos
520 3251 578 3338 et
604 3285 810 3354 praedm
841 3251 1066 3356 partem
1100 3281 1315 3352 recepit
1341 3251 1488 3351 ’(77).
1521 3278 1700 3335 Paulo
1732 3251 1866 3335 ante
1896 3251 1939 3319 Ο

216 3374 337 3428 duo
369 3386 437 3427 ex
469 3370 827 3442 primoribus
852 3372 1065 3446 gentis,
1095 3371 1197 3443 qui
1229 3384 1360 3425 cum
1388 3370 1559 3424 turba
1584 3384 1866 3424 convena-

217 3476 373 3527 rum,
406 3464 507 3515 sut
547 3460 607 3514 in
651 3460 895 3532 Gracia,
936 3467 1038 3517 aut
1068 3461 1129 3517 in
1162 3457 1453 3530 Bulgaria,
1487 3457 1630 3512 forte
1661 3473 1867 3514 conse—

214 3551 447 3615 derant,
484 3565 629 3620 pace
678 3550 740 3605 in
791 3555 1137 3622 perpetuum
1187 3563 1319 3604 cum
1369 3546 1719 3617 imperatore
1767 3546 1866 3601 ﬁr-

215 3645 398 3707 mata,
432 3652 599 3694 sacra
636 3639 984 3707 Christiana,
1017 3642 1199 3710 utque
1226 3634 1454 3691 lustrali
1490 3652 1637 3707 aqua
1666 3636 1867 3707 expia-

214 3734 444 3799 rentur,
476 3728 867 3802 postularunt.
921 3726 1122 3800 Gylas,
1171 3724 1488 3795 Hierothei,
1535 3740 1710 3796 quem
1762 3742 1867 3798 pa-

214 3818 485 3874 triarcha
513 3834 805 3875 sacrorum
834 3833 937 3890 per
966 3816 1239 3871 Turciam
1269 3813 1585 3870 antistitem
1621 3814 1868 3883 dixerat,

221 3908 537 3979 praeceptis
572 3907 893 3975 institutus,
924 3905 987 3961 in
1032 3904 1147 3960 ﬁde
1190 3902 1533 3975 permansit,
1568 3903 1782 3975 pietate
1813 3909 1871 3959 et

219 3994 445 4051 ceteris
464 3995 731 4051 virtutum
754 3992 1113 4052 ornamentis
1140 3992 1392 4063 insignis
1416 4007 1431 4046 :
1466 3991 1609 4048 alter
1637 4007 1769 4047 mox
1798 3992 1869 4047 ad

219 4088 436 4142 avitam
470 4087 941 4158 superstitionem
971 4084 1252 4155 relapsus,
1286 4099 1420 4138 cum
1453 4082 1874 4154 expeditionem

1977 606 2206 672 captus,
2238 619 2469 674 penam
2510 605 2698 675 capite
2739 608 3010 677 persolvit
3038 608 3174 679 (78).
3207 612 3494 669 Caeterum
3526 630 3615 671 ea—

1973 690 2104 745 dem
2129 690 2332 763 religio
2364 693 2585 750 Russos
2615 694 2937 752 incesserat
2961 715 2974 763 ;
3001 699 3215 769 quibus
3237 700 3377 758 olim
3406 721 3440 759 a
3470 705 3623 761 Basi-

1974 778 2052 833 lio
2100 780 2429 850 Macedone,
2460 798 2563 838 avo
2597 782 2677 855 [L.
2728 785 2873 859 XXI]
2914 787 3307 858 Constantini,
3343 792 3458 848 icto
3510 795 3622 849 foe-

1974 869 2111 924 dere
2155 869 2347 926 aditus
2386 872 2459 926 ad
2504 888 2699 929 sacros
2741 873 2952 943 fontes,
3000 879 3214 949 presul
3271 882 3345 936 ab
3398 883 3621 954 lgnatio

1974 957 2326 1029 patriarcha,
2365 960 2538 1016 datus
2585 961 2771 1018 fuerat
2808 964 2945 1034 (79).
2997 965 3158 1039 Elga,
3214 984 3389 1040 quam
3432 972 3618 1029 Graeci

1974 1046 2239 1102 nonnulli
2264 1048 2540 1105 Helenam
2572 1056 2797 1119 vocant,
2824 1053 3072 1125 Ingoris,
3106 1055 3291 1113 hostis
3323 1062 3619 1130 quondam

1970 1132 2364 1205 imperatoris,
2405 1144 2537 1209 post
2590 1140 2763 1196 amici
2814 1147 2871 1197 et
2918 1143 3083 1211 socii,
3140 1146 3337 1214 vidua,
3400 1148 3620 1222 stipata

1973 1223 2333 1297 principibus
2370 1227 2586 1299 gentis,
2618 1229 2976 1301 Byzantium,
3026 1237 3093 1288 ut
3145 1234 3203 1289 in
3258 1240 3617 1296 consortium

1972 1328 2274 1369 sacrorum
2325 1316 2700 1388 reciperetur,
2750 1322 3013 1378 accessit.
3049 1322 3366 1394 Splendide
3405 1344 3439 1382 a
3468 1328 3618 1384 Con-

1971 1403 2225 1458 stantino
2247 1412 2504 1476 excepta,
2527 1412 2584 1462 et
2604 1408 2947 1466 muneribus
2971 1416 3141 1468 aucta
3169 1418 3261 1469 est
3278 1414 3390 1487 (80)
3416 1435 3430 1483 ;
3456 1418 3620 1474 addit

1970 1490 2335 1548 Theodosius
2364 1494 2708 1564 Kioviensis,
2737 1496 3148 1570 imperatorem
3180 1502 3408 1559 feminae
3431 1506 3618 1564 forma

1970 1579 2269 1636 excellenti
2315 1583 2689 1641 matrimonio
2719 1586 2893 1660 jungi
2943 1589 3217 1660 voluisse,
3262 1595 3359 1649 sed
3408 1595 3618 1654 tulisse

1970 1685 2319 1741 responsum
2348 1687 2362 1727 :
2387 1688 2505 1729 non
2535 1690 2706 1745 posse
2735 1692 2797 1732 se
2828 1694 3066 1735 uxorem
3089 1681 3216 1752 ejus
3244 1698 3393 1753 esse,
3419 1686 3519 1756 qui
3551 1703 3615 1743 se

1970 1756 2124 1814 inter
2162 1757 2433 1817 lustralia
2466 1779 2629 1819 sacra
2667 1763 2725 1821 in
2773 1765 2953 1822 ﬁliam
3000 1768 3334 1842 adoptasset
3377 1774 3511 1845 (81).
3551 1780 3611 1831 Is

1970 1861 2174 1903 rumor
2219 1864 2421 1906 eorum
2477 1856 2803 1924 temporum
2843 1854 2973 1925 fuit,
3015 1857 3107 1913 cui
3146 1858 3323 1917 fidem
3380 1862 3614 1930 adimit,

1975 1938 2127 2007 quod
2161 1936 2220 1992 in
2244 1937 2387 1994 vivis
2407 1945 2562 1997 esset
2590 1941 2806 2000 Helena
2834 1949 3118 2015 Augusta,
3152 1952 3210 2004 et
3238 1949 3619 2009 abhorrerent

1974 2042 2008 2082 a
2053 2026 2375 2098 peregrinis
2404 2032 2716 2088 connubiis
2746 2033 3145 2109 imperatores,
3195 2045 3260 2095 ut
3307 2040 3432 2113 ipse
3465 2043 3617 2099 Con-

1972 2116 2292 2184 stantinus,
2323 2116 2475 2174 inter
2492 2125 2685 2176 cetera
2714 2122 2784 2177 de
2824 2126 3112 2181 servanda
3144 2128 3446 2199 majestate
3477 2148 3619 2201 prae-

1974 2209 2160 2277 cepta,
2192 2204 2399 2278 filium,
2432 2224 2504 2264 ne
2533 2208 2635 2265 illa
2666 2227 2925 2282 unquam
2957 2221 3266 2285 expeteret,
3299 2220 3620 2278 admonue-

1974 2292 2048 2348 rit
2082 2294 2217 2363 (82).
2264 2295 2423 2351 Missi
2464 2314 2595 2353 cum
2628 2298 2768 2370 Elga
2806 2302 3158 2375 sacerdotes,
3190 2305 3291 2375 qui
3331 2306 3617 2365 deformia

1974 2381 2282 2439 simulacra
2328 2384 2670 2457 cultumque
2719 2388 2955 2459 penitus
2998 2391 3317 2449 obulerenl.
3372 2400 3462 2451 An
3512 2397 3612 2453 diu

1971 2488 2114 2542 gens
2146 2474 2450 2544 promissis
2482 2476 2729 2546 steterit,
2771 2479 3080 2537 incertum.
3115 2482 3396 2540 Traditur
3436 2486 3618 2553 fama,

1972 2560 2199 2617 venisse
2228 2560 2534 2633 interjecto
2562 2567 2823 2635 tempore
2847 2567 2916 2621 ad
2950 2567 3219 2626 Ottonem
3255 2572 3397 2645 imp.
3440 2591 3473 2629 a
3502 2573 3623 2630 Ru-

1972 2649 2080 2721 gis,
2114 2666 2217 2707 seu
2257 2650 2479 2722 Russis,
2512 2658 2789 2724 oratores,
2822 2656 2920 2726 qui
2959 2657 3236 2716 doctrinm
3278 2662 3618 2721 Christiana

1974 2738 2315 2812 interpretes
2355 2742 2571 2814 populo
2602 2750 2935 2815 expeterent
2966 2764 2979 2803 :
3016 2749 3181 2804 facile
3215 2752 3484 2809 annuisse
3514 2753 3619 2809 Ot-

1972 2832 2194 2901 tonem,
2242 2835 2299 2887 et
2349 2832 2721 2890 Adelbertum
2794 2836 3057 2909 aliosque
3127 2840 3447 2911 ablegasse,
3516 2844 3618 2900 sed

1974 2934 2179 2974 omnes
2201 2936 2234 2975 a
2263 2921 2486 2991 perﬁda
2515 2928 2684 2994 gente
2716 2930 2820 2981 aut
2857 2943 3061 2997 cassos,
3095 2934 3196 2983 aut
3226 2932 3381 2986 omni
3409 2938 3615 2989 contu-

1976 3008 2149 3064 melia
2205 3010 2443 3066 affectos
2492 3028 2641 3081 esse,
2692 3016 2885 3072 solum
2925 3018 3297 3075 Adelbertum
3337 3022 3615 3080 evasisse.

1975 3099 2130 3164 Quae,
2183 3097 2319 3153 licet
2354 3116 2389 3154 a
2434 3098 2754 3173 Reginone,
2802 3116 3038 3162 auctore
3094 3124 3211 3164 non
3261 3109 3617 3183 indiligenti,

1976 3191 2297 3242 memorata
2340 3188 2477 3260 (83),
2528 3190 2719 3247 aliena
2767 3210 2801 3249 a
2846 3210 3002 3263 vero,
3036 3201 3138 3251 aut
3178 3198 3453 3255 confusas
3491 3217 3623 3258 esse

1976 3274 2241 3331 nationes
2290 3275 2525 3333 dissitas
2581 3295 2649 3336 ac
2707 3280 2965 3339 diversas
2996 3284 3264 3341 arbitror.
3311 3286 3424 3343 Cur
3462 3290 3620 3345 enim

1976 3380 2095 3420 non
2125 3381 2159 3420 a
2188 3364 2403 3422 Graecis
2433 3367 2629 3439 potius
2658 3385 2834 3442 quam
2869 3389 2902 3428 a
2932 3372 3179 3443 Latinis,
3222 3374 3396 3433 Russl
3426 3394 3617 3435 sacer-

1974 3453 2139 3509 dotes
2189 3453 2626 3525 postulassent.’
2672 3464 2774 3515 aut
2811 3461 2942 3532 quis
2985 3468 3248 3520 veterum
3306 3470 3613 3524 auctorum

1974 3542 2107 3599 illos
2139 3541 2332 3614 Rugos
2360 3545 2674 3616 appellavit
2701 3548 2728 3603 ?
2757 3549 2873 3607 Hos
2904 3549 3022 3608 locs
3057 3552 3211 3609 inter
3248 3553 3529 3613 Viadrum
3562 3564 3621 3614 et

1974 3631 2263 3687 Vistulam
2297 3632 2525 3702 ﬂuvios,
2551 3638 2620 3692 ad
2653 3638 2852 3695 sinum
2882 3641 3183 3698 Codanum
3217 3650 3501 3715 porrecta,
3530 3664 3621 3704 co-

1975 3721 2155 3777 luisse
2177 3722 2508 3793 accepimus
2537 3743 2551 3781 :
2587 3728 2656 3782 ad
2694 3727 2796 3783 hos
2817 3729 3187 3802 Adalbertus,
3211 3732 3263 3788 is
3293 3735 3393 3804 qui
3422 3740 3625 3807 postea

1977 3809 2470 3880 Magdeburgicus
2509 3814 2721 3883 praesul
2753 3817 2882 3886 fuit,
2916 3822 2980 3873 ut
3012 3820 3486 3889 superstitionem
3519 3824 3625 3878 fce-

1978 3901 2113 3956 dam
2146 3909 2199 3957 et
2246 3895 2521 3957 infamem
2554 3903 2964 3976 exstingueret,
2996 3908 3260 3962 accessit.
3299 3907 3500 3980 Neque
3537 3926 3628 3967 me

1981 3991 2353 4063 scriptorum,
2402 3990 2499 4061 qui
2540 3992 2727 4047 secuti
2780 3995 3096 4065 Regionem
3136 3999 3276 4051 sunt
3332 3996 3469 4069 (84),
3522 4016 3626 4056 nec

1978 4079 2225 4138 Joannis
2274 4078 2618 4147 Mabillonii,
2662 4081 2857 4151 magni
2886 4082 2995 4138 viri
3038 4082 3350 4155 imprimis,
3402 4087 3626 4145 Russos

1809 4180 2042 4238 NOT/E.

290 4284 408 4355 (73)
436 4283 751 4339 Avaritiam
788 4282 988 4338 Barda
1020 4280 1248 4355 Phoce,
1289 4280 1551 4352 supremi
1580 4281 1867 4336 exercitus

220 4353 410 4419 ducis,
481 4357 543 4427 in
610 4356 891 4427 ultimam
960 4353 1278 4427 perniciem
1346 4355 1863 4427 rem__Gr:ecorum

222 4428 489 4501 traxisse,
510 4426 808 4501 Cedrenus
831 4425 930 4501 ait,
951 4422 1008 4498 13.
1036 4426 1141 4481 637
1168 4442 1181 4493 ;
1207 4427 1422 4501 dequo
1444 4422 1621 4501 silent
1637 4424 1863 4501 Contin.

220 4498 614 4570 Theophanis,
678 4494 1045 4569 chothet'es,
1109 4494 1343 4569 ceteri;
1379 4494 1508 4570 qui_
1537 4495 1865 4565 Nicephoro

225 4567 611 4638 triumphalia
642 4567 985 4626 ornamenta
1005 4567 1039 4626 a
1066 4567 1447 4626 Constantino
1479 4567 1711 4621 decreta
1738 4582 1868 4622 esse

222 4641 613 4696 tradiderunt.
665 4640 999 4711 Cedremus,
1068 4640 1258 4711 ipsum
1319 4638 1866 4711 imperatoremde

224 4712 540 4790 Ch‘abdano
584 4719 643 4790 et
672 4710 916 4783 captivis
953 4709 1256 4790 Saracenis
1285 4709 1653 4790 triumphum
1684 4709 1869 4790 egisse

226 4785 419 4851 refert,
460 4784 617 4855 quod
664 4779 891 4849 verum,
923 4789 979 4839 et
1017 4785 1076 4839 in
1109 4798 1281 4855 opere
1311 4786 1389 4840 De
1426 4779 1740 4855 germen;
1768 4779 1867 4835 ubi

227 4871 409 4980 lsupra
438 4852 737 4981 grstgditum
770 4862 854 4910 est
888 4852 1200 4912 memoriae.
1232 4854 1395 4912 Conf.
1425 4852 1687 4924 Theoph.
1718 4855 1867 4908 Con-

248 4943 330 4981 in.
366 4943 424 4981 ο.
569 4969 583 4981 .

221 4928 330 4982 tin.
366 4943 424 4982 ο.
453 4928 583 4982 288.

293 4943 998 5079 glin._The0ph._
1045 5014 1102 5079 ρ.
1338 4997 1522 5079 suam
1563 4992 1755 5079 gallos
1795 4993 1867 5049 ad

220 5066 683 5149 Constantinum
701 5066 922 5149 legatos
950 5074 1008 5125 et
1029 5066 1259 5149 6hsi_des
1290 5066 1722 5149 misissenide‘m
1746 5081 1872 5135 pro-

220 5141 327 5209 dit,
363 5158 421 5213 p.
468 5141 591 5198 183.
624 5142 706 5213 Ab
738 5137 911 5195 Italiae
952 5156 1106 5213 rege,
1140 5140 1510 5213 Berengario,
1545 5137 1869 5213 Luitpran-

221 5156 309 5195 αιι
408 5182 421 5195 .
468 5156 591 5198 18.5.
624 5156 706 5195 an
739 5156 911 5195 itane
952 5156 1013 5196 re
1054 5157 1106 5204 e,
1140 5156 1510 5213 nerengario,
1545 5156 1869 5208 Luitpran-

221 5186 335 5338 dots
363 5158 727 5338 iitiiigencis,
760 5216 975 5337 oi-ator,
1001 5156 1547 5284 gonstantinopolin
1578 5209 1871 5281 profectus

224 5299 283 5338 es
318 5327 333 5338 .
425 5327 439 5338 .
488 5301 503 5337 ι
554 5321 568 5336 .
600 5298 677 5338 vi.
709 5297 760 5338 c.
834 5324 847 5337 .

224 5297 955 5360 QIE_Y.JID.VI,O.1.M_
1017 5353 1050 5360 _
1104 5354 1120 5360 _
1464 5352 1556 5360 AM
1645 5351 1679 5360 Α
1768 5348 1801 5360 ι.

291 5356 411 5424 (75)
444 5357 713 5419 Zonaras,
749 5370 807 5425 p.
855 5353 978 5410 195.
1010 5353 1325 5424 Cedrenus,
1366 5371 1424 5427 p.
1456 5352 1581 5408 640.
1641 5351 1871 5407 Contin.

221 5424 491 5499 Theoph.
526 5443 584 5499 p.
612 5427 740 5499 29⁸7ζ

350 5495 412 5567 6)
444 5495 672 5553 Contin.
704 5495 1045 5567 Theophan.
1074 5497 1133 5553 in
1167 5502 1425 5555 Romano
1453 5495 1711 5561 Juniore,
1738 5508 1871 5567 pag.

331 5612 346 5624 .
384 5574 577 5641 Lupus
600 5569 978 5641 Protospatha
1007 5568 1069 5625 in
1099 5570 1271 5628 Cron.
1306 5587 1400 5627 an.
1442 5569 1523 5625 Ch
1542 5568 1674 5623 961.

309 5642 408 5714 77)
443 5638 675 5699 Simeon
706 5638 1030 5714 Log'otheta
1051 5657 1107 5714 p.
1143 5642 1270 5709 496,
1303 5641 1515 5700 ceteri.

288 5643 388 5783 ἵζ’]
443 5643 675 5699 Simecn
706 5643 1023 5713 Logotheta
1051 5657 1107 5714 p.
1143 5643 1270 5709 496,
1303 5643 1515 5700 ceteri.

353 5643 411 5787 8;
461 5714 670 5771 Zonar.
730 5729 788 5785 p.
841 5711 961 5767 194.
1009 5713 1327 5785 Bologuden
1382 5716 1570 5771 vocat.
1627 5709 1872 5767 Cedren.

1978 4292 2112 4365 ραεο
2146 4277 2404 4365 6392.“?
2445 4294 2551 4365 9."!
2579 4277 2811 4365 ,δοξοορ
2844 4281 3201 4365 Εταρίῖρωω
3248 4298 3386 4365 sese
3423 4282 3619 4365 leaen-

1975 4350 2112 4406 dum
2155 4364 2169 4405 :
2209 4351 2424 4407 Ottone.
2476 4350 2634 4406 Adde
2674 4352 2962 4409 lnchoferi
3002 4354 3201 4411 Ηὶδιον.
3238 4350 3432 4411 Εεέιεδ.
3477 4350 3622 4411 Hun-

1898 4396 1943 4461 Ι)
1973 4396 2386 4493 55:51.35;

2046 4493 2161 4563 (79)
2201 4491 2568 4549 Constantin.
2637 4493 3073 4564 Porphyrogen.
3136 4498 3194 4553 in
3244 4498 3378 4554 Vita
3421 4498 3622 4554 Basilii

1975 4564 2189 4618 Maced.
2229 4564 2353 4618 211.
2385 4564 2588 4640 Zonar.
2614 4581 2747 4637 pag.
2791 4564 2910 4622 173.
2940 4564 3358 4640 Fragmentum
3383 4571 3454 4624 de
3485 4576 3624 4625 Rus-

1976 4649 2173 4690 sorum
2241 4636 2637 4702 conversione,
2681 4636 2715 4691 a
2754 4636 3149 4695 Bandurio'in
3201 4640 3505 4696 Animadv.
3551 4644 3624 4695 ad

1974 4706 2342 4780 constantia.
2382 4706 2456 4761 De
2493 4707 2703 4762 admin.
2743 4710 2879 4780 imp.
2924 4727 2979 4780 p.
3016 4712 3119 4767 112
3149 4712 3392 4767 editum.
3440 4712 3622 4767 Etiam

1976 4776 2254 4833 Michaele
2298 4777 2641 4844 imperante,
2676 4776 2857 4836 sacris
2907 4776 3370 4839 Christianorum
3414 4784 3626 4838 initiati

1977 4848 2449 4925 suntgnonnulli.
2492 4849 2720 4925 Contin.
2772 4850 3074 4925 constant.
3130 4854 3232 4910 lib.
3277 4872 3349 4923 Iv,
3394 4870 3451 4925 p.
3506 4856 3627 4925 120,

1977 4918 2365 4997 quoghotius
2391 4922 2632 4997 respicit
2658 4921 2719 4976 in
2750 4924 2994 4997 epistola
3014 4918 3345 4997 gencyclica,
3376 4918 3429 4995 ὁ.
3468 4926 3553 4979 16.

2071 4991 2163 5063 80)
2194 4991 2366 5068 Quod
2389 4990 2515 5063 ipse
2562 4990 2854 5068 memoriae
2886 4990 3156 5068 prodidit'
3183 4997 3223 5053 l.
3256 4990 3335 5052 ιι.⁷
3363 4990 3435 5053 De
3462 4998 3626 5054 caeri-

1979 5079 2127 5136 moa.
2158 5063 2305 5118 aulae
2334 5063 2568 5136 Bryxant.
2601 5081 2658 5136 p.
2691 5064 2813 5120 343.

2050 5135 2164 5205 (81)
2203 5136 2312 5189 An.
2359 5135 2486 5203 955,
2530 5135 2723 5205 p.796.
2765 5138 2964 5194 Obiter
2999 5138 3289 5195 notandus
3326 5143 3417 5196 est
3458 5140 3624 5195 Orbi-

1984 5222 2097 5283 nus
2155 5205 2632 5283 Regnemus,qu
2687 5207 2746 5262 in
2806 5226 2979 5283 regno
3036 5211 3253 5283 Slavor.
3296 5228 3353 5282 p.
3400 5213 3470 5267 92
3511 5228 3625 5283 sq.,

1979 5277 2208 5353 Elgam,
2245 5277 2427 5353 quam
2473 5280 2532 5333 et
2570 5277 2797 5350 Olgam,
2834 5277 3051 5353 Regino
3092 5277 3397 5350 Helenam,
3439 5277 3629 5351 vocat,

1980 5349 2207 5425 Joanne
2242 5349 2485 5425 Zimisce
2537 5349 2820 5425 regnante
2858 5349 3117 5425 Bizantii
3156 5356 3228 5411 ad
3270 5370 3435 5411 sacra
3464 5349 3630 5410 Chrié

1982 5421 2172 5477 stiana
2203 5420 2519 5477 accessisse
2547 5420 2771 5477 scribit.

2053 5492 2274 5570 (82_)Dc
2328 5492 2647 5549 administr.
2702 5492 2839 5567 imp.
2901 5512 3025 5568 cap.
3092 5498 3178 5566 13,
3240 5514 3295 5570 p.
3354 5496 3446 5561 65,
3489 5494 3628 5551 edit.

1982 5563 2167 5620 Band.

2599 5653 2658 5710 pg.
2689 5637 2780 5707 54,
2813 5637 2951 5710 edit.
2982 5640 3222 5699 Schard.

2054 5634 2170 5778 (se;
2201 5634 2286 5692 Ad
2314 5651 2408 5717 ano.
2439 5635 2567 5707 959,

2054 5707 2145 5776 (8t
2199 5705 2559 5778 Comptlator

2052 5705 2170 5778 (8t)
2199 5705 2559 5778 Ccmpilator
2587 5705 2803 5767 Chron.
2840 5707 3112 5781 Magdeb.
