4074 6220
419 385 494 447 67
1559 389 1616 449 J.
1665 391 1738 449 H.
1785 386 2070 451 LEICHII
2114 390 2686 454 COMMENTATIO
3743 395 3824 451 68

417 524 567 580 tanti
625 521 862 579 secicris
905 521 1287 594 coarguentis,
1330 524 1645 579 auctoritas
1687 531 1879 581 movet
1927 526 2060 597 (85).
2093 529 2148 594 Α
2178 542 2326 594 cere,
2359 543 2425 582 ac
2457 525 2601 581 nihil
2637 529 2828 582 tutum
2864 523 2995 592 rati,
3030 523 3086 578 in
3121 522 3285 579 silvis
3312 525 3369 578 et
3391 522 3679 579 montium
3701 524 3824 580 edi-

422 615 604 671 Silent
636 613 790 670 enim
817 613 994 669 (ἰτωοὶ
1030 629 1255 680 omnes,
1279 627 1370 668 res
1405 614 1589 669 multo
1621 614 1862 671 leviores
1887 622 2069 686 poste-

421 703 581 760 ritati
630 704 858 758 tradere
907 703 1126 757 assueti
1156 722 1171 770 ;
1206 701 1334 757 silet
1365 701 1747 772 Theodosius,
1780 709 1835 760 et
1873 704 2064 760 Suen-

417 794 692 858 toslaum,
742 790 894 862 Eigze
947 791 1155 858 filium,
1189 795 1245 847 et
1285 792 1664 864 Iaropoieum,
1709 797 2001 864 nepotem,
2034 811 2066 849 a

421 881 748 939 Christiano
789 879 947 935 cuitu
1000 880 1399 950 abhorrentes,
1443 879 1520 937 ad
1566 897 1726 938 sacra
1774 883 2063 954 majorum

417 971 739 1037 transiisse,
802 975 1084 1026 memorat
1141 969 1275 1043 (86).
1325 969 1689 1029 Viodimirue
1741 973 1889 1045 ipse,
1950 989 2064 1045 quo

419 1061 646 1118 nullum
683 1061 834 1116 inter
874 1060 1093 1116 Russos
1125 1059 1418 1116 illustrius
1455 1077 1669 1117 nomen
1717 1065 1825 1128 est,
1859 1078 1991 1118 cum
2032 1079 2065 1119 a

420 1153 692 1224 pontiﬁce
713 1151 909 1224 legati,
943 1149 1241 1222 religionis
1268 1167 1460 1218 causa,
1483 1152 1804 1222 venissent,
1829 1153 2062 1209 Graeco-

419 1261 550 1299 rum
601 1241 952 1298 cerimonias
1004 1241 1254 1312 recipere
1302 1241 1528 1312 maluit,
1573 1243 1811 1312 junctus
1861 1248 2060 1312 Annae,

419 1332 666 1389 Romani
727 1329 977 1402 junioris
1046 1331 1198 1392 filias.
1253 1329 1448 1388 Ottonl
1505 1331 1840 1404 imperatori
1897 1338 2063 1390 antea

421 1423 808 1492 desponsata,
843 1418 1150 1476 connubio.

487 1509 588 1563 XI.
619 1510 772 1563 Inter
795 1507 914 1564 haec
945 1505 1476 1580 Langobardorum,
1510 1508 1610 1582 qui
1641 1509 1748 1566 soli
1781 1509 2061 1568 hactenus

417 1599 475 1653 in
525 1597 833 1653 Occidente
882 1596 1060 1653 fidem
1110 1605 1164 1654 et
1211 1595 1555 1669 obsequium
1586 1607 1903 1669 servarent,
1954 1599 2058 1656 tri-

417 1688 558 1742 buta
589 1685 928 1758 imperatori
977 1688 1293 1758 quotannis
1324 1685 1616 1743 solverant
1645 1689 1780 1761 (87),
1814 1687 2058 1746 defectio

416 1777 821 1832 nuntiabatur.
863 1775 1092 1832 Dudum
1125 1780 1460 1832 exarserant
1481 1777 1776 1834 intestinis
1808 1778 1977 1849 odiis,
2002 1783 2059 1836 et

413 1867 600 1922 divisa
621 1867 768 1923 inter
790 1867 987 1938 plures
1019 1869 1298 1938 potentia,
1321 1883 1413 1924 res
1446 1868 1503 1924 in
1536 1885 1834 1924 summum
1859 1869 2058 1926 discri-
2091 1906 2137 1971 Β

414 1971 548 2011 men
580 1956 898 2011 ambitione
929 1955 1260 2028 principum
1294 1961 1417 2012 erat
1439 1957 1742 2030 perducta.
1769 1957 2060 2030 Praecipue

412 2046 706 2112 Saraceni,
732 2047 802 2100 ab
826 2062 890 2102 eo
921 2050 1201 2116 tempore,
1229 2063 1346 2118 quo
1378 2047 1637 2118 primum
1671 2048 1790 2104 suis
1821 2049 2059 2106 sedibus

412 2135 606 2204 exciti,
658 2135 844 2191 classe
889 2137 945 2190 in
989 2134 1220 2191 Italiam
1270 2144 1565 2205 venerant,
1599 2139 1819 2195 crebris
1860 2138 2055 2195 incur-

411 2223 673 2280 sionibus
705 2223 1062 2280 maritimam
1096 2241 1256 2280 oram
1289 2225 1597 2281 vexabant.
1633 2227 1850 2283 Horum
1885 2233 1946 2284 ut
1976 2229 2055 2284 fe-

413 2315 628 2370 rociam
680 2319 1071 2387 compesceret
1110 2315 1433 2386 (habebant
1463 2317 1620 2373 enim
1662 2318 1722 2374 in
1763 2318 2056 2376 Gariliano

411 2410 605 2461 monte
646 2422 826 2471 arces,
862 2423 1006 2476 quas
1040 2423 1249 2476 magna
1288 2407 1374 2461 vis
1405 2412 1632 2463 armata
1676 2413 1731 2463 et
1761 2408 2057 2465 incondita

408 2494 720 2563 tuebatur),
773 2493 1159 2564 Atenulphus,
1211 2495 1417 2565 Capuae
1459 2499 1514 2550 et
1554 2497 1860 2552 Beneventi
1895 2498 2053 2568 prin-

409 2598 566 2653 ceps,
592 2581 1003 2652 Landulphum
1037 2581 1240 2648 filium,
1267 2587 1330 2638 ut
1359 2582 1548 2640 valida
1569 2602 1602 2639 a
1626 2583 1808 2641 Leone
1843 2585 2050 2658 imper.

409 2669 627 2725 auxilia
664 2674 903 2742 peteret,
938 2671 1274 2739 Byzantium
1317 2673 1480 2729 misit
1512 2673 1648 2746 (88).
1689 2675 1765 2730 De
1797 2675 2051 2732 exercitu

407 2760 468 2814 in
522 2759 754 2814 Italiam
799 2761 1062 2815 ducendo
1115 2758 1278 2817 facile
1321 2761 1634 2835 imperator
1675 2764 1948 2830 assensit,
1997 2769 2052 2820 et

410 2847 844 2919 Landulphum,
893 2846 1236 2920 Gregorium
1277 2850 1743 2925 Neapolitanum,
1784 2862 1837 2910 et
1874 2853 2050 2911 Joan-

402 2952 561 3005 nem,
627 2935 838 2992 Caietaa
888 2935 1116 3004 ducem,
1170 2935 1411 3008 patricia
1460 2937 1744 3012 dignitate
1800 2941 2045 2998 ornavit.

398 3025 507 3080 Sed
543 3025 683 3079 dum
717 3025 775 3080 in
807 3041 866 3080 re
898 3025 1127 3097 trepida
1157 3027 1399 3098 segnius
1450 3029 1642 3100 copias
1683 3029 2047 3102 classemque

395 3112 660 3183 instruit,
705 3112 972 3170 Atauifus
1003 3115 1268 3185 moritur,
1304 3115 1667 3190 principatus
1699 3118 2044 3192 Landulpho

395 3212 448 3258 et
503 3201 855 3276 Atenuipho,
907 3202 1061 3272 filiis,
1116 3203 1395 3263 defertur.
1456 3205 1586 3262 Mox
1624 3209 1697 3263 ad
1751 3208 2041 3265 ferendam

2178 617 2275 680 tis,
2325 616 2660 687 praesidium
2711 613 3127 686 quasiverunt.
3171 612 3280 667 Res
3309 627 3512 667 eorum
3545 612 3718 683 plane
3747 619 3831 668 at-

2180 705 2344 760 tritas
2376 721 2560 760 novus
2590 720 2659 760 ex
2680 704 2873 760 Africa
2904 702 3190 758 exercitus
3220 700 3498 768 restituit,
3530 701 3631 772 qui
3664 708 3825 772 post-

2176 810 2352 864 quam
2387 799 2577 850 Romae
2617 794 2715 848 diu
2753 792 3151 856 imminuerat,
3195 806 3389 846 arcem
3431 789 3490 845 in
3534 794 3823 863 Gargano,

2174 883 2392 954 Apuliae
2444 889 2660 950 monte,
2714 884 2943 939 munire
2991 881 3188 953 erepit,
3241 882 3398 936 unde
3445 881 3634 937 vicino
3686 898 3824 954 agro

2174 977 2417 1042 vastato,
2462 975 2875 1041 Beneventum,
2921 971 3228 1027 obsidione
3273 970 3450 1042 longa
3498 971 3819 1041 fatigatam,

2177 1064 2445 1121 incendio
2479 1064 2708 1121 delevit.
2744 1065 2965 1119 Interea
2997 1061 3199 1134 Apulia
3229 1061 3422 1117 omnis
3451 1065 3509 1116 et
3539 1060 3820 1128 Calabria,

2174 1154 2230 1208 in
2289 1153 2631 1210 seditionem
2677 1168 2859 1220 versa,
2899 1152 3222 1207 Graecorum
3252 1151 3460 1220 jugum
3510 1151 3819 1221 dejecerat,

2175 1243 2327 1314 quod
2351 1243 2690 1314 proferendo
2721 1240 3044 1296 dominatui
3077 1244 3469 1311 Opportunum
3505 1241 3816 1296 ratueLan-

2172 1333 2448 1404 dulphus,
2481 1333 2542 1389 in
2563 1333 2788 1389 Graecos
2817 1331 2979 1386 duxit
3008 1346 3022 1386 :
3056 1331 3156 1386 sed
3188 1329 3420 1399 auxilia,
3453 1345 3487 1384 a
3513 1329 3817 1386 Saracenis

2171 1423 2470 1492 accersita,
2530 1420 2770 1478 rebelles
2831 1421 2900 1475 ad
2959 1419 3309 1490 obsequium
3370 1418 3555 1474 redire
3621 1433 3820 1491 coege-

2173 1519 2311 1570 runt
2341 1512 2476 1584 (90).
2502 1514 2670 1567 Anna
2701 1510 2958 1583 proximo
2988 1508 3050 1564 in
3079 1508 3235 1581 agris
3266 1507 3573 1564 Aculanis
3605 1525 3820 1564 memo-

2171 1601 2351 1660 rabile
2406 1601 2671 1674 praelium
2732 1601 2883 1656 inter
2932 1597 3345 1669 Landulphum
3405 1601 3461 1652 et
3507 1596 3815 1665 Ursileum,

2169 1693 2352 1750 Graeci
2409 1691 2693 1747 exercitus
2746 1689 2978 1756 ducem,
3039 1687 3423 1743 commissum
3481 1691 3589 1757 est,
3640 1686 3814 1742 dubio

2170 1782 2423 1856 primum
2457 1787 2685 1850 eventu,
2731 1783 2864 1851 post
2905 1777 3039 1833 victi
3074 1776 3278 1842 Grcci,
3313 1776 3524 1848 Apulia
3561 1779 3618 1830 et
3655 1776 3814 1832 Cala-

2169 1873 2293 1928 bria
2325 1880 2549 1942 recepta
2578 1873 2687 1937 est,
2737 1884 2914 1940 quam
2945 1867 3060 1922 icto
3090 1881 3224 1922 cum
3259 1864 3542 1920 Gaimario
3574 1865 3810 1930 findere,

2169 1960 2546 2032 Landulphus
2573 1961 2795 2030 septem
2818 1956 2987 2012 annis
3007 1957 3192 2011 tenuit
3212 1955 3347 2027 (91).
3373 1953 3513 2009 Inde
3533 1953 3813 2009 continua

2169 2065 2302 2106 cum
2364 2050 2572 2106 Graecis
2621 2046 2960 2115 certamina,
3013 2061 3157 2116 quos
3202 2060 3431 2101 omnem
3482 2044 3809 2115 Campania:

2169 2144 2417 2212 partem,
2448 2153 2570 2210 quae
2609 2135 2894 2191 Vulturno
2938 2135 3181 2205 adjacet,
3223 2134 3333 2189 sub
3383 2133 3696 2204 imperium
3732 2150 3787 2189 re

2167 2229 2415 2300 degisse,
2449 2225 2736 2282 Baronius
2783 2224 3012 2297 prodit:
3046 2228 3106 2279 at
3134 2239 3200 2278 ea
3229 2221 3642 2278 Beneventanis
3692 2239 3811 2293 per-

2165 2323 2335 2389 petuo
2385 2317 2647 2386 subjecta
2688 2314 2816 2383 fuit,
2851 2328 2957 2369 nec
3005 2317 3128 2368 tum
3161 2311 3342 2366 armis
3391 2315 3618 2367 tentata
3646 2311 3806 2368 vide-

2166 2414 2260 2462 tur
2310 2407 2442 2478 (92).
2494 2403 2935 2468 Constantinus,
2985 2417 3119 2456 cum
3192 2399 3554 2472 Neapolitani
3608 2417 3810 2456 rursus

2165 2496 2339 2551 ﬁdem
2389 2495 2704 2560 exuissent,
2757 2495 2837 2564 [ι.
2891 2491 3069 2561 XXII]
3118 2490 3442 2546 Marianum
3482 2490 3807 2560 patricium,

2167 2593 2248 2654 ut,
2281 2584 2570 2640 conducto
2600 2599 2699 2655 per
2729 2583 3042 2638 Thraciam
3075 2584 3132 2636 et
3172 2579 3570 2635 Macedoniam
3603 2581 3807 2648 milite,

2164 2674 2468 2746 perfidiam
2511 2672 2910 2736 ulcisceretur,
2937 2669 3118 2740 jussit
3150 2684 3163 2722 :
3197 2668 3246 2724 is
3276 2673 3452 2740 caput
3483 2670 3674 2739 gentis
3706 2686 3804 2742 ag-

2161 2779 2421 2834 gressus,
2472 2760 2643 2827 cives,
2690 2765 2757 2816 ut
2797 2775 2998 2832 pacem
3029 2759 3102 2815 ab
3141 2759 3487 2830 imperatore
3526 2763 3804 2831 peterent,

2161 2853 2364 2924 coegit.
2422 2850 2633 2906 Horum
2702 2848 3032 2920 exemplum
3104 2847 3488 2919 Langobardi,
3554 2846 3804 2916 Calabri,

2160 2939 2351 3013 Apuli,
2406 2939 2700 3005 Saraceni,
2752 2938 2852 3009 qui
2899 2942 3024 2992 tum
3071 2935 3404 2992 inferiorem
3434 2935 3612 2991 Italiae
3641 2953 3802 2993 orum

2156 3029 2458 3098 tenebant,
2491 3028 2673 3086 secuti
2695 3028 2962 3083 feruntur
2992 3026 3125 3098 (93).
3157 3025 3242 3080 Ab
3267 3041 3333 3080 eo
3364 3028 3622 3097 tempore
3651 3027 3802 3082 Con-

2156 3119 2453 3175 stantinus
2493 3125 2547 3174 et
2569 3116 2951 3187 Nicephorus,
2984 3115 3091 3170 has
3123 3114 3360 3171 maximi
3391 3114 3621 3186 imperii
3669 3116 3801 3171 reli-

2158 3209 2325 3281 quias
2367 3207 2538 3277 tueri,
2573 3207 2790 3261 frustra
2822 3205 3010 3260 annisi
3043 3211 3201 3273 sunt,
3234 3205 3452 3276 quippe
3487 3220 3632 3275 quas
3661 3204 3800 3261 Nor-

395 3307 563 3362 opem
600 3291 779 3348 Graeci
822 3291 1123 3359 advenere,
1157 3309 1290 3350 cum
1321 3293 1537 3366 quibus
1565 3297 1817 3352 Joannes
1850 3297 2041 3369 ponti-
2072 3280 2114 3348 C
2155 3280 2388 3355 mannis
2417 3296 2606 3352 virtus
2629 3311 2737 3351 sua
2768 3300 2824 3350 et
2855 3295 3087 3351 fortuna
3119 3293 3253 3349 belli
3277 3299 3616 3349 reservarat.

393 3381 504 3448 fex,
556 3380 907 3450 Gaimarius,
959 3380 1359 3439 Saiernitanus
1404 3385 1695 3456 princeps,
1755 3381 1925 3456 Apuli
1985 3392 2041 3443 et

392 3468 639 3531 Calabri,
665 3485 836 3523 suum
870 3468 1136 3537 militem,
1161 3471 1232 3526 ad
1256 3472 1646 3529 exscindenda
1671 3474 2039 3532 castellorum

394 3558 597 3626 ardua,
643 3557 970 3613 eduxerunt
1001 3559 1130 3630 (89).
1166 3561 1457 3630 Saraceni,
1508 3577 1638 3618 cum
1677 3564 1847 3635 fame,
1882 3581 2039 3621 com-

387 3655 574 3702 meatu
618 3647 956 3717 intercepto,
1001 3657 1416 3720 premerentur,
1450 3651 1645 3724 ignem
1681 3653 1795 3709 arci
1837 3653 2036 3725 subje-

2213 3388 2337 3444 ΧΙΙ.
2380 3387 2481 3442 Bis
2527 3385 2697 3442 editis
2748 3385 3045 3456 operibus,
3080 3384 3409 3454 imperatori
3441 3397 3726 3440 venenum
3768 3403 3801 3441 a

2149 3481 2412 3532 Romano
2452 3474 2569 3530 filio
2615 3479 2849 3546 paratur
2880 3473 3014 3546 (94),
3049 3472 3219 3542 cujus
3261 3475 3422 3528 atrox
3470 3471 3796 3544 ingenium,

2151 3581 2326 3637 super
2355 3562 2688 3635 cupidinem
2723 3561 3012 3634 potentiaa,
3048 3559 3264 3615 Helena
3294 3563 3480 3614 mater
3511 3560 3794 3616 incende-

2147 3655 2285 3723 bat;
2338 3652 2517 3709 evasit
2561 3660 2777 3721 tamen,
2828 3652 2973 3707 forte
3028 3648 3184 3720 quod
3237 3663 3457 3704 veneno
3504 3653 3795 3722 tempera-

1963 3752 2193 3811 NOT/E.

383 3843 569 3969 95(’85)
595 3843 660 3900 V.
696 3848 836 3900 Acta
864 3845 961 3900 SS.
988 3845 1080 3902 die
1108 3845 1179 3901 20
1208 3847 1370 3917 Jun.,
1395 3865 1452 3920 p.
1488 3851 1577 3919 32,
1601 3855 1658 3907 et
1686 3853 1902 3923 Pagius
1934 3869 2028 3910 an.

454 3957 570 4057 (se)
594 3987 676 4041 Ad
712 4004 806 4044 an.
837 3987 945 4043 955
967 3992 1023 4044 et
1051 3989 1174 4043 987.

459 4060 568 4129 (87)
610 4060 906 4115 Constant.
943 4061 1012 4115 De
1050 4062 1264 4116 admin.
1295 4065 1488 4134 imper.
1533 4081 1583 4119 c.
1624 4067 1714 4132 :7,
1748 4082 1802 4137 p.
1835 4065 1906 4118 82
1935 4066 2027 4120 ed.

379 4128 690 4184 Bandur.:
757 4129 904 4184 Μετά
959 4131 1020 4184 τὸ
1079 4131 1317 4184 ἀνελθεῖν
1373 4134 1435 4184 τὸ
1496 4133 1768 4184 Βασίλειον
1801 4136 1852 4184 ἐν
1883 4138 2027 4184 Κων-

384 4147 690 4184 Danaum:
757 4147 904 4186 Μετα
959 4152 1020 4184 το
1079 4147 1317 4195 ανεΛθειν
1373 4147 1435 4188 το
1495 4147 1768 4207 βασίλειον
1801 4147 1852 4188 év
1883 4147 2031 4190 Κων-

384 4199 1276 4290 εεςαντνίῖουῑτὸλειςδιεμερίσθησαν
1324 4210 1490 4290 rapta
1532 4207 1702 4290 πάντᾳ
1747 4206 1822 4268 εἷς
1857 4206 2031 4279 ἀρχὰς

382 4272 500 4336 δύο,
534 4272 694 4349 ἒξηοῦ
750 4274 838 4349 irai
894 4272 1039 4349 πειρᾶ
1093 4278 1190 4327 τοῦ
1257 4274 1640 4349 βασιλεῦογτος
1671 4275 1722 4329 ἐν
1757 4272 2032 4330 Κωνάέᾶν-

379 4341 695 4418 τίνουττὸλξι
739 4341 1166 4418 ἀπεᾳτὲλΧοντοᾼ
1197 4341 1473 4418 mimum
1526 4345 1643 4412 δύο,
1703 4347 1792 4401 καὶ
1851 4348 1879 4401 ὁ
1931 4350 2025 4418 μὲν

383 4370 695 4396 τινυυπυΛει
739 4370 1139 4398 απεσῑεΛκοντο
1197 4370 1473 4418 πατρικιοι
1526 4370 1643 4412 ουο,
1703 4370 1792 4401 και
1851 4370 1879 4401 ο
1975 4370 2025 4402 εν

383 4415 472 4501 εἷς,
514 4413 799 4501 πατρέκιοες
852 4412 1078 4501 ἐκρεξτεικ
1113 4416 1210 4483 τὴν
1258 4417 1522 4501 Σιικελίαινλ
1558 4419 1648 4473 καὶ
1693 4421 1794 4488 τήν
1855 4370 2030 4501 βαΐα-

757 4129 904 4207 Mergi
959 4131 1020 4184 τὸ
1060 4131 1317 4207 ’ἀγελθεῐν
1373 4129 1435 4188 ίῑὸ
1495 4129 2031 4207 βασίλειόὖνένγΚων-

2145 3850 2472 3909 Calabriam
2528 3849 2894 3920 Apuliamque
2922 3844 3148 3920 direxit,
3182 3843 3574 3920 binasquahas
3603 3847 3785 3918 regio-

2140 3941 2231 3979 nes
2256 3916 2630 3995 imperatori:_
2642 3916 2952 3995 dominatui
2980 3919 3353 3995 potentissime
3379 3916 3651 3995 subdidit.

2211 3996 2318 4065 (91)
2338 3989 2558 4065 ἰυρυδ
2604 3989 2987 4061 Protospatha
3013 4007 3109 4047 an.
3140 3991 3238 4044 921
3277 4004 3296 4065 :_
3325 3990 3550 4065 Interii!
3584 3989 3792 4045 Ursileo

2138 4061 2368 4136 σενσυμ
2395 4061 2680 4136 ἰήρνωιὶο
2710 4065 2775 4118 de
2804 4066 3014 4136 Asculo,
3046 4061 3568 4136 mensejpriliget
3591 4078 3791 4136 appre-

2138 4130 2326 4193 hendit
2383 4130 2774 4206 Paridulphum
2815 4135 3020 4204 Apuleo
3051 4133 3197 4204 (leg.
3237 4130 3600 4206 Landulphu;
3625 4130 3792 4203 Ἀρα-

2141 4210 2316 4279 liam).
2336 4203 3004 4279 Meminit—expeditionis
3027 4203 3272 4279 Romani
3292 4204 3351 4258 in
3376 4203 3790 4279 Langobardos

2139 4274 2502 4334 Constantia.
2540 4280 2600 4335 L.
2635 4274 2712 4334 ne
2739 4282 3023 4333 carimon.
3055 4276 3199 4331 aulae
3231 4277 3362 4346 Byz.
3397 4292 3452 4346 p.
3483 4274 3610 4328 381.

2212 4353 2324 4422 (92)
2382 4352 2546 4407 Conf.
2611 4350 2961 4422 Peregrinus,
3017 4345 3289 4422 Castigat.
3347 4345 3417 4422 ad
3473 4345 3788 4422 caraccioii

2138 4416 2554 4493 Ch'ronologos,
2583 4439 2637 4492 p.
2669 4423 2736 4476 47
2755 4416 2904 4477 ἓάίι.
2937 4421 3132 4493 Carus),
3167 4416 3264 4475 ubi
3295 4419 3449 4493 varia
3470 4416 3685 4493 edicta,
3727 4417 3786 4472 in

383 4480 557 4566 ϐρίαεί,
587 4480 675 4538 κὰὶ
720 4485 820 4566 τῂν
849 4480 1176 4566 Alfeni-1:019,
1219 4488 1307 4541 καὶ
1359 4487 1669 4566 ’ῥμξιλφήη
1700 4490 1726 4543 ὁ
1752 4480 1816 4546 ’δὲ
1845 4488 2027 4557 ἕτερος

2161 4495 2352 4565 [uibus
2385 4480 2520 4549 anni
2541 4480 3065 4566 'iinperiirlﬁiomani
3098 4480 3469 4566 Lecapeniet
3497 4480 3790 4566 Constan-

378 4555 663 4636 «amiare;
749 4556 1030 4636 ἐκαθέζεῖο
1091 4557 1172 4636 sic
1245 4555 2026 4636 sts6sv864,_'xaiExpé’rst

374 4627 741 4704 τὴγῌαιτςείαν,
795 4629 896 4704 καὶ.
935 4629 1034 4697 τὴν
1093 4631 1336 4704 Κάπυαγ,
1381 4632 1485 4704 καὶ,
1517 4633 1584 4686 τὰ
1628 4632 1796 4687 λοιπᾶ
1834 4627 2028 4704 πᾶντα,

376 4699 481 4780 ξζαὶ
518 4697 732 4780 italae:
779 4700 1000 4780 κατὲτρς
1029 4704 1127 4780 -τῷ
1171 4701 1388 4780 (iactis?
1435 4703 1502 4758 τὰ
1550 4707 1907 4780 νενομιςμὲνα
1948 4697 2030 4780 τῷ

379 4768 656 4850 δημοσίῳ.
695 4768 1536 4850 Occupata_Langobardorum
1571 4768 1751 4834 armis
1773 4768 2028 4850 'utraque

377 4846 954 4919 provinciat‘eadem
1006 4845 1182 4919 facies
1244 4850 1499 4919 imperii,
1553 4851 1773 4906 tributa
1829 4845 2027 4907 eadem

375 4932 667 4972 mansere.
701 4915 846 4971 liinc
878 4915 1239 4987 Nicephorus
1270 4915 1411 4991 imp.
1437 4919 1739 4992 Capuanos
1769 4927 1826 4977 et
1856 4925 2026 4979 Beue-

375 4993 656 5063 ventanoe
710 5002 1082 5063 servossuos,
1135 5005 1307 5060 agros
1354 5007 1554 5048 eorum
1601 5009 1708 5048 sua
1766 4994 2025 5063 themata,

377 5077 503 5136 qua
547 5059 657 5115 sibi
675 5060 853 5136 nullo
892 5061 1028 5130 jure
1069 5059 1442 5136 arrogassent
1473 5064 1608 5135 ipsi,
1641 5064 1913 5136 appellat.
1957 5059 2023 5122 νζ

373 5130 716 5214 Luﬁrrsed-
768 5132 1033 5214 taret-.R-
1064 5132 1188 5200 144»
1209 5130 1348 5214 14.7.-

445 5203 557 5280 (_88)
590 5200 919 5280 Idemllist.
952 5200 1056 5280 lib.
1089 5219 1152 5270 ιι,
1187 5219 1237 5280 c.
1274 5205 1660 5280 12._Theoph.
1695 5206 1925 5263 Contin.
1964 5223 2022 5280 p.

370 5273 498 5339 219,
541 5273 983 5345 expeditionem
1037 5273 1239 5332 Leonis
1270 5277 1329 5331 in
1373 5273 1778 5345 Lange—bardos
1811 5273 2026 5334 memo-

375 5351 828 5422 rat,_eorumque
858 5349 1067 5422 ducem
1092 5346 1364 5422 Egionem
1395 5351 1467 5421 (f.
1487 5346 1815 5422 Hugonem)
1838 5356 2022 5406 vocat.

445 5419 557 5489 (89)
612 5418 812 5489 Lupus
858 5418 1232 5489 Protospfin
1280 5418 1566 5477 Chronico
1585 5418 1685 5476 'ad
1721 5418 1823 5476 an'.
1867 5423 2020 5476 916:

371 5489 647 5545 Exierunt
702 5493 940 5562 Αθανεηί
977 5491 1059 5562 ἄεν
1095 5491 1377 5547 Gariliano
1433 5497 1484 5547 et
1524 5521 1590 5533 —-
1629 5493 1926 5562 explentur
1955 5494 2026 5547 ιο

369 5564 532 5628 anni,
565 5578 634 5616 ex
685 5561 788 5632 quo
817 5561 1063 5630 Agar-eui
1093 5563 1429 5618 introierunt
1478 5563 1536 5618 in
1565 5561 1807 5619 Italiam.
1857 5563 2022 5620 Conf.

367 5632 685 5700 Giannone,
709 5634 892 5688 Storia
914 5634 1007 5688 del
1027 5647 1199 5702 regno
1230 5635 1289 5688 di
1307 5634 1388 5688 Na
1401 5634 1544 5705 polis
1565 5639 1607 5691 t.
1638 5635 1681 5701 ι,
1705 5634 1742 5688 i.
1779 5647 1872 5688 vn.
1898 5651 1948 5690 c.
1969 5636 2019 5689 4.

437 5706 550 5775 (90)
583 5705 1028 5776 Luitprandus:
1080 5705 1192 5759 Rea:
1247 5706 1569 5776 Africanas,
1621 5707 1890 5776 legatione
1917 5709 2022 5762 im-

363 5780 634 5846 peratoris
683 5775 909 5843 accitus,
971 5775 1416 5831 innumerabiles
1464 5775 1684 5832 ratibus
1723 5777 1907 5849 copias
1960 5779 2020 5834 in

2140 4560 2266 4631 tini,
2298 4583 2413 4621 una
2429 4581 2561 4620 cum
2598 4560 2859 4618 Landuifi
2883 4564 3054 4618 annis
3076 4560 3510 4631 computantur,
3533 4577 3601 4617 ex
3625 4560 3792 4631 tabu-

2139 4629 2303 4693 lariis
2327 4637 2599 4692 Ecclesiae
2616 4637 2926 4712 Campana:
2969 4629 3507 4712 profertpi’reterea
3530 4629 3792 4712 inAdiplo:

2141 4715 2295 4765 mate
2342 4708 2707 4764 Constantini
2765 4699 2820 4762 et
2878 4699 3146 4771 Romani,
3185 4703 3383 4759 indici.
3433 4719 3527 4768 xv,
3576 4699 3790 4758 Christi

2139 4781 2265 4846 942,
2327 4781 2504 4846 edito,
2566 4780 2687 4850 agri
2749 4778 3038 4850 Capuanre
3096 4775 3368 4850 Ecclesia:
3424 4771 3789 4850 subjectiab

2139 4845 2288 4906 omni
2317 4852 2542 4915 ditione,
2575 4845 3068 4919 a'ngaria'publica
3093 4857 3144 4903 ει
3172 4849 3414 4913 tribulis,
3446 4845 3786 4919 quaepatri-

2139 4924 2246 4978 ciis
2279 4928 2334 4978 et
2364 4922 2636 4992 strategis
2661 4916 2995 4992 Graecorum
3028 4920 3307 4992 solvenda
3323 4923 3509 4992 erant,
3534 4916 3788 4992 liberan-

2138 5000 2252 5049 tur.
2306 4996 2464 5048 ldem
2499 4987 2854 5063 cfplurimis
2885 4990 3115 5063 litteris,
3144 4992 3202 5063 in
3225 4989 3519 5063 Chronico
3552 4987 3791 5044 Vultur-

2139 5065 2327 5134 nensi,
2362 5083 2416 5138 p.
2461 5059 2606 5128 417,—
2640 5064 2766 5129 418,
2806 5063 2931 5130 425,
2977 5061 3101 5131 431,
3143 5062 3268 5128 449,
3309 5059 3573 5128 adducis,
3603 5075 3790 5131 appa-

2134 5141 2240 5192 ret.

2204 5208 2318 5277 (93)
2377 5208 2574 5278 Lupus
2633 5205 3016 5278 Protospatha
3066 5205 3137 5260 ad
3170 5221 3264 5261 an.
3315 5204 3423 5258 955
3436 5218 3478 5278 ἐ
3486 5201 3793 5278 ,Πιεσςηάίι

2133 5273 2413 5333 Mar-ianus
2467 5273 2738 5350 patricius
2786 5273 2856 5333 ἐπ’
2889 5278 3169 5348 Apuliam.
3222 5279 3386 5330 Cont.
3436 5273 3695 5343 Theoph.
3730 5290 3788 5344 p.

2205 5421 2317 5492 (94)
2350 5421 2601 5476 Zonaras
2632 5438 2689 5491 p.
2725 5421 2846 5488 195,
2882 5421 3186 5492 Cedrenus
3210 5434 3264 5486 p.
3305 5417 3434 5492 641.
3468 5414 3685 5492 Glycae
3726 5431 3787 5485 p.

2133 5485 2258 5570 393,
2291 5485 2444 5570 quod
2468 5485 2701 5549 Simeon
2726 5485 3048 5570 ngotheta
3075 5497 3135 5570 e_t
3153 5485 3436 5570 Georgius
3460 5485 3788 5570 monachus

2133 5563 2365 5620 silentio
2392 5563 3148 5634 prmtereunt,Theophanis
3173 5563 3666 5634 continuatorem,
3689 5563 3790 5634 cui

2133 5635 2274 5703 haec,
2298 5632 2523 5694 etiamsi
2553 5653 2690 5694 vera
2719 5632 2957 5705 essent,—
2974 5635 3199 5690 tradere
3220 5632 3615 5704 periculosum
3639 5633 3791 5699 erat,

2129 5709 2334 5766 secuti.
