4074 6220
255 391 333 450 69
865 393 970 451 DE
1012 392 1199 453 Vl'l‘A
1240 391 1338 452 ET
1385 391 1633 456 REBUS
1677 391 1946 454 GESTIS
1988 387 2515 455 CONSTANTINI
2559 392 3061 464 POBPRYROG,
3592 395 3669 454 70

267 529 526 581 mentum
559 524 774 594 inerat,
800 541 872 582 ne
911 525 1106 582 statim
1159 526 1405 583 saeviret.
1442 527 1572 582 Mox
1602 527 1673 582 ad
1708 543 1908 582 mona-
1936 531 1989 597 Α
2021 528 2272 592 vectum,
2305 522 2366 580 in
2398 522 2559 581 Circo
2609 525 2825 597 posuit,
2875 529 3227 597 manentque
3267 527 3398 600 ejus
3427 527 3511 585 rei
3542 544 3667 585 mo-

263 615 398 670 chos
429 614 732 684 profectus
781 618 892 682 est,
923 614 1023 684 qui
1077 613 1138 669 in
1185 614 1430 687 Olympo
1474 620 1671 670 monte
1711 613 1913 687 procul

262 704 502 775 negotiis
527 704 708 758 vitam
739 704 1013 774 agebant,
1047 707 1209 759 tanta
1248 721 1455 760 omnes
1488 704 1716 775 pietatis
1736 709 1793 760 et
1824 721 1915 760 re-

266 794 501 859 ligionis
532 793 705 858 fama,
749 801 812 846 ut
841 795 1144 848 Romanus
1184 793 1520 864 Lecapenus
1553 810 1750 850 annua
1771 794 1914 865 ipsis

269 880 562 952 stipendia
581 880 914 953 persolverit
945 881 1076 952 (95).
1119 882 1529 939 Percrebuerat
1559 897 1775 950 rumor,
1801 884 1916 938 im-

274 976 596 1043 peratorem
625 986 754 1026 cum
799 970 1103 1027 Theodoro
1152 971 1447 1044 Cyziceno,
1490 989 1604 1044 quo
1639 977 1912 1044 prietextu

280 1061 615 1128 Polyeuctus
646 1059 1002 1130 patriarcha,
1034 1060 1257 1115 dudum
1291 1060 1682 1133 obingenium
1702 1067 1758 1118 et
1791 1079 1914 1118 mo-

283 1164 373 1204 res
410 1149 645 1216 invisus,
694 1146 990 1203 tollendus
1020 1152 1193 1218 esset,
1226 1148 1578 1206 deliberasse
1609 1151 1742 1222 (96).
1772 1150 1914 1206 Inde

281 1237 606 1306 Byzantium
658 1252 947 1303 reversus,
1015 1239 1428 1294 mortalitatem
1481 1239 1750 1310 explevit,
1812 1255 1912 1296 seu

275 1326 526 1396 corporis
543 1325 912 1394 inﬁrmitate,
937 1342 1063 1392 seu,
1087 1327 1243 1397 quod
1267 1327 1507 1398 plurimi
1538 1328 1916 1399 suspicaban-

269 1418 379 1482 tur,
427 1430 651 1470 veneno
701 1415 913 1470 iterum
969 1415 1209 1486 petitus.
1264 1415 1416 1470 Vixit
1465 1433 1650 1472 annos
1703 1433 1812 1483 LIV,
1846 1433 1914 1471 ex

267 1503 473 1574 quibus
517 1520 648 1558 xxvx
701 1520 838 1558 cum
887 1519 1086 1560 socero
1133 1505 1417 1573 Romano,
1473 1521 1546 1560 xv
1587 1503 1769 1573 solus,
1825 1523 1914 1561 re-

266 1593 459 1661 gnavit
491 1593 630 1662 (97).
662 1593 913 1647 Senatus
947 1593 1004 1646 in
1055 1593 1254 1648 funere
1303 1595 1588 1661 ornando,
1619 1601 1669 1648 et
1700 1593 1758 1647 in
1793 1609 1913 1648 me-

267 1683 444 1735 moria
490 1681 859 1750 honoranda,
906 1699 1184 1754 magnum
1232 1684 1492 1738 studium
1537 1683 1678 1751 fuit;
1714 1683 1913 1738 illatus

267 1775 459 1824 autem
482 1775 574 1825 est
596 1771 889 1840 majorum
913 1770 1182 1843 sepulcro
1210 1771 1269 1826 in
1288 1771 1507 1843 templo
1530 1771 1914 1842 SanctisApo-

268 1858 426 1913 stolis
454 1858 646 1913 dicato
677 1857 808 1929 (98).
836 1859 1096 1914 Fuerunt
1121 1860 1177 1914 in
1201 1875 1268 1915 eo
1297 1861 1577 1930 praeclara
1607 1859 1834 1916 virtutis
1858 1866 1914 1915 et

269 1947 504 2014 pietatis
553 1953 915 2014 ornamenta,
974 1949 1074 2004 Dei
1130 1954 1186 2004 et
1238 1965 1539 2005 sacrorum
1596 1951 1914 2005 reverentia

276 2051 510 2090 summa
527 2036 655 2106 (99).
688 2035 874 2092 Multa
903 2037 1129 2108 publice
1149 2054 1323 2110 opera
1351 2039 1582 2104 struxit,
1618 2041 1675 2095 in
1700 2039 1913 2111 quibus

283 2124 686 2195 Apostolorum
699 2127 847 2180 aedes
862 2143 896 2180 a
912 2125 968 2180 fu
978 2126 1607 2196 ndamentisinchoata,
1624 2137 1676 2184 et
1692 2133 1914 2184 Sanctae

282 2212 508 2284 Sophia
536 2215 1015 2285 augustissimum
1035 2216 1320 2288 templum
1344 2216 1655 2290 magniﬁce
1685 2216 1916 2273 instau-

277 2309 494 2369 ratum,
525 2309 945 2360 memorantur.
979 2303 1262 2361 Balneum
1301 2306 1362 2361 in
1394 2306 1635 2362 Marinaa
1665 2307 1915 2376 adibus,

271 2393 479 2462 ingens
505 2408 667 2464 opus,
692 2410 798 2449 nec
823 2392 1071 2450 inferius
1101 2395 1405 2466 Romanis,
1438 2395 1734 2452 renovavit
1768 2413 1781 2450 :
1813 2412 1914 2451 se-

271 2485 505 2538 nectute
549 2483 888 2555 morbisque
937 2484 1216 2541 confectis
1248 2485 1453 2542 domos
1494 2486 1915 2558 amplissimas,

268 2571 365 2626 ubi
399 2569 632 2641 publico
662 2581 897 2644 sumptu
929 2572 1241 2642 alerentur,
1275 2576 1563 2631 concessit
1593 2592 1605 2629 :
1635 2575 1916 2647 palatium

265 2659 645 2732 amplificavit
673 2661 750 2731 (1)
775 2677 788 2715 :
808 2660 1127 2718 obeliscum
1159 2667 1436 2730 veterem,
1460 2679 1529 2720 ex
1553 2665 1688 2736 ὥς)
1700 2670 1798 2736 pto
1815 2664 1917 2719 ad-

2023 619 2321 681 numenta,
2347 615 2579 686 sculpta
2600 615 2779 684 saxis,
2807 619 2862 669 et
2887 632 2997 670 aere
3019 616 3210 686 prisco
3241 617 3336 689 (2).
3369 618 3563 673 Muros
3576 618 3669 672 Ni-

2021 720 2227 771 canos,
2251 703 2605 760 aSaracenis
2635 719 2886 773 eversos,
2921 703 3129 760 collata
3155 721 3224 760 ex
3256 707 3455 762 aerario
3488 721 3666 778 pecu-

2022 794 2138 862 nia,
2174 793 2374 848 refecit
2402 793 2501 862 (3).
2537 792 2828 864 Precipua
2858 794 2983 863 ejus
3015 810 3156 849 cura
3183 794 3312 863 fuit,
3345 811 3416 850 ne
3440 798 3668 866 provin-

2019 883 2120 938 cias
2151 882 2318 938 novis
2374 881 2646 936 oneribus
2694 881 3090 949 turbarentur,
3123 888 3287 938 tanta
3311 884 3566 954 justitia,
3601 889 3665 940 ut

2020 972 2331 1036 delatores,
2382 969 2619 1042 publico
2665 969 2839 1024 exitio
2879 981 3157 1042 repertos,
3204 973 3348 1029 urbe
3403 973 3666 1045 pelleret,

2019 1064 2180 1114 tanta
2212 1051 2442 1126 lenitas,
2479 1062 2542 1114 ut
2574 1057 2889 1114 novissima
2920 1059 3184 1128 exempla
3215 1060 3440 1116 meritis
3463 1078 3668 1133 parce-

2020 1155 2104 1204 ret
2134 1148 2232 1218 (4).
2259 1147 2506 1203 Caeteros
2547 1145 2995 1217 praeminentes
3026 1148 3237 1217 peritia
3267 1147 3459 1220 legum
3483 1149 3668 1220 splen-

2020 1228 2340 1292 didissimis
2357 1235 2700 1290 muneribus
2731 1235 3012 1304 admovit,
3043 1241 3198 1292 artes
3221 1237 3526 1304 militares,
3545 1255 3666 1295 rem

2021 1325 2308 1387 navalem,
2339 1341 2406 1379 ac
2435 1324 2763 1380 triremium
2810 1323 3112 1392 fabricam,
3148 1342 3249 1396 per
3278 1327 3464 1382 otium
3498 1328 3667 1400 igno-

2015 1417 2156 1479 tam,
2218 1411 2528 1477 revocavit,
2583 1411 2908 1483 scriptaque
2958 1415 3084 1483 ejus
3130 1414 3422 1486 egregiam
3453 1415 3664 1472 horum

2018 1504 2365 1559 memoriam
2400 1504 2657 1572 lradunt,
2681 1501 2899 1573 quibus
2929 1507 3217 1574 exposuit,
3249 1510 3535 1576 quantum
3561 1507 3666 1561 mi-

2017 1591 2187 1647 litum
2224 1593 2282 1646 in
2342 1591 2545 1658 armis,
2601 1595 2835 1662 quantis
2893 1591 3180 1648 sociorum
3237 1594 3411 1660 vires,
3449 1595 3662 1666 quibus

2017 1681 2242 1737 artibus
2264 1681 2520 1736 claustra
2552 1681 2781 1752 imperii
2829 1681 3047 1736 tuenda
3085 1687 3283 1737 essent
3313 1683 3410 1754 (5).
3450 1684 3664 1740 Docto-

2020 1787 2152 1825 rum
2188 1770 2495 1825 hominum
2528 1769 2734 1839 ingens
2765 1773 2934 1825 aetate
2980 1769 3082 1826 illa
3128 1777 3443 1843 proventus
3474 1774 3604 1839 fuit,
3636 1791 3667 1829 e

1944 1901 1993 1968 Β
2024 1859 2239 1931 quibus
2285 1859 2520 1914 Simeon
2582 1859 3028 1929 Metaphrastes,
3074 1860 3250 1930 jussu
3283 1863 3666 1929 Constantini,

2024 1955 2363 2006 sanctorum
2396 1949 2543 2004 vitas
2582 1949 2892 2020 descripsit
2936 1950 3033 2020 (3),
3086 1949 3359 2008 Leontius
3399 1953 3665 2025 Byzanti-

2024 2053 2134 2095 nus
2166 2039 2265 2110 (7),
2299 2041 2356 2093 et
2384 2037 2668 2094 Genesius
2697 2038 2796 2110 (8),
2828 2043 2885 2094 et
2930 2037 3266 2096 Theodorus
3311 2041 3670 2114 Daphnopa-

2025 2137 2108 2184 tes
2139 2129 2213 2199 (9)
2246 2140 2481 2182 suorum
2504 2130 2835 2198 temporum
2866 2127 3195 2197 historiam,
3216 2130 3446 2202 scriptis
3477 2131 3666 2201 libris,

2025 2216 2125 2288 qui
2148 2217 2362 2288 partim
2394 2220 2621 2272 aetatem
2646 2216 2852 2282 tulere,
2887 2216 3095 2287 partim
3118 2218 3323 2274 amissi
3344 2227 3667 2289 suut,com-

2024 2310 2368 2377 posuerunt.
2401 2307 2682 2359 Caeterum
2715 2320 2918 2377 graves
2965 2306 3204 2376 quidam
3237 2313 3296 2363 et
3336 2308 3493 2364 docti
3521 2309 3668 2364 scri-

2023 2399 2222 2467 ptores
2269 2393 2714 2449 Constantinum
2764 2393 3014 2464 saevitia,
3065 2394 3358 2452 ebrietatis
3407 2401 3464 2452 et
3519 2397 3672 2453 circa

2026 2499 2117 2539 res
2148 2482 2408 2555 publicas
2447 2482 2724 2538 socordiae
2774 2488 3032 2554 arguunt
3060 2484 3175 2555 (10)
3223 2501 3236 2540 :
3271 2502 3400 2557 quae
3427 2487 3477 2542 sl
3500 2487 3565 2557 ju
3581 2491 3672 2542 sta

2024 2571 2398 2645 reprehensio
2428 2576 2537 2640 est,
2587 2571 2860 2628 videntur
2890 2587 2958 2628 ea
3008 2573 3146 2629 vitia
3176 2578 3278 2630 aut
3305 2592 3431 2632 raro
3464 2593 3668 2647 proru-

2025 2661 2202 2733 pisse,
2233 2663 2334 2716 aut
2354 2660 2676 2732 majoribus
2700 2660 3016 2718 virtutibus
3045 2677 3176 2718 esse
3205 2669 3595 2736 compensate.

1854 2760 2084 2817 NOT/E.

342 2856 448 2930 (95)
481 2854 710 2911 Contin.
741 2857 1000 2930 TbeOph.
1036 2858 1094 2914 in
1128 2859 1413 2927 Romano,

262 2929 450 3054 30536)
480 2932 736 2984 Zonaras
794 2949 851 3001 p.
904 2929 1035 2998 196,
1093 2931 1386 2988 Cedrenus
1440 2931 1568 3001 641,
1602 2931 1806 3005 Glycas
1852 2948 1908 3004 p.

332 3071 446 3141 (97)
477 3070 569 3146 Sic
624 3071 884 3146 Theoph.
914 3073 1147 3146 Contin.
1195 3092 1251 3146 p.
1310 3074 1437 3130 292.
1489 3074 1643 3131 Obiit
1687 3074 1908 3130 mensis

261 3141 607 3214 Novembris
639 3142 731 3199 die
770 3141 857 3214 15,
908 3145 1105 3200 indict.
1158 3141 1244 3212 ιιῖ,
1283 3162 1437 3201 anno
1477 3164 1510 3201 a
1536 3163 1616 3202 m.
1658 3163 1708 3202 ο.
1740 3146 1902 3200 6469.

260 3213 499 3288 Simeon
532 3213 853 3288 Logotheta
881 3233 1068 3272 annos
1097 3217 1222 3288 ejus
1249 3218 1452 3272 eodem
1485 3219 1655 3273 modo
1696 3234 1904 3273 nume~

258 3291 369 3350 rat,
406 3286 503 3358 sed
565 3286 766 3341 indict.
817 3305 894 3356 vr,
954 3305 1048 3343 an.
1102 3286 1263 3356 6456,
1298 3289 1620 3345 decessisse
1662 3289 1902 3358 scribit;

257 3357 812 3429 die9Novembris,
844 3359 1045 3414 indict.
1094 3376 1179 3423 ιιι,
1228 3377 1323 3416 an.
1373 3361 1537 3429 6468,
1587 3357 1900 3416 Cedrenus.

256 3427 460 3498 Lupus
491 3430 875 3500 Protospatha
896 3433 1081 3487 :Ann.
1103 3432 1230 3497 960,
1261 3431 1456 3486 indict.
1491 3427 1574 3500 ιιι,
1607 3432 1742 3488 obiit
1761 3433 1903 3488 Con-

253 3502 544 3554 stantinus
586 3503 794 3572 imper.
844 3504 941 3572 qui
987 3505 1241 3571 regnavit
1285 3520 1378 3557 an.
1427 3503 1516 3568 47,
1559 3510 1613 3558 et
1657 3502 1905 3558 surrexi!

258 3571 535 3646 Romanus
563 3571 713 3639 ﬁlius
756 3571 893 3646 eius.
944 3573 1039 3646 Sic
1085 3575 1262 3630 etiam
1294 3576 1639 3646 Anonymus
1685 3575 1905 3630 Barea-

259 3643 368 3716 sis,
400 3642 476 3696 ad
509 3658 706 3716 quem
758 3642 879 3698 haec
927 3645 1161 3701 disserit
1190 3642 1484 3700 Camillus
1513 3647 1850 3716 Peregrinus
1888 3661 1900 3699 :

259 3715 460 3768 Noster
491 3714 796 3787 Cedrenum
837 3717 1107 3787 sequitur,
1163 3719 1260 3787 qui
1311 3714 1722 3772 coronationem
1767 3717 1904 3772 Con-

260 3785 520 3860 stantini
544 3790 719 3860 atate
736 3785 1014 3856 septennis
1036 3785 1250 3860 factum
1289 3789 1540 3858 perhibet
1573 3793 1690 3859 post
1715 3789 1908 3860 patrui

264 3855 597 3922 Alexandri,
617 3855 820 3912 nedum
860 3867 977 3927 post
1005 3855 1178 3928 patris
1199 3855 1390 3915 Leonis
1418 3855 1649 3928 obitum,
1683 3855 1807 3915 eam
1834 3859 1908 3914 ad

269 3942 491 4001 anitum
517 3928 708 4001 retulit
727 3929 862 4001 913,
895 3931 1110 4001 sibique
1152 3946 1300 3986 nunc
1344 3941 1600 3986 constans
1629 3940 1907 3986 mortuum

267 3995 624 4072 illurn_dicit
662 3998 794 4072 960,
854 3995 1106 4057 inchoato
1154 4019 1187 4056 a
1242 4003 1544 4072 Septembri
1601 4001 1908 4056 communis

259 4069 413 4122 anni
457 4068 562 4121 959
595 4070 697 4140 (sic
722 4075 887 4127 etiam
941 4072 1233 4128 dicendum
1281 4068 1345 4128 de
1401 4076 1749 4129 coro/talione
1792 4075 1908 4140 ejus

257 4155 414 4214 anno
453 4140 605 4210 913).
641 4141 847 4213 Quippe
877 4143 1015 4198 obiit
1047 4145 1459 4213 Constantinus,
1487 4149 1545 4200 ut
1579 4146 1692 4214 ipse
1721 4151 1905 4209 notat,

257 4211 454 4285 indict.
499 4227 586 4285 ιιι,
619 4218 670 4266 ct
707 4211 789 4268 ut
816 4219 970 4285 notat
1021 4216 1319 4284 Cedrenus,
1367 4211 1455 4272 die
1493 4218 1527 4270 9
1565 4211 1904 4285 Novembris,

255 4283 479 4358 scilicet
506 4281 786 4358 desinente
813 4283 934 4358 jam
974 4285 1114 4342 dicto
1145 4281 1426 4342 communi
1471 4304 1616 4343 anno
1645 4287 1770 4355 959,
1803 4281 1907 4358 quo

255 4355 423 4412 Dlane
473 4355 691 4427 calculo
749 4357 835 4411 uti
884 4357 973 4412 hic
1026 4359 1214 4413 Noster
1260 4360 1412 4414 solet.
1459 4359 1732 4414 Cedrenus
1760 4355 1904 4427 vero,

255 4432 307 4479 et
334 4433 455 4495 post
487 4424 654 4480 illum
697 4428 960 4493 Zonaras,
1007 4430 1227 4485 tradere
1265 4432 1537 4498 videnlur,
1585 4424 1906 4486 Constanti;

2023 2857 2367 2944 scriptor};
2392 2856 2606 2944 icodice
2660 2855 2828 2944 ducis
2875 2855 3179 2944 Sabaudia
3222 2859 3297 2944 in,
3318 2861 3438 2918 Act.
3463 2861 3564 2944 8S.
3599 2862 3671 2918 ad

2021 2934 2078 2986 d.
2112 2931 2146 2982 9
2177 2928 2310 2983 Maii
2332 2929 2532 3000 editus
2562 2946 2616 3000 p_.
2652 2928 2916 3000 448sqq.
2947 2933 3030 3000 S._
3052 2931 3225 2987 etiam
3265 2930 3511 2987 Joannis
3543 2949 3668 2990 ma-

2023 3017 2131 3056 nus
2160 2999 2222 3055 in
2253 2997 2536 3071 palatium
2559 2997 2673 3055 ritu
2693 2997 2941 3056 solemni
2975 2997 3134 3058 illata
3163 3008 3271 3059 est.
3298 3005 3443 3060 Acta
3471 3004 3571 3059 SS.
3593 3005 3669 3061 ad

2064 3113 2077 3125 .
2111 3072 2180 3125 29
2211 3071 2478 3141 Augusti.

1937 3117 1978 3184 ρ
2020 3073 2077 3128 d.
2111 3073 2180 3125 29
2211 3073 2478 3141 Augusti.
2649 3141 2660 3152 .

2091 3144 2141 3213 (1
2202 3137 2462 3212 Theoph.
2497 3139 2727 3197 Contin.
2760 3158 2857 3213 pp.
2888 3141 3016 3213 280,
3040 3141 3164 3197 284.

2085 3145 2171 3285 (2;
2197 3215 2460 3285 Graecum
2493 3229 2727 3285 carmen
2784 3212 3006 3269 colosso
3044 3213 3164 3270 iusc

2085 3212 2163 3286 ('2)
2197 3215 2460 3287 Graecum
2493 3229 2727 3287 carmen
2784 3212 3006 3287 colosso
3044 3213 3393 3287 inscriptum
3431 3217 3664 3272 Bandu-

2012 3283 2573 3355 rius'Antiquitatum
2607 3284 2750 3340 CSP.
2801 3301 2859 3356 p.
2916 3285 3009 3340 181
3064 3283 3266 3351 edidit,
3303 3288 3400 3344 ubi
3424 3304 3660 3344 versum

2013 3357 2338 3414 secundum
2371 3361 2428 3410 et
2458 3355 2912 3426 sequentem’ita
2939 3356 3184 3426 adduxit
3217 3373 3230 3413 :

2223 3460 2294 3467 ——
2321 3459 2392 3468 —
2420 3424 2787 3488 Κωςλεαντῖνος
2811 3429 2906 3498 γῦν
2935 3424 3201 3498 δεσπότης

2225 3498 2304 3575 ρῦ
2335 3498 2618 3575 Troiaeve:
2647 3503 2773 3559 παῖς
2806 3495 2935 3570 δόξα
2963 3505 3066 3575 τῇς
3107 3495 3485 3575 σῂηπτρυχίας

2225 3569 2482 3644 Κρεῖττᾲν
2518 3569 2898 3644 νεουργεῖίτῆξ
2930 3569 3100 3626 πάλαι
3141 3569 3390 3644 θεωρίαέξ

2084 3643 2179 3718 Ita_
2205 3643 2557 3718 Bandurius.
2592 3647 2664 3698 At
2691 3643 2934 3718 Gyllius,
2960 3646 3060 3718 qui
3083 3643 3388 3718 deqeodem
3411 3645 3471 3701 in
3491 3647 3660 3718 Τυρο-

2012 3713 2253 3784 graphio
2283 3713 2530 3788 urbis,‘l.
2555 3729 2626 3788 ιι,Δ
2651 3729 2702 3769 c.
2739 3713 3056 3788 i2,_gmulils
3089 3716 3229 3788 agit,
3262 3718 3339 3771 ita
3370 3713 3602 3774 exhibet
3644 3734 3657 3773 :

2013 3780 2424 3858 Κωνσταντῖνος
2445 3780 2792 3858 δεσπότηςνὸ
2821 3785 3109 3858 Ῥωμανοῦ
3125 3780 3290 3849 Vitatis,
3325 3796 3383 3843 ut.
3415 3789 3657 3843 dubium

2013 3856 2088 3912 sit
2117 3856 2635 3928 annoniobeliseus
2668 3873 2701 3910 a
2730 3856 3118 3913 Constantino
3151 3860 3364 3928 potius,
3408 3858 3659 3914 Romani

2009 3928 2260 4007 junioris
2303 3927 2422 3983 ﬁlio
2456 3926 2991 3998 Porphyrogenneti
3034 3926 3264 3999 nepote,
3299 3929 3360 3984 in
3389 3928 3554 3984 Circo
3585 3929 3662 3985 sit

2015 4002 2360 4147 “Egilia
2387 4066 2649 4147 Cangius
2673 4084 2741 4147 ei:
2790 4068 3173 4147 inscription}
3202 4068 3661 4147 murisyicamis

2015 4136 2246 4196 refectis
2295 4137 2494 4195 addita
2517 4136 2762 4208 colligit,
2802 4136 3078 4195 notis'ad
3119 4140 3324 4207 Zonar,
3363 4137 3468 4208 97;
3500 4157 3660 4197 ever-

2015 4213 2236 4268 sionem
2295 4215 2491 4266 tamen
2569 4209 2719 4265 hanc
2781 4226 3086 4268 murorum
3156 4211 3364 4268 Leonis
3421 4212 3660 4270 Armeni

2016 4289 2182 4340 astate
2208 4285 2327 4349 jam
2361 4280 2666 4349 accidisse,
2699 4282 3034 4338 arbitratur.

2083 4357 2163 4426 (Α)
2195 4353 2927 4426 TbeopbanisAContinuat.
2962 4372 3017 4426 p.
3049 4354 3174 4410 278.

2089 4423 2166 4499 (5)
2196 4423 2512 4499 Videantur
2551 4423 2786 4499 Tactica,
2835 4423 2988 4499 liber,
3012 4427 3084 4482 De
3135 4426 3370 4499 imperio
3409 4426 3660 4482 admini-

258 4494 730 4571 numrimperasse
745 4514 870 4554 cum
899 4505 1079 4570 patre,
1098 4505 1295 4571 patruo
1329 4506 1382 4556 et
1402 4494 1583 4557 matre
1613 4517 1786 4557 annos
1821 4501 1906 4568 t3,
1941 4494 1990 4556 D
2019 4494 2266 4564 strando,
2299 4496 2487 4553 edicta
2524 4496 2703 4567 varia,
2755 4496 2826 4552 de
2873 4498 3087 4569 quibus
3143 4494 3257 4554 alio
3314 4497 3440 4555 loco
3489 4515 3662 4570 expo—

258 4567 543 4623 Nimirum
571 4585 741 4644 usque
770 4573 846 4625 ad
869 4567 997 4640 919,
1029 4567 1292 4644 quoniam
1319 4572 1521 4628 vixisse
1551 4574 1718 4628 illum
1754 4567 1904 4627 asseé

260 4648 401 4715 runt
422 4655 599 4715 annos
627 4642 720 4715 54,
752 4659 927 4697 annos
955 4642 1159 4700 scilicet
1189 4647 1314 4699 vitae
1341 4649 1390 4698 et
1414 4646 1637 4715 imperii
1673 4646 1905 4715 confune

262 4709 469 4766 dentes.
504 4709 642 4774 Qua
689 4714 1012 4770 doctissimi
1060 4715 1164 4770 viri
1215 4709 1506 4771 sententia
1546 4717 1730 4784 magis
1763 4709 1908 4770 mihi

263 4784 569 4861 probatur,
605 4799 780 4854 quam
811 4785 912 4861 illa
940 4786 1125 4857 Pagii,
1166 4788 1266 4858 qui
1308 4786 1580 4861 ultimum
1621 4788 1911 4861 Constan-

262 4855 386 4931 tini_
406 4869 629 4908 annum
662 4871 788 4910 terte
805 4855 1064 4931 vulgaris
1086 4855 1594 4929 nongentesimum
1627 4858 1912 4931 quinqua-

264 4925 872 5000 gesimumoctavum,
905 4925 1279 4986 i'ndictione'm
1307 4931 1568 5000 primam,
1605 4925 1730 4986 esse
1771 4925 1909 4986 con-

263 4998 477 5073 tendit.
512 4996 573 5052 Si
603 4999 760 5053 enim
794 5005 968 5056 natus
1014 5001 1138 5073 ipse
1166 5007 1254 5058 est
1283 4996 1434 5073 anno
1458 5002 1585 5071 905,
1617 5003 1913 5072 quinqua-

260 5068 537 5138 gesimus
568 5075 809 5139 quartus
857 5068 1058 5128 etatis'
1088 5076 1242 5129 certe
1277 5072 1339 5128 in
1381 5068 1602 5128 annum
1632 5068 1912 5138 ‘959,'aut

259 5140 464 5208 potius
492 5141 620 5205 960,
651 5141 973 5211 ineuntem,
1006 5146 1329 5200 secundum
1380 5145 1702 5200 Grecorum
1754 5159 1912 5200 com-

255 5215 500 5281 putum,
535 5212 759 5281 incidit,
793 5230 927 5271 cum
973 5215 1279 5272 Novembri
1328 5231 1528 5272 mense
1571 5215 1910 5271 decesserit.

255 5279 556 5355 Caeterum
590 5279 926 5355 scriptores,
958 5287 1401 5344 Constantinum
1433 5288 1710 5343 tredecim
1729 5302 1912 5341 annos

255 5368 413 5430 cnm_
439 5354 628 5430 Leone
660 5354 956 5430 regnasse,
1011 5360 1450 5425 contendentes,
1489 5363 1750 5430 tempora
1798 5373 1912 5412 non

258 5425 632 5503 contudisse,
666 5425 767 5483 sed
799 5430 872 5484 ab
904 5425 976 5503 eo
1018 5447 1194 5496 anno,
1227 5446 1338 5501 quo
1368 5431 1440 5485 ab
1470 5425 1780 5503 Eutb'ymio
1813 5445 1914 5500 pa-

262 5497 525 5572 triarcha
558 5505 870 5572 coronatus
903 5502 1030 5572 fuit,
1063 5497 1406 5557 numerasse
1435 5497 1722 5556 videntur.

333 5568 817 5645 (98)‘Continuat,
863 5568 1120 5645 Theo'ph.
1169 5589 1226 5644 p.
1270 5573 1397 5627 292.
1448 5573 1707 5628 Banduri
1738 5573 1914 5643 Impe-

259 5639 718 5715 riumOIientis,
749 5649 792 5698 t.
828 5645 873 5711 Ι,
907 5661 962 5715 ρ.
996 5639 1121 5701 421.

297 5710 454 5791 .(99)
489 5710 630 5791 Ejus
671 5710 1050 5791 anima—atate
1094 5716 1154 5774 S.
1189 5715 1447 5791 Gregorii
1506 5713 1763 5791 reliquias
1801 5716 1920 5769 Na-

255 5782 475 5839 zianzo
507 5782 1072 5860 Constantinopolim
1107 5782 1379 5845 traducta
1409 5791 1564 5844 sunt.
1597 5782 1662 5844 ν.
1685 5785 1919 5843 ϐιωοιιε

2019 4585 2176 4626 nam.

2089 4642 2166 4712 (6)
2199 4639 2269 4712 ν.
2298 4636 2497 4712 Allatii
2521 4635 2788 4712 _Diatribe
2831 4636 2913 4712 de
2942 4639 3308 4712 Simeonibus,
3346 4655 3408 4712 p,
3426 4639 3505 4712 25
3534 4656 3660 4710 sqq.

2017 4709 2228 4784 Pagius
2259 4711 2319 4765 in
2349 4710 2488 4765 Crit.
2521 4709 2730 4765 Baron.
2763 4726 2857 4764 an.
2891 4711 3018 4779 9l3,
3051 4711 3272 4767 Caveus
3299 4709 3359 4766 in
3391 4711 3527 4768 Hist.
3565 4709 3661 4766 lit-

2019 4795 2210 4847 terar.,
2237 4790 2344 4836 etc.

2088 4857 2167 4925 (7)
2197 4853 2378 4922 Cu1us
2407 4849 2936 4925 Chronographiam
2987 4850 3150 4908 libris
3190 4869 3243 4907 ιν
3274 4851 3662 4910 Combefisius

2021 4923 2174 4982 inter
2200 4926 2507 4993 Scriptores
2553 4933 2670 4994 post
2723 4923 3118 4994 Theophanem,
3165 4925 3385 4980 omisso
3425 4926 3664 4981 nomine

2020 4997 2297 5062 auctoris,
2323 4994 2525 5050 edidit.

2091 5069 2169 5141 (8)
2213 5065 2816 5148 Unicummquanlum
2864 5069 3114 5148 constat,
3137 5066 3454 5148 scriptoris
3486 5067 3662 5148 hujus

2020 5135 2353 5212 exemplum
2385 5135 2734 5192 bibliotheca
2781 5135 3106 5194 academica
3137 5135 3479 5210 Lipsiensis,
3510 5135 3669 5194 vetu-

2022 5213 2129 5270 stis
2161 5211 2444 5280 bonisque
2485 5206 2648 5280 libris
2687 5208 2911 5277 referta,
2967 5214 3174 5264 servat.
3229 5209 3352 5268 Non
3394 5211 3538 5265 satis
3567 5227 3666 5266 ac-

2023 5289 2222 5342 curate
2253 5279 2390 5337 olim
2429 5279 2783 5349 descriptum
2837 5286 2926 5334 est
2956 5296 2990 5334 a
3013 5280 3103 5335 Jo.
3133 5281 3312 5335 Andr.
3345 5281 3535 5350 Bosio,
3569 5298 3664 5337 ne-

2021 5354 2340 5426 gligentius
2371 5351 2524 5426 apud
2559 5353 2806 5426 Venetos
2853 5367 3169 5426 excusum,‘
3198 5357 3264 5407 ut
3294 5352 3352 5406 in
3385 5354 3661 5409 observa-

2024 5422 2285 5483 tionibus
2315 5424 2385 5478 ad
2419 5422 2865 5494 Constantinum
2897 5423 3215 5494 aliquando
3245 5426 3573 5480 ostendam.

2095 5499 2175 5569 (9)
2211 5497 2266 5569 ν.
2300 5497 2466 5569 cave,
2499 5509 2555 5569 ρ.
2600 5493 2727 5569 551.
2771 5493 3012 5569 Scripsit
3060 5501 3265 5566 praeter
3314 5501 3546 5569 caetera!)
3575 5493 3668 5548 Vi-

2028 5563 2463 5626 tam'Tbeodori
2494 5563 2757 5632 Studitas,
2791 5563 2966 5636 quam
2999 5563 3151 5622 inter
3180 5569 3476 5624 Anecdota
3506 5566 3663 5622 Grae-

2027 5658 2091 5697 ca
2129 5641 2296 5696 edere
2344 5635 2611 5709 promisit
2657 5635 2904 5709 Magnus
2951 5638 3215 5704 Crusius,
3247 5639 3306 5694 in
3363 5639 3664 5694 Dissertat.

2030 5707 2359 5786 epistolisa;
2390 5724 2517 5780 μειερ
2546 5707 2637 5786 2.3.-

2106 5784 2218 5857 (10)
2245 5783 2445 5840 Zonar.
2474 5779 2532 5851 p.
2565 5779 2688 5850 193,
2719 5779 3015 5838 Cedrenus
3035 5795 3094 5851 p.
3123 5779 3248 5834 635.
