4074 6220
371 355 451 418 83

1416 350 1937 415 CONSTANTINI
1978 348 2675 415 PORPHYROGENITI
3694 348 3773 411 84-

376 487 546 547 nium
584 488 826 560 intrant,
857 487 1067 546 diurna
1104 485 1323 544 scilicet
1352 487 1723 559 processione
1753 486 2028 556 instante,
2062 542 2065 551 ,

2181 502 2283 539 ιτοι
2315 485 2430 556 (13)
2463 481 2515 537 ἐν
2546 486 2625 555 τῷ
2651 486 2846 558 χρυσῷ
2882 479 3155 559 τρικλίνῳ
3184 483 3317 556 (14),
3354 486 3456 551 τῆς
3485 490 3786 556 καθημερι-

1420 602 1619 660 JOAN.
1659 602 1805 660 JAC.
1844 601 2109 658 REIKSII
2144 599 2739 657 COMMENTARIUS.

426 704 597 762 banis
624 721 685 775 p.
715 705 806 775 94.
839 704 911 775 de
958 702 1247 775 Marciano
1278 701 1417 775 imp.
1467 699 1602 755 πάνυ
1644 698 1700 775 δὲ
1748 701 1823 775 ἦν.
1862 698 2025 775 edita-

428 718 597 762 nanls
628 721 685 775 ρο
715 718 806 766 94.
839 718 911 759 αθ
958 718 1247 757 Merclano
1278 718 1417 774 Imp.
1467 721 1602 755 πανυ
1644 718 1700 755 οε
1748 718 1814 769 ην
1862 718 2023 754 ευΛα-

382 718 489 845 gi);
546 774 636 850 δεαὶ
694 770 1033 850 φοϐούμενος
1083 773 1175 827 τὸν
1245 772 1372 850 Θεον
1416 770 1941 850 Ιᾉοιρκιανὸς,“ὅᾳτις
1970 769 2023 850 ἐν

385 842 503 918 (cui:
562 842 744 918 λιταῖς
798 842 894 918 τοῦ
936 845 1171 916 Κάμπου
1218 845 1380 913 πεζὸς
1427 842 1620 918 Αέξῇει,
1666 842 1872 918 πολλάᾐ
1913 848 2030 906 τοῖς

388 917 669 991 δεομένοις
700 917 955 991 εὐποιῶνῖ
986 918 1155 991 ’Ὁθεν⁸
1176 920 1365 991 τοῦτον
1416 916 1557 991 ὁρῶν
1604 917 1631 969 ὁ
1675 916 2028 991 πατριάρχης

386 982 707 1063 ’ᾼνᾴτὸλιος
752 989 841 1063 xui
900 986 1280 1063 αὐτὸς-*οὐκέτι
1314 982 1849 1063 φορεῖῳῗφερὸμενος
1884 982 2031 1041 {aia

386 1061 449 1115 τὸ
496 1055 614 1121 ἔθος
665 1058 990 1129 ἐλιτάνευεν,
1049 1056 1197 1113 ἀλλὰ
1252 1055 1435 1128 πεζόξ.
1489 1055 1815 1116 ’Μάνὸῐάηαδ
1873 1076 2033 1131 porro

390 1132 547 1190 valde
572 1134 703 1204 pius
744 1133 1007 1205 religioso
1039 1135 1231 1188 timore
1263 1138 1437 1187 Deum
1466 1132 1691 1205 colebat,
1725 1142 1777 1188 et
1810 1133 1871 1187 in
1908 1147 2037 1205 pro;-

389 1203 718 1261 cessionibus
762 1203 1143 1275 ad‘Campum
1197 1205 1482 1260 celebratis
1506 1203 1669 1275 pedes
1726 1203 2035 1273 incedebat,

392 1281 446 1333 et
473 1276 662 1332 multis
690 1274 964 1345 beneﬁciis
994 1274 1269 1345 afficiebat
1306 1274 1537 1346 egentes.
1571 1278 1779 1344 Quare,
1804 1275 1888 1329 his
1918 1291 2041 1330 con-

394 1348 749 1419 spectis,non
790 1347 1027 1419 amplius
1067 1349 1127 1402 in
1166 1348 1377 1419 lectica,
1409 1352 1471 1402 ut
1500 1362 1616 1401 mos
1644 1352 1773 1419 tunc
1798 1347 2037 1416 ferebat,

396 1418 490 1475 sed
534 1418 757 1490 pedibus
790 1418 900 1474 iter
928 1434 1096 1485 agens
1139 1418 1785 1490 Anatoliuspatriarcha
1825 1433 2038 1489 proces-

399 1489 619 1549 sionum
664 1490 1085 1564 supplicationes
1146 1490 1351 1546 obibat.
1393 1489 1673 1546 Marciani
1721 1504 1856 1561 ergo
1907 1497 2044 1545 tem-

1908 1576 2046 1633 pore

478 1709 590 1781 (13)
612 1706 1193 1781 Variimemcrentur
1213 1705 1644 1781 antiquioribus
1665 1708 1851 1762 restro
1873 1721 2051 1781 saecu-

405 1777 501 1847 lis,
550 1777 724 1849 quam
774 1779 949 1849 hujus
999 1777 1368 1835 Cerimonilis
1400 1787 1535 1833 tetas
1567 1785 1673 1847 est,
1712 1777 2046 1849 praepositi;

2176 707 2333 782 ustas,
2368 702 2432 755 ut
2461 715 2616 782 saepe
2638 704 2837 782 erant,
2869 702 2955 755 tot
2981 702 3149 782 erant
3177 715 3370 782 earum
3385 697 3700 782 praepositi
3730 704 3785 754 et

2158 768 2366 827 amilias
2424 768 2939 843 cubiculariorum.
2984 776 3149 842 quot,
3192 773 3356 843 ipsas.
3385 768 3644 843 Tandem
3677 768 3781 843 ha:

2139 844 2314 900 bebat
2360 859 2593 914 quoque
2641 842 2965 913 patriarcha
2999 859 3169 899 suum
3214 842 3586 913 praepositum
3622 859 3636 897 :
3680 842 3786 897 sed

2140 932 2254 970 non
2287 930 2537 985 semper.
2573 916 2734 969 Certe
2776 920 3060 969 memorat
3089 916 3157 969 de
3187 914 3285 969 illo
3316 914 3526 969 Noster
3561 917 3788 978 auctor,

2143 992 2207 1042 ut
2249 987 2320 1042 de
2371 1001 2430 1041 re
2480 985 2783 1051 obsoleta;
2831 989 2887 1040 et
2926 986 3040 1040 huc
3072 985 3323 1056 denique
3354 1002 3468 1041 non
3510 985 3786 1056 pertinet.

2142 1059 2290 1143 Hinc
2320 1056 2704 1143 intelligatur,
2739 1073 2915 1126 quare
2945 1057 2982 1112 Ι.
3010 1058 3079 1143 ll,
3112 1074 3160 1113 ο.
3194 1054 3249 1123 2,
3284 1074 3339 1143 p:
3375 1054 3561 1143 304ξὸ
3592 1054 3793 1143 ἀξιοπρ-

2142 1127 2365 1191 πόσιτος
2398 1127 2751 1195 ηοώίηθιυτ,
2785 1145 2890 1184 seu
2919 1127 3424 1201 protoprmpositus.
3468 1129 3549 1184 De
3599 1127 3796 1201 ofﬁcio

2189 1202 2435 1272 raapositi
2481 1217 2665 1272 pauca
2696 1200 2947 1256 strictim
2982 1200 3134 1256 nunc
3162 1200 3348 1255 dicam
3386 1217 3399 1256 :
3434 1201 3605 1270 plura
3634 1200 3794 1255 enim

2189 1219 2435 1272 raaposm
2481 1219 2665 1272 pauca
2696 1219 2947 1256 Strtcum
2982 1219 3134 1256 nunc
3162 1219 3348 1255 uncam
3386 1219 3399 1256 :
3434 1219 3605 1270 plura
3634 1219 3794 1255 enim

2147 1219 2255 1329 hac
2278 1273 2347 1329 de
2369 1290 2429 1327 rc
2459 1272 2517 1327 in
2552 1288 2827 1344 processu
2850 1272 3042 1343 operis
3064 1276 3391 1327 occurrent.
3420 1276 3554 1344 Erat
3573 1288 3607 1326 a
3626 1287 3796 1344 sacro

2149 1344 2519 1415 imperatoris
2554 1342 2797 1415 corpore
2837 1342 2991 1398 demi
3026 1344 3296 1413 forisque,
3344 1344 3404 1399 in
3434 1342 3697 1407 ecclesia,
3730 1343 3792 1397 in

2152 1421 2381 1481 senatu,
2456 1415 2745 1484 cubiculo,
2808 1415 3045 1486 ubique,
3101 1416 3396 1486 proximus
3462 1416 3800 1471 immediate

2152 1500 2284 1544 cum
2336 1487 2595 1559 principe
2644 1487 3011 1557 loquebatur,
3046 1487 3333 1559 referebat
3373 1487 3444 1542 ad
3490 1488 3682 1559 ipsum
3726 1486 3801 1541 de

2154 1558 2822 1627 rebus’occurrentibus,
2854 1558 3172 1629 accipiebat
3216 1558 3288 1614 ab
3320 1558 3449 1629 ipso
3499 1558 3802 1623 mandata,

2156 1648 2282 1714 quas
2314 1647 2506 1714 porro
2546 1629 3053 1714 aliisproce'ribus,
3085 1631 3153 1685 ad
3172 1646 3335 1714 quos
3367 1631 3802 1714 quodqueper-

2158 1701 2385 1769 tineret,
2420 1701 2798 1773 impertiebat.
2833 1702 2938 1757 Hic
2968 1717 3018 1757 e.
3051 1718 3099 1757 ο.
3133 1701 3402 1757 videmus
3425 1701 3804 1773 praepositum

2159 1774 2345 1846 pridie
2389 1773 2584 1845 magni
2616 1773 2744 1846 festi
2792 1773 2863 1829 de
2892 1773 3149 1846 instante
3188 1773 3467 1846 religione
3497 1773 3802 1846 dominum

408 1844 701 1923 praecipue
756 1844 1036 1924 prépositi
1069 1849 1262 1924 _sacr_i__
1290 1850 1511 1921 palatii,
1562 1854 1619 1905 et
1658 1844 1938 1915 cubiculi,
1994 1859 2050 1903 et
2082 1858 2127 1924 Β
2158 1844 2571 1924 admonuisse,_
2592 1848 2649 1900 et
2678 1845 2749 1899 ab
2779 1860 2845 1924 eo
2867 1845 3220 1924 mandatum
3253 1844 3569 1924 accepisse,
3593 1845 3806 1899 crasti-

408 1915 671 1999 inilitu'm.
704 1915 809 1986 Qui
842 1915 1035 1999 autem
1068 1919 1177 1976 hoc
1206 1915 1367 1999 libro
1389 1925 1790 1999 memorantur
1828 1936 2052 1999 priapo-7
2082 1915 2123 1924 ”
2158 1934 2295 1999 nam
2321 1916 2751 1999 processionem
2783 1915 3097 1999 indicendi.
3120 1915 3522 1999 Comitabatur
3550 1918 3803 1999 impera-

412 1994 528 2056 siti,
553 2011 668 2049 non
693 2001 827 2048 sunt
847 1992 959 2049 nisi
977 1992 1262 2064 praepositi
1279 1992 1539 2048 cubiculi.
1558 1995 1703 2047 Ante
1723 1995 2057 2064 cerleerant

410 2065 582 2121 ambo
606 2065 704 2120 illa
735 2062 985 2119 numera
1011 2062 1301 2136 praepositi
1338 2064 1533 2136 palatii
1556 2068 1611 2119 et
1641 2062 1891 2136 cubiculi
1915 2068 2054 2136 tunc

412 2136 689 2205 temporis
729 2136 809 2189 ita
852 2133 1184 2207 conjuncta,
1235 2141 1296 2190 ut
1334 2133 1526 2207 separi
1578 2134 1901 2205 nequirent.
1952 2133 2057 2189 sed

415 2209 601 2264 eidem
653 2207 875 2262 homini
934 2206 1303 2263 inhaererent.
1355 2206 2057 2277 Antiquioribusiautem

414 2278 777 2348 temporibus
808 2279 1015 2350 diversi
1050 2284 1217 2350 erant
1248 2276 1540 2350 praepositi
1572 2278 1720 2333 sacri
1754 2276 1971 2347 palatii,
2003 2280 2061 2332 et

416 2350 709 2423 praepositi
740 2349 1017 2423 cubiculi.
1051 2348 1320 2423 Quamvis
1350 2348 1505 2423 enim
1530 2351 1900 2423 reperiantur
1925 2363 2055 2403 saec.

418 2421 473 2477 iv
508 2428 564 2478 et
596 2438 648 2491 ν,
687 2422 981 2492 praepositi
1007 2422 1156 2477 sacri
1186 2421 1411 2491 palatii,
1444 2421 1543 2491 qui
1581 2421 1848 2492 Eunuchi
1878 2421 2059 2492 fuere,

419 2510 535 2549 non
587 2491 780 2564 tamen
810 2491 895 2547 ’ex
939 2493 1337 2564 eopsequitur,
1378 2493 1720 2564 praepositos
1762 2491 1958 2564 palatii
2009 2498 2064 2564 et

421 2562 675 2619 cubiculi
723 2564 953 2618 eosdem
1015 2561 1426 2633 illo—tempore,
1460 2561 1568 2618 aut
1609 2561 1814 2619 omnes
1863 2561 2063 2633 palatii

422 2634 763 2707 praepositos
792 2634 1095 2707 eunuchos
1116 2634 1308 2701 fuisse,
1341 2635 1835 2707 quemadmodum
1859 2649 2063 2707 o_mnes

421 2704 717 2778 praepositi
742 2705 1015 2778 eunuchi
1068 2713 1231 2778 erant
1271 2709 1326 2760 et
1364 2704 1503 2761 esse
1534 2705 1844 2778 debebant.
1883 2704 2062 2774 Repe-

423 2775 815 2834 i'iunturenim
848 2775 954 2831 viri
983 2776 1192 2847 integri
1215 2777 1274 2830 in
1299 2778 1620 2847 praepositis
1646 2776 1841 2846 palatii
1862 2792 2063 2832 eorum

422 2854 779 2920 temporum,
814 2851 878 2902 ut
908 2846 1183 2920 Boethius
1213 2852 1269 2902 et
1294 2846 1704 2914 Cassiodorus;
1732 2864 1919 2918 neque
1942 2851 2068 2902 erat

423 2918 599 2976 causa
640 2919 713 2975 ob
746 2935 924 2989 quam
956 2919 1022 2976 V.
1062 2918 1155 2991 pl.
1190 2920 1641 2991 Hagenbuchius
1670 2921 1731 2975 in
1761 2920 2064 2976 Commen-

424 2992 574 3048 tario
603 2992 669 3046 ad
706 2991 1026 3062 Diptychon
1059 2990 1393 3046 Brixianum
1426 3009 1480 3062 p.
1503 2992 1612 3059 28;
1646 2996 1746 3046 aut
1778 2992 2070 3046 dubitaret

427 3066 498 3119 de
542 3064 655 3118 tide
696 3072 867 3134 atque
906 3063 1113 3134 peritia
1145 3062 1378 3117 illorum
1438 3063 1537 3134 qui
1570 3064 1802 3118 titulum
1827 3062 2065 3134 Cassio-

427 3136 550 3191 dcri
587 3152 653 3190 ex
684 3133 811 3204 ejus
841 3133 1037 3191 codice
1060 3133 1479 3203 manuscriptc,
1509 3136 1608 3205 qui
1641 3135 1701 3188 in
1722 3133 2069 3189 bibliotheca

428 3206 622 3296 Ampi.
643 3205 1235 3296 senatusql‘sjpsiensis
1264 3211 2067 3296 asservatur,‘excerpserunt,
2105 3228 2148 3296 ο

429 3276 827 3333 δυιίεοτὶὒωη
888 3277 1044 3349 illius
1104 3276 1321 3333 codicis
1369 3277 1711 3349 ignorantiae
1753 3276 2071 3349 aecusaret,

431 3350 948 3421 propterearquiod
1010 3348 1417 3421 Gessicdorum
1472 3352 1829 3420 praepositum
1873 3348 2074 3418 palatii

429 3418 825 3492 appellaverit.
858 3420 1021 3475 Putat
1050 3418 1117 3474 V.
1147 3424 1335 3492 D.ﬁaut
1369 3418 1484 3475 non
1515 3418 1668 3476 recte
1697 3421 2074 3492 exscripsisse

427 3490 839 3560 compendium
871 3492 1176 3562 scripturae
1207 3490 1361 3556 illos,
1396 3492 1494 3560 qui
1531 3493 1745 3548 codicis
1777 3490 1936 3547 illius
1974 3508 2073 3547 no-

426 3565 617 3619 titiam
659 3564 886 3631 dedere,
928 3573 1026 3617 aut
1057 3563 1310 3618 scribam
1347 3563 1541 3633 ipsum
1586 3580 1699 3619 non
1742 3568 1894 3619 recte
1937 3564 2072 3618 red-

429 3635 649 3690 didisse
696 3634 1136 3705 compendium,
1182 3635 1333 3704 quod
1380 3650 1576 3689 coram
1620 3651 1680 3690 se
1724 3636 1783 3689 in
1831 3636 2071 3705 antiquo

428 3707 647 3769 codice,
682 3721 711 3759 θ
753 3722 865 3776 quo
907 3720 1076 3760 suum
1110 3705 1427 3777 derivabat,
1462 3706 1759 3777 repererit.
1802 3708 1911 3761 Sed
1951 3706 2074 3775 ipse

429 3780 576 3833 meis
616 3777 800 3832 oculis
850 3777 969 3832 vidi
1018 3777 1304 3849 scriptum
1354 3776 1433 3832 ibi
1480 3776 1606 3833 esse
1648 3779 1996 3849 exquwstoris
2025 3784 2075 3832 et

428 3852 577 3905 sacri
597 3850 797 3920 palatii
818 3847 1103 3919 praepositi
1125 3847 1174 3904 et
1193 3850 1425 3919 patricii
1442 3847 1815 3904 Romanorum
1842 3867 1856 3905 :
1886 3865 2076 3919 neque

428 3923 594 3977 video
649 3937 751 3991 ego
810 3921 1067 3991 quidem,
1114 3937 1292 3992 quare
1344 3922 1677 3977 auctoritati
1723 3921 1854 3977 libri
1895 3938 2073 3976 manu

430 3992 645 4048 exarati
696 3993 1119 4065 derogandum,
1169 3998 1227 4047 et
1271 3992 1397 4048 loco
1446 3993 1603 4049 vocis
1638 3995 1927 4065 praepositi
1969 4009 2077 4047 vox

427 4066 673 4137 praefecti
720 4063 1132 4120 substituenda
1171 4065 1266 4131 sit,
1296 4080 1432 4119 cum
1466 4070 1524 4121 et
1564 4063 1801 4120 nomina
1830 4065 2075 4137 dignita-

429 4136 556 4191 tum
602 4144 657 4191 et
688 4137 889 4191 munia
930 4151 1201 4191 successu
1235 4140 1567 4206 temporum
1614 4136 1979 4190 variaverint.
2012 4140 2075 4188 In

430 4208 750 4278 Menolcgio
807 4207 1099 4263 Basiliano
1144 4210 1203 4278 t.
1237 4206 1278 4274 Ι,
1331 4223 1387 4276 p.
1437 4208 1527 4273 20,
1571 4206 1935 4278 πραιπόσιτος
1979 4208 2076 4258 τοῦ

438 4273 708 4350 βασιλέαῖς
740 4278 1065 4350 appellatur
1094 4292 1163 4331 ex
1193 4273 1427 4350 illorum
1460 4273 1757 4350 temp'rum
1799 4293 1932 4345 usu,
1975 4293 2078 4331 seu

433 4348 756 4418 praepositus
818 4348 1043 4417 palatii,
1098 4351 1151 4401 S.
1216 4348 1522 4415 Romulus,
1579 4348 1695 4418 qui,
1765 4364 1869 4418 pro
1927 4351 2075 4402 tem-

435 4418 674 4490 poribus
706 4418 847 4485 illis,
881 4419 1096 4488 quibus
1130 4418 1341 4473 vixisse
1382 4419 1737 4487 perbibetur,
1769 4418 1860 4473 vix
1893 4419 2081 4490 potuit

435 4489 606 4555 alius,
628 4505 818 4561 quam
862 4490 1167 4561 prietectus
1207 4490 1470 4561 praetorio
1514 4491 1711 4557 fuisse,
1754 4496 1811 4546 et
1847 4489 1918 4547 ab
1948 4490 2079 4545 aliis

432 4556 788 4635 πραιπὸᾱιτος
845 4556 963 4635 ea;
1004 4556 1596 4635 ablﬁs'nominatur.
1645 4562 1709 4617 Et
1757 4579 1896 4619 sane
1952 4579 2080 4634 quas

435 4632 689 4704 dignitas
720 4642 839 4689 erat
879 4633 989 4688 sub
1021 4632 1228 4705 primis
1281 4634 1538 4704 augustis
1575 4640 1907 4705 prm/ectura
1936 4632 2079 4703 prse-

437 4703 588 4770 torii,
626 4723 693 4761 ea
724 4706 835 4761 sub
864 4703 1212 4777 Theodosiis
1242 4711 1299 4760 et
1328 4703 1540 4777 secutis
1570 4703 1702 4762 erat
1720 4710 2083 4777 praepositum

433 4780 655 4848 palatii.
680 4778 785 4840 Qui
811 4786 1000 4850 autem
1020 4793 1049 4831 e
1071 4776 1282 4832 Graecis
1301 4776 1475 4833 medii
1502 4778 1607 4833 aevi
1631 4776 1783 4843 nude
1798 4780 2085 4850 przepositi

438 4850 825 4920 appellantur,
848 4849 930 4904 illi
951 4853 1089 4903 sunt
1110 4865 1339 4919 semper
1360 4850 1707 4917 eunuchi,et
1727 4851 1965 4921 quidem
1988 4866 2085 4905 eu-

437 4921 763 4977 nuchorum
788 4921 1097 4992 principes.
1120 4922 1269 4986 Quot
1288 4921 1502 4976 fuerint
1524 4922 1937 4991 numero,mihi
1966 4938 2081 4978 non

442 4997 700 5064 constat:
722 4993 894 5047 modo
918 4994 987 5047 de
1002 5008 1128 5064 uno
1143 5008 1335 5048 sermo
1350 4993 1435 5064 ﬁt,
1459 4995 1631 5048 modo
1653 4996 1725 5049 de
1739 4994 2007 5064 pluribus
2021 4999 2083 5048 ut

438 5063 535 5136 hic
565 5064 695 5119 loci.
720 5064 870 5136 Cum!
889 5068 1037 5119 teste
1066 5063 1498 5136 Theopbylacto
1529 5063 1847 5136 Simocatta
1876 5067 2083 5136 Roma-

437 5135 499 5212 ni
538 5134 946 5212 ecpsueverint
978 5134 1329 5212 praepositum
1362 5136 1651 5212 appellare
1679 5134 1770 5212 τὸν
1800 5134 2082 5212 εὐνούχων

435 5210 543 5281 ea»
578 5205 652 5266 εἷς
683 5207 782 5275 τὴν
802 5202 1799 5281 βᾳσιλίκὴνζδορυφορίοῐν”τεταγμὲνων
1824 5202 2081 5280 κορυξαι·

440 5276 650 5353 ότᾳτον,
666 5276 1035 5353 cunuchorum
1048 5278 1118 5353 ad
1132 5276 1456 5353 cornitatum
1464 5276 2083 5353 regiumdeputatorum

438 5350 853 5428 principem,_et
887 5350 1019 5428 aliis
1059 5348 1087 5402 ὁ
1130 5348 1637 5428 ἆρῇχιεονοῦχοςίίιιι
1667 5348 1928 5428 dicatur;
1962 5351 2080 5405 vid.

439 5422 661 5490 Malata,
695 5426 736 5475 t.
769 5422 839 5488 ll,
872 5422 1049 5492 p.731,
1083 5429 1137 5476 et
1167 5422 1583 5478 ibiChilm'ead.
1616 5438 1629 5488 ;
1663 5422 1938 5479 credibile
1969 5427 2079 5488 est,

440 5511 555 5549 non
603 5491 807 5564 fuisse,
849 5491 958 5547 nisi
1000 5508 1207 5548 unum.
1257 5494 1367 5549 Sed
1424 5510 1555 5549 cum
1599 5510 1851 5564 persaepe
1910 5493 2079 5547 multi

440 5572 635 5621 essent
666 5563 1045 5635 imperatores
1078 5563 1641 5634 collegae,interdum
1664 5570 1784 5620 tres
1816 5566 1899 5619 vel
1932 5581 2078 5635 qua-

440 5642 593 5703 tuor,
620 5636 734 5691 fere
754 5637 1139 5707 semperduo,
1173 5636 1443 5691 credibile
1464 5640 1572 5703 est,
1606 5652 2081 5707 unumquemque

444 5708 735 5780 peculiare
774 5708 882 5762 sibi
906 5706 1317 5780 cubilariorum
1341 5724 1438 5763 seu
1463 5708 1784 5778 spadonum
1809 5706 2081 5764 habuisse

440 5778 807 5852 obsequium,
837 5784 938 5834 aut
966 5778 1244 5852 familiam
1273 5796 1287 5846 ;
1318 5784 1375 5835 et
1395 5786 1480 5835 tot
1500 5780 1681 5852 fuisse
1701 5780 2077 5852 prapositos,

440 5855 580 5923 quot
608 5850 834 5908 familiae
866 5850 1210 5924 spadonum.
1233 5852 1517 5908 Praeterea
1545 5850 1797 5909 habebat
1814 5854 2079 5923 Augusta

441 5921 671 5996 duoque
703 5939 875 5980 suum
901 5921 1307 5997 praepositum,
1344 5927 1399 5981 et
1429 5924 1630 5997 plures
1661 5925 1712 5982 si
1743 5921 1938 5981 essent
1966 5926 2074 5979 Au-

2159 1987 2345 2045 torem
2370 1989 2426 2042 in
2450 1987 2778 2053 ecclesiam,
2795 1989 2864 2043 ad
2889 1988 3081 2058 ipsum
3096 2004 3281 2059 usque
3295 1988 3799 2054 sacriﬁcatorium,

2166 2059 2497 2132 porrigebat
2542 2059 2655 2129 ipsi
2708 2075 2926 2132 cereos,
2968 2059 3068 2115 ubi
3102 2076 3264 2132 opus,
3301 2065 3443 2122 erat,
3477 2067 3532 2114 et
3562 2059 3632 2115 ab
3676 2061 3803 2128 ipso

2165 2130 2421 2187 vicissim
2468 2132 2724 2186 redditos
2755 2131 3093 2202 recipiebat,
3127 2130 3496 2187 ministrabat
3526 2132 3636 2202 ipsi
3670 2147 3810 2202 apo-

2167 2204 2414 2269 combia,
2450 2219 2546 2257 seu
2588 2202 2932 2265 oblationes,
2967 2218 3113 2273 quas
3142 2203 3460 2273 imperator
3491 2203 3547 2257 in
3579 2202 3812 2273 magnis

2166 2276 2330 2332 festis
2361 2273 2584 2330 solebat
2612 2274 2670 2329 in
2694 2273 2861 2329 altari
2892 2275 3216 2344 deponere;
3250 2274 3532 2329 induebat
3560 2279 3617 2329 et
3638 2289 3813 2328 exue-

2167 2348 2267 2403 bat
2298 2346 2407 2416 ipsi
2440 2344 2709 2408 infulam,
2743 2362 2843 2417 pro
2884 2360 2944 2399 re
2973 2346 3257 2416 exigente,
3289 2345 3463 2401 dabat
3498 2346 3567 2399 ad
3601 2352 3814 2417 nutum

2171 2417 2534 2487 imperatoris
2565 2416 2797 2489 signum
2854 2417 3288 2486 Cerimoniario,
3328 2418 3562 2488 quando
3592 2416 3690 2471 ille
3718 2433 3817 2472 ce-

2168 2489 2393 2545 leusma
2412 2490 2570 2555 dare,
2602 2488 2774 2560 idest
2806 2504 3071 2559 proceres
3099 2494 3482 2560 congregatos
3504 2490 3574 2544 ad
3607 2504 3812 2560 proce-

2171 2560 2432 2616 dendum
2465 2559 2680 2631 hortari
2714 2561 2986 2631 deberet;
3016 2559 3328 2631 recipiebat
3348 2560 3420 2615 ab
3462 2559 3814 2631 imperatore

2172 2632 2423 2703 traditos
2461 2630 2543 2684 illi
2595 2629 2823 2703 libellos
2888 2629 3296 2703 gratulatorios
3345 2629 3688 2700 factionum,
3732 2632 3817 2685 in-

2173 2702 2514 2759 troducebat
2526 2702 2913 2771 patriarcham
2937 2703 3008 2758 ad
3023 2704 3428 2773 imperatorem
3445 2703 3817 2773 postﬁnitum

2174 2720 2913 2771 trouucenatpatriarcnam
2937 2720 3098 2758 anim
3147 2720 3428 2759 craterem
3445 2720 3817 2773 postumium

2174 2789 2405 2830 sacrum
2437 2773 2720 2846 officium,
2753 2779 2810 2829 et
2836 2790 3032 2830 rursus
3060 2720 3376 2842 ecfusebat;
3412 2775 3686 2846 eulogias,
3712 2790 3820 2830 seu

2178 2862 2359 2919 panes
2420 2844 2782 2919 benedictus,
2820 2862 2852 2899 a
2892 2844 3599 2919 patriarcharimperatori
3634 2847 3823 2919 datos,

2176 2916 2375 2975 secum
2405 2933 2472 2972 ex
2499 2918 2745 2973 ecclesia
2764 2916 2823 2971 in
2849 2918 3123 2985 palatium
3155 2916 3466 2974 deferebat.
3491 2919 3652 2974 Mitto
3682 2917 3816 2972 alia.

2176 2994 2255 3046 De
2286 2989 2612 3062 praepositis
2636 2989 2902 3062 conferri
2935 2995 3183 3060 possunt
3212 2990 3298 3062 Du
3340 2992 3531 3062 Cange
3563 2990 3619 3044 in
3655 2993 3821 3044 utro-

2177 3059 2612 3133 que—Glossario
2635 3059 2808 3133 h.v.;
2842 3059 3243 3133 Fabrottusuin
3272 3059 3565 3117 Glossa'rio
3610 3062 3678 3133 ad
3718 3064 3821 3117 Ce-

2179 3131 2445 3200 drenum,
2500 3132 2825 3187 Bacchinus
2871 3133 2942 3187 ad
2989 3131 3299 3203 Agnellum
3348 3150 3408 3204 ρο
3447 3134 3539 3197 70,
3571 3132 3824 3204 ιὼὶγιιοιι

2180 3206 2258 3261 im
2270 3204 2638 3274 probabiliter
2658 3204 2971 3270 existimat,
2996 3203 3367 3275 praepositum
3390 3205 3539 3259 sacri
3568 3203 3825 3259 cubiculi

2179 3277 2249 3332 ab
2280 3275 2522 3347 Agnello
2548 3277 2827 3347 majorem
2861 3274 3824 3347 cubiculiappellatumfuisse.ADe

2178 3345 2896 3419 praepositisgcohortium,
2929 3352 3031 3403 aut
3070 3345 3443 3415 militaribus,
3475 3348 3587 3403 vid.
3630 3345 3824 3403 Vales.

2178 3417 2245 3476 ad
2279 3417 2473 3473 Amm.
2510 3417 2762 3473 Marcell.
2799 3435 2855 3489 p.
2888 3419 3013 3473 500.

2250 3491 2361 3561 (14)
2398 3490 2613 3544 Dicitur
2644 3489 2737 3545 hic
2768 3490 3113 3561 praepositus
3145 3494 3358 3560 stante,
3384 3490 3441 3545 id
3473 3494 3563 3546 est
3582 3494 3833 3545 coeunte

2180 3562 2238 3615 in
2286 3561 2639 3633 consistorio,
2665 3562 3035 3632 processione
3075 3562 3437 3633 quotidiana,
3467 3561 3559 3616 vel
3588 3578 3833 3632 corpore

2180 3648 2508 3705 procerum,
2545 3632 2644 3703 qui
2673 3648 2740 3705 ex
2779 3632 2971 3688 ofﬁcio
3004 3632 3263 3705 quotidie
3294 3634 3351 3689 in
3385 3633 3578 3688 aulam
3612 3648 3827 3688 conve-

2178 3707 2305 3760 nire
2331 3704 2640 3771 debebant,
2673 3704 2975 3775 ingressus
2997 3704 3055 3760 in
3076 3705 3589 3777 Chrysotriclinum
3612 3705 3825 3760 admo-

2180 3777 2383 3832 nuisse
2430 3778 2841 3847 imperatorem
2883 3777 2952 3831 de
3001 3777 3259 3832 instante
3297 3778 3462 3832 festo.
3504 3778 3689 3842 Quare
3732 3793 3833 3831 au-

2180 3853 2297 3905 tem
2336 3850 2393 3903 in
2421 3846 2994 3919 Chrysotriclinum?
3027 3848 3253 3903 Scilicet
3284 3848 3364 3904 ibi
3387 3856 3511 3903 erat
3540 3850 3666 3918 ipsa
3697 3864 3829 3918 pro-

2180 3921 2305 3992 pria
2360 3920 2724 3992 imperatoris
2769 3921 2956 3992 sedes.
2989 3920 3319 3992 Edeshar,
3358 3936 3599 3975 aureum
3642 3919 3827 3992 tricli-

2181 3990 2345 4048 nium
2377 3991 2565 4057 dictas,
2597 3995 2763 4046 erant
2792 3990 3087 4046 ordinaria
3108 3991 3441 4062 principum
3475 3991 3827 4063 Byzantino-

2182 4080 2312 4119 rum
2349 4063 2656 4134 habitatio,
2690 4079 2824 4133 pars
2862 4067 3089 4118 tantum
3136 4080 3246 4118 non
3296 4064 3587 4134 praecipua
3626 4063 3829 4132 magni

2192 4134 2414 4205 palatii.
2447 4133 2597 4188 Sane
2640 4133 3033 4205 Luitprandus
3076 4133 3317 4190 aureum
3356 4133 3674 4189 triclinium
3726 4150 3830 4204 ap-

2180 4203 2358 4330 Eellat
2398 4203 2837 4274 praestantiorem
2880 4206 3083 4273 palatii
3123 4214 3369 4276 partem,
3410 4210 3466 4262 et
3497 4203 3827 4261 Romanum

2230 4291 2575 4330 ecanenum.
2609 4291 2725 4330 auo
2764 4279 3024 4330 tempore
3063 4292 3297 4330 summa
3336 4278 3627 4330 gaudebat
3667 4282 3827 4330 note-

2230 4291 2737 4349 ecapenum,_q_uo_
2764 4279 3024 4349 tempore
3063 4292 3297 4333 summa
3336 4278 3627 4349 gaudebat
3667 4282 3831 4346 pote-

2184 4348 2432 4420 state,_in
2456 4346 2962 4420 ecait‘habitasse,
2988 4352 3051 4403 ut
3071 4346 3371 4404 summum
3394 4350 3831 4420 imperatorem,

2185 4418 2407 4474 caeteris
2438 4417 2695 4489 collegis,
2728 4418 2864 4473 filiis
2896 4426 2954 4475 et
2983 4436 3211 4489 genero,
3245 4420 3367 4476 solo
3399 4417 3629 4476 nomine
3658 4425 3833 4475 tenus

2185 4490 2636 4561 imperantibus,
2671 4490 2919 4562 ideoque
2959 4492 3017 4545 in
3044 4490 3186 4546 alias
3218 4492 3441 4562 palatii,
3476 4497 3686 4561 partes,
3724 4506 3828 4546 ceu

2114 4597 2157 4660 D
2192 4562 3415 4660 vilioresLa‘blegatis.“Xef-bausupt-Legat.
3450 4563 3830 4660 altialii-hec

2190 4634 2367 4702 igitur
2404 4636 2678 4690 Romanus
2708 4649 2874 4689 aureo
2905 4633 3173 4699 triclinio,
3204 4651 3323 4705 qua;
3364 4638 3720 4705 praestantior
3752 4642 3830 4690 est

2188 4723 2340 4779 pars,
2370 4708 2746 4779 potentissime
2774 4705 2996 4779 degens,
3029 4710 3255 4779 exteras
3289 4716 3491 4779 partes
3505 4707 3708 4779 palatii
3734 4721 3828 4777 ge-

2190 4777 2324 4835 nero
2356 4777 2731 4843 Constantino,
2765 4778 3002 4848 ﬁliisque
3029 4779 3146 4833 suis
3174 4778 3452 4848 Stephano
3484 4777 3535 4834 et
3568 4778 3828 4833 Constan-

2191 4852 2312 4905 tino
2359 4848 2736 4921 distribuerat.
2769 4848 2810 4921 Ε
2849 4864 2980 4919 pag.
3019 4850 3076 4914 5,
3110 4849 3288 4905 nostri
3318 4851 3529 4907 Cerim.
3565 4854 3825 4921 apparet,

2191 4921 2271 4976 ibi
2330 4920 2511 4975 luisse
2559 4920 2651 4974 τὸν
2699 4918 3112 4990 ιερὸνκοιτῶνα
3151 4936 3372 4977 sacrum
3411 4918 3692 4977 catonem.
3737 4924 3826 4978 vel

2188 4991 2581 5049 dormitorium
2610 4992 2993 5063 imperatoris,
3018 4995 3074 5045 et
3102 4991 3239 5049 huic
3266 4994 3607 5063 adiunctum
3642 5008 3823 5047 secre-

2190 5069 2333 5130 tum,
2370 5064 2428 5118 in
2468 5079 2585 5133 quo
2616 5062 2877 5132 excipere
2914 5063 3238 5120 salutantes
3277 5062 3539 5134 proceres
3581 5064 3826 5121 solebat.

2189 5138 2251 5191 In
2288 5136 2387 5190 illo
2418 5138 2638 5205 secreto
2669 5138 2795 5188 erat
2834 5134 3074 5203 concha,
3117 5152 3219 5191 seu
3261 5152 3449 5205 arcus,
3501 5153 3633 5193 cum
3670 5136 3831 5191 fene—

2188 5211 2329 5280 stra,
2371 5204 2480 5261 sub
2502 5222 2615 5280 quc
2663 5221 2799 5280 areu
2823 5206 3233 5280 stabatimago
3267 5204 3593 5263 aureaJesu
3610 5207 3830 5280 Christi

2186 5278 2245 5333 in
2287 5278 2492 5350 throno
2519 5277 2795 5350 sedentis,
2820 5294 3015 5333 coram
3048 5277 3495 5350 qua'imperator
3524 5279 3830 5335 devotione

2187 5367 2291 5422 sua
2342 5348 2771 5419 defungebatur
2806 5354 2982 5422 mane
3024 5348 3289 5421 surgens,
3325 5356 3636 5422 antequam
3667 5350 3827 5404 aliud

2187 5421 2323 5493 quid
2347 5422 2780 5493 aggrederetur,
2803 5420 2940 5477 item
2962 5420 3153 5478 coram
3173 5422 3274 5477 illa
3292 5420 3549 5493 imagine
3580 5422 3833 5477 faciebat

2186 5491 2470 5563 preces'ex
2482 5491 2794 5548 ecclesiain
2812 5493 3090 5564 palatium
3110 5510 3375 5550 reversus
3393 5512 3405 5560 ;
3424 5491 3483 5550 et
3495 5495 3575 5549 sic
3590 5496 3827 5548 demum

2186 5581 2246 5621 se
2276 5566 2334 5620 in
2366 5565 2693 5620 cubiculum
2725 5581 2897 5619 suum
2929 5566 3214 5635 privatum
3247 5566 3581 5636 recipiebat.
3608 5564 3830 5637 '[Aurei

2184 5637 2424 5693 triclinii
2450 5642 2624 5706 portas
2655 5640 2961 5709 argenteae,
2986 5652 3298 5707 mensaque
3329 5643 3621 5709 argentea,
3647 5638 3828 5692 Cons-

2185 5709 2425 5765 stantini
2445 5706 2912 5781 Porphyroigeniti
2930 5706 3708 5781 opus._Cu'stodia‘purpurea
3722 5725 3827 5779 pro

2184 5781 2472 5864 vestibulo
2490 5778 2749 5864 cubiculi
2769 5778 3624 5864 imperatoris.”Scriptoi-.“post
3645 5780 3832 5835 Theo-

2183 5852 2439 5924 phanem
2475 5869 2529 5922 p.
2561 5850 2688 5906 281,
2725 5850 2884 5906 Idem
2908 5848 3334 5907 Constantinus
3358 5848 3680 5909 triclinium
3715 5868 3827 5907 au-

3658 5938 3825 5978 reum
