4074 6220
374 357 447 420 91
1443 353 1977 418 CONSTANTINI
2021 350 2725 416 PORPHYBOGENITI
3704 353 3778 415 92

373 497 503 567 riis,
534 494 834 568 capitaneo
863 492 1001 551 item
1032 496 1091 550 et
1119 493 1442 551 domestico
1501 493 2004 567 imperatoriorum

2144 490 2244 558 τὴν
2286 488 2473 564 αὔριον
2514 488 2812 561 πρόκενσον
2859 483 2985 557 ἤτοι
3033 481 3374 558 προέλευσιν.
3428 486 3496 543 Οἱ
3536 482 3595 541 δὲ
3642 486 3782 564 ἐξερ-

371 587 602 643 duobus
619 589 896 656 praterea
915 584 1271 654 demarchis,
1295 584 1528 640 edicunt
1559 599 1570 638 :
1591 585 1833 640 mittunt
1853 583 2014 639 etian:

2138 578 2371 655 χόμενοι
2413 577 2655 652 ὁρίζουσι
2706 582 2865 633 πᾶσιν
2913 582 3036 638 τοῖς
3075 580 3172 631 τοῦ
3212 568 3610 631 κουϐουκλείου
3650 580 3781 651 (17),

371 678 649 735 mandata
677 680 802 730 tum
847 674 1164 730 domestico
1209 690 1611 742 numerorum,
1670 678 1797 729 tum
1829 672 2025 728 comiti

2139 667 2351 741 ὁμοίως
2390 672 2481 722 καί
2521 665 2599 739 τῷ
2636 667 2922 722 κατεπάνω
2952 668 3062 740 (18)
3101 665 3192 720 καὶ
3232 668 3313 737 τῷ
3342 661 3652 740 δομεστίκῳ
3680 671 3784 723 τῶν

1418 773 1617 829 JOAN.
1649 774 1792 830 JAC.
1825 770 2093 827 REISKII
2125 767 2724 825 COMMENTARIUS.

375 876 641 945 peratore
668 873 851 945 capite
898 872 1083 945 nudo.
1149 873 1412 927 Lectione
1468 870 2024 945 finitataccedebat

376 941 706 1018 patriarcha
749 944 820 1018 ad
873 943 1306 1018 imperatorem
1365 960 1501 1018 cum
1569 942 1786 1018 codice,
1856 941 2024 1011 eique

374 1014 544 1071 illum
608 1014 999 1071 osculandum
1086 1014 1382 1070 offerebat.
1465 1016 1643 1080 Quem
1708 1015 2024 1085 imperator

384 1102 611 1157 unaque
696 1086 1035 1157 patriarcha
1106 1103 1347 1141 manum
1432 1086 1829 1143 osculabatur.
1900 1086 2021 1150 Quo

373 1161 524 1215 facto
592 1159 763 1215 ambo
834 1159 905 1213 ad
991 1158 1269 1213 thronum
1356 1159 1607 1228 quisque
1680 1173 1853 1213 suurn
1943 1172 2023 1211 re-

372 1232 596 1286 dibant.
658 1230 796 1285 inde
850 1230 1183 1285 sacerdotes
1278 1229 1392 1284 duo
1450 1231 1708 1285 codicem
1786 1244 2021 1284 sacrum

373 1318 575 1357 rursus
630 1302 990 1357 auferebant.
1055 1302 1377 1371 Imperator
1433 1305 1489 1357 et
1540 1299 1866 1370 patriarcha
1924 1300 2021 1354 de-

373 1374 733 1430 scendebant
756 1374 828 1427 de
867 1373 1075 1428 throno
1107 1372 1352 1442 quisque
1383 1388 1491 1427 suo
1527 1377 1583 1426 et
1627 1371 2021 1442 procedebant

372 1462 573 1501 versus
626 1460 837 1515 aquam
902 1449 1183 1515 apertam.
1246 1442 1578 1499 Patriarcha
1634 1443 2022 1498 descendebat

372 1518 444 1572 ad
478 1518 605 1586 ejus
636 1515 1002 1586 superﬁciem
1035 1531 1136 1586 per
1172 1515 1386 1585 gradus
1421 1516 1619 1583 factos,
1672 1515 2019 1584 imperatore

373 1588 608 1643 interim
640 1604 758 1642 non
798 1591 947 1642 tecto
1006 1603 1202 1642 coram
1234 1587 1504 1642 cancellis
1533 1591 1780 1653 astante,
1832 1602 2017 1657 quan-

374 1659 471 1715 diu
500 1658 953 1714 consecrationis
981 1664 1146 1713 actus
1176 1659 1429 1724 duraret,
1463 1675 1591 1730 qua
1632 1657 1849 1714 multas
1896 1663 2019 1727 post

373 1730 720 1787 cerimonias
750 1747 857 1802 ope
887 1732 1076 1785 crucis
1109 1746 1317 1797 aurea,
1377 1732 1470 1784 cui
1500 1730 1720 1784 inserta
1765 1732 1889 1802 erat
1918 1744 2015 1798 pa-

372 1806 499 1857 tera
539 1800 831 1872 argentea,
891 1802 1082 1856 ﬁebat.
1117 1806 1189 1855 Ea
1222 1806 1455 1872 peracta
1503 1816 1703 1856 rursus
1762 1800 2019 1872 impone-

374 1874 472 1929 bat
503 1875 715 1928 Czarus
747 1890 853 1928 suo
894 1873 1070 1944 capiti
1122 1871 1420 1943 coronam,
1455 1876 1511 1928 et
1540 1871 1875 1944 patriarcha
1905 1872 2015 1925 sibi

2135 868 2433 923 rusticatio
2456 882 2743 938 processus
2774 864 3295 938 appellatur,quia
3350 866 3671 938 imperator
3721 883 3784 923 ex

2133 943 2385 1011 augusta
2406 936 2676 1011 suasede
2699 937 3047 1011 procedebat
3074 937 3209 993 alio.
3242 938 3457 1011 Refero
3488 936 3602 994 huc
3641 955 3785 1009 quo-

2134 1009 2246 1083 que
2275 1010 3294 1083 vindemialia;iquandoimperator
3345 1009 3594 1082 amicos,
3641 1026 3785 1082 quos

2132 1080 2324 1152 vellet,
2358 1083 2429 1138 ad
2463 1098 2525 1138 se
2556 1082 2615 1137 in
2647 1080 2847 1137 vineas
2880 1097 3018 1136 suas
3039 1080 3346 1137 invitabat.

2200 1227 2413 1298 (17)οἱ
2454 1228 2550 1279 τοῦ
2603 1219 2965 1279 κοϐουκλείου
3023 1230 3166 1282 sunt
3212 1226 3562 1299 cubicularii,
3632 1244 3781 1299 quo-

2131 1315 2260 1354 rum
2290 1299 2562 1381 frequens
2590 1299 2712 1381 hoc
2738 1299 2795 1353 in
2825 1313 2994 1381 opere
3014 1299 3229 1353 mentio
3259 1298 3552 1381 ﬁt.ﬂEr_ant
3577 1298 3779 1358 omnes

2130 1372 2402 1436 eunuchi,
2431 1374 2487 1425 et
2516 1370 2626 1426 sub
2658 1370 3045 1441 dispositione
3081 1370 3396 1441 prapositi,
3430 1372 3502 1426 de
3540 1388 3654 1441 quo
3686 1389 3779 1428 su-

2129 1442 2327 1569 Berius
2358 1443 2608 1525 egimus.
2631 1440 2811 1523 Video
2853 1458 2885 1496 a
2916 1440 3211 1523 Fabrotto’
3244 1446 3300 1497 et
3331 1441 3419 1497 Du
3449 1440 3666 1523 pangio
3688 1461 3778 1528 cu-

2170 1514 2442 1569 icularios
2468 1518 2525 1569 et
2544 1517 2852 1569 catonitas
2891 1528 2994 1569 pro
3017 1514 3226 1568 iisdem
3258 1512 3483 1569 haberi.
3516 1522 3778 1569 auctori-

2170 1514 2442 1569 icularios
2468 1518 2525 1569 et
2544 1513 2852 1569 catonitas
2890 1528 2994 1584 pro
3017 1513 3226 1568 iisdem
3258 1512 3483 1582 haberi,
3516 1512 3778 1572 auctori-

2127 1586 2349 1641 tatibus
2380 1602 2497 1640 non
2524 1585 3012 1641 contemmendis.
3045 1584 3263 1640 Glossa
3287 1591 3443 1641 certe
3462 1592 3516 1641 et
3547 1585 3650 1641 alii
3682 1604 3777 1643 ve-

2126 1662 2279 1712 teres
2312 1673 2491 1712 unam
2514 1673 2710 1712 vocem
2771 1672 2874 1727 per
2922 1655 3165 1711 alteram
3197 1661 3514 1727 exponunt.
3546 1657 3656 1713 Sed
3710 1675 3774 1715 ex

2126 1736 2322 1783 nostro
2378 1727 2749 1784 Cerimoniali
2835 1732 2992 1798 patet
3055 1728 3312 1783 diversos
3379 1728 3482 1784 hos
3539 1730 3611 1784 ab
3659 1728 3778 1787 illis

2126 1800 2325 1855 fuisse.
2360 1800 2656 1856 Catonita
2703 1806 2927 1855 tantum
2985 1799 3227 1855 catonis
3287 1815 3390 1855 seu
3451 1799 3776 1857 dormitorii

2126 1888 2326 1927 curam
2359 1872 2671 1938 habebant,
2705 1876 2762 1927 et
2792 1874 3108 1926 nocturnas
3137 1872 3423 1927 curabant
3451 1870 3600 1927 sacri
3647 1888 3772 1928 cor-

374 1946 608 2000 mitram
632 1942 1040 2015 episcopalem,
1074 1949 1129 1999 et
1159 1945 1230 1999 ad
1256 1942 1813 2016 thronum‘quisque
1844 1959 2017 1998 suum
2049 1949 2092 2011 Β
2125 1944 2283 2016 poris
2350 1943 2730 2016 necessitates
2761 1959 2773 1996 :
2814 1942 3180 2016 _cubieularii
3238 1951 3446 2016 autem
3507 1944 3771 2016 diurnas.

371 2016 655 2072 redibant.
707 2016 925 2071 Deinde
958 2017 1308 2086 efferebatur
1335 2017 1403 2071 ad
1441 2016 1831 2086 patriarcham
1878 2030 2017 2069 con-

372 2093 607 2143 secreta
636 2092 807 2161 atque
850 2088 967 2158 [τοῦ
999 2085 1358 2161 ἁγιάσματος]
1391 2085 1787 2161 nonnihilmin
1822 2094 2022 2161 patera

374 2168 663 2229 argentea,
703 2156 867 2213 item‘
902 2156 1057 2213 crux'
1088 2156 1284 2225 aurea,
1339 2156 1400 2213 et
1464 2156 1865 2229 aspergillum,
1899 2157 2022 2229 sin-

372 2227 509 2299 gula
579 2230 638 2283 in
715 2229 965 2300 singulis
1034 2229 1279 2284 scutulis
1355 2227 1667 2300 argenteis:
1726 2230 1869 2284 Cum
1916 2227 2023 2300 hoc

376 2307 653 2371 apparatu
715 2299 916 2356 adibat
962 2316 1163 2356 rursus
1227 2299 1557 2371 patriarcha
1615 2300 1879 2365 Czarum,
1921 2299 2024 2370 qui

372 2376 551 2442 caput
583 2372 859 2439 nudabat,
882 2388 1114 2428 crucem
1132 2388 1365 2427 auream
1390 2390 1423 2427 a
1446 2371 1789 2442 patriarcha
1819 2372 2024 2427 dextra

375 2444 630 2500 oblatam
690 2443 1063 2498 osculabatur
1112 2448 1169 2499 et
1215 2444 1299 2498 sic
1338 2445 1574 2499 tandem
1619 2461 1768 2514 aqua
1820 2458 2023 2514 conse-

372 2521 532 2571 erata
551 2518 989 2585 respergehatur
1025 2532 1039 2583 ;
1071 2515 1225 2585 quod
1259 2515 1413 2571 idem
1449 2513 1688 2570 coronaei
1730 2513 2021 2584 imperiali

373 2591 430 2642 et
459 2585 680 2640 vexillis
703 2586 1088 2655 prasentibus
1113 2587 1306 2640 fiebat.
1333 2590 1408 2641 Eo
1442 2587 1591 2641 facto
1623 2588 1692 2639 ad
1728 2585 2019 2640 thronum-

374 2656 627 2728 quisque
656 2673 831 2712 suum
864 2658 1111 2713 redibat.
1134 2656 1460 2712 Veniebant
1492 2657 1702 2712 deinde
1733 2656 2021 2727 archiepi-

374 2730 534 2797 scopi
558 2732 615 2782 et
640 2744 916 2799 proceres
940 2730 1011 2783 ad
1046 2729 1450 2796 osculandam,
1484 2744 1661 2799 quam
1692 2729 1891 2783 dextra
1914 2744 2023 2782 sua

377 2798 711 2884 patriarcha
781 2800 1027 2884 tenebai,
1066 2816 1326 2884 _auream
1353 2870 1363 2880 .
1390 2798 2020 2884 cruCem,“sacerdotes

374 2870 680 2953 inferiores
711 2873 1085 2953 respergehat
1109 2870 1584 2953 archiepiscopus
1616 2870 1832 2953 aliquis
1862 2870 2020 2940 apud

378 2941 770 3013 patriarcham
803 2941 984 2998 Stans.
1019 2941 1357 2998 Sacerdotes
1390 2941 1489 2997 alii
1509 2959 1539 2999 e
1569 2941 1818 2998 scutulis
1874 2959 2021 3011 aqua

375 3013 931 3086 consecrataiplenis
976 3015 1250 3084 pepulum
1278 3015 1722 3086 Arespergebant
1779 3013 2021 3086 circum-

370 3090 642 3141 stantem.
695 3084 1093 3156 Undecunque
1152 3084 1481 3141 conﬂuebat
1515 3084 1700 3140 turba
1748 3086 1818 3140 ad
1868 3084 2021 3139 hau-

372 3156 637 3212 riendam
664 3173 876 3227 aquam
909 3155 1039 3211 cum
1070 3155 1257 3212 situlis
1280 3162 1335 3212 et
1358 3156 1569 3212 urceis.
1618 3158 1717 3211 His
1748 3156 2020 3211 omnibus

368 3228 637 3299 peractis,
673 3228 1047 3283 benedicebat
1078 3228 1407 3299 patriarcha
1438 3229 1713 3284 manibus
1742 3228 2020 3284 decussa-

2130 2015 2263 2069 Erat
2292 2018 2482 2070 autem
2533 2014 2735 2070 horum
2768 2013 3024 2069 officium
3082 2014 3390 2086 pracipue,
3448 2018 3515 2069 ut
3569 2014 3777 2072 vestia-

2128 2086 2244 2141 rias
2275 2102 2441 2141 arcas
2471 2086 2899 2157 depromerent,
2932 2090 2990 2141 et
3030 2101 3145 2156 quo
3176 2092 3772 2158 opus,apportarent,

2129 2166 2472 2228 reponerent
2494 2174 2699 2213 rursus
2730 2161 2787 2212 et
2823 2162 3209 2213 asservarent.
3252 2157 3368 2228 Ipsi
3418 2157 3621 2214 tamen
3657 2175 3773 2215 non

2130 2229 2929 2310 imperatoreminduebant:
2982 2228 3309 2310 pertinebat
3336 2228 3493 2310 enim
3632 2231 3771 2310 offi-

2129 2301 2286 2355 cium
2317 2303 2395 2371 adi
2426 2300 2749 2366 vestitores,
2794 2300 2865 2371 de
2896 2300 3115 2371 quibus
3147 2316 3296 2356 mox.
3331 2302 3439 2366 Qui
3470 2302 3771 2358 cubicula-

2130 2371 2349 2426 riorum
2384 2370 2492 2426 hac
2543 2370 2940 2426 sollicitudine
2972 2372 3372 2440 fungerentur,
3434 2373 3685 2440 audiunt
3712 2374 3772 2429 in

2130 2447 2326 2524 n‘os'tro
2383 2441 2751 2524 Cerimoniali
2787 2442 2860 2524 _o't
2909 2446 3017 2524 raw
3057 2438 3770 2524 ἀλλαξ-ίμωῨ-τοβῇουϐου-

2127 2511 2335 2581 κλείου,
2392 2515 2645 2585 praefecti
2680 2517 3104 2571 mutatoriorum
3149 2511 3413 2571 cubiculi.
3462 2514 3577 2570 Alii
3607 2532 3772 2572 cura-

2127 2585 2287 2657 bant,
2350 2590 2415 2640 ut
2471 2585 2805 2641 cubiculum
2883 2585 3131 2657 Augusti
3181 2586 3432 2643 nitidum
3485 2593 3659 2656 esset,
3717 2593 3775 2643 et

2132 2656 2187 2711 hi
2246 2660 2722 2730 erant_veterum
2784 2656 3038 2730 ctpforair.
3094 2657 3225 2713 Vid.
3275 2656 3536 2713 Athena.
3591 2676 3646 2730 p.
3681 2659 3769 2716 48.

2127 2732 2231 2784 aut
2261 2727 2311 2781 οἱ
2362 2724 2450 2800 ἐπὶ
2515 2732 2637 2789 ταῖς
2702 2724 2962 2783 παστάσιν
3005 2727 3253 2797 ἑστῶτες,
3321 2734 3385 2783 ut
3422 2724 3773 2800 Anthélogia

2129 2816 2198 2872 p.
2216 2800 2323 2854 32:
2359 2799 2454 2872 alii
2486 2808 2686 2872 potum
2718 2801 3043 2858 inferebant
3071 2801 3142 2857 ad
3194 2817 3423 2857 sacram
3483 2799 3772 2870 mensam,

2128 2870 2225 2944 alii
2258 2870 2664 2944 pralegebant,
2699 2890 2826 2944 qua
2850 2874 3165 2944 imperaret
3207 2874 3526 2944 imperator
3557 2872 3669 2928 sibi
3702 2873 3773 2929 de

2127 2942 2275 2998 libro
2306 2942 2523 3014 scripto
2537 2942 2806 3011 recitari;
2840 2942 3159 3000 alii'cereos
3177 2942 3446 3000 ardentes
3479 2945 3771 3011 tenebant,

2126 3030 2272 3086 quos
2302 3016 2622 3086 imperator
2668 3015 2727 3070 in
2776 3015 3050 3071 ecclesias
3081 3016 3446 3072 devotionem
3478 3032 3647 3072 suam
3684 3016 3771 3071 fa-

2125 3085 2285 3142 ciens
2340 3085 2713 3157 a’praposito
2774 3093 3063 3157 porrectas
3114 3088 3172 3141 in
3230 3104 3439 3143 manus
3471 3088 3769 3155 sumebat,

2125 3161 2227 3231 aut
2284 3159 2436 3228 apud
2472 3175 2662 3213 sacras
2696 3158 2984 3231 imagines
3010 3159 3397 3231 depangebati
3449 3159 3561 3214 Alii
3593 3174 3768 3214 caue-

2122 3227 2373 3302 bantet
2418 3231 2706 3302 musicam
2747 3227 3101 3287 exéreebant
3149 3227 3345 3302 coram
3385 3229 3763 3302 imperatore;

367 3302 443 3355 tis
464 3305 572 3376 ter,
596 3299 851 3376 primum
892 3300 1157 3376 Czarum,
1192 3300 1325 3376 dein
1359 3301 1578 3376 clerum
1622 3308 1674 3376 et
1716 3316 2004 3371 proceres,
2039 3309 2087 3376 ί]
2123 3300 2222 3356 alii
2255 3299 2594 3376 oblationes,
2621 3318 2761 3370 quas
2789 3301 3107 3376 imperator
3143 3302 3203 3356 in
3256 3301 3422 3356 altari
3460 3299 3767 3372 depositu-

365 3376 422 3426 et
453 3371 614 3425 tertio
646 3370 871 3439 plebem
901 3390 915 3435 ;
950 3388 1063 3441 quo
1097 3372 1244 3426 facto
1268 3371 1473 3427 ultimo
1526 3370 1761 3426 tandem
1826 3376 2006 3440 prote-

364 3446 554 3513 ctores
584 3457 788 3496 rursus
819 3442 1077 3511 abibant,
1110 3446 1167 3498 et
1210 3448 1328 3498 tota
1387 3442 1673 3513 processio
1714 3443 2008 3513 repetebat

361 3512 604 3586 vestigia
662 3513 858 3569 eodem
895 3513 1099 3569 ordine
1128 3530 1242 3586 quo
1277 3512 1534 3586 venerat,
1566 3522 1619 3570 et
1650 3513 1774 3570 dies
1796 3512 1895 3568 ille
1926 3513 2009 3568 hi-

362 3584 557 3639 lariter
581 3587 1057 3641 consumebatur.
1085 3607 1113 3635 »

433 3657 724 3711 Hactenus
756 3655 979 3726 Anglus
1011 3657 1109 3712 ille
1141 3656 1448 3713 Moubach.
1483 3656 1614 3712 Jam
1647 3656 1908 3711 redimus
1934 3657 2005 3711 ad

359 3725 525 3799 ﬁlum
559 3731 824 3782 nostrum
858 3725 915 3783 et
961 3727 1265 3783 verbulum
1315 3730 1385 3784 de
1424 3727 1888 3799 processionihus
1920 3727 2009 3783 οἱ-

356 3797 571 3871 vilibus
586 3799 878 3866 addimus,
908 3817 1034 3871 qua
1056 3799 1138 3855 vel
1165 3797 1544 3871 quotidiana,
1576 3800 1663 3855 vel
1686 3799 2005 3866 solemnes;

358 3869 447 3925 vel
481 3871 744 3940 peratica
776 3869 957 3927 arani.
991 3869 1336 3938 Quotidiana
1360 3872 1645 3941 processio
1677 3876 1801 3927 erat
1828 3874 2009 3927 Sena-

362 3949 574 4015 torum,
609 3959 712 3998 seu
741 3959 1039 4015 procerum
1059 3944 1117 3998 in
1142 3944 1333 3999 aulam
1350 3945 1421 3999 ad
1446 3943 1812 3999 salutandum
1845 3943 2008 4015 prin-

361 4013 549 4084 cipem
582 4019 639 4069 et
670 4016 738 4069 ad
773 4014 1129 4072 iunctionem
1148 4017 1242 4072 sui
1283 4016 1547 4071 muneris
1577 4013 2004 4086 exsequendam

358 4085 851 4142 convenientium.
885 4088 1013 4143 Hac
1053 4092 1201 4143 stata
1222 4091 1366 4157 erat,
1398 4092 1588 4143 etnon
1621 4085 2003 4152 indicebatur,

361 4156 649 4228 fiebatque
681 4158 771 4214 bis
815 4175 917 4229 per
955 4160 1133 4228 diem,
1169 4156 1425 4215 maueet
1453 4174 1709 4227 vespere,
1742 4173 1844 4213 seu
1880 4162 2008 4227 post

359 4229 686 4301 meridiem.
734 4235 808 4285 De
840 4231 943 4301 hac
966 4231 1088 4300 agit
1118 4235 1291 4301 caput
1313 4230 1571 4301 primum
1606 4229 1736 4301 libri
1762 4229 2006 4283 secundi

354 4300 537 4353 nostri
557 4300 954 4354 cerimonialis
976 4317 1043 4355 ex
1069 4300 1352 4365 professo,
1376 4300 1471 4356 hic
1503 4304 1697 4354 autem
1724 4300 1782 4352 in
1817 4306 2007 4353 trans-

355 4384 546 4440 cursu
578 4374 808 4424 tantum
845 4371 1075 4440 _mentio
1108 4372 1170 4425 fit
1193 4373 1249 4425 in
1283 4372 1471 4426 verbis
1500 4375 1600 4439 τῆς
1631 4371 2005 4440 καθημερινῆς

355 4436 650 4513 ἱσταμένης
706 4436 1103 4513 προελεῷσεως,
1142 4436 1868 4513 ίιιαοιίάὶαηαᾉέιγαηιθξὶά
1921 4446 2008 4495 est

356 4512 673 4583 incipiente,
686 4510 1047 4581 processionc.
1062 4510 1364 4568 Solemnes
1378 4511 1561 4583 pridie
1583 4512 2003 4583 indicebantur,

356 4587 416 4657 et
446 4580 731 4657 debebant
764 4584 1256 4657 tuncproceresin
1280 4580 1561 4657 palatium
1586 4580 2008 4657 procedereiﬂl;

359 4650 629 4728 λαγμένοι
659 4657 884 4728 mutati,
918 4650 1053 4711 'hoc
1096 4659 1181 4713 est
1226 4650 1299 4711 ἐπ’
1342 4658 1496 4711 novis
1533 4650 1699 4725 robis,
1732 4672 1800 4711 cn
1850 4650 2004 4725 gata,

356 4726 615 4800 vestibus
646 4727 970 4798 splendidis
1002 4736 1059 4800 et
1083 4729 1153 4784 ad
1179 4744 1454 4800 pompam
1504 4728 1843 4798 compositis
1877 4728 2008 4783 Pro-

356 4798 652 4854 cessiones
679 4802 1015 4855 senatorum
1046 4798 1105 4856 in
1164 4798 1389 4856 curiam
1446 4800 1754 4856 solemnes.
1805 4800 2011 4856 diebus

359 4868 722 4944 solemnibus
754 4872 823 4944 ad
848 4871 1254 4944 gratulandum
1277 4879 1329 4944 et
1361 4870 1808 4944 acclamandum
1842 4872 2009 4944 prin—

357 4942 469 5015 cipi
501 4938 554 4994 ἐν
586 4939 773 5010 ἐσθῆτι
804 4938 941 5015 ἱερᾇ,
974 4942 1031 4998 id
1064 4947 1155 4999 est
1183 4943 1419 4999 candida
1448 4949 1606 5013 veste,
1639 4948 1704 4998 ut
1744 4938 2009 5000 Petavius

355 5012 795 5087 interpretatur,
841 5012 1126 5071 memorat
1164 5015 1519 5071 Themistius
1552 5012 1607 5087 p.
1638 5016 1709 5069 55
1738 5016 1864 5072 init.
1894 5016 2008 5071 Ta-

358 5084 443 5139 les
468 5086 869 5158 processiones
899 5090 1063 5143 erant
1093 5087 1162 5141 ad
1199 5087 1469 5158 Circum,
1512 5084 1825 5158 quotannis
1865 5087 2005 5142 olim

360 5162 633 5230 septena,
684 5157 893 5230 deinde
938 5157 1436 5230 quina;itemad
1497 5157 1703 5214 horrea
1751 5158 2006 5230 publica,

360 5228 650 5301 lustrandi
708 5228 985 5286 frumenti
1014 5229 1093 5285 ibi
1154 5229 1399 5300 depositi
1459 5231 1685 5301 gratia;
1736 5228 1872 5286 item
1934 5230 2006 5301 ad

360 5298 655 5373 balneum.
693 5300 936 5365 Quando
967 5298 1520 5373 nempeimperator,
1553 5306 1653 5373 aut
1674 5300 2009 5372 imperatrix

353 5370 537 5444 ictum
590 5371 760 5438 irent,
819 5373 991 5429 ﬁebat
1049 5370 1382 5444 processio;
1414 5375 1497 5444 uti
1550 5372 1723 5444 etiam
1759 5370 2009 5444 'quando

354 5442 529 5514 legati
560 5444 753 5515 exteri
812 5442 1255 5513 exciperentur;
1288 5448 1344 5500 et
1375 5443 1489 5500 alia
1518 5443 1697 5515 italia,
1758 5442 1882 5515 qua
1913 5443 2009 5499 hic

352 5514 775 5588 perstrinxisse
796 5515 1110 5573 suffecerit.
1145 5516 1230 5570 Ad
1272 5514 1675 5588 processiones
1722 5514 2009 5588 peraticas

354 5586 565 5659 refero,
645 5588 879 5657 quando
938 5586 1600 5659 imperatores,rrelicto
1661 5586 1911 5659 palatio,
1949 5586 2008 5642 in

358 5657 577 5730 pradia
608 5674 709 5713 seu
747 5660 994 5728 urbana,
1031 5657 1144 5715 'seu
1179 5658 1539 5725 suburbana,
1576 5660 1634 5715 in
1663 5659 1824 5727 Pera,
1859 5657 2012 5715 ultra

354 5729 554 5785 sinum
577 5731 938 5799 Ceratinum,
959 5735 1060 5788 aut
1081 5739 1134 5787 et
1166 5732 1224 5787 in
1251 5731 1399 5788 Asia
1430 5731 1561 5796 sita,
1585 5730 2001 5798 concederent;

359 5816 477 5871 quo
526 5805 791 5874 tempore
852 5804 1045 5859 ofﬁcia
1074 5804 1261 5859 multa
1290 5802 1479 5858 aulica
1516 5806 1584 5874 et
1613 5802 2012 5872 processiones

353 5872 732 5946 quodidiana
758 5873 1141 5934 feriebantur.
1174 5873 1335 5933 Talis
1366 5872 1631 5934 absentia
1659 5891 1690 5931 θ
1719 5874 1934 5947 palatio
1957 5878 2014 5931 et

2118 3388 2221 3445 rus
2250 3376 2426 3445 esset,
2462 3373 2743 3445 ferebant,
2774 3378 2831 3428 et
2879 3374 3117 3429 domino
3148 3389 3251 3444 per
3273 3389 3488 3429 manus
3544 3390 3766 3445 prapo-

2112 3442 2209 3498 siti
2241 3443 2333 3499 sui
2389 3443 2733 3511 tradebant;
2770 3446 2869 3501 alii
2900 3442 3191 3501 faciebant
3221 3445 3417 3500 orbem
3465 3442 3621 3501 circa
3650 3442 3768 3501 im-

2112 3519 2459 3585 peratorem,
2494 3516 2730 3586 quando
2788 3517 2850 3571 in
2880 3516 3137 3572 ecclesia
3189 3516 3474 3572 vestibulo
3513 3521 3617 3572 aut
3647 3516 3767 3573 cal-

2112 3601 2244 3658 ceos
2268 3590 2367 3641 aut
2389 3594 2587 3658 _vestes
2612 3591 2883 3657 mutaret,
2915 3592 3014 3643 aut
3036 3592 3212 3658 caput
3241 3588 3495 3643 nudaret
3522 3588 3766 3644 induen-

2112 3657 2196 3712 da
2256 3655 2451 3712 infula
2506 3674 2704 3725 causa,
2747 3676 2835 3730 ne
2870 3655 3125 3715 scilicet
3174 3676 3208 3714 a
3238 3659 3479 3715 barbato
3511 3660 3762 3730 quodam

2111 3729 2299 3799 capite
2330 3730 2521 3783 nudus
2552 3729 3012 3795 conspiceretur,
3040 3730 3219 3786 Multa
3242 3732 3356 3787 alia
3378 3729 3546 3786 erant
3571 3730 3765 3787 ofﬁcia

2109 3800 2628 3873 cubiculariorum,
2683 3801 2943 3857 Habebat
3011 3818 3245 3872 quoque
3292 3810 3570 3873 augusta
3625 3819 3763 3858 suas

2110 3872 2524 3945 cubicularias,
2554 3873 2687 3945 '[De
2718 3890 2930 3945 magno
2981 3872 3340 3930 cuhiculario
3399 3872 3607 3944 imper.
3640 3874 3761 3929 vid.

2110 3942 2429 4017 Villehard.
2476 3942 2611 4017 pag.
2643 3946 2768 4011 301,
2804 3942 3108 4017 cumnot.
3144 3949 3229 3999 Du
3288 3942 3513 4017 Cangii‘,
3550 3945 3595 4017 ]"
3651 3945 3765 4001 Sed

2112 4016 2419 4071 fueruntne
2450 4015 2626 4072 iide’m
2658 4015 2965 4072 silentiarii
2994 4021 3051 4072 et
3079 4015 3473 4072 cubicularii?
3504 4015 3602 4072 aut
3644 4017 3763 4072 sal-

2111 4087 2241 4159 tim,
2277 4088 2583 4159 fueruutne
2610 4088 2920 4143 silentiarii
2946 4087 3235 4159 peculiare
3256 4088 3548 4159 quoddam
3572 4103 3761 4159 genus

2111 4158 2604 4230 cubiculariorum
2636 4160 2663 4213 ‘I
2719 4163 2866 4230 Sane
2895 4158 3056 4213 illam
3110 4158 3367 4229 prodidit
3420 4158 3761 4230 opinionem

2112 4228 2432 4302 Alemauus
2461 4229 2522 4284 in
2546 4230 2699 4285 notis
2727 4230 2798 4283 ad
2824 4229 3093 4302 Procopii
3112 4228 3431 4302 historiam
3459 4228 3759 4287 arcanam.

2114 4299 2353 4354 Fallitur
2384 4309 2577 4355 autem
2637 4300 2836 4371 procul
2870 4299 3045 4357 dubio
3074 4301 3161 4357 vir
3200 4302 3597 4358 doctissimus.
3631 4302 3764 4359 Non

2110 4375 2341 4426 tantum
2371 4372 2527 4427 enim
2559 4371 2943 4428 Cerimoniale
2988 4378 3254 4428 nostrum
3304 4373 3697 4430 cubicularios
3728 4391 3765 4430 a

2112 4442 2811 4516 silentiariisiperspicue
2851 4444 3182 4516 distinguit,
3216 4444 3320 4501 sed
3349 4445 3523 4501 etiam
3554 4444 3665 4501 hoc
3695 4445 3774 4501 li-

2112 4513 2294 4588 quido
2311 4513 2519 4571 refellit
2539 4513 2671 4571 eum
2700 4516 2855 4588 quod
2875 4533 2927 4584 p.
2950 4518 3013 4570 41
3035 4513 3093 4573 et
3111 4516 3253 4572 alibi
3276 4519 3665 4588 nostrioperis
3678 4535 3769 4570 σε-

2112 4582 2501 4655 λεντιάρισσαι,
2551 4582 2750 4644 μίτον-εἶς
2786 4582 3233 4644 siténtiariorum
3285 4582 3763 4645 commemoran-

2040 4679 2083 4743 Ι)
2118 4658 2385 4743 tur.‘Non
2426 4663 2782 4743 erantﬂergo
2812 4659 3120 4743 silentiarii
3151 4660 3465 4743 spadones,
3489 4661 3761 4743 quando?

2118 4729 2354 4802 quidem
2385 4729 2642 4787 maritati
2674 4729 2858 4787 erant.
2890 4731 3064 4802 Atqui
3099 4729 3441 4787 cubicularii
3469 4729 3763 4789 debebant

2119 4818 2323 4857 omnes
2345 4802 2583 4858 castrati
2613 4818 2761 4858 esse.

2187 4873 2302 4945 (18)
2364 4872 2675 4930 Peculiaris
2714 4872 2970 5000 dignitas
3022 4876 3112 4931 est
3157 4873 3185 4927 ὁ
3240 4873 3542 4941 κατεπάνω,
3603 4875 3763 4931 unde

2194 4949 2488 5000 nravatum
2542 4944 2712 5000 ﬂuxit
2808 4947 3038 5000 atauani
3110 4961 3318 5000 nomen
3389 4946 3449 5000 in
3514 4946 3763 5000 historia

2114 4943 2488 5015 depravatum
2542 4944 2712 5001 ﬂuxit
2768 4943 3038 5015 Campani
3110 4961 3318 5002 nomen
3389 4946 3449 5002 in
3514 4946 3765 5002 historia

2114 5016 2327 5087 Apula,
2359 5021 2415 5071 et
2457 5020 2681 5087 putant,
2721 5016 2957 5087 quidam
3012 5016 3309 5087 Capitanei
3356 5033 3567 5074 nomen
3625 5017 3766 5074 inde

2116 5085 2787 5144 deductumIGuilielrn'o
2804 5085 2988 5146 Apulo
3005 5087 3066 5143 in
3095 5085 3268 5145 rebus
3293 5089 3765 5146 Normannorum

2117 5158 2388 5231 apudADu
2450 5158 2640 5229 Cange
2689 5159 2769 5231 ad_
2812 5158 3070 5215 Alexiad.
3117 5178 3171 5230 p.
3201 5162 3328 5229 229,
3359 5166 3449 5217 est
3488 5162 3764 5231 Calapan.

2117 5231 2233 5301 Qui
2255 5229 2505 5296 Catapan
2524 5232 2709 5298 fuerat
2740 5229 3051 5288 Graecorum
3079 5229 3281 5288 niissus
3312 5232 3377 5289 ab
3409 5234 3563 5289 urbe.
3595 5229 3765 5290 Conf.

2116 5301 2280 5377 ldem‘
2308 5318 2370 5377 p._
2395 5302 2519 5369 275,
2556 5301 2663 5377 ubi
2685 5302 2787 5377 ait,
2848 5304 3111 5377 quemvis
3161 5305 3493 5377 praiectum
3527 5304 3765 5377 provin-

2118 5371 2216 5428 cia
2250 5372 2685 5446 designare.'[A
2715 5371 2929 5430 Gracia
2958 5371 3243 5446 originem
3274 5376 3433 5431 ducit
3461 5371 3769 5445 magistra-

2119 5450 2215 5520 tus
2254 5444 2488 5520 Apulia
2523 5448 2579 5500 et
2626 5444 2900 5518 Neapolis
2927 5444 3164 5502 διν-(ἱείσί
3208 5450 3258 5520 et
3316 5448 3577 5520 Capitam’
3606 5447 3768 5520 quod

2120 5515 2309 5590 adhuc
2361 5515 2527 5590 hodie
2574 5515 2783 5590 nomen
2825 5521 3115 5590 superest.
3178 5515 3502 5590 Dignitates
3551 5515 3703 5576 Galli
3736 5535 3772 5574 a

2118 5586 2318 5643 Gothis
2372 5587 2648 5660 habuere,
2689 5589 2851 5645 Conf.
2905 5586 3137 5645 Freccia
3187 5586 3457 5647 de'Subf.
3490 5600 3544 5646 et
3580 5592 3770 5648 Gian—

2120 5676 2257 5715 non.
2311 5677 2365 5731 p.
2400 5660 2529 5734 _243
2560 5661 2741 5733 sqq.]'
2788 5660 3003 5717 Verum
3052 5659 3080 5714 ὁ
3123 5661 3408 5715 κατεπάνω
3465 5661 3554 5718 vel
3600 5661 3773 5734 Capi-

2119 5736 2350 5805 taneus,
2382 5732 2453 5789 de
2494 5748 2609 5805 quo
2640 5734 2735 5789 hic
2787 5748 2997 5805 sermo,
3064 5748 3182 5805 non
3239 5735 3552 5791 excedebat
3598 5732 3768 5805 sacro

2120 5803 2349 5879 palaiio,
2382 5802 2529 5879 _non'
2555 5803 2675 5879 ibat
2702 5806 2760 5857 in
2809 5803 3313 5879 _provincias,‘sed
3362 5805 3597 5879 regebat
3631 5802 3766 5867 τοὺς

2126 5871 2442 5950 βασιλικοὺς
2473 5890 2575 5931 seu
2611 5872 2972 5933 Caesarianos.
3015 5875 3275 5935 Habebat
3302 5871 3525 5936 sub'se
3556 5877 3769 5937 dome-
