4074 6220
358 390 433 450 95
1405 387 1928 450 CONSTANTINI
1979 386 2672 449 PORPHYROGENITI
3695 389 3770 447 96

355 526 591 600 singula
620 527 812 584 ofﬁcia
832 530 888 583 et
918 528 1139 582 secreta
1169 525 1499 580 secundum
1538 524 1802 580 ordinem
1834 540 1981 580 suun

2128 522 2367 593 μεστίκῳ
2432 525 2540 575 τῶν
2599 521 2876 596 νουμὲρων
2934 521 3048 594 (21)
3094 521 3184 574 καὶ
3251 523 3331 592 τῷ
3395 519 3602 594 κόμητι
3658 527 3766 577 τῶν

1399 640 1596 696 JOAN.
1637 642 1774 695 JAC.
1822 640 2085 696 REISKII
2127 638 2718 695 COMMENTARIUS.

354 742 583 800 Clarius
615 757 896 812 exponam
921 755 1111 795 meam
1145 737 1516 794 sententiam.
1541 742 1685 794 Sunt
1715 740 1866 809 apud
1901 754 2007 793 nos

357 815 602 886 collegia
653 815 929 886 quaedam
963 813 1287 886 constantia
1337 812 1836 886 numero‘civium
1871 826 2004 865 cum

356 881 686 941 lautioruni
706 891 825 938 tum
858 883 1030 938 etiam
1061 883 1465 948 humiliorum,
1501 899 1566 937 eo
1596 881 1884 946 instituta,
1919 887 2003 947 ut,

355 959 448 1028 qui
486 958 584 1011 illa
615 962 994 1026 componunt,
1029 958 1094 1009 ad
1130 960 1348 1009 certum
1383 971 1670 1028 annorum
1697 969 2002 1028 numerum

353 1026 673 1083 tractandis
704 1028 882 1081 armis
914 1043 1041 1082 sese
1070 1030 1392 1094 exerceant,
1418 1033 1469 1080 et
1500 1027 1583 1080 vel
1618 1026 1848 1096 sagittis
1880 1041 2002 1079 sus-

394 1116 598 1154 ensum
633 1116 701 1154 ex
741 1098 857 1153 alta
887 1100 1108 1169 pertica
1142 1103 1339 1168 petant
1378 1098 1499 1169 avis
1530 1097 1786 1166 ligneum
1819 1096 2002 1169 simu-

394 1117 598 1154 ensum
633 1117 701 1154 ex
741 1117 857 1153 alia
887 1117 1108 1169 pertica
1142 1117 1339 1168 petant
1379 1117 1499 1152 avxs
1530 1117 1786 1166 ligneum
1819 1117 2002 1151 simu-

350 1117 591 1236 l’acrum,
624 1170 710 1225 vel
755 1176 967 1224 metam
1000 1171 1255 1240 sclopeto
1288 1168 1514 1223 feriant.
1558 1169 1718 1223 Talia
1758 1168 2003 1240 collegia

355 1243 577 1297 civibus
605 1243 840 1312 quidem
875 1239 1160 1309 constant,
1209 1241 1430 1294 faciunt
1461 1245 1654 1295 tamen
1707 1239 2000 1310 peculiare

353 1315 582 1384 aliquod
635 1330 845 1384 corpus
895 1331 927 1367 a
978 1314 1199 1382 reliqua
1253 1313 1668 1366 communione
1712 1312 1997 1382 quodam-

352 1387 525 1440 modo
576 1386 889 1451 diversum,
925 1385 1263 1454 legibusque
1308 1387 1365 1454 et
1395 1384 1631 1454 juribus
1681 1384 1806 1438 suis
1851 1399 1998 1454 gau-

354 1459 520 1512 dens.
562 1457 724 1510 Talia
772 1450 1011 1525 collegia
1059 1450 1240 1509 fuisse
1286 1450 1416 1515 τοὺξ
1465 1450 1674 1524 δήμους
1727 1450 1886 1526 puto,
1937 1453 1996 1507 in

349 1544 474 1598 qua:
509 1529 898 1597 reciperentur
949 1543 1150 1581 omnes
1201 1526 1414 1580 civium
1467 1528 1719 1591 ordines,
1753 1543 1877 1596 quae
1911 1530 1997 1580 ta-

350 1616 502 1664 men,
537 1600 674 1669 quia
706 1599 833 1654 vilis
865 1598 1033 1667 inops
1070 1603 1238 1652 turba
1288 1601 1498 1666 ubique
1546 1603 1831 1654 terrarum
1885 1614 1996 1651 nu-

350 1686 505 1724 mero
537 1677 791 1741 superat,
830 1686 971 1740 pene
1011 1670 1119 1723 soli
1169 1669 1540 1741 ignobiliores
1589 1669 1991 1741 conficiebant.

351 1742 446 1796 Vel
483 1739 668 1811 polius
697 1744 910 1796 eaedem
943 1748 1118 1795 erant
1165 1746 1404 1794 catervae
1439 1740 1548 1794 illae
1599 1757 1730 1794 cum
1781 1739 1994 1794 nostris

348 1814 609 1868 excubiis
660 1814 877 1882 civicis,
910 1829 1055 1883 quas
1105 1812 1256 1866 cives
1306 1813 1376 1865 ad
1430 1817 1653 1866 certum
1703 1828 1991 1865 annorum

349 1901 657 1939 numerum
691 1886 848 1938 obire
880 1901 947 1938 ex
979 1885 1100 1949 lege
1145 1889 1444 1948 tenentur;
1498 1883 1597 1952 qui
1641 1889 1894 1937 attamen
1929 1898 1991 1937 ea

347 1973 439 2010 res
471 1961 543 2009 ab
576 1957 911 2010 exercendis
959 1954 1203 2024 opiﬁciis
1234 1960 1290 2008 et
1335 1955 1656 2024 quaestibus
1701 1970 1995 2025 quemque

349 2029 473 2082 suis
507 2034 787 2086 avocaret.
812 2027 1041 2080 vicariis
1073 2026 1447 2093 demandant,
1477 2025 1708 2095 publica
1730 2027 1995 2081 mercede

345 2099 587 2162 alendis,
647 2099 928 2152 militibus
982 2097 1308 2166 Oppidanis.
1361 2096 1454 2150 Hae
1503 2098 1693 2152 civica:
1741 2098 1992 2152 excubiae

345 2171 636 2225 interdum
671 2170 957 2224 solemnes
984 2169 1054 2222 ad
1087 2174 1249 2222 actus
1298 2169 1652 2222 conveniunt
1696 2168 1756 2222 in
1789 2169 1989 2235 armis,

344 2250 399 2295 et
429 2243 534 2295 sub
570 2241 907 2295 doctoribus
941 2241 1063 2294 suis
1096 2256 1259 2311 arma
1289 2245 1576 2295 exercent.
1610 2240 1730 2294 Alio
1762 2256 1993 2311 quoque

347 2321 606 2382 respectu
641 2313 863 2366 similes
894 2315 1060 2366 erant
1092 2311 1174 2365 illi
1211 2307 1377 2380 δῆμοι
1412 2311 1630 2365 militiae
1664 2311 1748 2365 illi
1772 2307 1990 2380 generi,

349 2385 499 2454 quod
535 2401 568 2437 a
591 2384 902 2452 juventute
928 2383 1105 2437 civica
1137 2391 1191 2436 ct
1221 2382 1519 2437 rusticana
1565 2384 1621 2436 in
1676 2383 1991 2437 necessita-

347 2459 457 2509 tem
492 2454 690 2509 celeris
721 2454 1110 2525 supplementi
1145 2469 1289 2508 verte
1323 2454 1543 2508 militiae
1588 2454 1988 2522 conscribitur,

344 2531 400 2580 et
432 2527 489 2580 in
523 2527 703 2580 armis
734 2531 1051 2590 exercetur,
1084 2541 1270 2595 neque
1301 2529 1494 2578 tamen
1532 2529 1746 2579 vestem
1781 2525 1989 2580 milita-

345 2613 491 2663 rem,
543 2613 733 2668 neque
783 2597 1098 2668 stipendia,
1150 2611 1336 2668 neque
1384 2597 1655 2668 ductores
1705 2596 1990 2651 militares

344 2668 573 2736 accipit,
607 2667 794 2738 neque
842 2667 1077 2721 sedibus
1127 2667 1273 2738 suis
1300 2667 1604 2734 excitatur,
1647 2669 1744 2721 sed
1797 2671 1992 2722 manet

346 2755 452 2793 suo
485 2737 733 2809 quisque
763 2739 887 2794 loco
920 2753 1103 2807 eoque
1134 2739 1193 2792 in
1224 2737 1352 2791 vitae
1385 2745 1442 2792 et
1473 2746 1725 2808 quaestus
1757 2755 1989 2808 genere,

343 2811 493 2880 quod
553 2811 855 2878 amplexus
923 2809 1116 2877 fuerit,
1172 2809 1406 2864 statutis
1481 2810 1839 2879 temporibus
1916 2811 1986 2865 ad

342 2879 661 2936 exercenda
710 2898 874 2936 arma
925 2884 1241 2952 coeuntes;
1277 2879 1493 2952 quales
1544 2898 1648 2936 nos
1698 2881 1987 2952 appellare

340 2953 544 3007 milites
573 2953 934 3022 provinciales
964 2951 1238 3008 solemus.
1273 2951 1541 3007 Poterant
1580 2952 1636 3006 in
1671 2951 1786 3007 his
1811 2957 1989 3007 cater-

337 3025 421 3078 vis
452 3040 576 3079 esse
609 3024 889 3095 opulenti,
915 3031 972 3078 et
994 3040 1301 3094 pauperes,
1327 3029 1700 3091 mercatores,
1725 3024 1984 3095 opifices,

335 3095 542 3165 bajuli,
569 3112 768 3150 omnes
795 3097 970 3163 cives,
991 3111 1189 3150 verum
1221 3100 1346 3149 tum
1380 3096 1658 3166 temporis
1694 3113 1727 3150 a
1757 3096 1984 3152 civibus

336 3167 616 3232 distincti,
669 3174 725 3221 et
792 3185 824 3222 a
883 3168 1254 3233 magistratus
1311 3166 1518 3221 urbani
1569 3167 1984 3237 jurisdictione

333 3241 607 3308 exempti,
641 3254 775 3294 cum
807 3240 1135 3293 functiones
1165 3254 1406 3308 gregum
1439 3244 1787 3295 exercerent.
1823 3239 1982 3302 Quaa-

2119 736 2208 792 dis
2241 742 2295 791 et
2327 736 2595 808 regendis
2623 737 2895 808 gregibus
2916 736 3244 801 constituti,
3265 740 3461 792 tamen
3486 737 3768 794 suberant

2118 809 2491 876 democratis,
2539 824 2782 877 quorum
2837 813 3075 864 venetus
3131 809 3378 880 quidem
3443 809 3595 863 idem
3647 817 3770 867 erat

2115 879 2433 935 identidem
2467 897 2599 934 cum
2632 881 2952 935 domestico
2984 879 3339 947 scholarum,
3367 881 3638 950 prasinus
3671 899 3766 938 au-

2113 955 2228 1006 tem
2276 951 2430 1006 idem
2485 967 2613 1006 cum
2660 952 2977 1006 domestico
3008 953 3429 1017 excubitorum,
3474 953 3762 1009 ambobus

2115 1024 2458 1077 muneribus
2504 1025 2580 1078 ita
2626 1023 2975 1093 conjunctis,
3009 1029 3072 1076 ut
3110 1023 3300 1077 divelli
3339 1040 3452 1078 non
3499 1031 3759 1094 possent.

2113 1094 2260 1167 Hinc
2290 1097 2584 1167 estLquod
2620 1094 2896 1150 Sidonius
2926 1094 3278 1167 Apollinaris
3309 1093 3366 1148 in
3414 1093 3760 1167 panegyrico

2112 1166 2362 1221 civitatis
2394 1166 2792 1221 Narbonensis
2822 1167 3104 1222 factiones
3139 1166 3243 1220 has
3285 1168 3510 1236 juvenes
3554 1166 3762 1225 aulicos

2110 1237 2381 1310 appeHeL

2294 1347 2456 1408 Tunc,
2488 1345 2587 1410 ait,
2613 1349 2782 1399 caelus
2805 1346 3093 1413 juvenum,
3121 1348 3212 1400 sed
3241 1345 3576 1411 aulicorum,

2286 1417 2422 1470 Ela’i
2450 1418 2750 1471 simulacra
2782 1421 2933 1471 torva
2962 1417 3164 1484 campi,

2285 1488 2510 1543 Exercet
2541 1488 2912 1557 spatiantibus
2943 1488 3245 1558 quadrigis.

2106 1592 2536 1648 Conveniebant
2581 1595 2755 1663 igitur
2803 1611 2935 1650 cum
2986 1593 3104 1649 illis
3151 1611 3183 1648 a
3214 1594 3432 1649 Nerone
3463 1594 3752 1653 institutis

2103 1666 2462 1734 Augustanis
2493 1666 2578 1720 vel
2611 1667 2988 1736 Augustianis
3041 1665 3348 1734 militibus,
3395 1671 3459 1721 ut
3497 1684 3612 1722 non
3644 1669 3752 1724 im-

2105 1738 2312 1810 merito
2359 1738 2674 1810 credantur
2704 1739 2775 1792 ab
2829 1739 3037 1792 iisdem
3082 1753 3471 1810 manasseLex
3500 1741 3753 1810 equestri

2103 1812 2158 1861 et
2192 1808 2741 1877 plebeiajuventute
2792 1810 2951 1863 lectis
3002 1810 3254 1878 quinque
3287 1808 3633 1865 millibus‘et
3667 1811 3752 1866 ul-

2106 1883 2215 1951 tra,
2252 1881 2350 1950 qui
2384 1880 2554 1934 divisi
2587 1882 2643 1933 in
2678 1881 2958 1935 factiones
2990 1883 3245 1935 cantanti
3273 1883 3483 1935 Neroni
3517 1898 3754 1951 operam

2105 1950 2331 2015 darent,
2365 1952 2635 2022 doctique
2680 1952 2988 2022 plausuum
3039 1954 3191 2006 varia
3242 1967 3456 2021 genera
3497 1950 3756 2023 ederent,

2106 2023 2175 2074 de
2209 2023 2422 2096 quibus
2455 2023 2868 2096 egregia‘dedit
2902 2023 2985 2077 Cl.
3023 2024 3328 2096 Reimarus
3359 2023 3756 2096 ad__Xipbilini

2105 2109 2161 2168 p,
2214 2095 2370 2161 1000,
2424 2090 2622 2168 Πξ38ξ
2654 2093 2753 2148 illa
2805 2097 3022 2168 verba:
3074 2094 3139 2162 ἦν
3190 2114 3241 2147 τι
3285 2093 3373 2147 καὶ
3403 2090 3562 2168 ἴδιον
3605 2093 3752 2168 αἱ)τῷ

2105 2161 2395 2242 edomita.
2446 2165 2521 2224 sic
2608 2161 3105 2242 nev-cumextliouq
3187 2166 3532 2242 σίςρατιώτειςΔ
3592 2161 3754 2242 ’παρέ

2104 2234 2511 2308 εσκευᾱσμένον.
2566 2234 2924 2311 Αὐγούστειοί
2962 2234 3018 2290 δὲ
3057 2234 3401 2309 ὠνομάζοντο
3449 2237 3536 2291 xxi
3589 2234 3751 2314 ἐξῆρ-

3643 2330 3746 2385 χον

2171 2450 2555 2524 (21)_Num_er_i
2609 2453 2752 2506 alias
2800 2455 2940 2506 sunt
2970 2455 3184 2524 σπεῖραι
3226 2453 3493 2524 cohortes
3525 2453 3754 2510 milita-

2100 2535 2207 2574 res.
2261 2521 2387 2575 Vid.
2443 2521 2609 2576 Vales
2664 2524 2734 2577 ad
2801 2521 3107 2579 Ammian.
3163 2523 3414 2580 Marcell.
3467 2542 3522 2582 D.
3574 2527 3642 2579 42
3700 2533 3756 2582 et

2100 2542 2207 2574 res.
2271 2542 2387 2575 νιο.
2453 2542 2609 2576 vales
2664 2542 2734 2577 aa
2801 2542 3092 2579 mumian.
3163 2542 3414 2580 marceu.
3510 2566 3522 2579 .
3574 2542 3642 2579 az
3700 2542 3755 2582 et

2100 2607 2157 2667 p_.
2188 2593 2312 2645 255.
2363 2593 2544 2667 Goer.
2591 2595 2658 2667 ad
2710 2595 3050 2667 Theophan.
3099 2612 3154 2667 p.
3205 2597 3273 2650 43
3323 2603 3379 2650 et
3425 2542 3512 2650 88.
3550 2598 3755 2667 '[Fau-

2101 2662 2253 2736 cbet.
2287 2681 2340 2733 p.
2375 2664 2548 2736 479.]'
2580 2665 2760 2720 Graeci
2794 2662 2894 2736 per
2942 2662 3173 2736 ἀριθμὸν
3210 2667 3423 2735 passim
3474 2663 3749 2724 reddunt.

2099 2732 2639 2811 QuodlI‘beopban.
2687 2755 2738 2811 p_.
2795 2732 3141 2811 185,7‘habel
3191 2732 3470 2811 νὀυμεριοι
3521 2737 3744 2811 ἀριθμοὶ

2099 2810 2238 2859 sunt
2267 2806 2599 2882 idem_qu_od
2630 2808 2887 2880 νούμεροι
2919 2807 2951 2876 ἤ
2987 2807 3231 2880 ἀριθμοί.
3275 2806 3610 2882 Οοὲτὶεοιρι·
3643 2806 3746 2867 hac

2098 2877 2401 2953 occasione
2431 2876 2611 2953 latina
2642 2876 2767 2951 ejus
2803 2876 3199 2953 interpretatio
3234 2899 3286 2950 p.
3321 2882 3409 2953 43,
3442 2876 3744 2953 ’ξριϐοὖνος

2095 2946 2219 3000 τότε
2279 2946 2351 3028 ὢν
2410 2946 2687 3024 τάγματοέ
2762 2946 3102 3022 κωρωνᾶτων
3178 2946 3502 3028 λέγομένων’
3546 2955 3745 3025 νουμὲ-

2097 3036 2218 3091 ρου,
2250 3023 2503 3078 tribunus
2547 3024 2781 3091 legionis
2812 3029 3216 3090 coronatorum,
3252 3023 3451 3095 quibus
3481 3023 3744 3082 numerus

2093 3106 2306 3165 nomen.
2345 3098 2424 3148 Ita
2470 3097 2736 3150 vertitur.
2773 3096 3023 3151 Debebat
3071 3097 3311 3165 potius:
3364 3096 3619 3151 tribunus
3649 3114 3740 3154 co-

2093 3161 2288 3230 hortis,
2346 3168 2441 3219 cui
2493 3182 2691 3221 nomen
2746 3172 2869 3222 erat
2915 3161 3174 3222 numerus
3227 3178 3615 3223 coronatorum
3663 3171 3744 3226 sic

2095 3233 2387 3308 dictorum.
2421 3239 2660 3302 Quando
2691 3243 2885 3294 autem
2935 3254 3197 3293 numerus
3236 3239 3524 3308 peculiare
3554 3256 3742 3307 genus

332 3325 466 3364 nam
504 3290 643 3365 rvero
692 3310 849 3364 illae?
896 3309 956 3364 In
1011 3290 1235 3381 magnis
1269 3290 1750 3377 c’processionibus
1801 3290 1982 3365 sacris
2014 3290 2055 3356 C
2097 3290 2628 3381 militi¢__designat,
2658 3315 2719 3364 ut
2747 3311 2806 3364 in
2841 3316 3039 3365 nostro
3074 3313 3195 3365 loco
3227 3290 3282 3365 ert
3310 3290 3739 3381 passimfcredo

331 3381 401 3434 ad
435 3382 708 3435 ecclesias
736 3382 1002 3435 cohortes
1035 3380 1267 3451 illorum
1301 3396 1546 3451 gregum
1578 3381 1819 3436 diversis
1851 3386 1977 3436 sta-

333 3451 523 3521 tisque
556 3453 611 3506 in
649 3452 787 3507 locis
820 3468 1019 3506 earum
1055 3450 1393 3519 platearum,
1417 3450 1531 3522 iper
1562 3469 1708 3522 quas
1760 3469 1982 3521 proces-

334 3522 419 3610 sio
451 3523 748 3610 transiret,
778 3523 1011 3577 stabant
1032 3523 1122 3610 ad‘
1139 3529 1268 3610 utru
1282 3523 1629 3610 uirque'latus
1653 3524 1849 3610 platea;
1873 3524 1980 3609 col-

330 3592 506 3669 locati
542 3595 597 3669 in
630 3595 862 3669 seriem,
897 3593 1296 3669 praestolantes
1329 3591 1669 3669 [δεχόμενοί
1690 3595 1779 3651 vel
1829 3591 1980 3647 ἐκδε-

330 3662 586 3736 χόμενοι]
645 3661 961 3719 adventum
1020 3661 1724 3737 imperatoris,"eumque
1782 3682 1977 3721 coram

328 3735 727 3808 advenientem
756 3737 1273 3790 acclamalionibus
1305 3735 1451 3791 laetis
1493 3735 1766 3802 gaudium
1797 3738 1976 3808 signi-

330 3806 636 3862 ficantibus
668 3818 720 3862 et
750 3813 880 3863 vota
931 3808 1329 3877 prosperitatis
1360 3810 1554 3879 omnis
1602 3806 1977 3879 prodentibus

328 3879 699 3958 excipientes.
735 3879 1220 3958 Quapropterhic
1250 3885 1415 3958 actus
1447 3877 1617 3958 ᾅοχήζ
1651 3881 1706 3935 id
1740 3886 1830 3936 est
1860 3883 1977 3958 sive

330 3952 694 4022 praestolatio,
743 3952 863 4006 sive
910 3951 1189 4022 exceptio,
1235 3951 1554 4019 salutatio]
1584 3955 1975 4008 beneventatio

328 4021 646 4096 dicebatur.
697 4023 756 4077 Si
790 4021 1064 4096 longius
1099 4023 1339 4096 abesset
1384 4041 1416 4078 a
1466 4023 1681 4096 palatio
1732 4024 1977 4080 ecclesia

326 4093 445 4160 illa,
479 4095 550 4148 ad
583 4110 755 4165 quam
787 4093 1104 4149 identidem
1140 4093 1566 4164 procederetur,
1600 4097 1671 4150 ad
1704 4101 1856 4151 certa
1888 4097 1974 4150 in-

325 4165 564 4238 tervalla
593 4166 925 4221 constitutis
973 4167 1163 4238 gregis
1194 4167 1481 4238 cujusque
1525 4167 1772 4238 minuta:
1796 4168 1973 4236 parti-

325 4237 471 4317 cula:
503 4238 765 4318 officium.
791 4237 1513 4318 salutandiw‘przes‘tabant;
1569 4239 1714 4318 unde
1749 4237 1975 4318 legitur

326 4307 643 4376 imperator
687 4309 986 4362 interdum
1036 4307 1213 4362 octies
1265 4309 1444 4362 fuisse
1488 4308 1838 4363 acclamatus
1884 4310 1970 4362 vel

327 4377 636 4442 salutatus,
687 4383 999 4448 antequam
1041 4379 1100 4432 in
1152 4378 1479 4445 ecclesiam,
1515 4381 1586 4433 ad
1639 4395 1812 4446 quam
1854 4387 1973 4434 ten-

323 4449 510 4512 deret,
560 4450 901 4520 perveniret.
955 4449 1167 4520 Eadem
1241 4449 1491 4520 formula
1542 4450 1861 4504 iterabatur
1912 4451 1970 4504 in

325 4520 513 4575 reditu
545 4519 576 4575 ε
607 4520 790 4575 sacris
822 4521 892 4575 ad
926 4519 1227 4590 palatium.
1265 4519 1326 4573 In
1362 4521 1552 4591 prima
1600 4537 1833 4590 quaque
1871 4537 1968 4576 ou-

316 4593 535 4662 jusque
567 4592 837 4664 factionis
869 4593 1204 4664 exceptione
1237 4592 1568 4664 porrigebat
1616 4592 1967 4647 demarchus

2093 3391 2188 3430 eos
2219 3378 2433 3433 milites
2463 3381 2779 3451 designari,
2812 3383 2911 3452 qui
2942 3381 3070 3438 CPli
3121 3378 3356 3447 muenia,
3388 3388 3446 3437 et
3484 3385 3736 3451 Circum,

2089 3455 2143 3523 et
2190 3457 2564 3523 carceres,et
2615 3453 2847 3522 publica
2896 3452 3113 3523 quaevis
3145 3454 3393 3509 aediﬁcia
3440 3456 3736 3510 custodie-

2091 3517 2247 3584 bant,
2272 3526 2326 3574 et
2357 3521 2579 3592 vigilias
2611 3517 2870 3587 obibant,
2903 3517 3116 3580 Videor
3144 3525 3299 3579 enim
3335 3524 3478 3580 mihi
3511 3542 3582 3580 ex
3611 3526 3736 3582 loco

2086 3592 2233 3668 apud
2264 3592 2473 3668 Script.
2501 3599 2630 3664 post
2660 3596 2998 3666 Theophan.
3032 3614 3084 3665 p.
3117 3597 3254 3668 267,
3269 3596 3543 3668 colligere
3567 3614 3737 3668 posse

2085 3660 2153 3740 τᾶε
2181 3660 2438 3740 πιθόμερά
2469 3660 2749 3740 carcerein
2779 3660 2977 3740 fuisse,
3012 3660 3294 3740 quamvis
3342 3660 3441 3740 Du'
3481 3660 3736 3740 Cangius

2085 3734 2165 3814 ad.
2191 3733 2348 3789 Alex.
2374 3733 2443 3814 'p._
2474 3737 2688 3814 423,_et
2717 3737 2842 3814 CP_li
2888 3733 3206 3814 Christian.
3259 3756 3313 3807 p.
3366 3739 3467 3814 125
3515 3733 3735 3814 tradat,

2088 3804 2268 3880 fuisse
2301 3804 2576 3880 porticus,
2612 3809 2667 3862 in
2703 3811 2916 3880 quibus
2949 3809 3164 3865 milites
3199 3804 3528 3877 praetoriani
3561 3804 3734 3868 exon;

2087 3874 2323 3955 hebant.
2359 3874 2679 3955 Confirmat
2711 3874 2803 3936 me
2833 3881 2892 3936 in
2921 3874 3210 3937 sententia
3235 3897 3388 3955 mea,
3423 3883 3576 3953 quod
3609 3885 3736 3955 lego

2085 3963 2141 4016 p.
2169 3949 2314 4029 _1116.
2372 3952 2693 4029 Domestica
2749 3969 3121 4029 numerorum
3156 3954 3395 4009 subesse
3433 3949 3734 4025 pomario},

2084 4024 2183 4088 qui
2232 4038 2372 4077 sane
2420 4024 2518 4078 alii
2565 4040 2689 4079 esse
2745 4041 2918 4095 quam
2970 4025 3243 4095 janitores
3285 4041 3579 4095 carcerum
3628 4024 3732 4082 ne?

2084 4101 2301 4168 queunt
2353 4111 2382 4168 :_
2409 4095 2558 4168 item
2610 4111 2677 4150 ex
2730 4091 2818 4166 eo,
2871 4091 3025 4168 quod
3059 4091 3345 4168 ’Δριθμός,
3378 4112 3549 4167 quem
3591 4113 3726 4152 cum

2085 4164 2337 4218 numeris
2369 4164 2550 4241 idem_
2575 4172 2753 4241 p_uto,
2965 4164 3233 4241 videatur
3277 4164 3721 4241 idemnquoque

2081 4246 2211 4314 esse
2236 4251 2364 4314 cum
2396 4237 2463 4306 τῇ
2489 4234 2668 4314 ⁸βίγλῃ
2703 4237 2937 4314 uigiliis,
2988 4240 3256 4304 excubiis,
3293 4234 3732 4314 militibus—ex-

2081 4303 2448 4384 oubialibusf
2477 4303 2774 4363 Concludo
2818 4309 2875 4363 id
2925 4325 2992 4384 ex
3045 4326 3146 4384 eo,
3182 4303 3336 4384 quo_d
3387 4310 3730 4380 Acoluthus,

2082 4381 2352 4456 princeps
2379 4381 2798 4456 Barangorum,
2832 4382 3004 4435 modo
3031 4381 3247 4456 dicitur
3286 4382 3608 4456 Drungario
3641 4384 3730 4438 vi-

2082 4444 2234 4512 giliae
2265 4444 2530 4514 subesse,
2566 4444 2735 4523 modo
2761 4453 3081 4523 Drungario
3105 4453 3380 4509 Arithmi.
3404 4444 3736 4512 Constanti-

2081 4529 2193 4601 nus
2219 4533 2459 4601 quoque
2509 4522 2788 4594 Porphyr.
2823 4522 2969 4580 libro
3009 4525 3078 4579 de
3121 4526 3450 4601 administr.
3484 4526 3731 4601 imperio

2081 4601 2135 4656 p.
2174 4590 2406 4667 140,_a_it
2433 4590 2722 4667 Leonem;
2743 4605 2964 4664 patrem
2998 4612 3194 4663 suum,
3225 4597 3274 4652 si
3307 4597 3365 4652 in
3405 4590 3733 4667 processio-

325 4655 662 4740 imp-oratori
693 4663 979 4740 libellum,
1013 4655 1695 4740 contine'ntemvcarmen,
1720 4680 1981 4740 quo_gra-
2014 4655 2060 4719 D
2085 4655 2198 4714 ﬁnes
2232 4655 2358 4740 urbi
2391 4664 2612 4720 vicinas
2643 4655 2769 4740 iret‘,
2797 4655 3193 4740 consuevisse'
3217 4668 3316 4735 τήν
3354 4655 3476 4740 μίξιν
3521 4667 3730 4739 οὐσίαν,

319 4734 599 4808 tularetur
642 4752 886 4808 quaeque
936 4735 1105 4808 factio
1156 4735 1489 4808 imperatori
1543 4736 1751 4808 festum
1803 4735 1966 4790 iden-

319 4806 500 4878 tidem
529 4806 706 4874 diem,
741 4812 798 4861 et
832 4807 1042 4878 saepius
1072 4822 1207 4860 eum
1230 4807 1337 4877 ipsi
1368 4806 1562 4860 lzetum
1598 4806 1779 4861 redire
1802 4813 1968 4877 opta-

320 4877 437 4932 bat.
469 4879 692 4943 Quibus
725 4877 1430 4950 carminibuspangendis
1455 4878 1703 4933 habebat
1724 4895 1970 4950 quaeque

321 4950 495 5005 factio
554 4966 690 5006 suos
748 4951 860 5005 sibi
923 4948 1242 5020 peculiares
1315 4950 1581 5004 mercede
1646 4948 1968 5006 conductos

319 5026 517 5091 poetas
553 5038 566 5076 :
599 5039 715 5077 non
767 5038 934 5090 pares
985 5021 1216 5092 quidem
1252 5029 1372 5076 arte
1426 5022 1649 5092 poetica
1693 5021 1965 5088 Pindaro,

320 5095 712 5148 mercenarios
745 5098 936 5147 tamen
969 5109 1133 5164 sique
1162 5096 1334 5165 atque
1365 5092 1463 5148 ille
1494 5094 1621 5159 fuit,
1647 5093 1967 5165 eodemque

320 5170 549 5219 utentes
576 5171 824 5236 quaestu.
855 5167 928 5219 De
951 5165 1167 5236 quibus
1188 5164 1372 5233 poetis
1405 5169 1660 5220 recurret
1689 5164 1966 5234 deinceps

317 5236 545 5293 dicendi
581 5235 762 5292 locus.
801 5238 958 5292 Idem
993 5235 1285 5290 salutandi
1326 5240 1382 5290 et
1431 5236 1792 5291 acclamandi
1839 5238 1966 5291 olli-

316 5308 471 5363 cium
544 5324 745 5379 greges
815 5308 1152 5378 imperatori
1231 5307 1583 5379 praestabant
1657 5308 1715 5362 in
1779 5308 1963 5372 Circo,

357 5378 709 5435 raeeuniibus
731 5379 1038 5434 formulam
1067 5382 1182 5437 τοῖς
1213 5378 1489 5450 κράκταις,
1513 5395 1607 5434 seu
1644 5380 1965 5434 clamatori-

312 5397 709 5506 praeeuntibus
731 5397 1038 5434 Iormulam
1067 5397 1182 5437 τοις
1213 5397 1489 5450 κρακταις,
1513 5397 1607 5434 seu
1644 5397 1964 5434 clamatori-

358 5469 446 5513 us,
471 5451 528 5506 id
563 5457 649 5507 est
673 5452 1058 5522 praeconibus,
1085 5452 1547 5521 praecentoribus.
1575 5454 1765 5504 Scatet
1786 5452 1964 5506 codex

314 5529 514 5578 noster
546 5523 761 5578 talibus
785 5524 1069 5577 formulis.
1097 5523 1268 5576 Erant
1293 5539 1426 5593 ergo
1453 5522 1507 5576 bi
1530 5522 1793 5593 gregales
1817 5527 1962 5576 eate-

311 5611 426 5650 nus
448 5595 677 5666 parasiti
701 5595 1030 5663 imperiales
1069 5593 1546 5666 legeconstituti,
1570 5598 1626 5666 et
1656 5593 1964 5666 stipendiis

316 5664 524 5720 aulicis
556 5667 830 5720 conducti
881 5668 949 5720 ad
1001 5664 1292 5720 canendas
1343 5665 1546 5719 Iaudes
1596 5665 1961 5734 imperatoris

309 5739 466 5793 velut
500 5737 732 5807 publica
762 5753 916 5792 voce.
952 5738 1074 5801 Quo
1109 5737 1301 5802 ﬁebat,
1335 5741 1398 5790 ut
1420 5735 1673 5807 gregalis
1696 5736 1959 5807 quisque,

309 5824 425 5877 qua
457 5806 612 5877 talis,
651 5826 764 5864 non
798 5811 867 5864 ad
918 5808 1204 5877 judicium
1255 5806 1657 5871 civicum,'sed
1701 5806 1959 5863 aulioum

304 5887 619 5950 spectaret.
653 5882 798 5936 Nam
835 5879 1152 5951 demarchi,
1179 5877 1506 5951 quisummi
1540 5882 1702 5933 erant
1723 5895 1960 5951 gregum

307 5954 713 6024 magistratus,
748 5953 942 6009 causis
971 5959 1026 6006 et
1057 5950 1194 6005 rixis
1239 5950 1557 6021 gregalium
1594 5950 1957 6024 componen-

2089 4746 2261 4786 unum
2291 4736 2646 4804 dromonium
2675 4737 2738 4792 de
2766 4739 2996 4804 duobus,
3032 4755 3157 4802 quae
3188 4740 3298 4794 sibi
3335 4736 3455 4794 fieri
3485 4736 3732 4797 curaveé

2083 4808 2166 4884 [at
2198 4802 2630 4884 xarakipnavew
2663 4808 2862 4884 sicst
2912 4802 3256 4883 ἱππόδρομον
3305 4811 3628 4883 relinquere
3669 4814 3732 4868 in

2083 4874 2233 4954 Circo
2264 4874 2424 4954 (ergo
2457 4880 2657 4936 Circus
2688 4883 2756 4935 ad
2807 4898 2965 4954 mare
3013 4874 3202 4953 usque
3255 4874 3728 4954 protendebatur‘

2078 4945 2215 5072 itqu
2247 4945 2472 5024 φύλᾶξιν
2501 4954 2602 5004 τοῦ
2640 4951 2932 5020 ira/tartari,
2971 4958 3036 5008 ut
3066 4945 3239 5009 etiam
3256 4945 3306 5008 ἀ
3352 4959 3512 5025 parte
3545 4956 3726 5013 maris

2079 5034 2110 5071 ο
2159 5036 2240 5072 Ire
2271 5022 2547 5072 palatium
2581 5027 2638 5072 et
2669 5023 2915 5072 lustrare
2947 5031 3186 5072 nnnannt
3209 5026 3500 5072 constituti
3525 5028 3726 5072 vigilas:

2079 5022 2240 5098 qbire
2261 5022 2555 5098 palatium
2581 5027 2638 5098 et
2669 5023 2915 5098 lustrare
2947 5031 3186 5098 possant
3209 5022 3501 5081 conslituti
3525 5028 3729 5098 vigiles

2078 5089 2148 5169 de
2194 5089 2480 5169 Arithmo,
2531 5090 2620 5145 διὰ
2651 5089 2964 5169 ⁸’τιὸ-τοὶγμοί
3010 5100 3106 5150 τοῦ
3139 5096 3416 5169 Ἀριθμοῆ
3459 5089 3614 5152 κοιτὰυ
3634 5099 3725 5153 τὸν

2078 5157 2543 5241 Extirpa-sqqeum;
2572 5162 2803 5241 relati»:
2853 5157 3020 5220 ἶς’ύπον
3076 5157 3217 5240 μετᾶ
3255 5157 3352 5223 ’έοῦ
3398 5165 3726 5241 δομεστίκου

2076 5235 2174 5285 τοῦ
2206 5231 2426 5312 οχολῶν
2453 5231 2792 5305 ταξειδεύειν,
2826 5241 2957 5309 quia
2986 5231 3188 5312 tagma,
3225 5231 3730 5308 cohors,'Arithmi

2073 5307 2368 5385 secundum
2397 5310 2656 5385 formam,
2685 5307 2848 5385 quae
2865 5312 2999 5385 jam,
3020 5307 3059 5367 ά
3100 5313 3259 5385 longe
3291 5307 3530 5381 tempore
3562 5316 3726 5383 viget,

2071 5377 2391 5451 praesidium
2438 5381 2558 5447 agit
2597 5377 2724 5451 sul"
2766 5377 3103 5451 inspectione
3157 5377 3442 5440 domestici
3494 5377 3725 5442 Scitote;

2075 5462 2217 5528 rum:
2253 5448 2341 5500 κιὶ
2373 5448 2796 5528 ἐνοιπομὲνοντες
2847 5448 2922 5514 et;
2961 5451 3456 5528 τὸν-ἱππόδρομον
3509 5455 3571 5510 οὐ
3613 5477 3730 5510 συν-

2073 5516 2273 5585 εξιοῢσι
2325 5521 2460 5574 κατὰ
2515 5516 2683 5576 τ’ύπον
2755 5528 2870 5586 τοῖς
2947 5516 3400 5651 Ρασιλεῦσινέἶς
3456 5528 3524 5580 τὰ
3587 5528 3722 5599 πρό-

2073 5607 2230 5640 κενσα
2260 5591 2361 5651 (ita
2392 5593 2672 5651 legendus
2704 5601 2792 5651 est
2819 5596 2918 5651 ille
2970 5599 3153 5651 ocusl.
3175 5607 3250 5651 et.
3282 5599 3722 5651 quandoquidem

2071 5607 2230 5670 κενσα
2260 5591 2361 5661 (ita
2392 5593 2672 5670 legendus
2704 5601 2792 5652 est
2819 5596 2918 5653 ille
2947 5591 3250 5670 locus),et,
3282 5591 3723 5670 quandoquidem

2073 5665 2222 5744 retro
2253 5671 2443 5744 manet
2488 5669 2547 5721 in
2577 5667 2781 5744 _Circo,
2813 5683 2883 5724 ex
2912 5665 3257 5744 praescripta
3289 5665 3551 5744 'formul'a
3596 5689 3720 5727 cum

2071 5738 2498 5815 imperatoribus
2528 5814 2532 5815 ν
2563 5739 2622 5815 in
2663 5743 3048 5815 processiones
3101 5738 3254 5815 (seu.
3288 5738 3718 5815 rusticationes)

2069 5821 2177 5860 non
2208 5811 2341 5864 exit.
2371 5809 2543 5865 Notat
2571 5810 2629 5864 in
2663 5811 2771 5866 hoc
2817 5810 2942 5866 loco
2988 5828 3096 5868 vox
3134 5808 3290 5866 οὐσία
3334 5808 3709 5871 dromonium

2070 5877 2330 5954 vehendo
2377 5897 2538 5954 sacro
2589 5882 2811 5954 corpori
2863 5883 3100 5954 Augusti
3159 5884 3541 5951 destinatum,
3593 5903 3711 5943 una

2070 5965 2198 6006 cum
2230 5948 2562 6024 πληρώματι
2591 5948 2701 6006 τῶν
2731 5948 3107 6025 ἒρετῶνίνὶὰ.
3141 5957 3210 6012 ad
3244 5973 3298 6027 p.
3333 5957 3457 6012 334.
