4074 6220
341 323 457 383 135

1446 314 1964 377 CONSTANTINI
2009 313 2703 376 PORPHYHOGENITI

3623 310 3741 372 136

416 455 458 509 7
519 458 587 511 V.
649 455 789 510 Inde
835 467 970 508 cum
1031 449 1284 505 dominis
1338 447 1604 521 magistri
1661 452 1721 505 et
1778 447 1984 519 reliqui

2171 447 2222 500 Ε,
2278 451 2317 498 Κ
2359 445 2374 463 ς
2437 444 2450 461 ,
2507 444 2521 461 ι
2628 448 2652 458 -
2752 441 2775 497 ἐ
2839 448 2863 459 ..
2902 464 2921 474 ,
3286 464 3316 478 _
3353 449 3376 460 ..

2231 488 2243 501 .
2322 466 2376 498 αι
2424 464 2530 497 απο
2587 464 2693 498 των
2779 464 2922 497 κειστ.
2972 445 3238 515 συνεξίασι
3298 464 3403 505 νοις
3454 441 3743 506 δεσπόταις

340 559 524 613 usque
585 544 655 597 ad
715 556 986 611 magnum
1047 538 1484 604 consistorium,
1548 538 1605 592 in
1667 555 1783 609 quo
1844 553 1984 592 crux

338 633 396 688 S.
426 631 793 687 Constantini
821 635 877 684 et
909 629 1069 697 virga
1099 627 1279 682 Mosis
1312 631 1493 695 stant,
1528 643 1642 681 una
1672 626 1983 692 egrediun-

345 726 480 787 tur;
514 726 571 774 et
602 719 679 773 ibi
730 718 1015 789 primusa
1064 716 1306 772 secretis
1360 721 1415 772 et
1469 714 1987 787 protosecretarius

343 827 475 866 cum
508 810 654 880 ipsis
684 807 937 877 secretis,
956 807 1196 862 notariis
1226 805 1617 875 imperatoriis
1649 806 1985 874 ceterisque

345 897 636 953 secreticis
674 900 847 967 atque
896 894 1143 951 notariis
1172 902 1225 949 et
1274 892 1645 948 chartulariis
1694 896 1750 947 et
1798 892 1985 947 omni-

345 987 455 1041 bus
483 985 543 1039 in
574 1001 707 1039 eum
733 985 924 1039 locum
959 983 1327 1054 congregatis
1350 986 1548 1037 adest:
1577 982 1990 1051 stantibusque

345 1073 601 1130 dominis
633 1090 811 1142 supra
833 1073 1127 1144 pulpitum
1158 1077 1291 1126 ante
1321 1070 1991 1140 camelaucium,prepo-

347 1162 494 1218 situs
526 1163 733 1216 iterum
760 1160 835 1215 ad
863 1167 1065 1215 nutum
1088 1160 1456 1230 imperatoris
1486 1160 1722 1230 signum
1757 1160 1839 1213 uti
1866 1174 1991 1213 mos

344 1256 434 1307 est
463 1252 781 1305 silentiario
814 1250 932 1318 dat,
964 1250 1046 1319 (in
1098 1250 1291 1304 medio
1323 1250 1479 1305 enim
1529 1248 1875 1304 consistorio
1908 1248 1989 1303 si-

342 1341 593 1396 lentiarii
631 1344 838 1409 praesto
871 1341 1057 1407 sunt,)
1089 1339 1211 1393 alta
1245 1354 1383 1392 voce
1409 1338 1740 1392 exclamans
1775 1352 1788 1391 :
1824 1357 1852 1385 «
1883 1335 1989 1391 Ju-

349 1429 498 1484 bete.
538 1450 563 1477 »
609 1428 748 1482 Inde
795 1427 1014 1482 domini
1063 1428 1133 1481 ad
1182 1425 1499 1480 triclinium
1552 1424 1990 1480 candidatorum

347 1518 689 1590 procedunt,
751 1517 850 1571 ubi
910 1532 1071 1570 sacer
1127 1514 1375 1570 Domino
1439 1513 1632 1569 clerus
1694 1515 1880 1580 adest,
1938 1517 1995 1568 et

347 1622 573 1663 crucem
607 1625 638 1660 a
687 1604 1051 1660 thesaurario
1100 1605 1226 1673 eius
1266 1602 1521 1658 ecclesiae
1554 1602 1700 1673 ipsis
1749 1600 1985 1656 allatam

347 1694 706 1751 osculantur.
767 1694 937 1748 Porro
995 1694 1066 1746 ad
1143 1691 1518 1761 octangulum
1579 1690 1807 1745 tholum
1887 1706 1987 1745 seu

2094 532 2148 589 οἵ
2178 554 2236 587 τε
2270 532 2559 608 μάγιστροι
2589 533 2679 587 καὶ
2711 532 2762 586 oi.
2804 531 2993 586 λοιποὶ
3031 528 3139 596 ἕως
3179 536 3276 587 τοῦ
3331 533 3571 608 μεγάλου
3624 554 3752 588 κον-

2096 623 2384 695 σιστωρίου
2417 625 2548 693 (86),
2581 619 2630 675 ἐν
2669 621 2714 692 ᾧ
2759 621 3009 675 ’ἰστανταιι
3059 619 3089 675 ὅ
3142 642 3199 675 τε
3246 626 3343 675 τοῦ
3393 621 3545 696 ἁγίου
3596 628 3746 676 Κων-

2095 711 2371 765 σταντίνου
2417 710 2646 783 σταυρὸς
2703 708 2791 763 καὶ
2842 711 2877 778 ἠ
2922 714 3019 763 τοῦ
3079 709 3316 771 Μωσέως
3379 705 3594 785 ῥάϐδος
3656 711 3749 765 καὶ

2099 801 2205 873 μὴν
2246 801 2275 854 6'
2327 820 2384 853 τε
2450 800 2943 872 πρωτοασηκρήτις
3010 799 3103 853 καὶ
3171 800 3199 853 6
3274 800 3746 873 πρωτονοτάριος,

2050 912 2054 923 ·
2100 889 2232 962 μετὰ
2270 892 2375 942 τῶν
2431 887 2761 962 ἆσηκρήτων
2818 887 2910 943 καὶ
2973 885 3271 961 βασιλικῶν
3333 888 3600 958 νοταρίων
3654 890 3743 943 καὶ

2097 976 2309 1031 λοιπῶν
2344 981 2666 1051 σεκρετικῶν
2717 977 2987 1049 νοταρίων
3020 977 3065 1012 ¹⁷
3094 998 3153 1032 τε
3200 977 3290 1031 καὶ
3323 976 3750 1053 χαρτουλαρίων

2097 1068 2184 1121 καὶ
2225 1064 2291 1135 δὴ
2323 1065 2534 1121 πάντων
2563 1065 2733 1120 ἐκεῖσε
2774 1066 3200 1140 ἁθροιζομένων,
3249 1066 3343 1120 καὶ
3391 1072 3501 1121 τῶν
3552 1062 3749 1121 δεσπο-

2096 1161 2202 1210 τῶν
2231 1155 2530 1227 ἱσταμένων
2564 1154 2766 1218 ἄνωθεν
2796 1160 2896 1209 τοῦ
2924 1154 3232 1210 πουλπίτου
3277 1158 3393 1227 (87)
3444 1152 3751 1227 ἔμπροσθεν

2097 1249 2197 1299 τοῦ
2226 1243 2625 1315 καμελαυκίου,
2685 1241 2851 1298 πάλιν
2887 1241 2976 1298 διὰ
3019 1244 3284 1317 νεύματος
3324 1248 3422 1298 τοῦ
3480 1244 3752 1319 βασιλέως

2098 1334 2234 1388 κατὰ
2271 1333 2333 1387 τὸ
2382 1334 2574 1396 εἰωθὸς
2634 1332 2773 1387 νεύει
2831 1334 2858 1387 6
2918 1334 3280 1407 πραιπὸσιτος
3336 1338 3418 1403 τῷ
3478 1331 3753 1387 σιλεντια-

2102 1423 2204 1495 ρίῳ
2237 1426 2347 1494 (88)
2378 1422 2573 1493 (ἐκεῖσε
2622 1422 2724 1497 γὰρ
2774 1420 2827 1475 ἐν
2880 1427 2959 1494 τῷ
3014 1422 3162 1495 μέσῳ
3210 1426 3309 1476 τοῦ
3356 1421 3752 1496 κονσιστωρίου

2096 1510 2342 1565 ’ἱστανται
2376 1512 2427 1565 oi
2462 1511 2863 1584 σιλεντιάριοι),
2916 1511 3006 1565 καὶ
3058 1510 3203 1585 λέγει
3258 1511 3535 1586 μεγάλως’
3586 1539 3611 1563 (ι
3646 1518 3752 1566 Κε-

2100 1599 2345 1655 λεύσαιτε.
2381 1624 2408 1652 ››
2443 1586 2555 1654 Κοιὶ⁸
2578 1598 2685 1654 ἀπὸ
2731 1604 2837 1653 τῶν
2889 1598 3060 1655 ἐκεῖσε
3107 1596 3420 1677 διέρχονται
3469 1600 3522 1654 οἱ
3554 1598 3751 1655 δεσπό-

2098 1711 2185 1744 ται
2230 1686 2333 1751 Eoo;
2378 1693 2475 1743 τοῦ
2523 1686 2805 1762 τρικλίνου
2853 1693 2961 1742 τῶν
3007 1686 3343 1743 κανδιδάτων
3394 1690 3505 1763 (89)
3556 1688 3753 1760 (ἐκεῖσε

345 1784 592 1857 primam
650 1782 929 1851 scholam,
990 1797 1161 1852 quem
1244 1781 1437 1836 locum
1512 1788 1745 1835 veterem
1795 1793 1987 1833 mone-

2101 1779 2203 1851 γὰρ
2244 1779 2272 1831 6
2318 1782 2415 1831 τοῦ
2474 1777 2672 1851 Κυρίου
2726 1775 2950 1831 ’ἱσταται
3006 1777 3267 1853 κλῆρος),
3323 1778 3413 1832 καὶ
3472 1777 3747 1847 ἀσπάζον-

1713 1868 1951 1923 VARl/E
1983 1868 2398 1925 LECTIONES.

416 1964 475 2017 1⁷.
494 1964 682 2020 Verba
717 1962 839 2036 βασ.
872 1981 985 2017 νοτ.
1019 1980 1071 2016 κ.
1107 1958 1261 2029 λοιπ,
1295 1979 1442 2034 σεκρ.
1475 1980 1589 2013 νοτ.
1624 1965 1680 2015 et
1709 1976 1841 2015 mox
1872 1958 1964 2011 καὶ
1995 1976 2111 2015 om.
2152 1960 2219 2016 R.
2253 1960 2311 2015 in
2345 1964 2524 2027 textu,
2560 1960 2819 2015 restituit
2849 1960 2907 2015 in
2941 1961 3096 2016 notis
3126 1976 3195 2016 ex
3224 1963 3350 2017 cod.

1374 2057 1576 2114 JOAN.
1618 2057 1764 2113 JAC.
1809 2057 2073 2112 REISKII
2112 2056 2701 2113 COMMENTARIUS.

292 2228 293 2231 η
348 2157 582 2231 στασίαι,
616 2176 700 2214 res
729 2158 989 2225 turbidae,
1024 2175 1079 2229 p.
1128 2159 1218 2231 73.
1255 2158 1411 2212 Idem
1448 2173 1503 2231 p.
1535 2157 1662 2221 243,
1688 2226 1699 2231 _
1722 2152 1857 2226 μάθε
1901 2154 2005 2221 τήν

347 2226 671 2285 κατάστάσιν
706 2231 900 2295 habet,
925 2226 1069 2284 disce
1090 2230 1351 2293 modeste,
1376 2226 1791 2291 ordine,scdate
1817 2242 2002 2294 agere.

346 2306 408 2358 In
445 2303 803 2357 ot'ticialibus
838 2301 1181 2367 patriarchas
1213 2307 1337 2354 erat
1367 2300 1395 2352 6
1425 2305 1523 2365 τῆς
1557 2297 1705 2370 ἱερᾶς
1738 2295 2004 2370 καταστά-

350 2394 510 2436 σεως,
546 2376 617 2427 de
651 2390 767 2443 quo
810 2373 983 2427 Goar.
1024 2389 1158 2441 pag.
1195 2372 1262 2425 13
1308 2372 1377 2443 ad
1412 2369 1675 2443 Codin.et
1725 2369 2002 2443 Gregtser_.,

354 2448 588 2517 ρη167.
644 2440 845 2498 Petrus
898 2440 1173 2517 Magister
1220 2442 1455 2517 scripsit
1490 2443 1683 2517 libros
1724 2440 1861 2517 “napi
1902 2441 2003 2517 ei;

351 2512 649 2585 noli-riui:
680 2512 1080 2577 καταστάσεώς,
1124 2514 1196 2585 de
1225 2512 1589 2585 quibusdixi
1622 2512 1678 2564 in
1717 2513 2002 2585 praefatio-

352 2604 424 2641 ne
440 2583 471 2653 ;’
487 2593 631 2641 v.Uu
649 2587 841 2653 Gange
856 2583 1571 2639 Gloss.Gr.Caarimoniarii
1592 2587 1716 2636 erat
1736 2584 2005 2635 ordinare

351 2673 622 2728 proceres
672 2656 992 2728 secundum
1028 2655 1384 2723 praecedendi
1426 2663 1477 2707 et
1523 2654 1799 2728 sequendi
1841 2653 2001 2721 jura,

266 2790 277 2797 ,
354 2725 611 2796 incipere
638 2726 1227 2796 troparium,evocare
1251 2725 1850 2797 proceresrsecundum
1871 2740 2004 2778 suos

356 2801 590 2855 ordines
623 2802 690 2851 ad
726 2814 948 2851 sacram
990 2796 1487 2862 communionem,
1521 2796 1587 2867 in;
1613 2796 1842 2867 magnis
1871 2812 2002 2867 pro-

354 2869 720 2925 cessionibus
752 2870 811 2922 in
860 2868 1069 2939 Magna
1118 2867 1386 2931 ecclesia,
1429 2865 1691 2939 osculum
1718 2865 1899 2936 'pacis
1926 2866 2004 2939 ab

353 2942 705 3012 imperatore
739 2937 1080 3008 accepturos
1113 2955 1286 3012 manu
1322 2939 1391 2992 ad
1426 2954 1557 3012 eum
1593 2937 1827 3012 ducere,
1852 2937 2000 3005 vela,

356 3010 457 3068 seu
490 3014 710 3066 classes
745 3027 1070 3079 procerum,
1094 3016 1151 3063 et
1174 3010 1393 3077 legatos
1440 3010 1830 3076 introducere,
1863 3013 1999 3064 etc..

355 3085 458 3155 Ep.
512 3084 598 3137 14.
630 3082 842 3155 Nostri
890 3083 1006 3137 fere
1054 3082 1370 3137 concludas
1418 3096 1549 3135 eum
1599 3080 1781 3135 fuisse
1829 3088 2002 3151 caput

359 3154 833 3212 silentiariorum.

2114 2173 2313 2212 eorum
2348 2155 2669 2210 codicillos.
2712 2154 2903 2210 Vales.
2935 2155 3006 2211 ad
3037 2157 3231 2211 Amm.
3265 2155 3525 2211 Marcell.
3550 2172 3606 2227 p.
3630 2157 3759 2223 323,

2113 2229 2398 2297 originem
2432 2244 2632 2281 eorum
2669 2227 2903 2298 deducit
2943 2244 2976 2281 a
3023 2228 3319 2283 veteribus
3369 2228 3761 2298 praeconibus,

2114 2301 2209 2369 qui
2272 2304 2577 2369 postquam
2622 2297 2853 2368 judices
2880 2299 2938 2353 in
3006 2298 3290 2354 tribunali
3338 2297 3754 2369 consederant,

2113 2370 2410 2425 silentium
2446 2370 2757 2425 faciebant.

2197 2442 2291 2512 (89
2340 2440 2643 2494 Candidati
2676 2444 2816 2495 sunt
2847 2438 3063 2496 milites
3097 2440 3538 2512 pompatici,aut
3569 2445 3766 2496 osten-

2113 2511 2390 2573 sionales.
2422 2513 2487 2565 ad
2524 2512 2769 2575 Augusti
2794 2513 3116 2566 custodiam
3149 2517 3206 2568 et
3233 2511 3579 2568 comitatum
3611 2512 3764 2567 dele-

2111 2585 2215 2651 cti,
2248 2584 2442 2653 specie
2472 2589 2529 2635 et
2555 2583 2765 2655 robore
2810 2589 3167 2655 praestantes,
3200 2600 3233 2639 a
3282 2584 3550 2650 candido,
3584 2599 3763 2655 quem

2112 2655 2391 2723 gerebant
2420 2653 2630 2708 vestitu
2657 2655 2743 2708 sic
2772 2654 2933 2707 dicti.
2957 2654 3280 2709 Chronicon
3304 2653 3760 2723 Alexandrinum

2112 2722 2194 2800 ait
2239 2724 2597 2800 Gorgdiengum
2643 2724 2732 2776 τὸν
2783 2722 3019 2800 ᾀριθμὸν
3058 2730 3164 2800 τῷν
3211 2723 3523 2800 λεγομένων
3573 2722 3759 2800 navat-

2112 2792 2313 2869 ξάτων,
2349 2796 2614 2869 homines
2660 2792 3025 2856 semicocxai
3070 2792 3454 2869 εόλσθενεῗςκαῖ
3510 2793 3761 2869 μεγάλης

2111 2863 2268 2926 ὄντας
2320 2867 2443 2928 οὲας
2495 2871 2845 2935 excerpsisse
2899 2869 3018 2921 κατ’
3066 2866 3303 2935 ἐκλογὴν
3351 2866 3459 2921 ἀπὸ
3507 2863 3602 2921 ’ὶοὸ
3660 2868 3757 2921 τά·

2154 2957 2323 3015 μοιτος
2356 2941 2464 2991 τῶν
2500 2935 2817 3015 λεγομὲνων
2847 2937 3187 3015 σχολαρίων.
3214 2935 3277 2994 Hi
3309 2939 3550 2994 candida
3581 2942 3759 2994 turba

2154 2960 2323 3010 ματος
2356 2960 2464 2991 των
2501 2960 2785 3012 Λεγομενω

2110 2960 2357 3080 (ξυνίῃ)ρο
2390 3010 2785 3081 appellantur.

2253 3082 2388 3136 Cum
2418 3081 2687 3151 palatinis
2716 3086 2868 3135 stans
2898 3081 3135 3136 candida
3164 3084 3325 3137 turba
3347 3081 3604 3137 tribunis.

2179 3152 2431 3208 Camisia
2462 3154 2644 3216 enim,
2677 3170 2777 3207 seu
2830 3154 3105 3208 interulas
3143 3155 3301 3207 albas
3347 3154 3624 3223 gerebant
3653 3168 3747 3207 su-

428 3227 545 3293 (86)
574 3224 1001 3282 Consistorium
1033 3228 1123 3278 est
1142 3222 1355 3296 (locus,
1379 3222 1573 3296 diaeta,
1600 3221 1661 3276 in
1695 3238 1813 3296 qua
1843 3222 2069 3296 prin-C
2103 3241 2211 3296 per
2270 3225 2425 3278 omni
2462 3224 2700 3296 reliquo
2749 3224 2974 3289 vestitu,
3036 3221 3534 3295 quemadmodum
3587 3224 3756 3278 Verbi

361 3292 495 3367 ccps
526 3292 654 3350 eum
688 3296 811 3350 suis
842 3294 1285 3367 consistorianis
1326 3294 1396 3367 de
1430 3295 1606 3367 rebus
1636 3292 2007 3367 suisupubli-

366 3364 450 3423 cis
484 3367 836 3437 privatisque
884 3365 1171 3437 consultat
1201 3375 1255 3419 et
1309 3365 1584 3437 decernit,
1616 3364 1907 3437 supplices
1955 3370 2011 3419 et

366 3434 584 3507 legatos
617 3434 802 3507 audit,
836 3442 945 3491 etc.
997 3436 1065 3489 V.
1106 3437 1188 3491 Du
1224 3438 1412 3501 Canae
1448 3436 1649 3507 (Gloss.
1686 3435 1809 3489 Lat.
1863 3434 1919 3489 h.
1954 3451 2006 3490 v.

364 3506 603 3564 Gnther.
656 3507 765 3564 ΟΠ.
816 3513 881 3563 D.
934 3508 994 3562 A.
1043 3524 1097 3573 p.
1148 3508 1219 3561 69
1266 3523 1392 3575 sqq.
1443 3506 1637 3560 Vales.
1691 3508 1761 3561 ad
1818 3511 2006 3561 Amm.

363 3578 617 3636 Marcell.
668 3596 726 3650 p.
783 3579 852 3631 87
886 3583 958 3650 et
1005 3578 1130 3631 330.
1182 3578 1437 3650 Sedden.
1487 3579 1558 3650 de
1604 3578 1717 3632 Tit.
1777 3575 2007 3644 honor.,

365 3660 404 3707 t.
458 3668 523 3717 ιι,
569 3648 699 3721 pag.
749 3650 840 3703 29.
882 3648 1165 3721 Harduin.
1218 3649 1286 3703 ad
1336 3648 1650 3714 Themist.,
1701 3664 1825 3719 pag.
1880 3650 2006 3716 475,

363 3723 459 3793 qui
497 3720 693 3793 tamen
725 3738 849 3790 quas
899 3720 1076 3774 habet
1107 3721 1479 3793 deﬂquatuor
1518 3722 1827 3775 comitibus
1871 3737 2008 3793 con-

361 3791 779 3860 s_istorianis,ea
805 3794 870 3845 ad
894 3798 1154 3862 tempora
1171 3792 1567 3847 Theodosiaca
1591 3791 2009 3862 pertinentPoc

362 3864 557 3936 lybius
590 3881 721 3936 pag.
753 3865 882 3936 717,
911 3866 967 3931 7,
1001 3861 1141 3920 edit.
1173 3862 1388 3936 Wech.
1429 3861 1874 3934 Χρημίατιστικὸν
1902 3883 2008 3916 πυ-

361 3932 510 4008 λῶνα
538 3938 645 3987 τῶν
672 3932 972 4008 βασιλέων,
1007 3934 1266 4008 appellat
1315 3932 1491 3989 talem
1526 3932 1739 4008 locum,
1776 3935 2009 3988 vestibu-

361 4007 498 4133 ldum,
537 4006 729 4131 in’quo
755 4024 906 4076 reges
936 4013 1008 4062 de
1035 4006 1281 4076 negotiis
1329 4007 1638 4073 conveniri,
1671 4012 1723 4060 et
1755 4022 2010 4077 responsa

404 4094 499 4132 are
529 4095 587 4131 so
626 4087 733 4133 ent.

404 4094 499 4132 are
529 4087 733 4134 solent.

429 4150 539 4221 (87)
580 4150 866 4220 Pulpitum
902 4157 983 4204 est
1033 4154 1368 4221 suggestus,
1400 4148 1579 4220 βῆμα,
1631 4148 1820 4221 ambo.
1874 4146 2007 4200 Vid.

367 4219 444 4273 Du
481 4219 694 4289 Cange’
723 4222 913 4276 Gloss.
950 4222 1135 4275 Latin.
1172 4219 1339 4273 Varia
1372 4219 1538 4273 erant
1578 4219 1799 4287 pulpita
1830 4236 1844 4285 ;
1878 4224 2011 4271 ante

367 4291 664 4344 Cathisma
708 4294 879 4356 CIPCi,
939 4290 1053 4344 vid.
1105 4290 1440 4357 Theophan.
1499 4306 1553 4356 p.
1606 4290 1728 4354 157,
1771 4294 1827 4341 et
1876 4295 2012 4341 ante

367 4361 674 4428 palatium.
710 4364 947 4417 Cedren.
983 4376 1135 4430 pag,
1159 4360 1282 4421 369,
1320 4360 1415 4412 ubi
1466 4359 1580 4412 vid.
1614 4358 1783 4414 Goar.
1835 4364 1906 4430 eti
1938 4359 2007 4410 ad

372 4431 563 4487 Nostri
603 4449 661 4497 p.
689 4433 811 4484 29°37
843 4431 921 4485 De
951 4429 1314 4484 (lamelaucio
1345 4429 1474 4483 dico
1506 4430 1575 4482 ad
1612 4447 1665 4500 p.
1689 4430 1815 4500 3_31,
1854 4429 1936 4481 13.

437 4502 548 4571 (h8)
580 4502 932 4571 Plerumque
966 4502 1024 4556 in
1074 4500 1419 4553 membranis
1452 4497 1627 4569 Lipsf
1655 4497 1926 4553 σελέντιον
1958 4506 2009 4552 et

2116 3296 2296 3349 divini
2333 3295 2583 3349 ministri
2621 3296 2836 3364 passim
2887 3296 3144 3351 locorum
3177 3297 3332 3367 apud
3365 3312 3469 3350 nos
3518 3296 3576 3349 in
3610 3298 3763 3350 reci-

2118 3371 2335 3421 tatione
2393 3382 2683 3420 Sacrarum
2744 3366 3072 3421 orationum
3132 3375 3184 3421 et
3218 3366 3761 3422 administratione

2116 3439 2261 3493 sacri
2297 3438 2472 3509 officii
2504 3437 2694 3491 adhuc
2724 3441 3108 3509 gerunt,item
3145 3438 3497 3509 quihusdam
3532 3439 3588 3491 in
3620 3437 3762 3491 locis

2117 3510 2342 3562 femina:
2376 3507 2652 3567 lugentes.
2685 3508 2907 3562 Strictae
2939 3515 3101 3564 erant
3132 3507 3218 3563 bim
3253 3510 3419 3564 lineae
3449 3512 3613 3575 (nam
3649 3509 3763 3563 sin-

2115 3581 2264 3651 done
2317 3579 2550 3651 fiebant)
2581 3585 2759 3647 veste,
2794 3589 2841 3633 et
2895 3584 2964 3634 de
2993 3580 3139 3651 ipsis
3191 3582 3540 3650 interpretor
3591 3580 3759 3635 illum

2113 3649 2390 3723 Wihelmi
2422 3650 2676 3723 Britonis
2724 3650 2913 3705 locum
2948 3649 3102 3721 apud
3132 3657 3218 3707 Du
3253 3649 3446 3723 Cange
3477 3669 3527 3705 v.
3564 3653 3755 3706 Linea.

2114 3724 2285 3776 Linea
2310 3722 2593 3775 dicebatur
2619 3725 2869 3787 camisia,
2902 3738 3027 3792 quae
3053 3732 3228 3778 totum
3257 3722 3450 3793 corpus
3478 3725 3673 3793 operit,
3705 3727 3759 3777 et

2118 3795 2199 3849 ita
2228 3795 2430 3847 strictis
2458 3794 2694 3846 manicis
2737 3794 3054 3849 adhaerebat
3083 3797 3316 3863 corpori,
3352 3804 3411 3849 ut
3456 3794 3616 3847 nulla
3667 3810 3759 3848 es-

2114 3870 2190 3919 set
2220 3882 2384 3932 ruga,
2416 3873 2465 3917 et
2512 3864 2863 3919 descendebat
2911 3881 3083 3936 usque
3128 3866 3199 3919 ad
3245 3867 3409 3932 pedes
3442 3884 3455 3929 ;
3490 3864 3633 3918 unde
3659 3879 3755 3936 po-

2115 3937 2259 3990 deris
2313 3936 2518 4000 Graece,
2567 3936 2669 3989 hoc
2695 3939 2771 3990 est
2817 3935 3030 3990 (alaris.
3084 3937 3324 3991 Videtur
3370 3936 3636 3991 Valesius
3682 3935 3755 3990 ad

2114 4007 2839 4079 Ammian.Marcell.p.88,
2871 4024 2936 4061 ex
2970 4007 3319 4079 Hieronymo
3349 4007 3556 4062 elicere
3590 4005 3756 4079 velle,

2116 4078 2220 4132 hos
2255 4078 2585 4132 candidatos
2625 4080 2696 4131 de
2727 4078 2976 4132 candore
3017 4080 3169 4133 cutis
3194 4078 3409 4133 nomen
3442 4078 3757 4147 accepisse.

2114 4150 2172 4203 Si
2207 4149 2313 4203 soli
2348 4150 2595 4202 fuissent
2625 4148 2899 4202 Germani
2935 4151 3081 4204 hanc
3127 4153 3184 4203 in
3221 4151 3490 4205 militiam
3523 4165 3757 4203 assum-

2116 4220 2220 4289 pti,
2257 4225 2452 4285 posset
2482 4236 2547 4275 ea
2582 4219 2776 4283 Opinio
2808 4221 3237 4289 quodammodo
3272 4219 3758 4276 tolerari.Verum

2115 4290 2337 4345 candidi
2368 4292 2562 4360 potius
2598 4290 2701 4349 illi.
2736 4307 2912 4360 quam
2944 4292 3230 4347 candidati
3258 4294 3528 4347 luissent.
3552 4292 3662 4347 Sed
3700 4294 3764 4344 ut

2116 4360 2323 4431 pullati
2356 4367 2513 4421 sunt.
2548 4361 2646 4431 qui
2682 4362 2897 4432 pullam
2932 4370 3165 4427 gerunt,
3198 4364 3282 4417 ita
3314 4364 3631 4426 candidati,
3658 4361 3763 4432 qui

2117 4432 2446 4504 candidam.
2480 4432 2642 4486 Conf.
2678 4432 2828 4487 idem
2862 4434 2937 4488 ad
2972 4452 3023 4504 p.
3051 4434 3181 4497 27b,
3212 4436 3339 4497 523,
3374 4435 3469 4489 ubi
3503 4436 3760 4504 exponit,

2117 4503 2253 4573 quid
2292 4504 2368 4556 sit
2398 4504 2690 4557 candidam
2720 4503 3020 4571 dare,item
3061 4506 3438 4573 Lindenbrog.
3465 4510 3530 4558 ad
3569 4503 3759 4558 Amm.

365 4569 695 4650 σλεντιάριοι
746 4569 1029 4644 scriptum
1063 4572 1276 4650 inveni.
1311 4571 1391 4627 De
1421 4572 1690 4650 silentiis,
1714 4588 1840 4650 “seu
1875 4586 2004 4650 con:
2037 4587 2083 4650 D
2208 4574 2330 4633 424,
2365 4575 2506 4650 457;
2541 4574 2836 4650 Pet_av.__ad
2866 4569 3145 4631 Themist.
3183 4569 3414 4650 p.377}
3449 4576 3532 4631 Du
3567 4577 3760 4650 Gange

363 4642 636 4700 ventibus
694 4650 750 4699 et
817 4642 1191 4699 consessibus
1262 4658 1565 4712 procerum
1639 4642 1999 4697 deliberandi

363 4732 563 4783 causa,
600 4717 832 4772 abunde
864 4721 1110 4783 egerunt
1160 4720 1244 4768 Du
1288 4715 1476 4777 Canae
1509 4713 1697 4770 Gloss.
1735 4719 2001 4782 utroque,

362 4788 433 4841 ad
465 4788 759 4850 Cinnam,
789 4806 845 4856 p.
898 4788 1039 4849 1192;
1073 4785 1243 4840 Goar.
1279 4785 1352 4839 ad
1400 4786 1735 4855 Theophan.
1771 4802 1826 4854 p.
1874 4786 2005 4851 202,

367 4863 422 4914 et
470 4860 540 4913 ad
591 4859 851 4925 Cedren.,
907 4876 961 4930 p.
1021 4858 1177 4922 354;
1228 4856 1587 4930 Alemannus
1637 4858 1706 4930 ad
1738 4862 2002 4930 (Procop.

366 4946 421 5001 p.
476 4931 598 4986 103.
648 4928 1006 4985 Silentiarios
1066 4930 1249 5001 luisse
1296 4928 1380 5001 ait
1431 4928 1837 5001 cubicularios.
1880 4928 2004 4982 Non

365 4998 509 5056 satis
558 5008 728 5056 recte.
798 5002 904 5056 Sed
980 5000 1295 5071 aliquando
1354 4998 1532 5053 latius
1592 5000 1856 5071 sumpsit
1908 5016 2005 5053 vo-

364 5088 491 5126 cem
545 5073 798 5127 cubiculi
847 5072 913 5128 et'
952 5070 1319 5126 cubicularii.
1365 5070 1707 5126 Cubiculum
1746 5070 1869 5137 ipsi
1920 5074 2010 5125 est

369 5145 805 5209 consistorium,
861 5149 918 5200 et
975 5141 1317 5198 cubicularii
1378 5141 1489 5212 ipsi
1550 5148 1688 5197 sunt
1743 5141 1848 5207 illi,
1906 5142 2006 5211 qui

367 5231 566 5270 curam
627 5218 900 5286 agebant,
964 5226 1019 5269 ut
1084 5214 1145 5268 in
1203 5213 1542 5286 consistorio
1592 5214 1787 5286 quiete
1839 5221 2010 5279 atque

366 5286 573 5341 decore
624 5284 726 5359 pro
787 5289 1108 5359 majestate
1150 5284 1434 5356 principis
1509 5284 1813 5359 praisentis
1872 5299 2007 5354 age-

365 5364 588 5412 rentur.
625 5355 728 5413 'De
783 5358 1036 5420 silentio,
1095 5356 1153 5409 in
1214 5371 1328 5424 quo
1403 5358 1699 5423 perorabat
1758 5355 2007 5425 impera-

366 5433 479 5491 tor,
531 5428 643 5483 alio
696 5430 820 5484 loco
872 5431 1078 5484 dicam.
1119 5433 1199 5482 De
1248 5425 1586 5482 silentiariis
1634 5426 1729 5480 hic
1776 5430 2007 5479 tantum

367 5506 524 5564 noto,
577 5501 975 5556 internuntios
1024 5515 1123 5554 eos
1171 5502 1227 5552 et
1276 5514 1544 5552 cursores
1593 5499 1709 5551 fere
1758 5496 2008 5561 impera-

366 5570 513 5642 toris
546 5572 725 5627 fuisse
755 5574 810 5626 in
863 5571 1111 5642 publicis
1144 5568 1701 5642 processionibus,in
1734 5566 2007 5642 silentiis,

363 5641 686 5713 legatorum
724 5639 1315 5704 intrdduotionedtem
1343 5651 1681 5713 senatorum
1708 5640 2004 5713 omnium,

362 5710 510 5782 quos
562 5714 794 5769 brachio
853 5716 1171 5783 prehensos
1216 5713 1281 5764 ad
1322 5710 1480 5783 Aimp.
1532 5711 2003 5764 introducebant.

358 5779 609 5843 Domum
665 5779 1031 5842 deducebant
1074 5796 1273 5837 recens
1320 5779 1660 5851 honoratos,
1709 5786 2009 5853 portantes

2116 4651 2361 4719 utroque
2390 4646 2892 4719 Glossario.Color
2923 4664 3131 4719 nempe
3161 4648 3385 4704 aulicus
3417 4654 3543 4719 erat
3566 4646 3757 4719 albus,

2114 4722 2169 4790 et
2201 4718 2258 4771 in
2292 4717 2548 4790 camisiis
2582 4718 2733 4790 albis
2763 4717 3359 4790 debebant'proceres
3390 4718 3761 4790 quotidianae

2062 4819 2068 4826 -
2114 4788 2170 4842 in
2207 4789 2400 4842 aulam
2433 4789 2827 4859 processiones
2860 4789 3039 4845 obire.
3073 4791 3221 4846 Hinc
3251 4792 3306 4845 in
3340 4788 3538 4846 charta
3561 4802 3759 4844 vetere

2115 4859 2264 4930 apud
2319 4866 2403 4914 Du
2458 4860 2649 4928 Gange
2687 4877 2739 4915 ν.
2794 4864 3013 4924 Gunna,
3064 4863 3223 4917 color
3271 4863 3436 4917 albus
3483 4869 3535 4916 et
3583 4861 3760 4914 ruber

2117 4937 2257 4985 sunt
2286 4932 2509 4987 colores
2562 4931 2725 5001 regii.
2763 4931 2897 4985 Cum
2947 4933 3349 4987 innumerabili
3395 4933 3759 4986 multitudine

2115 5004 2367 5071 equitum
2390 5004 2457 5056 de
2485 5002 2716 5071 civibus,
2746 5002 2959 5057 vestitis
2990 5007 3045 5056 in
3090 5006 3359 5059 coloribus
3390 5003 3578 5074 regiis.
3606 5004 3760 5057 vide-

2118 5074 2243 5127 licet
2301 5077 2361 5128 in
2408 5075 2678 5128 coloribus
2726 5074 2805 5138 [id
2863 5081 2951 5128 est
2991 5075 3251 5130 vestibus
3311 5074 3605 5144 coloratis]
3649 5074 3765 5127 albi

2118 5144 2316 5219 coloris
2349 5148 2397 5200 et
2428 5145 2604 5219 rubri.
2642 5145 2827 5199 Benzo
2858 5146 2915 5199 in
2967 5147 3323 5219 Panegyrico
3355 5146 3582 5202 Henrici
3635 5145 3711 5199 Ill
3748 5160 3760 5197 :

2116 5216 2329 5288 Attatae
2384 5226 2515 5269 sunt
2571 5218 2841 5288 Byzantio
2889 5219 3099 5284 regales
3131 5216 3408 5286 'lilrerze;
3459 5218 3760 5288 portitores

2118 5287 2316 5360 [tarum
2344 5289 2570 5360 fuerunt
2590 5286 2709 5360 tres
2738 5286 2900 5360 missi
2940 5306 3193 5360 purpura
3222 5290 3429 5357 induti,
3461 5286 3585 5342 cum
3615 5304 3751 5360 can-

2116 5358 2244 5413 dore
2283 5359 2449 5430 byssi.
2503 5358 2828 5430 Chlamydes
2856 5358 3058 5416 nimia!
3099 5360 3401 5415 uiriditatis
3432 5358 3760 5415 relucebant

2116 5431 2301 5502 aureis
2350 5430 2547 5497 signis,
2582 5435 2692 5486 etc.
2729 5431 2872 5486 Hinc
2919 5432 3213 5487 candidam
3247 5449 3347 5502 pro
3398 5431 3608 5486 militia
3660 5445 3761 5483 seu

2117 5499 2296 5580 gradu
2346 5502 2599 5580 palatino
2650 5504 2836 5580 posuit
2888 5499 3277 5580 Hieronymus
3311 5502 3417 5580 Ep.
3462 5502 3767 5580 9,7pultam.

2118 5572 2362 5625 tunicam
2392 5575 2695 5643 nigrosque
2742 5574 2947 5627 calceos
2994 5572 3246 5629 candida:
3285 5579 3444 5629 vestis
3492 5572 3766 5627 el’aurati

2116 5644 2262 5715 socci
2285 5642 2622 5713 depositione
2668 5644 2967 5707 sumpsisti.
3006 5646 3274 5715 Ejusdem
3327 5647 3498 5699 verba
3530 5645 3601 5700 de
3634 5642 3763 5715 Ne:

2117 5713 2353 5788 potiano
2386 5718 2440 5768 in
2470 5714 2676 5788 palatii
2705 5716 2914 5788 militia
2943 5713 3057 5788 sub
3090 5717 3382 5788 chlamyde
3419 5726 3467 5769 et
3497 5713 3767 5770 candenti

2117 5785 2262 5841 lineo
2295 5785 2490 5855 corpus
2518 5787 2639 5858 ejus
2669 5786 2853 5842 cilicio
2893 5786 3093 5843 tritum
3122 5789 3256 5861 fuit,
3279 5785 3291 5788 ⁷
3310 5792 3554 5860 possunt
3601 5800 3767 5856 aeque
