4108 6220
411 372 527 433 179

1459 366 1998 433 CONS'I‘ANTINI
2044 360 2755 430 PORPHYROGENITI

3707 367 3829 426 180

412 520 610 560 TERTIA
639 504 791 562 intra
839 502 1076 558 chalcen
1120 503 1187 559 ad
1241 505 1491 573 portam,
1545 517 1676 572 quas
1720 501 1778 562 in
1829 500 2054 558 scholas

2190 494 2491 551 πιτελεῖται
2530 495 2712 556 καθὼς
2757 493 3102 568 προείρηται.
3150 495 3253 550 Καὶ
3295 494 3395 559 εἶθ’
3451 495 3626 559 οὕτως
3678 499 3826 573 γίνε-

415 593 593 659 ducit,
621 593 871 663 receptio
903 591 988 658 fit,
1021 595 1075 644 et
1107 591 1320 660 excipit
1370 591 1446 644 ibi
1501 591 1773 644 tribunus
1819 591 2063 643 Veneto-

415 697 544 738 rum
577 697 674 738 seu
715 679 1069 736 domesticus
1115 678 1452 735 scholarum
1499 694 1632 738 cum
1679 679 1924 734 factione
1958 694 2064 732 sua

414 769 741 828 transitoria
772 767 927 836 alba,
960 774 1017 826 et
1047 767 1270 837 reliqua
1317 772 1377 822 ut
1406 784 1584 838 supra
1614 765 1870 822 diximus
1901 782 2062 821 exse-

414 859 632 928 quitur.
671 856 881 914 Deinde
917 873 1144 919 QUARTA
1189 857 1442 927 receptio
1491 856 1556 911 ﬁt
1602 856 1662 911 in
1715 856 1862 911 atrio
1910 855 1965 909 S.
2001 855 2059 910 S.

415 946 804 1016 apostolorum
833 945 950 1000 sive
983 945 1036 1000 in
1074 945 1310 1012 scholis,
1344 950 1400 1004 et
1430 945 1507 1000 ibi
1531 961 1766 1016 quoque
1789 944 2066 1000 tribunus

415 1035 786 1094 Prasinorum
819 1051 917 1092 seu
948 1035 1250 1091 excubitor
1280 1051 1409 1090 cum
1440 1035 1692 1090 factione
1722 1049 1830 1088 sua
1860 1033 2068 1087 transi-

415 1124 562 1180 toria
594 1140 759 1180 russa
792 1125 991 1178 adest:
1027 1127 1228 1178 cetera
1260 1137 1396 1180 uero
1438 1127 1502 1177 ut
1541 1138 1710 1193 supra
1741 1123 2064 1190 expositum

417 1212 527 1267 fuit
555 1228 588 1267 a
619 1211 869 1266 lectione
901 1211 1300 1283 perﬁciuntur.
1335 1211 1556 1266 UL’I'IMA
1605 1212 1666 1265 ﬁt
1698 1212 1755 1266 in
1787 1208 2066 1265 tribunali

417 1317 516 1355 seu
552 1305 684 1358 ante
717 1299 976 1371 lychnos,
1011 1300 1107 1356 ubi
1155 1300 1499 1355 Venetorum
1533 1299 1803 1371 princeps
1834 1314 1932 1354 seu
1965 1299 2066 1356 do-

420 1389 697 1448 mesticus
729 1404 860 1444 cum
895 1387 1228 1445 transitoria
1259 1404 1367 1444 sua
1417 1387 1668 1443 factione
1699 1386 1832 1442 alba
1861 1401 2066 1456 exspo-

419 1484 570 1537 ctat:
605 1481 926 1547 uestemque
956 1480 1017 1532 ut
1057 1493 1231 1546 supra
1262 1477 1629 1534 ostendimus
1660 1477 2065 1532 observantur.

2175 589 2262 639 ται
2292 583 2450 656 τρίτη
2487 580 2638 657 δοχή
2671 581 2882 645 ἔνδοθεν
2912 589 3015 650 τῆς
3061 580 3280 656 χαλκῆς
3323 583 3458 657 πρὸς
3495 586 3594 652 τὴν
3640 585 3823 658 πύλην

2171 675 2270 740 τήν
2295 672 2642 748 εἶ’σφέρουσαν
2674 671 2748 732 εἷς
2788 673 2883 733 τὰς
2931 669 3164 745 σχολὰς,
3206 672 3294 726 καὶ
3343 670 3557 746 δέχεται
3608 676 3824 731 κάκεῖσε

2174 764 2200 816 ὁ
2234 760 2590 835 δημοκρᾶτης
2618 768 2726 817 τῶν
2770 761 3026 829 Βενέτων,
3057 759 3231 837 ἤγουν
3280 762 3306 816 ὁ
3350 758 3673 835 δομέστικος
3713 771 3823 820 τῶν

2174 849 2422 928 σχολῶν,
2467 852 2602 923 μετὰ
2649 852 2737 905 καὶ
2780 855 2877 906 τοῦ
2926 855 3226 924 περατικοῦ
3278 850 3444 906 αὐτοῦ
3495 850 3676 926 δήμου
3724 860 3822 908 τοῦ

2175 935 2396 998 λευκοῦ’
2446 940 2514 992 τὰ
2563 935 2620 993 δὲ
2671 937 2839 993 λοιπὰ
2886 945 2985 1006 τῆς
3039 935 3216 1015 δοχῆς
3266 935 3592 994 ἐπιτελεῖται
3645 943 3824 1003 καθὼς

2174 1030 2514 1102 προείρηται.
2559 1029 2664 1084 Καὶ
2717 1029 2853 1100 μετὰ
2900 1027 3098 1097 ταύτην
3149 1027 3351 1101 γίνεται
3398 1030 3627 1102 τετάρτη
3680 1028 3826 1106 δοχὴ

2176 1115 2252 1177 εἷς
2346 1117 2407 1171 τὸ
2505 1113 2848 1191 προπύλαιον
2943 1119 3050 1170 τῶν
3147 1114 3348 1187 Ἀγίων
3445 1117 3824 1188 Ἀποστόλων,

2176 1203 2350 1280 ἤγουν
2391 1205 2468 1266 εἷς
2511 1206 2608 1268 τὰς
2649 1204 2884 1279 σχολὰς,
2931 1204 3018 1258 καὶ
3061 1203 3277 1278 δέχεται
3325 1205 3540 1260 κάκεῖσε
3581 1208 3607 1261 6
3650 1205 3826 1280 δημο-

2175 1294 2379 1367 κράτης
2437 1299 2544 1350 τῶν
2606 1295 2904 1369 Πρασίνων,
2963 1294 3135 1370 ἤγουν
3180 1296 3206 1348 6
3260 1291 3630 1364 ἐκσκούϐιτος,
3696 1301 3828 1370 μετὰ

2179 1387 2278 1439 τοῦ
2328 1387 2621 1458 περατικοῢ
2681 1387 2846 1438 αυτοῦ
2915 1380 3097 1454 δήμου
3161 1386 3258 1436 τοῦ
3327 1384 3571 1456 ρουσίουι
3638 1387 3704 1439 τὰ
3771 1385 3829 1442 δὲ

2179 1469 2348 1526 λοιπὰ
2379 1478 2478 1540 τῆς
2524 1470 2701 1546 δοχῆς
2751 1468 3079 1526 ἐπιτελεῖται
3113 1471 3294 1534 καθὼς
3332 1472 3675 1547 προείρηται.
3721 1477 3826 1531 Καὶ

417 1563 698 1619 τελευταία
746 1561 887 1636 δοχή
940 1563 1143 1636 γίνεται
1193 1564 1267 1623 εἰς
1313 1564 1377 1617 τὸ
1418 1557 1830 1636 τριϐουνάλιον,
1881 1559 2049 1636 ἤγουν
2113 1561 2218 1632 πρὸ
2279 1564 2386 1614 τῶν
2448 1559 2695 1634 λύχνων,
2755 1561 2842 1614 καὶ
2897 1557 3114 1634 δέχεται
3175 1561 3329 1615 κάκεῖ
3381 1561 3408 1614 ὀ
3469 1559 3828 1637 δημοκράτης

415 1659 522 1710 τῶν
585 1653 846 1723 Βενὲτων,
905 1653 1072 1726 ἤγουν
1125 1653 1152 1705 ὁ
1199 1649 1541 1724 δομὲστικος,
1597 1653 1733 1724 μετὰ
1779 1651 1869 1706 καὶ
1914 1655 2010 1705 τοῦ
2052 1653 2346 1725 περατικοῦ
2396 1650 2566 1705 αὑτοῦ
2616 1647 2798 1722 δήμου
2841 1653 2942 1704 τοῦ
2995 1653 3210 1705 Λευκοῦ·
3267 1651 3334 1710 τὰ
3403 1647 3460 1705 δὲ
3513 1649 3684 1707 λοιπὰ
3727 1661 3828 1723 τῆς

421 1738 598 1818 δοχῆς
633 1740 960 1796 ἐπιτελεῖται
989 1741 1170 1801 καθὼς
1213 1741 1559 1814 προείρηται.

489 1833 625 1888 XIV.
664 1833 797 1886 Post
829 1831 980 1886 hanc
1013 1831 1398 1902 receptionem
1436 1830 1653 1886 domini
1688 1845 1788 1901 per
1818 1829 2059 1900 lychnos
2092 1832 2137 1896 Β

420 1926 476 1974 et
507 1920 824 1974 triclinium
850 1920 1248 1974 excubitorum
1277 1920 1708 1990 digrediuntur,
1740 1918 1837 1973 ubi
1862 1935 2065 1972 rursus

423 2013 542 2063 tam
576 2008 811 2072 nomici,
842 2024 1009 2077 quam
1045 2008 1320 2077 dipanitre
1345 2014 1398 2064 et
1424 2009 1734 2078 quaestoris
1776 2007 2058 2066 cancella-

423 2097 515 2166 rii,
549 2096 839 2152 solemnes
870 2097 1310 2168 apprecationes
1338 2103 1402 2151 ut
1432 2114 1611 2166 supra
1641 2097 1860 2152 dictum
1893 2101 1982 2151 est
2010 2097 2067 2150 in

425 2184 564 2240 locis
605 2186 725 2238 suis
771 2186 1093 2254 constituti,
1146 2186 1409 2244 recitant.
1463 2186 1570 2241 Per
1624 2186 2069 2246 candidatorum

421 2289 554 2330 vero
604 2272 925 2330 triclinium
979 2275 1424 2331 transeuntibus
1478 2275 1757 2344 dominis,
1790 2275 1848 2332 in
1903 2278 2071 2346 porta

422 2361 609 2432 ipsius
642 2361 900 2430 triclinii,
934 2379 1060 2432 quae
1083 2361 1141 2416 in
1176 2363 1390 2418 atrium
1415 2363 1810 2418 novemdecim
1836 2363 2070 2420 accubi-

423 2455 616 2505 torum
649 2451 827 2515 ducit,
858 2451 1082 2506 vocales
1104 2451 1312 2506 musici
1333 2453 1447 2507 duo
1475 2457 1649 2517 stant,
1674 2452 1922 2508 dominis
1945 2469 2070 2523 quae

428 2542 572 2596 l'esto
604 2539 714 2595 hoc
743 2540 834 2595 die
868 2557 990 2598 mos
1018 2549 1104 2598 est
1158 2547 1558 2614 apprecantes.
1593 2542 1732 2598 Inde
1785 2544 2069 2598 consisto-

427 2629 580 2686 rium
613 2630 852 2697 adeunt,
877 2629 974 2684 ubi
1003 2645 1228 2701 quoque
1250 2631 1546 2701 excepturi
1598 2631 1835 2688 domino
1860 2632 2072 2686 fausta-

429 2733 544 2787 que
598 2717 738 2787 ipsis
811 2719 1096 2790 precaturi
1167 2719 1380 2775 adsunt
1444 2720 1959 2790 protosecretarius
2016 2725 2074 2775 et

431 2807 862 2878 protonotarius
893 2824 1020 2862 cum
1045 2825 1078 2863 a
1102 2810 1340 2864 secretis
1359 2809 1695 2880 casterisque
1725 2809 1949 2877 officiis,
1970 2811 2070 2865 I3

431 2897 695 2962 notariis,
730 2897 1104 2954 cbartulariis
1134 2903 1191 2954 et
1215 2897 1474 2971 reliquis.
1499 2898 1561 2959 In
1595 2900 1883 2971 onopodio
1913 2905 2073 2956 stant

431 2985 800 3055 imperatoris
835 2985 1029 3042 famuli
1052 3003 1183 3046 cum
1202 2988 1502 3058 capitaneo
1517 2987 1903 3044 etdomestico
1936 3005 2069 3044 suo:

431 3074 715 3144 magistri,
761 3075 1158 3146 proconsules,
1207 3075 1433 3150 patricii
1486 3081 1543 3132 et
1599 3075 1882 3133 oificiales
1934 3094 2068 3132 cum

2239 1829 2337 1885 IA‘.
2374 1831 2470 1884 Και
2505 1825 2572 1896 δὴ
2628 1828 2762 1900 μετὰ
2812 1826 3015 1898 ταύτην
3055 1827 3154 1898 τήν
3193 1824 3368 1902 δοχὴν
3415 1824 3726 1906 διέρχονται
3776 1833 3828 1885 οἱ

2181 1914 2436 1972 δεσπόται
2479 1915 2567 1970 διά
2606 1937 2663 1970 τε
2700 1921 2807 1971 τῶν
2854 1915 3072 1992 λύχνων
3123 1917 3212 1972 καὶ
3261 1920 3356 1972 τοῦ
3413 1916 3690 1990 τρικλίνου
3719 1925 3826 1975 τῶν

2181 1999 2560 2072 ἐκσκουϐίτων,
2603 2002 2654 2062 ἐν
2699 2000 2756 2058 δὲ
2806 2007 2922 2064 τοῖς
2983 2001 3171 2064 αὐτοῖς
3232 1998 3602 2064 ἐκσκου6ίτοις
3662 2006 3826 2061 πάλιν

2181 2091 2485 2171 εὐφημοῦσι
2526 2093 2621 2154 τὰς
2663 2091 2933 2170 εὐφημίας
2976 2089 3035 2144 o'i
3076 2112 3132 2146 τε
3171 2093 3393 2164 νομικοὶ
3433 2093 3522 2148 καὶ
3563 2095 3614 2148 οἱ
3665 2091 3829 2152 διπα-

2178 2187 2316 2240 νῖται
2373 2183 2461 2240 καὶ
2520 2183 2576 2235 οἱ
2635 2186 2728 2238 τοῦ
2781 2180 3138 2256 κοιαίστωρος
3198 2179 3590 2257 καγκελλάριοι
3648 2186 3831 2249 καθὼς

2178 2270 2268 2326 καὶ
2326 2270 2668 2344 προείρηται,
2732 2267 2996 2339 δηλονότι
3072 2268 3122 2324 ἐν
3177 2275 3294 2331 τοῖς
3349 2270 3575 2334 οἰκείοις
3633 2272 3827 2335 τόποις

2181 2358 2481 2430 ἱστάμενοι.
2532 2363 2646 2412 Τῶν
2699 2356 2756 2412 δὲ
2815 2355 3092 2412 δεσποτῶν
3155 2357 3522 2436 διερχομένων
3585 2358 3673 2418 διὰ
3730 2367 3828 2418 τοῦ

2178 2447 2462 2522 τριγλίνου
2493 2453 2599 2503 τῶν
2631 2444 2962 2504 κανδιδάτων
2994 2447 3044 2502 ἐν
3082 2453 3151 2521 τῇ
3195 2449 3330 2521 Θύρᾳ
3371 2453 3467 2506 τοῦ
3507 2450 3672 2507 αὐτοῦ
3713 2473 3830 2526 τρι-

2180 2535 2370 2595 κλίνου
2399 2537 2468 2610 τῇ
2509 2535 2769 2611 ἐξαγούσῃ
2820 2535 2904 2594 ἐπὶ
2949 2538 3011 2592 τὸ
3053 2535 3263 2612 ἐξάερον
3303 2542 3414 2612 (76)
3459 2545 3568 2595 τῶν
3612 2538 3832 2598 δεκαεν-

2179 2625 2270 2682 νέα
2327 2621 2664 2680 άκκουϐίτων
2723 2628 2857 2698 (77),
2908 2622 3154 2680 ’ίστανται
3225 2623 3320 2680 δύο
3382 2627 3695 2701 βουκάλιοι,
3754 2631 3822 2684 τὰ

2180 2717 2386 2791 συνήθη
2419 2721 2518 2784 τῆς
2552 2715 2749 2789 ἑορτῆς
2781 2713 3034 2788 λέγοντες
3073 2720 3191 2775 τοῖς
3243 2712 3547 2779 δεσπόταις⁸
3590 2719 3679 2772 καὶ
3723 2720 3829 2774 ἀπὸ

2179 2809 2284 2860 τῶν
2335 2803 2504 2858 ἐκεῖσε
2556 2803 2893 2882 εἰσέρχονται
2949 2802 3000 2857 ἐν
3041 2809 3120 2876 τῷ
3169 2806 3565 2880 κονσιστωρίῳ,
3617 2807 3832 2864 κάκεῖσε

2182 2891 2441 2963 δηλονότι
2494 2893 2936 2965 ἐναπομενὸντων
2989 2893 3073 2946 καὶ
3131 2892 3520 2970 ἐπευχομένων
3570 2901 3686 2958 τοῖς
3739 2893 3828 2954 δε.

2181 2984 2428 3051 σπόταις,
2461 2980 2492 3038 ὅ
2520 3003 2576 3038 τε
2615 2983 3123 3054 πρωτοασηκρήτης
3169 2982 3257 3036 καὶ
3307 2983 3335 3036 ὁ
3385 2988 3828 3061 πρωτονοτάριος

2185 3072 2317 3145 μετᾶ
2351 3076 2458 3126 τῶν
2507 3072 2830 3146 ἀσηκρητῶν
2881 3070 2972 3124 καὶ
3014 3069 3222 3124 λοιπῶν
3269 3071 3560 3149 ὀφφίκίων,
3598 3072 3726 3136 τοὺς
3767 3096 3826 3129 τε

428 3163 830 3219 cerimoniario
860 3166 1236 3238 angiportum
1268 3181 1454 3220 aureae
1488 3182 1699 3222 manus
1742 3167 1982 3242 intrant,
2017 3175 2070 3223 et

2187 3161 2468 3236 νοταρίους
2507 3160 2598 3214 καὶ
2639 3157 3074 3233 χαρτουλαρίους
3124 3160 3211 3214 καὶ
3256 3161 3504 3221 Αοιποῦς·
3559 3162 3609 3216 ἐν
3653 3160 3710 3220 δὲ
3747 3169 3828 3235 τῷ

2194 3252 2206 3264 .
2361 3248 2405 3264 κ,
2546 3246 2587 3264 ,ς
2686 3246 2709 3264 ρ.
3001 3250 3012 3264 .
3056 3249 3082 3264 η
3182 3247 3202 3264 κ
3316 3249 3328 3264 .
3369 3249 3390 3262 ,ι
3433 3252 3456 3264 ,.
3807 3254 3820 3264 .

427 3251 538 3323 ipsi
571 3253 804 3323 quidem
835 3255 904 3308 ad
933 3255 1219 3324 dextram,
1243 3255 1312 3310 ad
1334 3255 1635 3312 sinistram
1658 3272 1790 3312 vero
1816 3257 2067 3313 ministri

427 3357 498 3396 au
508 3343 587 3396 rei
621 3342 863 3397 triclinii
887 3347 1100 3400 astant.

2184 3248 2458 3322 ὀνοποδίῳ
2490 3246 2656 3304 πάλιν
2686 3246 2935 3304 ἵστανται
2968 3250 3019 3302 οἱ
3054 3247 3331 3322 βασιλικοὶ
3363 3249 3664 3325 ἄνθρωποι,
3693 3254 3830 3324 μετᾶ

2181 3343 2270 3398 καὶ
2300 3344 2396 3396 τοῦ
2429 3335 2754 3410 δομεστίκου
2793 3336 2992 3392 αὐτῶνο
3040 3339 3093 3391 οὶ
3135 3335 3193 3391 δὲ
3235 3337 3521 3414 μάγιστροι
3571 3341 3660 3394 καὶ
3708 3342 3836 3404 ἀνθ-

428 3426 623 3481 ὕπατοι
671 3428 761 3482 καὶ
813 3429 1089 3503 πατρίκιοι
1132 3431 1221 3487 καὶ
1273 3429 1616 3508 ὁφφικιάλιοι
1663 3431 1776 3504 ἅμα
1821 3437 1918 3487 τοῦ
1965 3441 2064 3504 τῆς
2111 3432 2486 3489 καταστάσεως
2538 3425 2871 3500 εῗσέρχονται
2923 3425 2974 3479 ἔν
3024 3431 3103 3498 τῷ
3154 3427 3419 3500 στενακίῳ
3468 3435 3570 3498 τῆς
3623 3436 3835 3504 χρυσῆς

426 3516 630 3589 χειρὸς,
671 3516 758 3570 καὶ
793 3515 1031 3571 ἶ¹στανται
1062 3516 1207 3589 δεξιᾷ
1241 3520 1333 3592 μὲν
1357 3519 1529 3588 οὗτοι,
1565 3522 1816 3598 ἀριστερᾷ
1842 3521 1896 3577 δὲ
1928 3523 1978 3576 οἱ
2008 3528 2104 3578 τοῦ
2136 3517 2613 3599 χρυσοτρικλίνου.

499 3605 616 3660 Χν.
651 3607 1123 3678 Digredientibus
1158 3626 1288 3666 vero
1322 3611 1578 3668 dominis
1611 3628 1743 3668 cum
1780 3613 1944 3672 clava
1984 3630 2075 3672 ar-

431 3696 606 3752 matis
637 3706 688 3751 et
720 3699 951 3768 magnis
984 3699 1268 3766 excubiis,
1313 3700 1638 3761 acclamant
1689 3718 1917 3766 omnes,
1951 3708 2075 3757 tum

430 3785 511 3838 ibi
551 3785 873 3854 constituti,
906 3792 1030 3841 tum
1077 3788 1178 3859 qui
1221 3789 1490 3844 dominos
1553 3790 1922 3846 comitantur.
1959 3792 2072 3861 ipsi

429 3889 562 3928 vero
611 3872 716 3929 soli
767 3874 1085 3932 triclinium
1132 3879 1460 3947 augustalis
1530 3881 1752 3934 intrant
1801 3881 1958 3947 (nam
2009 3895 2074 3934 eo

431 3980 660 4035 quoque
699 3965 1039 4021 cubicularii
1072 3983 1205 4022 cum
1242 3969 1565 4040 praepositis
1612 3971 1989 4041 praecedunt),
2019 3974 2076 4026 et

428 4053 628 4109 ordine
659 4054 716 4109 in
754 4055 1037 4112 accubitis
1071 4061 1283 4121 astant,
1334 4057 1705 4128 dominisque
1757 4075 1890 4114 cum
1933 4059 2074 4113 solis

427 4144 800 4200 cubiculariis
830 4145 1127 4217 ingressi,
1156 4149 1352 4218 ianuis
1382 4148 1698 4220 augustalis
1721 4166 1754 4202 a
1777 4148 2078 4203 cubicula-

428 4233 529 4287 riis
559 4233 911 4288 clauduntur
939 4250 951 4287 :
987 4235 1327 4308 praepositus
1358 4236 1682 4291 Romanam
1709 4250 1903 4291 vocem
1934 4237 2075 4304 :Fit,

429 4323 784 4390 pronuntiat.
817 4323 1407 4380 Praecentorcubiculi
1431 4341 1529 4379 eos
1554 4323 1792 4392 excipit,
1819 4324 2078 4395 dicitque

429 4423 634 4462 sonore
685 4413 741 4463 et
797 4409 1172 4466 barmonice:
1229 4431 1253 4464 σ
1315 4411 1615 4468 Felicitsr:
1652 4433 1680 4461 ››
1733 4410 2077 4468 cubicularii

2258 3611 2358 3669 IE‘.
2413 3607 2507 3664 Καὶ
2555 3603 2621 3674 δὴ
2673 3610 2779 3659 τῶν
2835 3602 3107 3662 δεσποτῶν
3168 3603 3543 3680 διερχομένων
3604 3607 3744 3680 μετά
3783 3628 3844 3662 τε

2185 3702 2281 3754 τοῦ
2343 3690 2655 3770 μαγλαὸίου
2712 3695 2801 3748 καὶ
2863 3700 2960 3762 τῆς
3020 3694 3272 3768 μεγάλης
3331 3695 3617 3769 ἑταιρείας,
3667 3696 3832 3751 ἐπεύ-

2190 3806 2382 3861 χονται
2421 3786 2615 3846 πάντες
2657 3785 2708 3837 οἱ
2758 3783 2972 3837 κάκεῖσε
3025 3784 3301 3858 ἱστάμενοι
3342 3783 3430 3838 καὶ
3483 3785 3535 3839 οἱ
3583 3791 3700 3849 τοῖς
3759 3783 3839 3840 δε-

2191 3876 2414 3936 σπόταις
2449 3874 2742 3934 συνιόντες.
2785 3875 2908 3929 Τῶν
2950 3870 3004 3926 δὲ
3048 3869 3320 3929 δεσποτῶν
3367 3875 3547 3948 μόνων
3588 3874 3844 3952 εἰσερχο-

2193 3964 2364 4037 μένων
2396 3963 2448 4020 ἐν
2489 3967 2566 4036 τῷ
2609 3961 2875 4036 τρικλίνῳ
2920 3965 3015 4016 ’ῖοὖ
3067 3959 3411 4034 αὐγουστέως
3461 3963 3697 4033 (κάκεῖσε
3735 3967 3840 4040 γάρ

2189 4056 2239 4109 οἱ
2269 4059 2364 4108 τοῦ
2395 4049 2792 4109 κουϐουκλείου
2835 4053 3308 4124 προπορευὸμενοι
3351 4055 3483 4126 μετὰ
3523 4059 3630 4108 τῶν
3672 4075 3839 4130 πραι-

2186 4143 2469 4212 ποσίτων),
2503 4143 2592 4196 καὶ
2627 4142 2778 4195 αὐτοὶ
2823 4143 3037 4194 κάκεῖσε
3065 4140 3328 4223 στιχηδὸν
3365 4143 3453 4198 ἐπὶ
3493 4140 3836 4199 ἀκκουόίτων

2184 4232 2456 4299 ἵστανται,
2488 4233 2577 4287 καὶ
2611 4229 2678 4302 δὴ
2709 4235 2815 4286 τῶν
2863 4228 3136 4287 δεσποτῶν
3180 4233 3313 4304 μετά
3355 4235 3466 4288 τῶν
3507 4239 3840 4290 κοιτωνιτῶν

2188 4323 2275 4376 καὶ
2311 4323 2476 4392 μόνον
2507 4325 2618 4394 (78)
2669 4320 2972 4389 εἰσιόντων,
3021 4321 3294 4378 κλείονται
3349 4325 3442 4396 μὲν
3495 4327 3548 4378 αἱ
3602 4330 3700 4379 τοῦ
3743 4325 3845 4381 αὗ-

2187 4410 2459 4482 γουστέως
2493 4409 2650 4482 θύραι
2692 4407 2780 4464 διὰ
2818 4413 2929 4464 τῶν
2963 4405 3462 4487 κουϐικουλαρίων,
3504 4413 3532 4466 6
3575 4411 3630 4467 δὲ
3678 4432 3844 4487 πραι-

1454 4563 1654 4618 JOAN.
1696 4563 1841 4620 JAC.
1876 4564 2138 4622 REISKII
2167 4563 2760 4621 COMMENTARIUS.

504 4711 620 4788 (76)
651 4710 920 4788 Ἑξάερον.
953 4716 1134 4788 Locus
1182 4717 1432 4788 apricus,
1485 4715 1794 4782 subdialis,
1838 4717 2078 4784 atrium,

436 4783 936 4859 deambulacr'um,
988 4787 1140 4858 quod
1179 4783 1347 4859 juxta
1387 4788 1676 4859 porticum
1741 4795 1906 4853 esset,
1940 4783 2077 4842 olim

435 4850 798 4930 ncipstapoplc,
833 4859 902 4914 de
925 4850 1052 4930 "qua
1081 4876 1136 4928 ν,
1179 4850 1431 4916 Salmas.
1472 4861 1540 4914 ad
1593 4859 1831 4916 Tertull.
1955 4861 2083 4916 230.

510 4927 622 4996 (77)
657 4927 1065 4987 Αεοιιὺίιιιένθι
1096 4927 1349 4987 accubitu
1379 4936 1518 4987 sunt
1540 4931 1750 4986 Graecis
1771 4937 1826 4986 et
1858 4927 2084 4986 Latinis

440 4998 611 5074 medii
647 5001 750 5074 sevi
783 5018 1034 5074 mensas,
1083 5003 1289 5074 quibus
1338 5003 1772 5074 accumbebant
1810 5005 2080 5059 conviva.

437 5069 665 5124 Dictum
699 5071 834 5128 inde
880 5075 986 5128 fuit
1024 5069 1260 5130 celebre
1307 5074 1643 5139 triclinium,
1694 5073 1778 5129 vel
1833 5074 2084 5127 tribunal

438 5144 596 5218 (nam
632 5141 786 5218 idem
818 5153 901 5200 est
934 5151 987 5200 et
1022 5147 1259 5216 perinde
1305 5146 1736 5218 appellabatur)
1763 5144 2082 5218 ANove‘mde-

435 5216 556 5288 εἱηιΔ
581 5215 980 5288 accubueram,
1017 5215 1071 5270 in
1108 5234 1218 5286 quo
1254 5215 1632 5288 imperatores
1666 5216 1872 5270 diebus
1918 5216 2082 5270 festis

442 5285 764 5358 majoribus
796 5289 1056 5356 excipere
1088 5285 1355 5344 sciebant
1393 5305 1533 5343 suos
1585 5303 1872 5358 proceres,
1908 5288 2080 5356 cujus

438 5357 608 5428 toties
642 5361 856 5413 mentio
909 5361 973 5413 fit
1024 5363 1078 5414 in
1132 5360 1473 5428 Cletorogio,
1507 5357 1686 5413 et’de
1746 5375 1855 5428 quo
1905 5357 2078 5412 multi

437 5427 732 5498 dixerunt,
761 5435 821 5483 ut
845 5430 928 5484 Du
963 5432 1150 5498 Gange
1174 5431 1298 5485 ()I’li
1325 5427 1544 5485 Christ.
1573 5447 1623 5497 p.
1654 5427 1777 5495 135,
1798 5445 1979 5498 usque
2005 5429 2075 5482 ad

440 5498 555 5574 l_40_.
591 5497 756 5552 Goer.
783 5504 851 5574 ad
896 5497 1235 5574 Theophan.
1271 5520 1325 5574 p.
1367 5502 1492 5574 333,
1526 5507 1583 5555 et
1610 5502 1766 5574 ⁸342,
1820 5497 2074 5574 ite’miad

435 5568 676 5623 Cedren.
715 5589 769 5641 p.
801 5573 929 5627 385.
960 5568 1152 5628 Val-es.
1190 5568 1582 5627 ad'Amniam.
1609 5570 1802 5632 Marc.,
1838 5589 1890 5640 p.
1927 5573 2072 5640 490;

438 5642 592 5714 conf.
626 5645 953 5714 Casaubon.
987 5646 1055 5698 ad
1110 5646 1306 5714 script.
1360 5645 1495 5699 bist.
1554 5650 1697 5712 Aug.
1755 5643 1795 5696 I.
1847 5661 1900 5713 p.
1947 5644 2070 5712 832,

439 5711 534 5765 ubi
569 5713 754 5768 multa
783 5717 851 5769 de
881 5716 1173 5786 uccubz’tis,
1222 5711 1493 5772 Bacchin.
1525 5711 1668 5770 tom.
1690 5714 1758 5781 Il,
1793 5711 2067 5770 Murator.

2114 4724 2156 4787 D
2191 4715 2399 4787 Script.
2435 4716 2565 4773 Ital.

2603 4735 2657 4787 p.
2689 4719 2778 4775 61.
2818 4718 3148 4788 Luitprandi
3203 4718 3390 4774 locum
3439 4735 3506 4773 ex
3559 4719 3702 4775 Hist.
3736 4717 3839 4787 VI,

2196 4789 2248 4854 3,
2287 4806 2339 4858 p.
2376 4789 2498 4854 470,
2533 4790 2770 4844 citatum
2813 4790 2938 4858 jam
2992 4790 3141 4858 aliis,
3193 4790 3462 4860 quamvis
3515 4791 3836 4860 egregium,

2197 4862 2691 4934 noncxscribam.
2727 4862 2788 4914 In
2824 4863 2930 4915 hoc
2972 4861 3222 4919 triclinio
3258 4862 3462 4934 exponi
3513 4867 3840 4934 spectatum

2197 4929 2460 5054 :0!el)!:il_lt
2493 4932 2908 5004 imperatorum
2960 4934 3184 5003 funera,
3219 4939 3282 4988 ut
3332 4929 3401 4988 ad
3451 4929 3586 5004 Cap.
3638 4934 3710 4986 60
3766 4932 3842 4990 1i-

2239 5017 2329 5054 rii
2409 5018 2576 5054 icam.

2239 5017 2282 5054 Π
2319 5017 2576 5054 tuream.

2268 5071 2379 5139 (78)
2414 5072 2573 5125 Valet
2604 5072 2756 5127 idem
2792 5076 2968 5147 atque
3004 5073 3166 5144 μόνόν
3197 5075 3282 5130 vel
3328 5072 3529 5145 μόνων.
3563 5075 3721 5147 Saepe
3750 5073 3841 5128 καὶ

2193 5149 2325 5195 ante
2363 5159 2635 5217 numeros
2687 5146 2837 5213 apud
2878 5152 3098 5201 veteres
3144 5147 3424 5201 abundat.
3466 5148 3528 5202 In
3584 5146 3689 5202 hoc
3738 5163 3845 5217 ge-

2195 5230 2330 5266 nere
2365 5214 2630 5283 frequens
2660 5217 2729 5269 ad
2756 5233 3033 5271 nauseam
3066 5223 3154 5272 est
3183 5219 3446 5272 [Elianus
3481 5219 3538 5273 in
3590 5214 3841 5273 histo'ria

2191 5285 2754 5360 animalium.7Conf.
2811 5288 3037 5344 Nicetes
3066 5307 3120 5360 p.
3166 5291 3252 5352 32,
3307 5307 3433 5359 pen.
3477 5291 3566 5343 68.
3604 5288 3700 5340 Καὶ
3733 5292 3837 5349 πᾶς

2191 5357 2591 5430 proniniplici
2639 5361 2739 5418 πᾶς
2800 5365 2888 5414 est
2951 5361 3005 5413 in
3066 5357 3368 5428 Antholo‘g.
3433 5360 3497 5416 H.
3554 5361 3835 5430 Stephani

2190 5426 2404 5504 p.J480.
2556 5432 2718 5504 2587,
2741 5433 2819 5496 2.)
2851 5431 3126 5504 Abundat
3156 5426 3384 5504 quoque
3417 5431 3562 5487 alias
3596 5426 3672 5487 in'
3700 5449 3838 5486 nar-

2187 5499 2410 5586 ratione
2447 5500 2744 5586 historica,
2782 5508 2843 5556 ut
2878 5501 3045 5583 paulo
3079 5499 3210 5586 post
3262 5499 3364 5558 hoc
3411 5505 3536 5585 ipso
3579 5503 3732 5586 loco,
3780 5509 3839 5558 et

2186 5571 2400 5646 p.218,
2424 5567 2898 5646 xalxxpéi’vouc't;
2923 5574 3057 5630 item
3080 5567 3155 5646 in,
3178 5567 3837 5646 composi'tiouibus’no-

2187 5640 2408 5718 inicum
2445 5640 2888 5718 adjectiyorum,
2919 5654 2976 5699 ut
3010 5645 3199 5706 διαπιὸς
3231 5640 3332 5718 pro
3384 5645 3472 5699 καὶ
3523 5645 3681 5706 ποιός
3728 5646 3831 5701 ali-

2183 5713 2400 5782 qualis;
2435 5731 2484 5768 ν.
2522 5720 2603 5769 Du
2637 5715 2828 5788 Gange
2861 5715 2918 5770 h.
2951 5732 3004 5772 ν.
