4108 6220
72 5808 99 5827 8⁸
124 5816 157 5831 ια,

359 366 472 425 I83
1410 349 1952 416 CONSTAN'I‘INI
2001 348 2312 410 PORPHY
2326 343 2693 406 ROGENITI
3000 350 3013 369 ’
3656 341 3771 399 184

356 495 515 551 aurci
548 493 805 561 triclinii,
835 492 931 547 ubi
966 490 1190 546 Domini
1224 505 1288 543 ac
1325 487 1421 542 Dei
1444 486 1625 542 nostri
1660 484 1853 540 divina
1884 499 2010 538 san-

2140 475 2368 537 τολλοίις
2426 476 2516 528 καὶ
2576 470 2808 549 ἀγαθοὺς
2870 469 3105 547 χρόνους
3162 470 3189 523 ὁ
3248 469 3377 530 Θεὸς
3418 467 3612 542 ἀγάγοι
3668 469 3768 538 τήν

355 592 566 658 ctaque
612 588 803 655 imago
836 584 1097 638 humana
1128 579 1320 652 specie
1352 578 1411 633 in
1467 579 1677 634 throno
1733 573 2013 631 collocata

2140 563 2402 622 Βασιλείαν
2477 563 2648 636 ὑμῶν.
2714 567 2832 616 Τῶν
2901 558 2960 615 δὲ
3020 563 3120 615 106
3177 554 3572 613 κουόουκλείου
3646 559 3782 630 μετᾶ

358 677 636 741 cernitur,
668 673 926 728 oratione
956 672 1141 724 facta:
1177 668 1448 740 posthaec
1478 666 1550 721 ad
1575 680 1808 720 sacrum
1839 679 2010 718 suum

2140 658 2229 708 τῶν
2269 650 2643 726 πραιποσίτων
2684 650 2956 719 ἐξιόντων,
3013 646 3439 725 ὑποστρέφουσιν
3486 648 3537 701 οἱ
3580 643 3777 701 δεσπό-

360 764 690 820 cubiculum
721 761 1047 816 discedunt.
1073 757 1385 813 Sciendum
1413 772 1540 811 vero
1563 759 1671 820 est,
1694 754 2009 809 secundum

359 854 517 908 hunc
536 851 802 904 ordinem
834 854 891 902 et
923 846 1101 902 ritum
1126 851 1393 901 sanctum
1414 857 1802 915 magnamque
1831 839 2013 895 domi-

360 940 551 996 nicam
585 936 899 1005 Paschalis,
936 939 1032 991 ιιι
1065 938 1330 990 sanctam
1379 934 1782 998 Pentecosten,
1814 928 2014 984 divino

360 1028 669 1101 splendore
690 1033 1092 1081 coruscantem
1118 1021 1719 1093 transﬁgurationem,
1743 1023 2014 1074 sanctum

362 1135 424 1174 ac
458 1114 649 1172 natale
687 1114 914 1170 Domini
970 1114 1183 1184 Deique
1215 1111 1402 1167 nostri
1435 1112 1651 1166 festum
1682 1108 1736 1166 ei
1786 1121 2014 1163 sacram

360 1205 849 1278 splendidamque
880 1203 1033 1258 diem
1066 1201 1357 1257 luminum
1391 1199 1693 1255 celebrari.

363 1271 539 1351 λέῖται
578 1295 613 1362 ἢ
648 1314 707 1347 τε
752 1271 887 1369 -άγία
951 1292 1042 1345 καὶ
1101 1288 1316 1364 μεγάλη
1374 1288 1618 1362 Κυριακή
1676 1285 1772 1341 106
1832 1286 2025 1359 Πάσχα
2076 1282 2167 1336 καὶ
2223 1282 2258 1349 ἠ
2323 1276 2451 1353 ἁγία
2510 1277 2859 1347 Πεντηκοστὴ
2915 1274 3007 1329 καὶ
3046 1276 3081 1343 ἡ
3124 1271 3445 1346 θεολαμπὴς
3487 1275 3786 1348 Μεταμόρ-

362 1405 533 1464 φωσις
600 1384 633 1452 ἦ
696 1404 755 1438 τε
811 1363 948 1456 ’ἁγία
1015 1363 1108 1435 καὶ(
1170 1363 1447 1454 γενέθλιος
1512 1382 1609 1432 106
1687 1376 1889 1451 Κυρίου
1968 1377 2129 1446 ἡμῶν
2193 1369 2283 1425 καὶ
2337 1372 2469 1424 Θεοῦ
2527 1368 2690 1443 ἑορτὴ
2744 1368 2832 1422 καὶ
2875 1368 2909 1435 ἡ
2951 1364 3074 1435 ἁγία
3149 1366 3195 1401 ³³
3238 1363 3629 1438 ὑπέρλαμπρος
3669 1369 3778 1419 τῶν

362 1476 570 1529 Φώτων
613 1476 647 1542 ἡ
658 1472 813 1547 μέρα.

432 1566 604 1621 XVII.
647 1568 823 1619 Porro
855 1564 1182 1619 notandum
1214 1566 1323 1629 est,
1358 1562 1538 1633 quod,
1564 1576 1697 1615 cum
1733 1560 1789 1614 in
1821 1561 2022 1614 sancta

2119 765 2228 813 ται,
2269 742 2464 815 καὶτῷ
2508 746 2624 813 Θεῷ
2665 742 3187 814 άπευχαριστοῦσιν,
3217 740 3391 813 εὐχὴν
3419 737 3774 800 ἀποδιδόντες

2122 832 2177 888 έν
2341 833 2520 910 κόγχῃ
2572 834 2670 885 106
2704 829 2871 884 αὐτοῦ
2912 826 3393 908 χρυσοτρικλίνου,
3435 827 3487 882 έν
3529 828 3574 900 ᾦ
3622 827 3774 882 ἱστό-

2128 928 2290 998 ρηται
2343 924 2377 990 ἡ
2437 924 2536 975 106
2590 918 2794 993 Κυρίου
2850 921 3012 992 ἡμῶν
3072 918 3162 972 καὶ
3221 921 3354 973 Θεοῦ
3395 914 3775 991 θεανΞρὶκελος

2124 1011 2249 1088 ἁγία
2305 1009 2463 1065 εἷ’κὼν
2525 1008 2615 1064 ἐπὶ
2673 1008 2870 1082 θρόνου
2925 1005 3287 1076 καθεζομένη,
3327 1005 3418 1060 καί
3467 1006 3564 1061 εἷθ’
3605 1005 3777 1070 οὕτως

2123 1101 2467 1175 εἰσέρχονται
2509 1097 2559 1152 έν
2601 1101 2680 1170 τῷ
2710 1098 2843 1170 ἱερῷ
2885 1095 3058 1151 αὐτῶν
3096 1099 3339 1151 κοιτῶνι.
3381 1096 3500 1169 Χρὴ
3544 1092 3601 1148 δέ
3642 1092 3783 1149 εἰδέ-

2123 1211 2211 1244 ναι
2250 1189 2337 1244 ’ὁτι
2378 1187 2513 1243 κατὰ
2550 1188 2649 1256 τὴν
2689 1188 2836 1259 τάξιν
2874 1183 3076 1254 ταύτην
3132 1182 3223 1237 καὶ
3262 1184 3353 1237 τὸν
3394 1183 3563 1238 τύπον
3601 1182 3788 1238 ἐπιτε-

2202 1551 2298 1607 ΙΖ’.
2340 1549 2466 1622 Χρή
2506 1545 2809 1623 γινώσκειν,
2852 1547 2935 1600 ’ὁτι
2994 1548 3063 1618 τῇ
3124 1543 3249 1618 ἁγίᾳ
3295 1544 3387 1599 καὶ
3431 1542 3643 1618 μεγάλη
3685 1549 3791 1597 Κυ-

2131 1645 2293 1707 ριακῆ
2335 1636 2580 1710 ἐξιόντων
2626 1640 2734 1691 τῶν
2789 1632 3061 1690 δεσποτῶν
3127 1635 3263 1688 κατά
3307 1634 3399 1688 τὸν
3458 1631 3792 1707 προειρημέ-

372 1672 698 1726 magnaque
730 1652 1029 1708 Dominica
1076 1654 1186 1707 ritu
1244 1668 1309 1706 ac
1344 1667 1504 1705 more
1560 1666 1735 1720 supra
1764 1647 2021 1718 exposito

368 1745 710 1816 procedunl,
771 1760 999 1813 suaque
1030 1742 1312 1796 dibetesia
1359 1740 1419 1794 in
1452 1738 1720 1795 cubiculo
1754 1737 2019 1807 Daphnes

2131 1747 2220 1781 νον
2256 1726 2424 1780 τύπον
2450 1724 2541 1779 καὶ
2587 1721 2973 1779 ἀλλασσόντων
3006 1725 3122 1794 (89)
3143 1722 3211 1776 τὰ
3249 1722 3453 1776 ἑαυτῶν
3496 1717 3794 1790 διϐητησια

372 1839 939 1902 mutant,postquam
955 1837 1252 1886 senatores
1267 1846 1470 1884 omnes
1488 1830 1541 1882 in
1567 1828 1794 1899 porticu
1825 1826 2018 1897 magni

2140 1820 2181 1875 ἐν
2233 1814 2313 1887 τῷ
2351 1820 2579 1869 κοιτῶνι
2618 1821 2719 1883 τῆς
2770 1813 3008 1887 Δάφνης,
3048 1812 3137 1867 ὅτε
3186 1812 3606 1886 ἀποσυναχϐῶσι
3654 1812 3793 1883 (90),

367 1921 605 1976 triclinii
638 1920 763 1974 XIX
794 1919 1172 1975 accubituum
1194 1922 1249 1973 et
1278 1918 1567 1989 onopodio
1599 1919 2021 1983 convenerunt,

375 2011 669 2083 praepositi
701 2010 968 2065 dominos
1002 2006 1616 2063 monituriintrent.Hi
1640 2022 1745 2061 sua
1775 2003 2033 2060 tzitzacia

384 2101 638 2154 induunt
670 2115 885 2169 perquo
916 2113 1190 2166 magnum
1223 2096 1557 2152 accubitum
1591 2094 1712 2149 XIX
1740 2093 2031 2151 accubitu-

384 2193 579 2243 torum
614 2188 763 2242 inter
783 2186 1063 2257 obsequia
1096 2184 1370 2253 cubiculi,
1431 2182 1916 2240 manclavitarum
1974 2181 2031 2238 et

372 2277 634 2347 corporis
692 2275 1027 2340 custodum,
1064 2275 1229 2346 quia
1288 2275 1555 2330 dextrum
1611 2277 1667 2328 et
1725 2272 2030 2329 sinistrum

372 2364 612 2421 triclinii
647 2362 799 2418 latus
849 2369 1026 2428 stant,
1059 2348 1378 2428 exeuntfet
1424 2361 1486 2417 in
1544 2362 1741 2417 dextra
1794 2348 2032 2416 triclinii

375 2458 538 2525 parte
582 2453 642 2507 in
702 2452 997 2507 deauratis
1035 2450 1459 2522 gemmatisque
1503 2449 1661 2505 sellis
1704 2449 2030 2506 consident.

373 2544 535 2598 Tunc
596 2548 808 2610 rector,
872 2541 1190 2613 praepositi,
1267 2540 1611 2595 cubicularii
1685 2540 1921 2607 intrant,
1979 2544 2035 2592 et

290 2638 293 2641 ’
376 2631 646 2686 dominos
683 2629 1055 2683 osculantur:
1091 2636 1287 2700 postea
1315 2644 1449 2683 vero
1472 2630 1536 2681 ad
1572 2635 1782 2682 nutum
1814 2628 2033 2684 domini

377 2719 729 2791 praepositus
781 2735 888 2774 sua
943 2723 1101 2773 veste
1132 2716 1369 2771 ostiario
1402 2716 1622 2788 virgam
1676 2732 1907 2771 auream
1941 2732 2032 2787 ge-

379 2807 557 2864 stanti
594 2808 830 2878 signum
865 2805 982 2874 dat,
1005 2805 1105 2876 qui
1140 2804 1454 2876 egreditur,
1478 2809 1594 2859 uta
1624 2803 1822 2859 dextro
1855 2802 2035 2859 latere

380 2896 752 2966 capitaneum
817 2893 1322 2965 imperatoriorum
1393 2907 1524 2947 cum
1607 2892 1921 2948 domestico
1980 2896 2036 2947 et

379 2985 535 3040 aurei
577 2982 816 3038 triclinii
848 2983 1137 3054 praefecto,
1172 2981 1593 3049 cerimoniario,
1627 2981 1963 3037 silentiariis
1979 2986 2036 3037 et

356 3073 707 3131 ‘admission
724 3071 800 3126 ali
833 3070 1031 3126 ordine
1062 3072 1330 3125 adducat.
1394 3069 1551 3125 Intra
1591 3069 1782 3125 velum
1838 3075 2032 3127 autem

384 3168 553 3235 postq
566 3178 717 3216 uana
733 3178 786 3215 m
809 3159 1079 3216 ostiarius
1098 3158 1546 3225 venit,subsistit
1561 3163 1887 3231 nutumque
1899 3176 2033 3232 prm-

387 3251 610 3323 pusilus
644 3268 674 3304 a
708 3248 945 3304 domino
978 3250 1208 3319 accipit,
1251 3255 1306 3303 et
1336 3265 1440 3303 sua
1485 3256 1639 3303 veste
1685 3249 1920 3304 ostiario
1952 3249 2030 3303 si-

387 3356 568 3411 gnum
602 3339 720 3404 dat,
756 3338 851 3407 qui
883 3338 951 3390 ad
987 3338 1162 3408 pedes
1187 3336 1554 3391 dominorum
1596 3337 1864 3392 decenter
1894 3354 2035 3408 pro-

388 3428 698 3491 cumbens,
731 3427 937 3479 dextra
991 3441 1162 3479 manu
1224 3430 1374 3479 retro
1430 3426 1626 3479 velum
1686 3426 1901 3495 pulsat,
1937 3442 2037 3495 per

392 3516 542 3587 quod
608 3532 640 3567 a
703 3513 1044 3568 silentiariis
1118 3514 1444 3580 reductum,
1507 3529 1679 3584 supra
1733 3514 2039 3570 memorati

393 3600 895 3671 adducuntur,qui
930 3608 985 3654 et
1018 3599 1126 3671 ipsi
1152 3600 1419 3656 dominos
1442 3599 2037 3668 osculantur,rursus-

2141 1904 2333 1967 πάντες
2374 1905 2425 1958 ο⁹ι
2456 1910 2555 1973 τῆς
2591 1902 2903 1978 συγκλήτου
2943 1900 2996 1956 ἐν
3030 1905 3112 1973 τῷ
3141 1901 3378 1976 πόρτηκι
3412 1904 3509 1955 106
3544 1898 3790 1974 μεγάλου

2139 1992 2419 2065 τρικλίνου
2465 1997 2574 2046 τῶν
2622 1992 2682 2045 ιϐ’
2723 1985 3065 2045 ἆκκουϐίτων
3126 1989 3215 2044 καὶ
3258 1988 3308 2044 ἐν
3363 1992 3443 2061 τῷ
3493 1984 3793 2059 όνοποδίῳ,

2142 2081 2482 2158 εἰσέρχονται
2559 2081 2609 2135 οἱ
2684 2081 3060 2155 πραιπόσιτοι,
3135 2079 3224 2133 καὶ
3315 2078 3795 2151 ὑπομιμνήσκουσι

2140 2174 2268 2235 τοὺς
2309 2170 2594 2239 δεσπότας,
2631 2171 2716 2225 καὶ
2762 2168 3060 2245 βάλλουσιν
3098 2170 3150 2223 οἱ
3191 2166 3447 2223 δεσπόται
3485 2167 3551 2222 τὰ
3591 2168 3795 2221 ἑαυτῶν

2140 2262 2421 2331 τζιτζάκια
2459 2262 2505 2298 ⁸ο
2543 2262 2679 2335 (91),
2729 2259 2820 2315 καὶ
2875 2257 3188 2333 ἐξέρχονται
3249 2254 3340 2313 διὰ
3394 2260 3490 2312 106
3551 2255 3794 2332 μεγάλου

2140 2345 2467 2406 ἀκκουϐίτου
2529 2351 2641 2422 (92)
2698 2352 2809 2403 τῶν
2872 2349 2937 2412 to‘
2991 2342 3356 2416 ἀκκουϐίτων,
3407 2344 3793 2419 ὀψικευόμενοι

2148 2440 2251 2495 ὑπὸ
2292 2443 2389 2493 106
2428 2433 2823 2493 γουϐουκλείου
2872 2437 2963 2491 καὶ
3008 2440 3116 2490 τῶν
3162 2430 3513 2511 μαγλαϐιτῶν
3554 2434 3643 2488 καὶ
3687 2440 3789 2503 τῆς

2144 2528 2431 2603 ἑταιρείας,
2488 2525 2791 2600 ἱσταμένων
2852 2523 2997 2595 δεξιᾷ
3041 2524 3129 2580 καὶ
3173 2525 3424 2600 ἀριστερᾷ
3473 2527 3571 2579 106
3605 2524 3792 2577 τοιού-

2145 2638 2239 2672 του
2279 2614 2580 2691 τρικλίνου,
2621 2613 2675 2669 ἐν
2723 2611 2779 2669 δὲ
2815 2618 2893 2687 τῷ
2939 2612 3099 2687 δεξιῷ
3141 2614 3293 2690 μέρει
3331 2616 3427 2669 106
3466 2613 3635 2668 αὐτοῦ
3672 2632 3791 2688 τρι-

2144 2703 2337 2760 κλίνου
2394 2705 2707 2774 καθέζονται
2785 2702 2839 2758 ἐν
2894 2708 3012 2765 τοῖς
3079 2708 3309 2778 χρυσοῖς
3363 2703 3454 2757 καὶ
3516 2697 3789 2764 διαλίθοις

2144 2793 2412 2858 σελλίοις.
2448 2796 2549 2852 Καὶ
2583 2795 2681 2858 εἶθ’
2723 2793 2896 2856 οὕτως
2928 2792 3230 2868 εἰσέρχεται
3261 2792 3291 2847 ὅ
3320 2813 3378 2847 τε
3409 2791 3646 2866 ῥαίκτωρ

2142 2885 2232 2942 καὶ
2291 2885 2343 2939 οἱ
2402 2884 2757 2957 πραιπόσιτοι
2812 2882 2904 2936 καὶ
2962 2882 3014 2936 οἱ
3069 2886 3168 2936 106
3225 2875 3643 2947 κουϐουκλείου,
3698 2878 3790 2933 καὶ

2144 2975 2478 3043 ἀσπάζονται
2517 2971 2647 3035 τοὺς
2712 2969 2997 3041 δεσπότας,
3038 2972 3130 3026 καὶ
3176 2970 3309 3044 μετὰ
3345 2974 3508 3025 τοῦτο
3551 2966 3639 3024 διὰ
3676 2968 3793 3023 νεό-

2148 3083 2317 3137 ματος
2356 3065 2453 3117 106
2484 3058 2747 3116 δεσπότου
2776 3060 2918 3115 νεύει
2950 3056 3038 3114 διὰ
3067 3066 3169 3128 τῆς
3198 3060 3388 3114 ἑαυτοῦ
3418 3055 3682 3134 χλανίδος
3708 3061 3791 3129 τῷ

2146 3151 2406 3227 ὀστιαρίῳ
2444 3154 2523 3222 τῷ
2559 3152 2658 3219 τήν
2717 3150 2763 3184 ⁴¹
2814 3155 3026 3224 χρυσῆν
3070 3147 3263 3224 βέργαν
3321 3149 3633 3223 κατέχοντι,
3698 3147 3792 3202 καὶ

2146 3242 2421 3316 ἐξέρχεται
2457 3244 2555 3295 106
2602 3238 2804 3309 εἷσάξαι
2853 3238 2959 3293 ἀπὸ
3005 3242 3104 3293 106
3144 3235 3321 3307 δεξιοῖ
3351 3240 3396 3273 ⁴²
3440 3239 3644 3312 μέρους
3678 3258 3794 3292 στι·-

2146 3330 2321 3407 χηδὸν
2366 3330 2459 3384 τὸν
2503 3349 2562 3383 τε
2608 3329 2893 3383 κατεπάνω
2924 3328 2971 3364 ‘3
3015 3332 3124 3382 τῶν
3161 3325 3482 3402 βασιλικῶν,
3530 3327 3663 3399 μετὰ
3701 3326 3793 3381 καὶ

2141 3424 2240 3475 106
2283 3417 2607 3492 δομεστίκου
2659 3417 2751 3470 καὶ
2790 3422 2898 3471 τῶν
2948 3415 3036 3471 ἐπὶ
3068 3419 3165 3470 τοῦ
3195 3414 3654 3490 χρυσοτρικλίνου
3683 3417 3796 3487 (94)

2143 3512 2241 3564 106
2307 3528 2364 3563 τε
2408 3513 2510 3577 τῆς
2568 3506 2944 3567 καταστάσεως
2988 3504 3079 3560 καὶ
3127 3510 3235 3560 τῶν
3284 3504 3659 3579 σιλεντιαρίων
3705 3504 3798 3559 καὶ

2143 3603 2240 3653 106
2286 3596 2763 3671 άδμηνσουναλίου
2806 3599 2939 3669 (95).
2990 3596 3093 3653 Καὶ
3139 3595 3526 3672 εἲσερχόμενος
3555 3597 3584 3651 ὁ
3615 3595 3803 3650 ὀστιά-

1761 3697 2010 3753 νΑΡιυΕ
2051 3698 2440 3755 LECTIONES

461 3789 508 3824 ³³
546 3789 705 3860 ἡμῶν
746 3790 878 3841 6506
914 3819 975 3829 --
1007 3785 1093 3839 καὶ
1136 3785 1257 3860 ἁγία
1299 3787 1389 3843 ed.
1468 3786 1516 3823 ⁴⁰
1547 3792 1752 3845 ΣΧΟΑ.
1797 3785 2015 3857 Ἰστέον,
2056 3784 2139 3841 ὅτι
2178 3787 2245 3843 τὰ
2284 3785 2560 3857 τζιτζάκια
2597 3784 2658 3841 ἐκ
2693 3792 2794 3855 τῆς
2833 3783 3131 3861 χαζάρικος
3170 3785 3452 3863 φορέουσι,
3493 3785 3651 3839 ἅτινα
3697 3781 3806 3837 ἀπὸ

393 3969 499 4042 δεξ.
544 3977 636 4027 ed.
712 3970 758 4005 ‘3
788 3969 902 4023 κατ’
944 3966 1121 4023 ἐπάνω
1160 3971 1275 4037 ed.,
1318 3968 1603 4023 καπετάνω
1643 3971 1793 4040 conj.
1840 3970 2029 4026 Leich.

278 3898 293 3905 '
387 3885 487 3951 τῆς
525 3880 828 3955 χαζάρικος
868 3879 967 3946 τῆς
997 3876 1306 3951 αὖγοῦστης
1353 3874 1753 3951 ὑπεδείχθησαν
1794 3876 1846 3932 ἐν
1887 3876 2057 3952 ταύτῃ
2098 3880 2169 3947 τῆ
2214 3874 2455 3953 βασιλίδι
2497 3875 2853 3955 θεοφυλάκτῳ
2890 3873 3071 3931 πόλει.
3123 3877 3166 3912 ⁴¹
3207 3874 3297 3929 καὶ
3337 3873 3439 3943 τήν
3480 3878 3568 3931 ed.
3620 3876 3668 3909 "
3696 3871 3806 3927 ἀπὸ

1453 4067 1651 4122 JOAN.
1682 4067 1823 4123 JAC.
1860 4067 2116 4123 REISKII
2147 4065 2732 4122 COMMENTARIUS.

471 4161 583 4229 (89)
627 4163 748 4213 Non
786 4158 913 4212 sine
945 4158 1114 4211 taedio
1173 4156 1374 4229 legens
1435 4157 1597 4212 toties
1631 4158 1840 4211 factam
1894 4174 2051 4229 com:

400 4228 885 4286 memorationem
919 4230 1163 4284 vestium
1235 4234 1613 4293 mutatarum,
1646 4228 1844 4282 mirari
1905 4228 2052 4295 coepi

402 4317 639 4357 causam
668 4302 847 4356 moris
876 4305 988 4351 tam
1024 4299 1313 4370 twdiosiet
1350 4298 1743 4370 incommodi;
1777 4299 2054 4370 visusque

406 4373 544 4426 mihi
604 4388 734 4424 sum
787 4387 912 4423 eam
948 4371 1006 4422 in
1038 4368 1397 4423 itDSUI‘dllaie
1419 4375 1474 4422 et
1498 4369 1909 4437 superstitione
1940 4368 2054 4424 cre-

405 4442 525 4496 duli
562 4441 720 4494 illius
752 4440 944 4497 saeculi
1005 4442 1311 4508 reperisse,
1368 4442 1461 4493 cui
1515 4438 1681 4493 facile
1715 4440 2051 4509 persuaderi

409 4518 647 4583 poterat,
685 4527 896 4577 magna
952 4512 1126 4583 latere
1189 4510 1550 4583 mysteriain
1596 4512 1777 4583 tiam,
1833 4512 2054 4579 pallave

2163 4172 2431 4211 zarorum
2457 4156 2591 4210 sede
2618 4155 2807 4209 dicam
2840 4155 2908 4226 ad
2953 4171 3007 4226 p.
3041 4154 3165 4209 333.
3200 4153 3346 4209 Nam
3379 4172 3411 4209 a
3453 4152 3813 4226 quibusdam

2163 4229 2219 4281 in
2252 4227 2608 4282 Chersoneso
2638 4224 3041 4297 Cimbrica,'ab
3073 4226 3203 4282 aliis
3225 4227 3293 4281 ad
3322 4224 3485 4281 mare
3510 4224 3816 4297 Caspium,

2162 4298 2341 4367 idque
2376 4298 2611 4361 rectius,
2636 4296 3017 4353 collocantur.

2232 4366 2347 4438 (’92)
2383 4367 2748 4422 Vocabulum
2781 4370 3073 4423 Accubitus
3104 4367 3213 4423 hoc
3241 4366 3354 4423 loci
3390 4384 3505 4423 non
3536 4383 3815 4435 mensam,

2164 4439 2319 4509 quod
2350 4439 2495 4493 alias
2529 4444 2727 4494 notare
2759 4440 2930 4505 solet,
2963 4440 3063 4494 sed
3100 4439 3441 4507 triclinium,
3476 4444 3575 4494 aut
3604 4438 3815 4506 salam,

2162 4511 2495 4566 tribunalve
2525 4516 2626 4566 aut
2659 4510 2941 4581 palatium
2975 4511 3193 4582 (omnia
3223 4511 3323 4565 illa
3353 4512 3701 4582 idemgsunt)
3733 4511 3817 4564 si-

409 4580 601 4639 hocin
638 4587 761 4637 loco
796 4583 1002 4651 posita,
1030 4581 1085 4634 in
1131 4582 1241 4636 alio
1276 4580 1650 4653 depositatin
1678 4582 1805 4635 aliis
1836 4583 2055 4637 talibus
2088 4593 2133 4652 ο
2166 4583 2425 4652 gnificat,
2458 4583 2514 4637 in
2549 4580 2673 4653 quo,
2697 4580 3143 4637 collocata‘sunt
3172 4584 3457 4638 accubita.
3492 4581 3621 4638 Vid.
3656 4580 3711 4652 p.
3749 4582 3816 4635 15

409 4655 630 4710 mimis.
662 4650 1008 4719 Accedebat,
1041 4654 1191 4722 quod
1254 4668 1471 4706 morem
1534 4650 1699 4706 illum
1745 4653 1846 4707 diu
1888 4653 2056 4721 aluit,

408 4742 592 4796 neque
636 4727 745 4779 cito
802 4728 1089 4793 deponere
1141 4724 1318 4795 jussit
1373 4724 1527 4794 quod
1582 4728 1767 4778 vestes
1826 4731 2055 4780 tantum

409 4797 722 4854 exteriores
755 4797 1150 4867 induerentet
1207 4800 1503 4862 exuerent,
1561 4796 1781 4867 amplas
1842 4796 1973 4851 illas
2004 4802 2060 4851 et

409 4868 826 4949 facilinegotiu
861 4866 1210 4932 mutabiles;
1253 4868 1411 4949 quod
1463 4867 1666 4949 nequit
1719 4866 1780 4921 in
1840 4869 2059 4923 strictis

410 4941 628 4995 nostris
662 4939 920 4993 vestibus
953 4954 1112 5007 eaque
1144 4939 1451 4992 commode
1485 4938 1627 4993 ﬁeri.

480 5012 593 5082 (90)
644 5013 848 5066 Rursus
896 5014 1325 5082 nangrogentur,
1379 5026 1585 5079 nempe
1615 5009 1683 5064 ad
1739 5010 2061 5078 processio-

411 5099 543 5138 nem
578 5081 1082 5153 'pomerirtianam,
1143 5081 1241 5150 qui
1270 5084 1393 5146 jam
1452 5089 1626 5153 antea
1653 5082 1910 5150 ejusdem
1945 5082 2058 5135 dici

413 5171 586 5208 mane
606 5150 951 5222 congregati
1004 5154 1250 5206 fuerant.
1289 5156 1351 5205 V.
1386 5153 1456 5205 de
1478 5150 1587 5205 hoc
1621 5168 1727 5206 usu
1765 5152 2058 5221 particulae

411 5224 518 5278 ἀπὸ
548 5225 608 5279 in
643 5223 1003 5293 compositis,
1037 5239 1167 5292 qua:
1198 5223 1266 5277 ad
1305 5238 1430 5291 pag.
1465 5223 1591 5290 301,
1641 5222 1916 5277 diximus.

484 5298 597 5368 (91)
627 5296 804 5359 Quale
837 5296 1008 5347 futrit
1056 5294 1465 5368 vestimentum
1512 5293 1887 5368 Tzitzaciurn,
1943 5308 2057 5368 non

415 5364 602 5437 magis
636 5368 787 5431 novi,
811 5382 985 5436 quam
1021 5366 1162 5433 quid
1195 5366 1542 5418 dlhetesium
1577 5365 1767 5437 fuerit.
1804 5364 2062 5437 Peregrif

417 5435 559 5494 num
592 5455 723 5493 esse
778 5454 957 5492 sonus
1020 5450 1143 5505 Ipse
1175 5437 1378 5499 prodit,
1405 5442 1461 5489 et
1516 5436 1777 5489 scholion
1814 5436 1904 5489 hic
1950 5435 2058 5489 loci

416 5510 683 5566 additum
717 5509 935 5563 indicat
993 5524 1121 5560 esse
1151 5507 1545 5561 Cbazaricum.
1583 5507 1645 5560 In
1681 5505 1901 5561 scholio
1932 5506 2059 5573 ipso

416 5598 519 5656 pro
550 5578 803 5656 φορέουσι
836 5582 959 5656 erat
989 5596 1173 5656 eaepse:
1208 5579 1265 5631 in
1301 5578 1675 5656 membranis,
1734 5578 1887 5656 quod
1921 5577 2055 5656 quid

419 5634 639 5721 sitnier
673 5651 935 5721 expedio.
1001 5634 1173 5721 Paulo
1209 5654 1334 5719 post
1367 5634 1706 5721 restituatur
1734 5634 1801 5721 ex
1852 5634 2058 5701 iisdem

408 5718 666 5807 βασιλίδι
715 5717 837 5807 καὶΔ
864 5717 1220 5807 θεοφυλάκτί
1251 5723 1513 5807 Augusta
1567 5719 1892 5807 C‘h‘azarica,
1934 5736 2058 5789 qua

418 5790 501 5851 ibi
560 5797 936 5862 memoratur,
970 5790 1055 5848 est
1110 5797 1294 5847 mater
1345 5790 1548 5848 Leonis
1603 5790 1863 5859 Chazari,
1921 5805 2061 5847 uxor

420 5867 779 5924 Constantini
813 5864 1178 5938 Copronymi.
1224 5863 1305 5921 De
1352 5864 1741 5921 Chazarorum
1773 5862 1863 5918 vel
1903 5864 2055 5919 Cho-

2166 4659 2222 4707 et
2254 4654 2339 4707 16.

2237 4725 2351 4794 (93)
2384 4723 2524 4778 Vide
2555 4742 2683 4795 quae
2713 4726 2780 4779 de
2814 4729 3031 4780 rectore
3054 4724 3123 4778 ad
3158 4740 3285 4794 pag.
3320 4725 3422 4778 413
3454 4725 3600 4780 dico.

2239 4796 2351 4866 (94)
2386 4797 2440 4851 Id
2477 4802 2584 4857 est,
2616 4813 2748 4851 cum
2796 4797 3112 4851 domestico
3162 4798 3539 4861 famulorum,
3574 4795 3815 4866 nutibu-

2166 4867 2486 4948 silicorum,
2507 4866 3047 4948 chrysotriclini,.et_
3069 4883 3203 4921 cum
3238 4883 3408 4948 grege
3442 4866 3647 4948 ipsius.
3678 4865 3815 4920 Nul-

2168 4938 2260 4992 lus
2308 4940 2463 4993 enim
2515 4938 2665 4993 alius
2714 4938 2807 4992 hic
2861 4938 2971 4992 loci
3016 4938 3375 4993 domesticus
3429 4938 3813 5008 significatur,

2165 5026 2340 5078 quam
2373 5026 2595 5070 eorum,
2652 5009 2987 5080 quosrdixi.
3041 5010 3303 5065 Habebat
3355 5009 3817 5079 unumquodque

2168 5080 2442 5151 palatium
2478 5096 2616 5134 suos
2650 5079 2919 5148 famulos,
2972 5095 3074 5135 seu
3124 5081 3399 5151 basilicus
3432 5080 3720 5142 homines,
3756 5085 3819 5134 ut

2167 5150 2451 5222 palutium
2486 5151 2856 5217 Lausiacum,
2889 5151 3170 5222 palatium
3206 5150 3326 5206 XIX
3380 5153 3814 5213 accubitorum,

2168 5221 2444 5292 palatium
2500 5221 2905 5292 Augusteonis,
2962 5230 3021 5276 et
3076 5224 3161 5278 sic
3218 5239 3425 5293 porro;
3478 5229 3536 5277 et
3597 5237 3813 5293 unum-

2167 5295 2434 5364 quodque
2481 5309 2676 5347 eorum
2727 5293 3035 5363 collegium
3080 5293 3190 5347 tale
3226 5292 3481 5364 habebat
3521 5292 3815 5347 domesti-

2166 5361 2297 5439 cum
2341 5361 2454 5418 _seu
2515 5365 2834 5435 principem
2891 5361 3194 5439 ‘suum._0i
3255 5361 3350 5439 ἐπὶΔ
3381 5366 3812 5439 1061906019:-

2165 5432 2356 5487 κλίνου
2414 5430 3020 5507 μναὲίεειῐ,ὀαναιονθδ
3078 5430 3634 5507 οΙιι-ῃεοίνὶριίηἱ”’ἰῑα
3675 5430 3815 5490 sunt

2166 5508 2328 5571 dicti,
2358 5514 2419 5561 ut
2443 5506 2494 5559 οἱ
2527 5507 2611 5560 ἐπὶ
2635 5513 2735 5574 τῆς
2766 5507 3058 5579 τραπέζης,
3092 5506 3342 5577 praefecti
3369 5521 3594 5563 mensa}.

2240 5579 2352 5650 (95)
2384 5578 3382 5650 Admissionulis,qui_admittendos
3434 5581 3502 5631 ari
3556 5579 3813 5650 impera-

2168 5647 2349 5703 torem
2384 5650 2738 5705 intromittit.
2798 5647 2925 5703 Vir].
2963 5648 3200 5703 Gnther.
3256 5666 3386 5719 pag.
3444 5650 3569 5703 611.
3616 5647 3810 5719 Vales,

2166 5720 2557 5847 iitArlljnuian.
2594 5722 2846 5778 Marcell.
2884 5735 3019 5792 pag.
3063 5719 3155 5791 89,
3189 5718 3361 5777 etDu
3394 5720 3589 5792 Gange
3620 5718 3809 5776 Gloss.

2281 5833 2293 5847 .
2374 5834 2387 5847 .
2422 5808 2474 5847 v.

2281 5808 2474 5849 ,[ι.ν.
