4108 6220
290 383 406 444 185

1162 389 1262 448 DE
1306 388 1762 451 CERIMONIIS
1806 388 2041 449 AULAS
2085 390 2568 452 BYZANTINJE
2609 393 2764 453 LIB.
2813 394 2862 454 Ι.

3598 393 3712 455 186

294 534 412 590 ριος
458 511 670 569 ἔνδοθεν
695 519 796 570 τοῦ
831 515 1035 591 βήλου,
1066 514 1303 586 ἵσταται,
1337 519 1428 573 καὶ
1477 514 1746 592 λαμϐάνει
1783 524 1954 592 νεῦμα
1984 579 1988 587 η

2070 537 2179 593 que
2199 538 2354 578 unus
2386 528 2520 595 post
2548 523 2793 580 alterum
2826 539 2944 595 qua
2980 530 3259 593 venerant
3290 524 3380 579 via
3399 525 3711 595 egrediun-

290 604 317 656 6
366 603 744 675 πραιπόσιπος
799 604 948 676 παρὰ
995 609 1092 660 τοῦ
1135 603 1423 677 δεσπότου,
1474 607 1564 662 καὶ
1616 605 1705 662 διὰ
1746 615 1845 677 τῆς
1878 607 1959 662 οἱ·

2070 615 2187 665 tur.

286 692 432 753 κείας
494 692 760 767 χλανίδος
822 694 959 749 νεύει
1016 700 1095 767 τῷ
1158 696 1442 772 ὀστιαρίῳ,
1509 698 1599 752 καὶ
1667 694 1735 766 δὴ
1795 699 1823 752 6
1891 698 2163 773 ὀστιάριος
2230 696 2658 777 σχηματοειδώς
2715 705 2836 763 πῶς
2894 705 3213 775 προσκυνῶν
3252 701 3379 762 τοὺς
3421 697 3705 768 δεσπότας,

292 784 425 855 μετᾶ
465 791 567 852 τῆς
625 782 798 854 δεξιᾶς
852 786 1041 860 χειρὸς
1092 787 1356 851 ὀπισθίως
1408 790 1520 860 (96)
1573 790 1759 863 κρούει
1799 790 1863 843 τὸ
1910 790 2108 863 βῆλον,
2158 791 2247 844 καὶ
2288 788 2378 844 διὰ
2422 795 2520 845 τοῦ
2571 788 2749 865 βήλου
2799 791 2902 845 ὑπὸ
2951 797 3059 846 τῶν
3111 789 3488 865 σιλεντιαρίων
3544 813 3707 865 συρο-

293 872 453 945 μένου
499 876 612 947 (97)
662 873 968 951 εἰσάγονται
1014 878 1069 930 οἱ
1114 878 1530 952 προειρημένοι,
1582 881 1672 934 καὶ
1721 879 2050 949 ἀσπάζονται
2103 881 2194 935 καὶ
2250 880 2431 948 αὐτοὶ,
2480 880 2571 934 καὶ
2629 878 2795 934 πάλιν
2844 879 3039 951 ἐξίασιν
3094 882 3174 941 εἷς
3223 881 3339 935 καθ’
3372 881 3452 941 εἷς
3479 881 3590 952 (98)
3635 878 3704 935 δι’

288 966 353 1032 ἧς
383 962 558 1032 ἦλθον
594 963 747 1021 ὁδοῦ.

365 1056 472 1110 Hl'.
519 1057 622 1110 Καὶ
666 1057 803 1127 μετὶ
849 1060 1018 1111 ταῦτα
1070 1056 1373 1114 ἀνίστανται
1430 1061 1484 1114 οἱ
1534 1057 1813 1128 δεσπὸται,
1860 1059 1953 1115 καὶ

295 1141 545 1217 αἴρουσιν
604 1146 655 1198 οἱ
712 1140 1169 1221 κουϐικουλάριοι
1208 1147 1276 1202 τὰ
1326 1147 1540 1217 σελλία,
1595 1148 1688 1203 καὶ
1728 1150 1949 1204 ἱστῶσιν

291 1232 427 1285 αὐτὰ
477 1231 556 1295 εἰς
601 1234 701 1301 τήν
742 1232 803 1288 ἐκ
848 1239 1040 1289 κισσοῦ
1082 1235 1172 1289 καὶ
1222 1235 1487 1313 μυρῥίνης
1538 1237 1628 1291 καὶ
1670 1236 1950 1313 δενδρολι-

293 1315 463 1374 ϐἀνου
506 1322 1007 1396 κατεσκευασμένην
1067 1323 1121 1379 ἐν
1190 1322 1318 1379 εἷ’δει
1379 1330 1479 1380 του
1523 1330 1622 1381 ταῦ
1671 1326 1952 1401 στοιχείου

289 1413 448 1482 ᾳῖναν
497 1411 617 1483 (99)
665 1410 718 1464 ἐν
769 1412 850 1482 τῷ
903 1413 1054 1484 μέσῳ
1099 1416 1198 1467 τοῦ
1260 1412 1424 1468 αὐτοῦ
1491 1413 1796 1490 τρικλίνου.
1848 1416 1949 1471 Καὶ

290 1497 388 1551 εἶθ’
456 1496 632 1559 οὕτως
699 1495 967 1571 λαμϐάνει
1033 1502 1199 1555 πάλιν
1273 1506 1445 1575 νεῦμα
1498 1505 1526 1557 ὁ
1592 1505 1951 1577 πραιπόσιτος

287 1585 437 1659 παρὰ
465 1590 564 1640 τοῦ
606 1583 893 1655 δεσπότου,
943 1591 1031 1644 καὶ
1085 1588 1386 1665 εἰσέρχεται
1438 1592 1598 1664 μέσον
1646 1599 1749 1661 τῆς
1778 1592 1949 1661 αὐτῆς

288 1677 477 1752 φίνας,
521 1676 613 1730 καί
672 1684 967 1750 προσκυνεῖ
1015 1678 1440 1757 σχηματοειδῶς
1480 1686 1621 1749 πῶς,
1667 1681 1759 1736 καὶ
1807 1681 1950 1756 ἐξέρ-

290 1782 450 1839 χεται
500 1770 601 1819 τοῦ
644 1765 948 1842 εἰσαγαγεῖν
996 1768 1065 1823 τὰ
1114 1769 1284 1842 βῆλα.
1319 1768 1423 1826 Καὶ
1472 1770 1767 1842 συνεξίασιν
1805 1770 1953 1842 αύτῷ

289 1853 379 1908 καὶ
415 1856 468 1907 οἱ
502 1851 601 1908 δύο
629 1855 921 1929 όστιάριοι,
952 1856 1042 1911 καὶ
1088 1855 1336 1913 ἵστανται
1367 1856 1579 1923 ἔνδοθεν
1607 1863 1709 1914 τοῦ
1743 1860 1944 1935 βήλου,

292 1945 382 1996 καὶ
423 1944 452 1996 6
503 1944 589 2004 εἷς
627 1945 677 2013 ἐξ
725 1944 929 2014 αὐτῶν,
979 1947 1146 2020 ἤγουν
1199 1947 1226 2001 6
1277 1944 1471 2019 δεξιὸς,
1510 1952 1821 2021 προσκυνῶν
1855 1948 1946 2003 καὶ

296 2031 461 2092 αὐτὸς
508 2031 932 2106 σχηματοειδῶς
986 2055 1104 2096 πως
1154 2036 1283 2098 τοὺς
1327 2033 1612 2109 δεσπότας,
1642 2037 1732 2092 καὶ
1773 2036 1947 2098 οὕτως

306 2120 448 2192 μετᾶ
492 2127 591 2189 τῆς
655 2119 830 2192 δεξιᾶς
898 2124 1084 2199 χειρὸς
1138 2122 1402 2187 ὀπισθίως
1468 2125 1657 2199 κρούει
1721 2125 1788 2180 τὰ
1851 2123 1947 2180 δύο

303 2205 481 2281 βῆλα.
530 2208 593 2263 Ol
655 2204 714 2261 δὲ
770 2207 1127 2284 σιλεντιάριοι
1187 2211 1409 2287 σύρουσι
1460 2209 1634 2286 διχῶς
1677 2213 1744 2267 τὰ
1779 2211 1948 2287 βῆλα,

297 2296 423 2349 οἷον
483 2293 627 2369 δεξιᾷ
684 2296 775 2351 καὶ
824 2297 1099 2372 ἀριστερᾷ,
1144 2300 1234 2354 καί
1288 2299 1592 2376 εἰσέρχεται
1639 2303 1668 2356 6
1711 2304 1950 2371 πραιπό-

294 2404 473 2454 σιτος,
518 2387 966 2460 προπορεόμενος
1003 2391 1072 2452 τῆ
1119 2388 1265 2459 τάξει
1313 2394 1422 2444 τῶν
1451 2410 1511 2445 τε
1537 2392 1582 2427 ⁸³
1635 2393 1951 2468 μαγίστρων

291 2474 386 2526 καὶ
437 2472 785 2542 ἀνθυπάτων,
831 2476 1002 2551 ἤγουν
1050 2482 1157 2532 τῶν
1208 2479 1522 2555 φορούντων
1569 2478 1697 2541 τούς
1743 2477 1954 2536 δώδεκα

298 2563 754 2641 χρυσουφάντους
818 2564 1032 2639 λώρους
1228 2567 1328 2622 Καὶ
1373 2568 1402 2621 ὁ
1454 2568 1548 2641 μὶν
1597 2570 1955 2644 πραιπόσιτος

291 2652 515 2706 ἱσταται
547 2653 624 2714 εἷς
656 2652 748 2707 τὸν
792 2651 929 2708 ἴδιον
973 2655 1167 2722 τόπον,
1207 2655 1415 2718 ὀποίως
1456 2656 1548 2712 καί
1587 2658 1639 2712 οἱ
1685 2658 1954 2733 ὀστιάριοι

2133 1061 2338 1117 XVIII.
2366 1065 2572 1117 Postea
2602 1066 2849 1131 surgunt
2880 1062 3433 1133 domini,sellasque
3449 1060 3708 1118 sublatas

2061 1149 2399 1206 cubicularii
2451 1150 2509 1205 in
2554 1152 2797 1221 particu,
2847 1166 2916 1206 ex
2961 1150 3189 1219 hedera,
3237 1151 3492 1219 myrrha,
3545 1152 3705 1222 ligno

2062 1239 2276 1308 thuris,
2308 1256 2376 1295 ea
2406 1242 2616 1304 forma,
2639 1256 2817 1310 quam
2842 1239 3094 1295 litteraT
3130 1239 3323 1307 habet,
3370 1244 3709 1295 constructa

2062 1328 2121 1381 in
2155 1328 2344 1383 medio
2373 1330 2503 1399 ejus
2534 1327 2793 1394 triclinii,
2819 1328 3127 1383 collocant.
3157 1327 3384 1383 Rursus
3433 1332 3643 1383 nutum
3675 1344 3709 1383 a

2062 1417 2298 1473 domino
2350 1416 2691 1488 prepositus
2739 1418 2969 1487 accipit,
3008 1417 3376 1488 mediamque
3416 1417 3706 1488 porticum

2058 1508 2332 1563 decenter
2348 1525 2409 1564 se
2445 1513 2815 1579 prosternens
2850 1509 3047 1575 intrat,
3075 1516 3204 1579 post
3224 1509 3704 1563 adducendorum

2058 1595 2319 1650 velorum
2353 1611 2533 1651 causa
2548 1597 2865 1666 egreditur.
2892 1594 3018 1650 Una
3047 1612 3180 1650 cum
3204 1596 3331 1667 ipso
3347 1597 3461 1651 duo
3480 1595 3705 1652 ostiarii

2060 1688 2292 1748 exeunt,
2342 1685 2611 1755 intraque
2652 1684 2844 1738 velum
2896 1684 3250 1750 subsistunt,
3300 1685 3399 1740 15
3451 1699 3703 1756 quorum

2062 1787 2216 1827 unus
2247 1773 2316 1827 ad
2357 1773 2617 1827 dextram
2649 1772 3024 1836 constitutus,
3057 1771 3328 1827 decenter
3377 1788 3569 1828 coram
3603 1773 3702 1828 do-

2063 1862 2239 1917 minis
2272 1862 2621 1932 procumbit,
2655 1862 2883 1931 duoque
2931 1862 3057 1917 vela
3096 1862 3295 1915 dextra
3330 1876 3504 1915 manu
3552 1865 3704 1916 retro

2055 1951 2268 2022 pulsat.
2328 1948 2650 2005 Silentiarii
2688 1957 2882 2004 autem
2943 1956 3276 2020 utrumque,
3338 1951 3704 2005 dextrorsum

2058 2040 2284 2097 scilicet
2329 2047 2387 2095 et
2439 2039 2863 2103 sinistrorsum,
2918 2038 3044 2093 vela
3091 2040 3403 2103 reducunt,
3444 2043 3500 2094 et
3529 2038 3708 2095 intrat

2062 2127 2433 2201 praepositus,
2466 2143 2570 2198 pro
2601 2128 2863 2182 muneris
2894 2127 2986 2181 sui
3018 2126 3302 2199 dignitate
3326 2128 3635 2198 magistros
3656 2131 3712 2183 et

2064 2216 2446 2289 proconsules
2476 2231 2578 2270 seu
2611 2215 2916 2270 duodecim
2938 2215 3057 2269 lora
3089 2232 3231 2269 auro
3253 2216 3469 2269 intexta
3488 2221 3712 2284 gestan-

2064 2311 2154 2361 tes
2186 2306 2540 2376 praacedens.
2584 2307 2650 2359 Et
2681 2304 2729 2357 is
2759 2303 2997 2374 quidem
3030 2319 3190 2374 aeque
3223 2320 3286 2358 ac
3318 2304 3541 2357 ostiarii
3587 2302 3712 2358 loco

2067 2411 2174 2451 suo
2205 2400 2339 2462 stat,
2367 2393 2632 2464 magistri
2666 2408 2797 2447 vero
2829 2408 2895 2447 ac
2926 2392 3135 2462 reliqui
3183 2391 3451 2447 dominos
3485 2399 3542 2446 ut
3586 2408 3714 2447 mos

2066 2491 2158 2541 est
2204 2482 2592 2539 osculantur:
2656 2481 2911 2553 primum
2963 2480 3194 2551 quidem
3251 2497 3445 2552 genua
3491 2496 3713 2548 eorum,

2064 2573 2276 2630 deinde
2308 2588 2543 2637 manus,
2578 2578 2773 2642 postea
2801 2586 2887 2638 os,
2921 2570 3235 2641 dextraque
3255 2575 3312 2627 et
3333 2570 3576 2625 sinistra
3613 2585 3708 2625 se-

2065 2661 2327 2717 cundum
2358 2660 2618 2715 ordinem
2643 2675 2817 2714 suum
2850 2663 3066 2714 astant.

288 2739 517 2796 ἳσταται
568 2742 643 2803 εἰς
700 2742 826 2805 τοὺς
887 2742 1057 2808 ἷδίους
1110 2745 1333 2812 τόπους,
1396 2747 1447 2800 οἱ
1502 2744 1559 2801 δὲ
1616 2749 1902 2823 μάγιστροι
1949 2751 2041 2805 καὶ
2096 2751 2149 2804 οἱ
2208 2748 2395 2804 λοιποὶ
2448 2747 2779 2816 ἀσπάζονται
2837 2748 2972 2801 κατὰ
3018 2746 3187 2801 τύπον
3233 2751 3349 2808 τοῖς
3401 2741 3709 2807 δεσπόταις·

295 2836 525 2904 πρῶτον
562 2832 660 2904 μὶν
689 2837 806 2893 τοῖς
835 2832 1009 2888 αὐτῶν
1039 2834 1253 2908 γόνασι,
1281 2832 1464 2890 ἔπειτα
1492 2836 1583 2891 καὶ
1613 2842 1730 2899 ταῖς
1781 2840 1994 2912 χερσὶν,
2044 2840 2134 2894 καὶ
2180 2837 2275 2893 εἶθ’
2324 2837 2495 2899 οὕτως
2546 2837 2624 2908 τῷ
2675 2836 2905 2908 στόματι
2938 2841 3030 2907 (2),
3062 2835 3152 2890 καὶ
3184 2834 3419 2891 ἵστανται
3451 2833 3597 2905 δεξιᾷ
3625 2836 3713 2889 καὶ

296 2919 565 2995 ἀριστερᾷ
591 2921 727 2976 κατᾶ
753 2921 846 2983 τὰς
877 2922 1079 2984 οἰκείας
1107 2925 1304 2993 τάξεις.

384 3014 490 3068 ΙΘ“.
564 3014 663 3068 Καὶ
727 3012 894 3068 πάλιν
963 3013 1237 3089 ἐξερχεται
1296 3016 1324 3069 ὁ
1391 3018 1750 3091 πραιπόσιτος
1798 3018 1849 3072 ἐν
1888 3023 1965 3090 τῷ

308 3100 468 3173 αὐτῷ
518 3103 769 3175 σχήματι
813 3102 949 3175 μετᾶ
1000 3108 1109 3157 τῶν
1149 3102 1325 3159 αὐτῶν
1369 3105 1681 3179 όστιαρίων,
1720 3108 1809 3160 καὶ
1850 3106 1964 3162 εἰσ-

299 3187 568 3265 έρχονται
608 3190 774 3245 πάλιν
826 3192 876 3245 οἱ
937 3187 1031 3245 δύο
1090 3190 1354 3267 ὀπιάριοι
1396 3195 1573 3257 καθὼς
1612 3194 1962 3269 προείρηται,

2147 3020 2286 3077 ΧΙΧ.
2312 3019 2523 3075 Eodem
2557 3018 2729 3074 modo
2762 3017 3111 3089 praepositus
3133 3035 3265 3071 cum
3285 3016 3544 3071 ostiariis
3575 3014 3719 3086 ipsis

2074 3108 2288 3163 iterum
2322 3107 2638 3179 egreditur,
2691 3121 2757 3161 ac
2787 3106 2979 3160 denuo
3028 3106 3141 3158 duo
3182 3105 3407 3159 ostiarii
3451 3109 3513 3158 ut
3542 3118 3718 3173 supra

2075 3199 2292 3252 dictum
2324 3201 2413 3251 est
2443 3195 2683 3259 intrant,
2716 3198 2773 3248 et
2801 3192 3069 3248 ostiarius
3093 3193 3165 3245 ad
3199 3192 3399 3247 laevam
3429 3191 3712 3247 constitu-

292 3288 390 3334 καὶ
436 3277 646 3355 ἐνεργεῖ
700 3280 730 3334 6
790 3280 1046 3355 ἀριστερᾷ
1100 3281 1395 3353 ἱστάμενος
1472 3282 1747 3357 ὀστιάριος
1786 3284 1966 3345 καθὼς

2074 3293 2186 3347 tus.
2225 3285 2442 3350 omnia,
2478 3300 2605 3354 qua
2635 3282 2706 3337 de
2743 3280 2925 3336 altero
2971 3280 3428 3350 observavimus,
3471 3279 3711 3351 peragit.

287 3370 383 3422 καί
450 3368 480 3421 6
536 3367 613 3429 εἷς
663 3368 732 3423 τὰ
788 3366 956 3439 δεξιὰ,
1016 3369 1184 3444 ἤγουν
1250 3370 1322 3433 ὡς
1380 3370 1812 3448 προγέγραπται.
1853 3376 1954 3430 Καὶ

2070 3377 2283 3431 Eodem
2315 3390 2428 3444 quo
2461 3373 2714 3443 primum
2747 3371 2859 3425 ritu
2882 3371 3206 3425 secundum
3237 3368 3431 3425 velum
3482 3368 3715 3424 induci-

1679 3490 1925 3547 VARIIE
1965 3491 2263 3548 LECTION
2274 3490 2353 3545 ES

365 3597 421 3631 ⁴⁴
453 3600 564 3650 τῶν
597 3592 655 3650 δί
689 3616 749 3668 μ.
783 3598 874 3653 ed.

1364 3705 1566 3762 JOAN.
1607 3706 1753 3763 JAC.
1798 3707 2058 3764 REISKII
2097 3703 2663 3763 COMMENTARIUS

381 3815 501 3887 (96)
544 3815 708 3869 Manu
747 3824 901 3871 retro
939 3820 1059 3871 acta
1119 3818 1309 3888 pulsat
1354 3817 1571 3883 velum,
1618 3818 1780 3873 vultu
1820 3818 1966 3874 irre-

302 3895 491 3953 tortu,
529 3894 588 3941 et
610 3902 842 3957 semper
872 3889 940 3941 ad
976 3889 1380 3957 imperatorem
1414 3905 1714 3945 converso.

378 3960 502 4031 (97)
550 3958 634 4031 De
697 3958 955 4031 velorum
998 3961 1173 4031 variis
1220 3960 1533 4031 generibus
1565 3977 1617 4014 v.
1661 3977 1788 4031 quae
1840 3961 1966 4016 dico

301 4028 664 4105 adp.
717 4028 910 4083 Potest
958 4028 1254 4105 συρόμενον
1317 4028 1505 4105 βῆλον,
1550 4031 1642 4086 hic
1678 4028 1813 4086 esse
1869 4041 1967 4086 aut

300 4101 468 4175 quod
506 4101 751 4175 funibus
781 4103 1042 4175 attractis
1074 4101 1131 4175 in
1164 4101 1347 4159 altum
1389 4103 1632 4170 tollitur,
1684 4108 1785 4158 aut
1814 4106 1963 4173 quod

300 4172 359 4230 in
397 4175 640 4228 diversa
671 4172 1037 4246 distrahitur.
1073 4172 1237 4229 Conf.
1271 4191 1326 4246 p.
1363 4175 1448 4228 15.

379 4246 500 4313 (98)
557 4242 795 4309 Viritim,
834 4259 942 4297 non
980 4254 1125 4315 “post
1174 4242 1435 4301 altérum.
1504 4246 1588 4300 Ita
1645 4245 1969 4315 loquuntur

296 4311 440 4389 novi
473 4316 680 4389 Graeci,
707 4331 813 4389 pro
829 4316 950 4389 καθ’
976 4311 1092 4369 ἕνα.
1116 4317 1501 4389 Theophanes
1524 4311 1753 4387 quoque
1791 4315 1968 4371 habet

295 4388 425 4441 καθ’
457 4387 565 4459 εἷς.
600 4401 729 4457 pag.
758 4386 879 4459 105,
914 4388 1135 4443 omisso
1169 4386 1354 4459 primo
1386 4386 1488 4447 εἷς.

2075 3816 2295 3897 διξερε
2325 3818 2518 3897 Gange
2546 3813 2737 3897 Gloss.
2766 3814 2881 3867 Lat.
2904 3828 2953 3867 ν.
2986 3814 3220 3868 Festum.

2150 3887 2225 3958 (2)
2260 3882 2578 3942 Rarissime
2618 3885 2763 3940 alias
2796 3900 3167 3958 concessum,
3194 3887 3260 3958 _ut
3292 3898 3557 3958 proceres
3605 3882 3721 3958 im-

2075 3953 2365 4029 peratoris
2416 3957 2637 4029 labium
2676 3955 3106 4029 oscularentur,
3157 3953 3723 4029 ob__sa_nctimoniam

2076 4024 2225 4095 l’esti,
2258 4030 2331 4084 ob
2372 4044 2543 4099 quam
2574 4026 2895 4099 imperator
2926 4041 3054 4079 sese
3088 4024 3451 4088 bumiliabat,
3487 4032 3546 4079 et
3589 4040 3723 4093 pro-

2076 4116 2236 4155 ceres
2268 4098 2405 4155 suos
2423 4098 2533 4152 sibi
2556 4098 2820 4167 aequabat
2869 4100 2925 4149 et
2984 4112 3085 4165 pro
3126 4099 3402 4150 fratribus
3450 4110 3723 4165 agnosce-

2075 4172 2197 4237 bat,
2275 4170 2724 4226 concedebatur.
2774 4166 3006 4221 Veteres
3047 4167 3280 4237 quidem
3340 4167 3723 4234 imperatores

2076 4242 2322 4298 Romani
2345 4241 2630 4305 solebant,
2690 4237 2956 4310 quamvis
2988 4254 3101 4292 non
3162 4254 3384 4310 omnes,
3416 4241 3720 4310 senatum,

2075 4319 2132 4369 et
2158 4320 2293 4370 ante
2322 4329 2524 4368 omnes
2577 4309 2908 4382 praefectum
2961 4309 3226 4382 praetorio
3270 4309 3541 4382 osculari,
3571 4316 3647 4382 _ut
3694 4323 3725 4362 e

2074 4386 2280 4457 Script.
2316 4386 2465 4440 IIist.
2491 4379 2642 4453 Aug.
2675 4387 2717 4436 t.
2748 4381 2793 4457 _l_,
2823 4397 2880 4457 p_.
2925 4380 3031 4434 297
3053 4452 3062 4457 _
3083 4387 3324 4457 constat.
3375 4379 3726 4457 Procedente

371 4436 1350 4529 (se)‘LoEE'thE—éﬁbrid111'
1388 4436 1614 4529 ipf-272,
1677 4457 1772 4512 ubi
1835 4459 1964 4512 dico
2000 4436 2042 4499 ί)
2586 4436 2713 4509 ιξιοῐι
2748 4436 2972 4529 lichat,
3009 4452 3119 4507 nisi
3154 4453 3225 4507 ad
3259 4467 3557 4529 summum
3591 4452 3728 4529 dex_-

305 4528 498 4584 fnisse
532 4528 835 4599 pergulam
870 4533 938 4583 ad
972 4530 1165 4584 instar
1203 4528 1473 4585 litteraiT
1516 4532 1850 4595 formatam,
1884 4529 1969 4584 sic

310 4608 377 4657 ut
400 4616 621 4671 scapus
654 4600 783 4668 ejus
809 4605 959 4672 esset
1005 4602 1125 4656 sive
1164 4608 1313 4657 teres
1370 4610 1546 4672 atque
1588 4601 1966 4672 cylindricﬁus,

309 4674 435 4727 sive
464 4670 648 4727 etiam
700 4670 1044 4739 quadratus,
1078 4673 1237 4727 intus
1287 4670 1482 4736 cavus,
1535 4672 1592 4726 in
1624 4670 1738 4742 quo
1785 4671 1967 4725 sudori

311 4751 539 4813 posset,
570 4759 603 4797 e
633 4758 749 4813 quo
776 4758 951 4813 scapo
979 4746 1204 4797 exirent
1235 4746 1292 4797 in
1325 4745 1619 4798 diversum
1654 4746 1768 4797 duo
1814 4743 1971 4796 velut

311 4812 563 4871 brachia
594 4812 1008 4882 oblonga,’sub
1040 4816 1252 4884 quibus
1283 4814 1645 4869 deambulari
1683 4819 1896 4881 posset.

379 4890 461 4955 (1)
494 4888 573 4941 Ut
596 4885 658 4938 in
691 4884 837 4938 festo
870 4884 1169 4940 Paschatis
1208 4887 1511 4940 duodecim
1549 4886 1769 4952 patricii
1818 4884 1970 4938 loros

309 4961 658 5028 gestabant,
690 4955 1154 5028 adiret‘erendam
1198 4958 1507 5017 imaginem
1541 4956 1847 5019 duodecim
1884 4956 1969 5009 di-

320 5026 690 5097 scipulorum
748 5026 982 5091 Christi,
1034 5030 1200 5095 cujus
1270 5044 1571 5099 personam
1659 5029 1974 5099 imperator

310 5100 670 5163 sustinebat,
705 5099 1192 5168 quemadmodum
1242 5097 1284 5153 ε’
1320 5099 1507 5154 Nostri
1541 5097 1580 5152 Ι.
1619 5115 1678 5153 ιι.
1723 5115 1849 5166 cap.
1883 5098 1973 5162 40,

311 5178 554 5228 constat
582 5187 594 5223 :
635 5170 714 5223 ita
747 5185 816 5223 ex
846 5170 953 5223 hoc
984 5170 1108 5226 loco
1140 5171 1440 5239 discimus,
1475 5174 1618 5225 testo
1646 5168 1974 5224 Nativitatis

310 5242 532 5300 Christi
555 5242 613 5295 in
651 5240 780 5311 aula
807 5241 1117 5311 Byzantina
1141 5242 1465 5296 exhibitum
1494 5243 1670 5294 fuisse
1703 5241 1973 5294 eumdem

311 5316 594 5370 mimum.
664 5310 908 5366 Multum
963 5311 1231 5380 thymelaa
1283 5314 1597 5367 admistum
1658 5320 1782 5366 erat
1839 5317 1977 5364 tunc

313 5386 607 5456 temporis
641 5383 819 5456 cultui
848 5383 1157 5456 divino,iet
1201 5384 1473 5439 videntur
1506 5384 1617 5453 ipsi
1659 5383 1755 5456 illi
1790 5398 1978 5456 sacer-

316 5453 512 5517 dotes.
545 5456 649 5525 qui
683 5454 848 5507 hodie
894 5454 1194 5524 tymelicos
1238 5456 1651 5509 communione
1701 5453 1978 5507 Christia-

325 5543 539 5584 norum
597 5528 756 5581 vivos
816 5531 1193 5596 mortuosque
1242 5534 1457 5593 arcent,
1490 5542 1555 5580 eo
1612 5532 1869 5595 tempore
1923 5525 1978 5577 in

326 5599 476 5671 ipsis
507 5600 698 5671 adytis
730 5612 847 5671 suae
880 5595 1465 5671 religionisdramata
1484 5597 1692 5666 egisse,
1729 5611 1977 5671 quorum

333 5662 444 5725 nos
470 5662 643 5723 hodie
673 5669 872 5739 pudet.
909 5662 1307 5737 Recogita-mus
1340 5662 1983 5739 modo‘t‘estumstnlto—

336 5758 491 5803 ποετ.
525 5737 737 5795 festum
773 5738 1121 5809 palmarum,
1150 5741 1358 5795 festum
1393 5756 1716 5800 ais-norum,
1750 5740 1819 5791 de
1850 5737 1982 5806 qui-

2078 4534 2230 4583 tram
2278 4522 2609 4583 mam—illam
2672 4523 2952 4588 osculari,
3036 4530 3136 4578 aut
3207 4540 3441 4593 genam,
3491 4524 3541 4575 si
3598 4522 3729 4591 quis

2077 4600 2346 4653 maximae
2407 4597 2716 4654 dignitatis
2771 4600 2949 4651 esset.
3011 4594 3344 4651 Patriarcba
3422 4600 3618 4648 tamen
3678 4598 3732 4646 et

2074 4670 2395 4740 imperator
2427 4662 2536 4727 sibi
2576 4668 2824 4740 invicem
2847 4665 3028 4740 labiis
3052 4667 3241 4740 oscula
3269 4667 3546 4740 ﬁgebant,
3574 4662 3729 4740 quod

2077 4733 2176 4800 hic
2196 4742 2363 4796 illum
2399 4758 2500 4812 pro
2527 4748 2688 4812 patre
2714 4737 3029 4812 spirituali,
3060 4743 3116 4812 et
3143 4738 3239 4791 ille
3271 4733 3429 4791 hunc
3461 4752 3563 4812 pro
3613 4733 3731 4812 tilio

2078 4753 2173 4800 hic
2196 4753 2363 4796 Illum
2399 4758 2500 4812 pro
2527 4753 2688 4809 patre
2714 4753 3029 4809 spirituan.
3060 4753 3116 4791 et
3143 4753 3239 4791 itte
3271 4753 3429 4791 nunc
3461 4753 3563 4860 pro
3613 4753 3727 4787 nuo

2077 4820 2437 4883 agnosceret.
2474 4811 2628 4883 Tale
2687 4808 2952 4883 osculum
2996 4808 3272 4883 lubrafani
3310 4823 3455 4883 appe
3483 4807 3727 4883 labatur.

2080 4874 2297 4953 Glossee
2336 4901 2348 4938 :
2383 4882 2705 4945 Labratum,
2756 4876 2975 4953 φίλημα
3020 4874 3362 4953 βασιλικὸν,,’
3389 4874 3729 4953 ’ἀσπασεςικὸν

2083 4952 2376 5029 βασιλέιυς.
2413 4948 3094 5029 Ξαιωαείυξ-ξξδωραςεα
3139 4952 3261 5029 scr.
3298 4956 3363 5029 II.
3401 4958 3466 5005 A.
3492 4958 3531 5029 t_.
3566 4948 3635 5009 Il,
3664 4963 3726 5029 _pn.

2080 5018 2187 5083 686
2218 5027 2386 5080 aliter
2416 5024 2672 5094 exponit.
2704 5020 2838 5076 Vid.
2892 5022 3118 5076 Selden.
3163 5023 3271 5076 Tit
3323 5022 3468 5076 Hun.
3501 5023 3541 5094 I_,
3577 5037 3629 5087 p.
3662 5018 3732 5072 53

2082 5116 2234 5168 sqq.,
2267 5097 2361 5151 ubi
2399 5092 2596 5149 multis
2629 5095 2949 5168 deosculo
2997 5096 3450 5168 imperatoribus
3498 5092 3732 5168 datert

2084 5160 2155 5226 ab
2172 5160 2331 5239 ipsis
2377 5172 2610 5239 accepto
2636 5164 2773 5234 agit.
2807 5164 2953 5239 ’[ζιεδ
2986 5160 3401 5239 Ραῇλε-ραξξεηι
3429 5166 3478 5215 ιε
3499 5167 3603 5216 roi.
3627 5160 3733 5215 Ce—

2085 5236 2306 5296 remon.
2368 5242 2438 5291 de
2487 5237 2724 5300 France,
2768 5239 2812 5306 t.
2862 5237 2905 5301 Ι,
2964 5254 3015 5303 p.
3060 5236 3210 5306 28.]'
3260 5236 3477 5305 Nempe
3528 5247 3732 5285 recens

2085 5316 2447 5368 coronatum.
2486 5307 2780 5361 Arnoldus
2803 5305 3185 5360 Lubeccersis
3219 5308 3287 5367 Il,
3323 5308 3423 5361 15;
3454 5308 3554 5359 Est
3576 5316 3730 5373 qut?-

2085 5383 2213 5439 dam
2253 5381 2600 5436 detestabilis
2629 5376 2954 5432 consuetudo
3004 5379 3121 5446 regi
3167 5383 3500 5439 Graecorum,
3553 5384 3611 5427 ut
3652 5388 3732 5426 os-

2086 5454 2280 5509 culum
2310 5450 2666 5525 salutationis
2695 5448 2859 5525 nullif
2893 5448 3121 5525 oft-rat,
3171 5451 3261 5503 sed
3303 5449 3614 5519 quicunque
3656 5446 3734 5525 [u-

2085 5525 2231 5581 ciem
2281 5524 2402 5593 ejus
2445 5522 2649 5593 videre
2695 5524 2959 5593 meretur,
3012 5522 3336 5574 incurvatus
3395 5534 3569 5593 gmina
3616 5522 3732 5593 eius

2089 5586 2387 5653 osculatur.
2422 5595 2573 5660 Quod
2618 5586 3076 5645 Canna/lustres:
3103 5593 3167 5645 ob
3216 5586 3470 5646 honerem
3510 5586 3734 5653 imperti

2090 5668 2313 5722 omnino
2343 5664 2739 5719 detestabatur.
2776 5661 2856 5714 De
2885 5664 3064 5715 variis
3113 5664 3515 5727 imperatorem
3563 5671 3725 5710 oscu-

2093 5740 2250 5795 landi
2285 5739 2473 5791 modis
2497 5735 2584 5806 egi
2619 5749 2851 5803 quoque
2876 5736 2945 5787 ad
2983 5749 3108 5803 pag.
3132 5736 3255 5788 240.
