4108 6220
388 386 500 448 187

1458 384 1975 447 CONSTANTINI
2024 381 2713 443 PORPHYROGENITI

3673 374 3786 437 188

386 521 503 584 tur,
538 515 912 588 proconsules
945 514 1163 570 scilicet
1195 518 1250 569 et
1282 514 1505 584 patricii
1538 514 1597 569 in
1626 514 1747 570 suis
1769 514 2029 570 camisiis

2148 510 2449 583 εἰσάγονται
2487 511 2621 564 κατὰ
2670 511 2731 564 τὸ
2786 514 3001 583 πρῶτον
3063 513 3257 581 σχῆμα
3297 502 3543 578 δεύτερον
3587 502 3785 578 βῆλον,

388 607 654 677 albisque
678 604 890 660 tunicis
931 603 1108 657 clavis
1151 604 1343 658 aureis
1392 604 1633 669 ornatis,
1669 603 1767 675 qui
1812 609 1868 657 et
1917 604 2027 675 ipsi

387 696 657 750 dominos
684 692 1044 757 osculantur,
1103 695 1156 747 et
1206 692 1276 747 ad
1326 692 1587 748 dextram
1632 698 1688 747 et
1732 692 2028 747 sinistram

391 785 501 841 sub
534 783 627 849 iis,
661 782 761 852 qui
794 796 967 837 aurea
994 780 1117 837 lora
1153 783 1364 849 lerunt,
1404 787 1616 837 astant.
1665 781 1889 836 Rursus
1937 797 2030 835 eo-

390 873 521 925 dem
568 887 683 940 quo
734 886 907 939 supra
954 868 1323 924 ostendimus
1375 870 1489 924 ritu
1539 871 1875 941 praepositus
1919 870 2035 925 exit

392 959 625 1014 tertium
658 958 870 1025 velum,
903 957 1402 1027 protospatharios
1436 966 1488 1012 et
1519 959 1820 1023 ofﬁciales,
1858 959 2034 1013 addu-

392 1054 613 1117 cturus,
647 1048 745 1118 qui
778 1052 833 1101 et
864 1046 976 1118 ipsi
1005 1046 1269 1101 dominos
1303 1047 1659 1115 osculantur,
1690 1047 1867 1118 inque
1898 1049 2034 1102 dex-

392 1144 477 1194 tro
510 1142 565 1195 et
597 1137 835 1193 sinistro
868 1136 1045 1191 latere
1074 1137 1178 1191 sub
1213 1138 1468 1192 secundo
1498 1137 1624 1191 velo
1647 1142 1855 1192 astant.
1880 1138 2036 1193 Post-

391 1228 499 1282 hac
535 1228 733 1282 eodem
773 1226 884 1281 ritu
920 1241 985 1280 ac
1010 1225 1267 1280 diximus
1291 1225 1497 1283 iterum
1532 1227 1877 1297 praepositus
1899 1227 2032 1296 exit,

393 1322 449 1371 et
479 1322 753 1387 quartum
796 1314 1009 1381 velum,
1035 1332 1066 1369 a
1096 1314 1335 1370 secretis
1374 1319 1431 1370 et
1474 1316 1731 1371 notarios
1782 1323 2030 1372 secreto-

396 1422 541 1476 rum,
575 1404 835 1470 adducit,
871 1404 965 1474 qui
1001 1403 1170 1458 etiam
1223 1403 1515 1468 dominos,
1558 1405 1628 1461 ad
1670 1404 1926 1463 dextram
1980 1410 2035 1459 et

391 1494 693 1549 sinistram
726 1493 834 1548 sub
859 1492 969 1547 veli
1001 1492 1152 1546 tertii
1177 1493 1376 1547 ordine
1410 1496 1650 1561 stantes,
1675 1493 2027 1551 osculantur.

2141 598 2191 654 οἵ
2230 620 2287 654 τε
2328 598 2622 662 ἀνθύπατοι
2664 599 2753 653 καὶ
2806 598 3082 673 πατρίκιοι
3128 595 3262 669 μετᾶ
3301 600 3408 649 τῶν
3452 595 3649 648 ἑαυτῶν
3691 614 3786 648 κα-

2147 689 2358 761 μησίων
2390 690 2479 742 καὶ
2507 694 2611 743 τῶν
2638 686 2845 743 λευκῶν
2867 684 3267 765 χρυσοτάὸλων
3291 681 3591 759 χλανιδίων
3617 684 3660 718 ⁸⁸
3686 685 3786 755 (3),

2139 778 2229 833 καὶ
2270 778 2602 845 ἀσπάζονται
2640 778 2729 832 καὶ
2769 776 2924 831 αὐτοὶ
2971 778 3097 837 τοὺς
3139 773 3426 844 δεσπότας,
3470 773 3556 827 καὶ
3596 772 3788 827 ’ἔσταν-

2140 888 2230 926 ται
2272 865 2416 936 δεξιᾷ
2446 868 2532 920 καὶ
2579 866 2833 940 ἀριστερᾷ
2874 866 3133 919 ὑποκάτω
3180 868 3285 921 τῶν
3316 861 3630 943 φορούντων
3661 863 3791 921 τοὺς

2146 960 2383 1034 χρυσοῦς
2428 954 2661 1028 λώρους.
2707 954 2802 1007 Καὶ
2844 952 3009 1007 πάλιν
3054 952 3327 1027 ἐξερχεται
3369 952 3396 1005 ὁ
3437 950 3792 1025 πραιπόσιτος

2147 1044 2195 1101 ἐν
2234 1049 2312 1115 τῷ
2353 1042 2500 1113 αὖτῷ
2542 1046 2789 1117 σχήματι
2821 1043 2999 1103 καθὼς
3041 1041 3133 1095 καὶ
3171 1042 3518 1113 προείρηται,
3560 1039 3647 1093 καὶ
3688 1038 3791 1092 εἶσ-

2144 1134 2257 1206 άγει
2297 1135 2341 1207 γ’
2387 1131 2587 1206 βῆλον,
2644 1133 2769 1194 τοὺς
2826 1130 3351 1205 πρωτοσπαθαρίους
3382 1131 3458 1202 (4)
3498 1129 3586 1181 καὶ
3628 1128 3791 1206 erce}:-

2141 1222 2412 1294 κιαλίους,
2475 1222 2563 1277 καὶ
2628 1223 2953 1289 ἀσπαζονται
3010 1220 3099 1275 καὶ
3148 1220 3300 1273 αὐτοὶ
3342 1218 3466 1278 τοὺς
3510 1218 3788 1287 δεσπότας,

2143 1314 2233 1369 καὶ
2268 1311 2512 1368 ’ίστανται
2552 1310 2641 1365 καὶ
2680 1308 2833 1365 αυτοὶ
2871 1307 3016 1381 δεξιᾷ
3036 1308 3125 1362 καὶ
3148 1307 3297 1363 αὐτοὶ
3340 1306 3465 1367 τοὺς
3506 1305 3789 1375 δεσπότας,

2139 1406 2236 1457 τοῦ
2278 1399 2528 1475 δευτέρου
2572 1402 2772 1475 βήλου,
2813 1400 2903 1453 καὶ
2945 1398 3109 1453 πάλιν
3158 1398 3291 1470 μετά
3318 1401 3479 1450 τοῦτο
3513 1394 3785 1468 ἐξερχεται

2142 1492 2194 1546 ἐν
2232 1492 2310 1562 τῷ
2352 1492 2499 1563 αὐτῷ
2539 1492 2786 1563 σχήματι
2830 1490 2856 1543 ὁ
2897 1489 3259 1563 πραιπόσιτος
3297 1486 3479 1546 καθὼς
3518 1484 3609 1538 καὶ
3650 1505 3787 1557 προ-

390 1584 716 1658 γέγραπται,
772 1581 859 1635 καὶ
923 1579 1119 1655 εἰσάγει
1176 1577 1219 1633 δ’
1268 1578 1464 1655 βῆλον,
1523 1580 1649 1644 τοὺς
1702 1581 2014 1656 ἀσηκρτίτας
2069 1582 2157 1636 καὶ
2211 1581 2498 1653 νοταρίους
2548 1582 2594 1616 ⁴⁶
2651 1584 2758 1634 τῶν
2819 1578 3104 1653 σεκρὲτων,
3162 1577 3251 1631 καὶ
3314 1576 3644 1644 ἀσπάζονται
3700 1576 3789 1628 καὶ

390 1671 542 1726 αὐτοὶ
600 1670 727 1733 τοὺς
774 1667 1054 1738 δεσπότας,
1104 1669 1193 1724 καὶ
1250 1669 1490 1725 ἵστανται
1549 1670 1638 1725 καὶ
1700 1669 1853 1727 αὐτοὶ
1921 1668 2063 1741 δεξιᾷ
2120 1673 2210 1726 καὶ
2262 1670 2516 1744 ἀριστερᾷ
2574 1668 2826 1723 ὑποκάτω
2883 1676 2985 1737 τῆς
3031 1668 3229 1740 τάξεως
3283 1670 3380 1721 τοῦ
3435 1664 3622 1739 τρίτου
3683 1666 3791 1738 βή-

392 1760 513 1816 λου.

462 1854 580 1907 ΧΧ.
613 1853 706 1907 Sic
732 1851 1007 1906 omnibus
1031 1850 1087 1904 in
1120 1850 1259 1905 locis
1290 1850 1413 1906 suis
1437 1852 1789 1921 constitutis,
1811 1866 2031 1922 priapo-

2223 1851 2300 1906 K'.
2347 1850 2442 1906 Καὶ
2484 1850 2698 1903 πάντων
2760 1846 2998 1902 στάντων
3055 1847 3131 1909 εἷς
3189 1846 3315 1907 τοὺς
3363 1844 3534 1907 ἰδίους
3571 1844 3794 1909 τόπους,

392 1942 543 1998 situs
572 1956 774 1995 canore
806 1948 861 1994 et
893 1940 1231 1995 harmonice
1265 1940 1403 1995 dicit
1436 1956 1493 1997 τι(
1526 1940 1754 1997 Jubete.
1780 1941 2035 1996 »Omnes

393 2030 602 2086 deinde
644 2030 1008 2085 acclamant:
1057 2054 1075 2078 α
1113 2031 1173 2085 In
1206 2030 1379 2101 longa
1438 2036 1493 2086 et
1542 2030 1730 2087 felicia
1771 2037 2031 2102 tempore

394 2118 546 2173 Deus
569 2119 794 2187 justam
820 2118 1187 2186 majestatem
1220 2124 1473 2174 vestram
1508 2118 1779 2174 inducat!
1816 2141 1843 2169 ››
1885 2135 2026 2173 cun.

392 2208 615 2278 ctisque
642 2206 907 2275 egressis,
942 2210 1191 2275 surgunt
1223 2207 1467 2275 domini,
1517 2211 1573 2262 et
1604 2223 1878 2278 magnum
1932 2224 2027 2263 ac-

390 2296 650 2353 cubitum
671 2310 801 2349 cum
828 2295 1213 2365 preepositisjet
1242 2295 2026 2353 cubiculariissolisintrant.

396 2388 462 2442 In
492 2385 779 2455 argenteis
812 2384 938 2454 ejus
978 2383 1214 2438 triclinii
1265 2384 1555 2441 columnis
1607 2385 1729 2440 vela
1781 2401 2027 2457 suspen-

391 2474 893 2541 duntur,ne,dum
920 2472 2027 2546 lorainduuntdomini,ccnspiciantur:

392 2564 471 2618 ibi
502 2563 655 2617 enim
692 2566 1005 2618 mutatores
1038 2562 1289 2617 cubiculi
1315 2567 1368 2619 et
1398 2564 1700 2619 vestitores
1720 2580 1849 2617 cum
1889 2580 2028 2633 pras-

392 2652 618 2721 positis,
643 2649 1035 2705 secundicerio
1086 2655 1142 2705 et
1199 2650 1570 2706 cubiculariis
1615 2651 1869 2707 dominis
1910 2652 2032 2707 lora

391 2740 664 2794 induunt.
726 2740 826 2794 16
885 2741 1008 2803 Quo
1063 2740 1211 2796 facto
1262 2741 1521 2796 coronati
1599 2759 1630 2795 a
1706 2742 2030 2813 prmpositis

392 2828 611 2884 domini
648 2829 846 2882 dextra
877 2827 1151 2895 acaciam,
1187 2830 1423 2885 sinistra
1456 2846 1655 2886 cruces
1698 2848 1899 2885 aureas
1930 2848 2031 2903 ge-

392 2918 501 2971 mis
527 2924 579 2972 et
639 2918 968 2985 margariris
1015 2924 1247 2971 ornatas
1306 2927 1568 2984 sumunt,
1629 2937 1880 2992 cumque
1932 2938 2033 2991 per

391 3006 606 3077 gradus
637 3005 1010 3061 accubituum
1072 3006 1517 3077 descenderunt,
1574 3009 1933 3065 manclavitae
1979 3018 2031 3066 et

2145 1938 2292 2013 λέγει
2335 1936 2425 1993 διὰ
2475 1940 2519 1975 ⁴⁷
2579 1937 2849 2009 νεύματος
2902 1940 3001 1991 τοῦ
3062 1934 3328 1991 δεσπότου
3370 1936 3397 1989 ὁ
3437 1933 3799 2008 πραιπόσιτος

2142 2027 2363 2100 εὐήχως
2417 2048 2536 2089 πως
2586 2028 2675 2080 καὶ
2744 2025 3104 2100 ὲναρμονίως·
3164 2049 3192 2076 ι(
3230 2024 3548 2079 Κελεῦσατε.
3582 2047 3609 2073 )›
3695 2021 3799 2078 Καὶ

2145 2116 2278 2189 μετὰ
2315 2120 2475 2169 τοῦτο
2518 2114 2836 2189 ἐπεύχονται
2895 2114 3108 2168 πάντες*
3156 2138 3183 2167 ‹‹
3226 2112 3320 2175 Εἷς
3362 2110 3609 2173 πολλοὺς
3658 2112 3797 2188 χρόν-

2140 2226 2264 2265 νους
2308 2205 2395 2259 καὶ
2438 2206 2674 2279 ἀγαθοὺς
2745 2207 2772 2258 ὁ
2839 2205 2970 2265 Θεὸς
3012 2202 3204 2278 ἀγάγοι
3245 2204 3346 2271 τὴν
3390 2200 3600 2256 δικαίαν
3642 2201 3795 2273 ὑμῶν

2144 2294 2455 2369 βασιλείανέ
2494 2318 2520 2345 ››
2558 2294 2655 2349 Καὶ
2700 2295 2831 2367 μετὰ
2878 2295 2940 2348 τὸ
2976 2288 3200 2361 ἲκϐἧναι
3239 2293 3436 2353 πάντας
3477 2292 3789 2346 ἀνίστανται

2142 2384 2193 2437 οἱ
2234 2381 2510 2452 δεσπόται,
2554 2384 2644 2437 καὶ
2696 2382 3009 2456 ἀνέρχονται
3070 2381 3119 2436 ἐν
3178 2386 3259 2454 τῷ
3320 2378 3547 2455 μεγάλῳ
3588 2381 3785 2433 ἁκκουο

2143 2466 2277 2543 ϐίτῳ
2341 2473 2474 2544 μετὰ
2530 2477 2636 2526 τῶν
2694 2472 3065 2544 πραιποσίτων
3130 2470 3219 2524 καὶ
3284 2474 3392 2524 τῶν
3450 2472 3783 2523 κοιτωνιτῶν

2141 2562 2228 2616 καὶ
2276 2562 2474 2631 μόνων⁶
2533 2560 2584 2615 ἐν
2642 2566 2757 2621 τοῖς
2813 2560 2914 2635 γὰρ
2971 2558 3226 2634 ἀργυροῖς
3282 2560 3427 2613 κίοσι
3482 2562 3578 2612 τοῦ
3617 2558 3784 2611 αὑτοῦ

2142 2644 2465 2704 ἀκκουϐίτου
2523 2650 2815 2725 κρέμανται
2878 2647 3025 2724 βῆλα
3082 2650 3218 2725 πρὸς
3286 2650 3347 2702 τὸ
3408 2649 3485 2720 μή
3554 2648 3775 2719 ὁρᾶσθαι

2140 2740 2265 2800 τοὺς
2306 2737 2589 2811 δεσπότας,
2651 2740 2739 2794 ὅτε
2796 2736 3196 2793 ἐνδιδύσκονται
3248 2738 3374 2797 τοὺς
3434 2737 3670 2810 λώρουςο
3726 2734 3776 2788 ἐν

2139 2828 2239 2903 γὰρ
2297 2833 2375 2899 τῷ
2452 2828 2599 2900 αὐτῷ
2673 2823 2980 2899 ἀκκουὸίτῳ
3035 2824 3277 2881 ἐνδύουσι
3335 2826 3459 2887 τοὺς
3520 2822 3778 2886 δεσπότας

2141 2917 2266 2979 τοὺς
2310 2917 2526 2992 λώρους
2568 2916 2620 2972 οἳ
2658 2940 2717 2972 τε
2755 2919 2864 2971 ἀῶν
2899 2914 3214 2987 ἀλλαείμων
3255 2920 3350 2969 τοῦ
3388 2909 3781 2969 κουὸουκλείου

2140 3008 2229 3061 καὶ
2273 3008 2323 3060 οἱ
2370 3009 2711 3081 βεστήτορες,
2777 3006 2911 3079 μετά
2966 3010 3075 3060 τῶν
3133 3003 3508 3080 πραιποσίτων
3557 3002 3646 3056 καὶ
3686 3007 3783 3056 τοῦ

1759 3109 1999 3163 VARl/E
2038 3106 2428 3163 LECTIONES
2504 3146 2509 3159 ε

457 3192 503 3227 ⁸⁵
533 3188 834 3265 χλανιδίων
868 3193 931 3247 R.
967 3208 1035 3248 ex
1067 3209 1178 3249 scr.
1213 3194 1340 3249 cod.
1376 3191 1542 3267 χλανι
1572 3198 1964 3268 superscripto

2149 3192 2426 3269 χλανίδων
2457 3197 2547 3251 ed.
2624 3196 2669 3232 ⁴⁶
2706 3195 3050 3269 ἀσηκρήτους
3078 3212 3260 3265 νοταρ.
3305 3195 3395 3249 ed.
3475 3192 3517 3228 ‘7
3550 3190 3699 3266 λέγει
3731 3188 3787 3243 δὲ

386 3277 474 3334 διὰ
503 3282 595 3337 ed.

1436 3384 1636 3440 JOAN.
1677 3385 1825 3440 JAC.
1868 3385 2121 3439 BEISKII
2166 3383 2729 3439 COMMENTARIUS

492 3478 546 3544 3)
577 3476 655 3530 De
689 3477 894 3551 (abitis,
929 3494 1025 3551 seu
1064 3484 1328 3547 praetexta
1373 3482 1456 3547 egi
1508 3483 1577 3537 ad
1614 3499 1667 3551 p.
1698 3484 1823 3536 255.
1868 3482 2040 3537 Chla—
2072 3484 2113 3550 C
2145 3487 2200 3536 et
2223 3482 2544 3551 accipiebat
2575 3480 2779 3536 libram
2806 3497 3017 3548 unam;
3052 3480 3193 3536 ibid.
3228 3498 3282 3550 p.
3333 3480 3453 3534 138.
3486 3480 3783 3549 Protospa-

400 3549 561 3620 nides
582 3550 773 3602 aureis
798 3550 1009 3603 tabulis
1048 3557 1333 3620 praetextas
1377 3553 1471 3607 hic
1520 3549 1812 3609 dicuntur.
1857 3559 2033 3607 Erant

397 3619 553 3695 enim
581 3620 725 3682 aliae,
762 3636 886 3695 qua:
922 3619 1262 3691 purpureas,
1293 3623 1439 3691 aliae,
1472 3641 1599 3694 qua:
1638 3628 2035 3695 segmentinas

398 3691 673 3764 haberent
709 3692 960 3764 tabulas,
991 3710 1088 3764 seu
1125 3700 1446 3764 pratextas.
1474 3691 1534 3751 l'n
1579 3691 1931 3753 membranis
1953 3704 2037 3751 est

398 3758 1296 3839 χλανιηδ-ευρθτίωροεὶῐοξ-Ουω
1320 3767 1497 3839 igitur
1518 3776 1791 3839 accentus
1814 3784 1988 3839 super
2022 3788 2036 3819 ι

398 3834 1023 3911 desitum-argumento
1057 3836 1205 3911 mihi
1250 3834 1676 3911 εεῐξχλανιδίων
1727 3834 2034 3909 legendum

398 3922 542 3961 esse.
578 3905 640 3959 In
674 3905 1020 3984 lectionibus
1069 3908 1262 3984 dubiis
1312 3905 1490 3964 nostri
1543 3905 2036 3984 codicis‘respexi

398 3993 629 4054 semper
659 3978 727 4054 ad
754 3983 1082 4054 accentum,
1116 3981 1283 4049 cujus
1310 3983 1616 4054 praesentia
1647 3990 1750 4038 aut
1779 3978 2037 4039 absentia

400 4048 894 4124 mihismpissime
927 4050 1031 4104 fuit
1076 4048 1265 4108 certus
1310 4048 1598 4124 'gnomon.
1639 4057 1700 4109 Si
1761 4056 2036 4109 librarius

399 4116 678 4194 χλανίδων
714 4121 991 4176 voluisset
1021 4123 1177 4191 dare,
1213 4116 1512 4180 accEntum
1556 4143 1669 4180 non
1724 4127 2033 4181 omisisset.

471 4193 547 4262 (4)
576 4193 803 4267 Tertius
837 4194 928 4267 hic
978 4200 1101 4248 erat
1130 4202 1187 4249 et
1229 4213 1499 4251 summus
1549 4199 1759 4267 gradus
1810 4198 2039 4266 spatha-

402 4263 640 4340 riorum.
676 4263 853 4317 Primi
887 4274 1048 4340 erant
1090 4267 1397 4340 spatharii,
1422 4263 2038 4340 tum'spatharoeandi-

402 4335 538 4399 dati,
600 4350 721 4406 seu,
760 4336 1038 4402 spatharii
1100 4335 1153 4390 et
1212 4338 1495 4391 candidati
1546 4335 1745 4406 simul,
1806 4340 2036 4395 tandem

402 4405 879 4475 protospatharii.
934 4406 1281 4461 Differebant
1328 4409 1387 4463 hi
1424 4417 1535 4463 tres
1564 4410 1796 4464 ordines
1827 4426 2036 4477 genere

400 4476 726 4550 vestituset
752 4493 1069 4550 armorum,
1104 4494 1229 4546 qua:
1260 4480 1319 4532 in
1356 4481 1584 4549 pompis
1613 4480 1881 4550 publicis,
1917 4497 2037 4547 pro-

402 4546 785 4622 cressionibus,
843 4549 1021 4622 Circo,
1076 4564 1262 4603 coram
1302 4546 1647 4621 imperatore
1714 4546 2035 4622 gestabant.

403 4618 691 4689 Spatharii
718 4618 1023 4687 gestabant
1054 4626 1219 4674 scuta
1251 4626 1306 4675 et
1330 4618 1539 4689 hastas,
1565 4622 1652 4677 vel
1685 4618 1861 4678 etiam
1898 4625 2035 4677 dex-

402 4689 570 4763 tralia
604 4706 701 4743 seu
754 4706 1026 4763 secures;
1075 4692 1649 4763 spatharocandidati
1699 4696 1924 4762 eadem,
1982 4700 2039 4751 et

404 4762 683 4816 candidas
715 4769 769 4815 et
800 4762 877 4836 Ain
912 4762 1057 4836 collo
1111 4762 1383 4834 torques:
1434 4767 1880 4836 protospatharii
1921 4773 2037 4821 tor-

2148 3552 2321 3607 tharii
2354 3553 2605 3622 dignitas
2618 3558 2738 3607 erat
2769 3554 2990 3622 absque
3008 3553 3323 3617 functione,
3343 3552 3777 3622 utpatricﬁiatus.

2147 3627 2245 3703 sed
2280 3621 2490 3703 minor.
2528 3624 2734 3703 Script.
2772 3621 3175 3703 pustTheoph.
3211 3642 3244 3703 ρ
3298 3621 3638 3703 2_93._fine_.]'
3670 3622 3783 3676 Ne-

2147 3698 2286 3761 scio,
2312 3697 2573 3766 possitne
2605 3695 2711 3749 hcc
2772 3697 2878 3749 isto
2902 3712 2931 3751 e
2962 3695 3106 3762 loco,
3154 3695 3361 3750 evinci.
3407 3695 3782 3748 Functionem

2147 3784 2285 3823 sane
2313 3768 2655 3822 exercebant
2685 3784 2909 3832 omnes,
2948 3768 3045 3838 qui
3098 3768 3155 3822 in
3191 3767 3391 3831 armis,
3444 3782 3636 3821 coram
3676 3766 3783 3821 im-

2147 3845 2410 3908 peratore
2441 3839 2866 3909 comparebant,
2900 3840 3048 3895 sacri
3081 3840 3337 3909 corporis
3361 3838 3559 3893 tuendi
3588 3853 3786 3893 causa.

2146 3912 2198 3965 Si
2236 3912 2469 3983 quidam
2525 3912 2831 3983 impetrata
2881 3910 3160 3966 missione
3200 3910 3438 3983 titulum
3478 3916 3783 3983 protospa-

2149 3979 2467 4039 thariorum
2503 3979 2888 4046 retinuerunt,
2915 3999 2979 4036 ex
3014 3998 3078 4036 eo
3130 3998 3243 4036 non
3278 3981 3558 4052 sequitur,
3592 3979 3787 4052 digni-

2147 4058 2323 4111 tatem
2358 4056 2505 4108 hanc
2538 4070 2693 4108 mere
2716 4054 3073 4123 dignitatem,
3107 4069 3205 4108 seu
3230 4051 3546 4116 titularem,
3583 4051 3785 4108 fuisse.

2150 4130 2308 4195 Apud
2348 4133 2779 4179 Assemannum
2814 4134 2850 4179 t.
2888 4124 2907 4179 Ι
2942 4124 3088 4179 Bibl.
3136 4124 3351 4180 Orient.
3407 4140 3461 4195 p.
3510 4123 3636 4195 149,
3694 4138 3786 4176 re-

2149 4194 2306 4270 perio
2341 4196 2870 4270 protospatharium
2902 4196 3154 4270 aliquem
3182 4196 3247 4270 in
3282 4195 3418 4270 aula
3467 4194 3790 4249 Mamluco-

2150 4266 2842 4341 frumntEgyptiacorum;
2905 4266 3057 4341 quod
3108 4268 3281 4341 valde,
3344 4266 3544 4341 miror,
3598 4280 3788 4341 neque

2149 4337 2753 4407 intelligo,'quomodo
2786 4337 3148 4395 Christianus
3208 4338 3421 4410 aliquis
3458 4337 3651 4410 Gateb,
3684 4352 3787 4393 seu

2149 4410 2515 4474 secretarius,
2557 4410 2879 4480 appelletur
2910 4411 3085 4464 simul
3136 4409 3613 4480 protoSpatarius.
3655 4424 3788 4463 cum

2148 4482 2352 4534 titulus
2380 4481 2471 4534 hic
2503 4481 2559 4533 in
2595 4481 2856 4535 orientali
2893 4498 2989 4535 seu
3018 4482 3500 4538 Mnhammedano
3525 4486 3637 4535 toto
3681 4480 3788 4533 im-

2154 4555 2307 4621 perio
2367 4569 2669 4625 nunquam
2726 4554 2963 4609 auditus
3015 4554 3219 4625 fuerit.
3254 4553 3443 4625 Refert
3486 4552 3562 4607 ibi
3606 4557 3784 4625 Asse-

2150 4641 2400 4678 munnus
2452 4622 2937 4694 subscriptionem
2998 4624 3225 4679 Arabici
3279 4623 3522 4691 alicujus
3572 4622 3787 4678 codicis

2150 4713 2317 4767 quam
2361 4696 2553 4750 Latine
2576 4696 2830 4750 damus:
2886 4698 3158 4750 Convertit
3210 4696 3352 4751 hunc
3405 4696 3610 4750 librum
3648 4709 3785 4767 pro-

2149 4765 2547 4836 tospaI/zarz'us,
2584 4767 2739 4822 Cateb
2772 4767 2890 4837 (seu
2944 4768 3306 4836 secretarius)
3348 4767 3599 4822 Mela/tito
3641 4765 3787 4820 lbra-

404 4849 546 4920 ques
577 4839 633 4887 et
665 4832 901 4920 spathae
935 4834 1080 4920 latas
1131 4832 1329 4920 super_
1355 4832 1541 4920 longis
1580 4832 1765 4920 contis
1810 4838 2038 4908 ligneis,
2074 4856 2117 4920 ι)
2150 4832 2283 4919 him,
2319 4839 2469 4906 ﬁlius
2500 4838 2730 4920 Joannis
2762 4832 3147 4906 Antiochenus,
3181 4844 3229 4893 et
3267 4832 3489 4920 dictavit
3520 4853 3643 4920 earn
3675 4838 3787 4901 isti,

403 4905 1068 4982 qualess‘pathobaclia
1144 4905 1531 4982 appellabant.
1584 4910 1743 4966 Patet
1792 4905 1878 4965 ei
1908 4905 2039 4982 pag.

400 4977 593 5031 Nostri
622 4976 740 5049 t_69.
786 4982 945 5049 Stepe
979 4976 1265 5049 reperitur
1316 4981 1422 5035 hoc
1478 4998 1689 5037 nomen
1738 4983 1795 5035 in
1847 4976 2046 5037 nostro

404 5049 599 5102 codice
630 5046 963 5121 ἀσπαθάριος
998 5046 1300 5120 scriptum.
1333 5052 1564 5107 Scilicet
1598 5054 1738 5107 illud
1783 5072 1814 5106 α
1890 5071 1953 5106 eo
1986 5054 2043 5108 in

405 5136 538 5173 casu
600 5125 763 5173 notat
818 5123 1078 5191 πρῶτοςο.
1134 5122 1195 5175 In
1252 5124 1606 5178 membranis
1650 5126 2045 5180 distinctionis

404 5191 843 5263 gratiasemper
891 5193 1145 5247 habebat
1194 5193 1298 5248 hoc
1337 5213 1369 5250 a
1412 5196 1660 5260 primum
1711 5196 2046 5263 signiﬁcans

406 5261 731 5331 capitellum
785 5262 1041 5333 aliquod,
1101 5263 1255 5319 velut
1312 5268 1608 5335 geminum
1665 5262 1943 5337 pluteum,
1993 5270 2042 5321 ἃ.

1282 5349 1307 5376 α

1860 5351 1887 5377 α

406 5385 717 5461 Reperitur
743 5388 1211 5461 quoquepassim
1274 5400 1301 5450 θ
1334 5391 1641 5461 scriptnm.
1682 5390 1809 5460 ‘[De
1868 5392 1895 5443 Θ
1946 5408 2043 5446 seu

405 5458 866 5537 protospathario
893 5460 1228 5537 v._Ban_dur.
1267 5479 1317 5530 [ι.
1358 5458 1474 5537 126,
1502 5461 1581 5537 ad
1630 5458 1929 5537 constant.
1974 5465 2045 5518 De

402 5528 1024 5603 ᾳάιηίηίδίνηὶγηρθνίο.
1087 5528 1592 5603 Protospatharius
1651 5533 1856 5602 phialae
1924 5539 2045 5588 erat

396 5601 569 5667 judex
631 5602 859 5655 navium
898 5601 1303 5671 imperialium
1332 5601 1860 5658 dromadarinrum.
1897 5606 2040 5659 Con-

401 5677 575 5725 stant.
613 5673 689 5726 De
749 5672 903 5727 adm.
969 5674 1209 5743 imperio
1264 5694 1314 5743 p.
1363 5677 1482 5729 140.
1540 5676 2043 5744 Protospatharius

401 5759 709 5797 camasum
740 5745 1080 5815 accipiebat,
1108 5746 1162 5799 in
1189 5746 1534 5802 Lausiacum
1564 5748 2045 5819 progrediebatur

2153 4910 2246 4981 qui
2275 4913 2527 4965 exaravit
2583 4926 2707 4963 eum
2753 4926 3100 4981 manusua,
3159 4924 3405 4966 sermone
3453 4908 3792 4981 Arabicae;

2154 4978 2331 5036 codice
2361 4982 2566 5037 erro.
2604 4982 2683 5035 Ita
2716 4989 2879 5036 sonat
2910 4980 3009 5035 illa
3031 4982 3403 5051 subscriptio.
3468 4980 3634 5035 Forte
3686 4978 3793 5034 fuit

2157 5054 2291 5106 olim
2327 5052 2638 5122 aliquando
2701 5052 2803 5107 iste
2858 5052 3126 5135 Ibrahim'
3172 5055 3229 5107 in
3288 5052 3417 5135 aula
3478 5051 3794 5175 Bi'zantina

2157 5125 2391 5175 functus
2416 5139 2655 5175 munere
2683 5124 3131 5175 nrotosoatharn
3164 5144 3176 5175 :
3213 5124 3419 5175 deinde
3451 5124 3518 5175 de
3547 5127 3677 5175 atus
3734 5137 3792 5175 tn

2156 5125 2391 5179 functus
2416 5139 2655 5178 munere
2683 5123 3131 5194 protospatharii
3164 5144 3177 5191 ;
3213 5124 3419 5179 deinde
3451 5122 3677 5176 delatus
3734 5122 3792 5194 in

2157 5194 2350 5249 aulam
2383 5192 2806 5250 Mamlucorum
2841 5192 3036 5249 serviit
3066 5195 3180 5249 illis
3212 5200 3273 5249 ut
3303 5195 3674 5259 secretarius;
3701 5192 3794 5247 cui

2158 5266 2380 5321 muneri
2410 5267 2696 5337 praecipue
2727 5266 3084 5322 Christianos
3102 5265 3392 5321 adhibitos
3422 5264 3519 5320 illa
3556 5266 3627 5337 in
3661 5263 3797 5320 aula

2157 5338 2336 5392 fuisse
2367 5336 2599 5392 constat
2618 5355 2680 5393 ex
2699 5338 2992 5393 Elmacino
3010 5342 3065 5392 et
3088 5337 3342 5393 aliunde.
3378 5337 3516 5392 Inde
3548 5336 3795 5392 factum-

2157 5414 2218 5461 ut
2249 5410 2456 5465 veteris
2481 5426 2753 5480 novaeque
2785 5408 3087 5478 dignitatis
3130 5425 3341 5464 nomen
3395 5407 3572 5464 simul
3620 5422 3795 5480 gere-

2156 5486 2259 5536 ret.
2286 5481 2428 5544 Quid
2474 5481 2583 5535 sibi
2640 5479 2760 5535 vult
2805 5481 2948 5536 illud
3009 5482 3160 5548 apud
3222 5484 3515 5535 Const-unt.
3573 5479 3787 5549 Porph.

2155 5552 2223 5605 de
2274 5553 2428 5605 adm.
2492 5552 2629 5623 imp.
2677 5552 2989 5623 καθέζεσθαι
3042 5551 3113 5611 ὡς
3174 5549 3659 5623 πρωτοσπαθάριον
3702 5549 3790 5623 καί

2195 5628 2337 5695 ορεῖν
2371 5622 2820 5690 ἐπικουτὲζοῦλιον
2857 5624 2875 5677 Ρ
2913 5628 3082 5677 Estne
3133 5624 3238 5678 hoc
3271 5622 3792 5695 scaramangium?

2195 5644 2337 5695 ορειν
2371 5644 2820 5690 επικουτςουνκιον
2858 5644 2875 5677 1'
2914 5644 3082 5677 ILSlllt‘.
3133 5644 3238 5678 HOC
3271 5644 3544 5678 scarama'

2154 5644 2358 5751 iuitne
2392 5696 2861 5766 scaramangium
2898 5695 3487 5765 protospathariorum
3518 5694 3544 5747 ‘2
