4108 6220
315 344 442 405 eos
1114 336 1117 341 “
1195 350 1297 412 DE
1336 351 1795 414 CERIMONIIS
1840 347 2076 412 AULE
2115 348 2604 411 BYZANTINE
2645 349 2799 411 LIB.
2847 353 2896 411 Ι.
3416 394 3427 401 ι
3619 359 3737 422 210

318 481 427 533 τοῦ
461 477 627 554 ἁγίου
658 474 912 557 φρέατος,
934 476 1183 536 ’ίστανται
1216 482 1432 538 κάκεῖσε
1472 484 1501 538 6
1534 482 1825 559 δήμαρχος
1871 485 1951 536 τῶ

2093 482 2229 537 dum
2263 483 2607 553 procedunt,
2637 482 2778 554 ipsis
2809 482 3153 541 acclamant.
3188 488 3565 546 Prasinorum
3605 508 3736 549 vero

319 568 566 624 Βενὲτων
599 566 734 639 μετᾶ
760 566 850 621 καὶ
888 572 988 622 τοῦ
1039 565 1223 644 δήμου
1269 576 1367 626 τοῦ
1415 569 1616 628 λευκοῦ
1664 591 1953 646 κατασφρα·

2080 571 2353 627 tribunus
2383 587 2514 627 cum
2561 572 2809 628 factione
2850 590 3018 629 russa
3068 575 3126 630 in
3177 578 3361 632 ferrea
3408 588 3568 649 porta
3599 588 3736 649 stat,

315 657 590 731 γίζοντες”
624 653 997 731 διερχομένων
1025 663 1133 713 τῶν
1167 656 1444 715 δεσποτῶν
1477 661 1953 737 [καθὼςοπροείρη-

2082 668 2160 727 et,
2189 660 2446 716 dominis
2476 661 2936 730 transeuntibus,
2969 680 3097 734 qua
3142 664 3283 720 festo
3313 682 3577 739 congrua
3599 674 3737 726 sunt

315 765 430 816 ται,
463 744 832 821 ἀκτολογοῦσι
862 747 909 783 ⁸⁸
942 746 1008 802 τὰ
1060 748 1197 821 μέρη
1249 750 1385 823 (40)]
1414 751 1503 804 καὶ
1547 749 1953 825 ἆκτολογοῦντει

2084 748 2387 804 acclamat.
2438 749 2580 804 Inde
2626 750 2847 806 domini
2903 768 3007 822 per
3054 753 3291 809 chalcen
3334 760 3392 810 et
3421 757 3649 814 scholas
3680 764 3738 816 et

318 832 387 887 τὰ
406 837 479 907 τῇ
511 835 676 907 ἑορτῇ
708 837 1081 909 προσήκοντα.
1114 837 1195 894 Οὔ
1243 838 1349 912 γὰρ
1388 835 1637 893 ἵστανται
1685 839 1738 892 οἱ
1787 836 1951 893 δεσπό

2084 839 2390 895 exeubitus
2424 844 2814 907 transeuntes,
2846 857 3074 897 sacrum
3124 842 3407 915 palatium
3452 862 3584 902 cum
3618 849 3733 904 Deo

310 942 426 990 ται,
457 924 595 977 κατᾶ
622 926 684 978 τὸ
713 922 933 992 εἰωθὸς,
955 924 1007 980 ἐν
1055 929 1140 997 τῷ
1173 925 1499 1003 ἀκτολογεῖν
1529 929 1598 983 τὰ
1631 928 1798 1003 μέρη,
1828 926 1978 982 ἀλλά
2087 928 2323 984 intrant.

318 1008 699 1087 διερχομένων
745 1017 852 1067 τῶν
906 1011 1210 1083 δεσποτῶν,
1239 1016 1420 1079 καθὼς
1469 1018 1813 1092 προείρηται,
1840 1013 2201 1090 ἀκτολογοῦσι
2245 1016 2314 1069 τὰ
2356 1014 2517 1088 μέρη.
2550 1016 2607 1068 Ὀ
2637 1013 2696 1070 δὲ
2741 1021 2852 1071 τῶν
2899 1017 3187 1093 Ηράσίνων
3232 1017 3524 1095 δήμαρχος
3564 1020 3729 1079 ’ἱστα-

313 1120 406 1154 ται
460 1101 595 1173 μετὰ
640 1105 741 1156 τοῦ
790 1099 974 1175 δήμου
1019 1107 1117 1157 τοῦ
1158 1103 1382 1180 ῥουσίου
1430 1106 1505 1167 εἷς
1562 1107 1661 1174 τήν
1711 1102 1939 1177 σιδηρᾶν
1987 1101 2307 1174 πύλην,καὶ
2356 1109 2465 1158 τῶν
2514 1101 2791 1159 δεσποτῶν
2834 1104 3225 1181 διερχομένων,
3256 1109 3347 1163 καὶ
3375 1109 3527 1165 αὐτοὶ
3559 1110 3730 1167 ἆκτο-

312 1187 551 1263 λογοῦσι
579 1190 645 1244 τὰ
672 1193 741 1263 τῇ
774 1190 939 1263 ἑορτῇ
969 1193 1336 1265 προσήκοντα.
1372 1192 1475 1250 Καὶ
1519 1193 1626 1248 ἀπὸ
1671 1196 1781 1247 τῶν
1829 1190 2001 1247 ἐκεῖσε
2049 1188 2366 1265 διέρχονται
2414 1192 2467 1245 οἱ
2523 1188 2785 1247 δεσπόται
2839 1189 2928 1247 διὰ
2974 1215 3033 1249 τε
3078 1201 3180 1264 τῆς
3224 1194 3440 1271 χαλκῆς
3492 1199 3582 1253 καὶ
3618 1206 3727 1255 τῶν

314 1275 551 1355 σχολῶν
576 1279 664 1332 καὶ
694 1282 804 1334 τῶν
837 1274 1224 1349 ἐκσκουϐίτων,
1246 1280 1335 1336 καὶ
1368 1282 1705 1357 εἰσέρχονται
1736 1278 1828 1336 διὰ
1858 1284 1956 1335 τοῦ
1987 1279 2189 1355 Κυρίου
2219 1281 2332 1353 (41)
2365 1278 2417 1334 ἐν
2448 1284 2530 1352 τῷ
2562 1281 2696 1354 ἰερῷ
2724 1280 3019 1355 παλατίῳ.ξ

951 1375 1212 1427 ΚΕΦΔΛ.
1254 1376 1330 1426 B’.

558 1458 734 1512 Ἀκτα
762 1463 862 1526 τῆς
893 1458 1090 1533 ἑορτῆς
1119 1463 1228 1514 τῶν
1259 1460 1718 1535 Χριστουγέννων,

386 1551 471 1601 A'.
506 1545 786 1614 Ἐξιόντων
816 1550 927 1601 τῶν
960 1543 1235 1603 δεσποτῶν
1277 1549 1384 1604 ἀπὸ
1432 1547 1530 1604 τοῦ
1572 1548 1840 1605 παλατίου
1883 1549 1961 1612 εἴς

2730 1372 2961 1429 CAPUT
2998 1374 3070 1428 II.

2238 1460 2680 1515 Acclamatione:
2709 1463 2769 1516 in
2796 1464 2937 1529 festo
2976 1462 3310 1519 Nativz'tan's
3332 1466 3579 1522 Domini.

2144 1547 2187 1603 Ι.
2221 1548 2486 1604 Dominis
2546 1565 2576 1604 e
2620 1549 2833 1620 palatio
2881 1552 2951 1607 ad
3011 1554 3436 1622 processionem
3474 1556 3725 1627 egressis

306 1634 410 1701 τήν
441 1630 769 1707 προέλευσιν
801 1631 893 1687 καὶ
937 1640 1038 1702 τῆς
1091 1634 1342 1698 εἰωθυίας
1390 1637 1571 1707 πάσης
1626 1637 1827 1705 τάξεως
1868 1634 1953 1691 ἐπ-

2070 1640 2347 1711 omnique
2379 1646 2657 1695 consueto
2690 1640 3018 1698 ministerio
3042 1649 3342 1715 sequente,
3367 1646 3431 1701 ﬁt
3454 1648 3642 1717 prima
3663 1648 3722 1702 in

306 1721 753 1793 ακολουθούσης,
782 1721 982 1795 γίνεται
1020 1724 1216 1797 πρώτη
1252 1721 1396 1802 δοχή
1437 1724 1515 1788 εὶς
1560 1725 1623 1779 τὸ
1668 1721 1953 1798 τριὸουνά-

2073 1727 2355 1783 tribunali
2378 1744 2481 1783 seu
2510 1728 2567 1782 in
2593 1727 2824 1799 lychnis
2844 1730 3120 1800 receptio,
3143 1734 3468 1804 statqueibi
3497 1734 3723 1789 Venetae

308 1807 459 1876 λιον,
491 1806 663 1885 ἤγουν
708 1810 781 1872 εἷς
813 1810 940 1872 τοὺς
987 1810 1253 1886 λύχνους,
1284 1814 1375 1868 καὶ
1422 1811 1640 1889 δέχεται
1688 1813 1953 1869 κάκεῖσεὸ

2067 1815 2345 1872 tribunus
2376 1832 2478 1871 seu
2514 1816 2870 1873 domesticus
2918 1818 3246 1875 scholarum
3297 1837 3428 1877 cum
3458 1824 3724 1877 transito-

308 1897 673 1974 δημοκράτης
720 1906 830 1955 τῶν
875 1900 1142 1975 Βενέτων,
1172 1904 1340 1979 ἤγουν
1398 1905 1427 1959 6
1481 1902 1802 1976 δομέστικος
1854 1909 1953 1960 τῶν

2076 1904 2164 1960 ria
2233 1905 2480 1960 factione
2558 1904 2801 1974 Veneta,
2868 1914 2923 1961 et
2993 1909 3255 1964 nondum
3331 1910 3585 1966 dominis
3641 1912 3721 1966 ibi

306 1988 565 2066 σχολῶν,
601 1990 737 2062 μετᾶ
774 1998 863 2044 καί
892 1991 991 2044 τοῦ
1023 1995 1317 2066 περατικοῦ
1348 1990 1530 2063 δήμου
1561 1996 1670 2047 τῶν
1702 1991 1953 2062 Βενὲτων,

2074 1996 2572 2065 comparantibus,
2646 2000 2914 2053 cantores
2974 2014 3114 2054 voce
3169 2000 3293 2055 toni
3351 2000 3423 2055 [ll
3486 2002 3720 2058 dicunt:

307 2077 405 2130 καὶ
441 2079 610 2149 μήπω
658 2075 766 2134 τῶν
820 2077 1097 2135 δεσποτῶν
1141 2079 1451 2156 φθασάντων
1494 2077 1686 2150 ἐκεῖσε,
1713 2077 1953 2156 λέγουσιν

2077 2105 2106 2135 ι(
2136 2084 2311 2139 Stella
2358 2086 2669 2140 annuntiat
2719 2084 2901 2145 solem
2928 2085 3270 2155 Christum,
3302 2088 3661 2145 Bethlehemi
3693 2106 3723 2145 e

309 2167 371 2222 oi.
400 2166 746 2241 κράκταιτήν
779 2171 962 2247 φωνὴν
996 2166 1080 2245 ἤχ
1108 2171 1154 2245 γ’
1184 2173 1319 2244 (42)’
1354 2194 1382 2223 ‹‹
1416 2171 1621 2245 ’Δστήρ
1656 2171 1751 2225 τὸν
1799 2169 1953 2239 ἥλιον

2070 2172 2295 2243 virgine
2324 2183 2535 2230 ortum.
2568 2195 2598 2222 ››
2628 2175 2701 2229 At
2729 2175 3101 2230 venientibus
3132 2175 3388 2232 dominis
3417 2181 3475 2232 et
3497 2177 3556 2231 in
3587 2178 3721 2234 soli-

302 2258 624 2332 προμηνύει
652 2256 707 2314 ἐν
740 2259 998 2333 Βηθλεὲμ
1035 2262 1265 2334 Χριστὸν
1312 2260 1669 2316 ἀνατείλαντα
1717 2259 1777 2315 ἐκ
1822 2280 1953 2335 παρ-

2072 2269 2137 2317 tte
2169 2261 2439 2318 stationis
2470 2262 2596 2318 loco
2622 2278 2724 2319 seu
2755 2263 2813 2318 in
2856 2279 3074 2319 camera
3122 2265 3479 2331 constitutis,
3514 2274 3721 2323 canto-

306 2347 490 2403 θένου.
525 2370 552 2398 »
583 2349 734 2423 Δοχή
766 2350 812 2403 α’
841 2350 910 2405 ⁸9.
945 2350 1045 2403 Καὶ
1078 2346 1142 2420 δή
1173 2355 1281 2404 τῶν
1315 2347 1591 2405 δεσποτῶν
1640 2346 1953 2425 ἐρχομένων

2069 2367 2161 2407 res
2191 2350 2392 2406 dicunt
2418 2368 2431 2405 :
2477 2372 2504 2405 ι
2533 2350 2768 2418 Multos,
2799 2352 3042 2422 multos,
3074 2352 3289 2408 multos
3315 2353 3327 2408 !
3364 2374 3393 2402 ι»
3422 2354 3675 2426 Populus
3701 2373 3713 2410 :

302 2436 399 2491 καὶ
428 2437 736 2509 ἱσταμένων
770 2437 847 2500 εἰς
876 2438 969 2493 τὸν
1002 2437 1232 2503 εἶωθότα
1260 2439 1428 2495 τόπον
1458 2442 1560 2505 τῆς
1608 2440 1791 2494 αὐτῶν
1840 2439 1964 2494 στά-

301 2547 444 2589 σεως
476 2529 544 2594 7°,
576 2524 750 2601 ἤγουν
814 2527 891 2590 εἷς
948 2530 1049 2598 τὴν
1107 2529 1380 2605 καμάραν,
1413 2528 1671 2605 λέγουσιν
1719 2530 1772 2584 οἱ
1828 2529 1958 2605 κρά-

299 2636 451 2673 κται·
495 2642 516 2668 ι
556 2615 771 2689 Πολλὰ,
806 2616 1013 2689 πολλὰ,
1048 2619 1253 2674 πολλά’
1288 2642 1318 2671 ››
1366 2620 1394 2674 6
1444 2618 1597 2682 λαός·
1632 2618 1825 2675 Πολλᾶ
1861 2616 1954 2690 ἔτη

300 2707 380 2765 εἰς
424 2703 640 2761 πολλά.
674 2730 704 2756 ››
737 2705 845 2761 Καὶ
876 2704 1044 2760 πάλιν
1097 2707 1149 2761 οἱ
1208 2707 1456 2781 κράκται.
1489 2732 1517 2759 ιι
1551 2707 1768 2764 Πολλοὶ
1827 2708 1952 2780 ὑμῖν

299 2796 504 2871 χρόνοι
536 2797 573 2865 ἡ
622 2792 801 2859 ἔνθεος
851 2793 1100 2871 βασιλεία
1138 2797 1271 2869 (43).
1304 2820 1333 2849 ιι
1367 2802 1608 2873 Φθογγεῖ
1634 2797 1679 2834 ⁷¹
1713 2799 1826 2871 (44)
1864 2797 1955 2852 καὶ

298 2890 331 2943 6
366 2887 503 2949 λαὸς
534 2886 597 2943 ἐκ
621 2888 825 2959 τρίτου·
864 2911 892 2939 ι(
926 2886 1140 2945 Πολλοὶ
1193 2889 1324 2962 ὑμῖν
1387 2890 1604 2965 χρόνοι.
1638 2914 1667 2943 ιι
1714 2892 1782 2948 Οἱ
1822 2890 1957 2966 κρά-

296 2997 447 3033 κταιο
487 3000 516 3028 ιι
550 2975 763 3032 [Ιολλοί
808 2977 935 3051 ὑμῖν
985 2977 1202 3052 χρόνοι,
1230 2979 1283 3033 oi.
1324 2979 1647 3054 θεράποντες
1693 2984 1792 3035 τοῦ
1844 2983 1958 3036 Κυ-

300 3070 450 3144 ρίου,
487 3094 515 3121 ››
557 3072 796 3145 Φθογγεῖ
823 3069 911 3124 καὶ
942 3071 971 3124 6
1002 3067 1136 3132 λαὸς
1164 3069 1224 3125 ἐκ
1258 3072 1464 3146 τρίτου’
1498 3096 1527 3124 ι(
1560 3070 1776 3128 Ηολλοὶ
1827 3072 1954 3146 ὑμῖν

2068 2462 2097 2489 ‹‹
2130 2439 2344 2497 Multos
2400 2457 2588 2497 annos
2645 2440 2707 2496 in
2740 2439 2994 2497 multos!
3057 2463 3086 2491 »
3136 2444 3353 2498 Iterum
3413 2448 3711 2500 cantores:

2066 2551 2095 2579 ‹‹
2130 2530 2327 2600 Longa
2356 2530 2520 2585 vobis
2553 2534 2820 2601 tempora
2851 2529 3044 2585 divina
3077 2531 3392 2601 majestas!
3429 2553 3458 2582 ››
3491 2532 3719 2589 Clamat

2063 2627 2115 2676 et
2143 2619 2395 2691 populus
2421 2624 2549 2675 ter:
2587 2639 2613 2672 ιι
2646 2620 2846 2690 Longa
2889 2619 3054 2675 vobis
3083 2622 3384 2690 tempora!
3423 2642 3452 2670 ››
3505 2622 3713 2677 Canto-

2064 2724 2194 2764 res:
2250 2728 2275 2760 ι
2340 2708 2540 2779 Longa
2596 2707 2766 2763 vobis
2821 2712 3107 2778 tempora,
3168 2708 3320 2763 servi
3376 2707 3639 2763 Domini!
3684 2732 3707 2761 ι

2059 2796 2289 2855 Clamat
2345 2796 2596 2868 populus
2651 2805 2774 2851 ter:
2836 2817 2865 2846 ‹‹
2903 2800 3094 2867 Longa
3138 2796 3305 2853 vobis
3354 2797 3652 2868 tempora!
3684 2819 3713 2847 ››

2061 2885 2370 2942 Cantores:
2412 2906 2439 2938 α
2474 2886 2672 2957 Longa
2717 2884 2881 2940 vobis
2922 2889 3208 2957 tempora,
3258 2885 3328 2943 N.
3362 2886 3428 2941 N.
3464 2886 3713 2957 impera-

2060 2979 2217 3031 tores
2246 2974 2644 3031 Romanorum
2672 2972 2685 3028 ι
2719 2995 2748 3024 ››
2779 2973 2997 3029 Clamat
3026 2973 3276 3045 populus
3306 2979 3427 3030 ter:
3463 2995 3491 3025 ι(
3515 2975 3714 3046 Longa

2058 3063 2223 3119 vobis
2263 3063 2564 3134 tempora!
2601 3085 2630 3112 ››
2678 3061 2993 3118 Cantores:
3049 3084 3069 3111 α
3106 3062 3306 3133 Longa
3350 3063 3515 3118 vobis
3561 3067 3711 3118 tem-

296 3158 521 3234 χρόνοι.
550 3181 582 3207 ιι
615 3158 683 3215 O't
726 3157 973 3233 κράκται’
1013 3180 1035 3209 ι
1075 3157 1291 3215 Πολλοὶ
1341 3159 1468 3233 ὑμῖν
1512 3160 1709 3236 χρόνοι
1749 3160 1778 3215 6
1808 3158 1953 3216 δεῖνα

2066 3170 2222 3225 pora,
2248 3153 2319 3209 N.
2347 3153 2413 3207 N.
2440 3154 2717 3224 Augustis
2749 3152 3147 3208 Romanorum
3174 3152 3187 3206 ι
3222 3174 3250 3202 ››
3278 3151 3502 3207 Clamat
3531 3169 3712 3224 popu-

298 3248 394 3301 καὶ
429 3248 461 3300 6
490 3243 637 3302 δεῖνα
656 3247 1066 3320 ⁴αὐτοκράτορες
1095 3247 1406 3321 Ῥωμαίων*
1436 3270 1461 3301 ι
1509 3250 1733 3325 φθογγεῖ
1784 3250 1873 3304 καὶ
1919 3251 1948 3306 6

298 3334 441 3395 λαὸς
495 3334 553 3389 ἐκ
588 3334 776 3408 τρίτου
799 3353 814 3366 '
849 3333 1063 3391 Ηολλοὶ
1098 3336 1228 3408 ὑμῖν
1259 3338 1475 3411 χρόνοι.
1510 3361 1539 3389 ‹‹
1571 3339 1639 3395 O't
1679 3340 1907 3411 κράκται
1930 3354 1945 3368 ·

297 3449 329 3475 ιι
363 3422 584 3479 Πολλοὶ
617 3424 745 3497 ὑμῖν
777 3422 969 3496 χρόνοι
1000 3424 1028 3477 6
1059 3420 1208 3478 δεῖνα
1248 3426 1339 3479 καὶ
1388 3427 1417 3479 ὁ
1450 3422 1598 3480 δεῖνα
1640 3424 1947 3502 Δύίοῦσται

292 3516 405 3567 τῶν
440 3512 759 3585 Ῥωμαῖωνο
795 3534 823 3563 ››
879 3512 1123 3589 Φθογγεῖ
1184 3511 1276 3566 καὶ
1334 3514 1363 3567 6
1419 3512 1551 3575 λαὸς
1600 3512 1661 3569 ἐκ
1712 3513 1899 3587 τρίτου
1931 3531 1946 3544 ⁸

296 3626 328 3652 α
366 3596 589 3655 Πολλοὶ
621 3600 747 3672 ὑμῖν
779 3599 991 3674 χρόιοι.
1026 3624 1055 3652 ››
1085 3602 1153 3658 Oi
1182 3602 1409 3676 κράκται
1442 3620 1455 3635 ·
1498 3624 1518 3651 ι
1554 3601 1763 3658 Πολλοὶ
1820 3603 1948 3677 ὑμῖν

292 3690 499 3763 χρόνοι
558 3685 652 3741 σὺν
708 3693 827 3750 ταῖς
880 3687 1199 3763 αὖγούστκις
1257 3690 1347 3744 καὶ
1389 3696 1505 3753 τοῖς
1562 3692 2104 3768 πορφυρογεννήτοις
2139 3706 2154 3722 ·
2219 3714 2246 3742 ››

2055 3245 2150 3301 lus
2203 3249 2329 3299 ter:
2390 3265 2419 3295 «
2482 3244 2672 3317 Longa
2728 3243 2889 3299 vobis
2945 3247 3242 3315 tempora!
3294 3268 3315 3295 ι
3378 3247 3702 3307 Cantores:

2058 3356 2086 3385 ‹‹
2132 3334 2332 3404 Longa
2358 3332 2527 3388 vobis
2549 3335 2815 3403 tempora
2843 3349 2976 3388 cum
3008 3333 3358 3405 conjugihus
3379 3339 3438 3390 et
3466 3333 3717 3405 porphy-

2059 3423 2448 3495 rogennetis.»
2482 3421 2709 3477 Clamat
2738 3427 2794 3477 et
2811 3423 3059 3495 populus
3082 3423 3292 3480 semel:
3316 3446 3345 3474 «
3370 3424 3714 3480 Diuturnam

2060 3513 2212 3568 Deus
2243 3516 2507 3567 sanctam
2564 3512 2928 3583 majestatem
2970 3517 3128 3569 tuam
3180 3514 3240 3570 in
3290 3512 3499 3569 multos
3528 3530 3714 3569 annos

2061 3604 2552 3768 ίὲῗωὶιξθογγεῖ
2608 3692 2700 3746 καὶ
2757 3692 2785 3746 6
2844 3690 2976 3755 λαὸς
3031 3692 3187 3765 ἅπαξ
3254 3714 3277 3743 ι
3332 3691 3709 3768 Πολυχρόνιον

288 3779 524 3848 ποιήσει
556 3778 588 3831 6
615 3779 747 3838 Θεὸς
778 3778 876 3846 τήν
910 3776 1064 3853 ἁγίαν
1097 3775 1376 3853 βασιλείαν
1410 3800 1504 3842 σας
1536 3781 1652 3853 (45)
1683 3778 1761 3843 εἷς
1788 3779 1978 3836 πολλᾶ
2007 3775 2123 3851 ἔτη.
2158 3804 2187 3832 ››

1678 3890 1908 3947 νΑΒΙΒ
1948 3889 2340 3945 LECTIONES

367 3981 421 4016 ⁸⁸
448 3980 640 4037 Verba
674 3979 854 4045 καθὼς
892 4014 959 4025 -

290 4054 510 4131 νθογγῇ
543 4054 699 4120 ϐοάοο
728 4054 945 4131 φθογγὴ
976 4054 1158 4111 εᾶζθι
1186 4055 1272 4113 sic
1301 4055 1539 4127 ubique.

1004 3981 1142 4058 μέρη
1202 3982 1271 4058 Β.
1320 3984 1606 4058 ejicienda
1651 3988 1834 4056 putat.
1910 3984 1956 4019 ”
2004 3979 2149 4057 δοχὴ
2194 3982 2227 4036 ά
2263 3999 2379 4039 om.
2413 3983 2505 4039 ed.
2581 3983 2630 4018 7°
2660 3983 3053 4056 :xataia'ca'aewc
3084 3986 3174 4041 ed.
3252 3984 3294 4019 ’τί
3328 3986 3556 4058 φθογγεῖ
3613 3982 3705 4049 Β..

1358 4163 1558 4220 JOAN.
1590 4164 1734 4219 JAC.
1768 4161 2030 4218 REISKII
2059 4161 2653 4218 COMMENTARIUS.

364 4259 491 4332 (40)
542 4256 771 4332 inclusa
826 4258 1078 4332 delenda
1109 4265 1291 4332 sunt.
1372 4262 1436 4315 In
1494 4260 1638 4329 ipsis
1673 4260 1945 4332 quidem

286 4330 741 4398 conspiciuntur
796 4330 1175 4397 membranis,
1237 4331 1436 4396 fateor,
1509 4332 1609 4387 sed
1669 4330 1947 4387 librarius

288 4404 502 4475 prima;
531 4399 770 4475 sy_llaba:
808 4420 878 4453 κα
926 4402 1041 4456 duo
1107 4407 1348 4473 puncta,
1379 4410 1435 4457 et
1466 4402 1686 4457 ultimae
1709 4402 1945 4475 syllazeb

2054 4263 2112 4315 et
2141 4275 2384 4335 regnum
2417 4276 2591 4315 suum
2641 4259 2742 4326 τήν
2788 4253 2966 4313 ἔνθεον
3013 4256 3314 4335 βασιλείαν,
3364 4257 3549 4313 divino
3579 4273 3701 4311 mu-

2054 4346 2186 4386 nere
2214 4332 2510 4386 tributum.

2127 4402 2242 4474 (44)
2275 4402 2379 4474 Ubi
2417 4403 2674 4458 locorum
2703 4403 2764 4459 in
2805 4402 3160 4459 membranis
3209 4402 3701 4474 integreexpres-

288 4471 358 4543 pr,
390 4473 535 4527 item
572 4472 688 4526 duo
728 4477 955 4545 puncta,
987 4471 1497 4545 superscripserat,
1547 4471 1936 4544 indicaturus,
1974 4471 2024 4530 D
2056 4471 2183 4529 sum
2217 4471 2338 4530 erat
2370 4473 2477 4529 hoc
2506 4475 2875 4540 vocabulum,
2907 4474 3162 4529 habebat
3208 4473 3414 4528 ultima
3444 4472 3635 4545 littera
3664 4491 3697 4538 η

288 4562 360 4600 ea
406 4545 634 4610 omnia,
684 4559 814 4613 quae
861 4544 996 4599 istis
1043 4544 1313 4617 quatuor
1341 4546 1575 4616 punctis
1623 4546 1948 4617 intercepta

289 4622 516 4677 essent,
550 4630 852 4686 perperam
885 4615 1103 4686 scripta
1143 4621 1200 4671 et
1227 4615 1474 4671 delenda
1521 4633 1667 4671 esse.
1701 4616 1947 4675 Nolebat

290 4703 513 4757 nempe
542 4685 719 4740 litura
745 4686 962 4741 codicis
1009 4685 1354 4759 elegantiam
1405 4704 1795 4759 corrumpere.
1834 4690 1944 4745 Re-

278 4764 635 4829 curruntiea
665 4758 866 4813 statim
901 4767 1030 4829 post
1060 4774 1165 4813 suo
1197 4758 1343 4815 loco.

347 4828 470 4899 (41)
531 4828 722 4883 Potest
766 4828 943 4902 reddi
998 4836 1099 4884 aut
1147 4846 1273 4902 per,
1343 4835 1440 4884 aut
1494 4830 1686 4901 potius
1740 4839 1947 4902 praeter

278 4900 585 4973 Eccleu'am
622 4898 861 4973 Domini,
893 4900 964 4955 de
995 4917 1121 4973 qua
1144 4898 1318 4973 paulo
1345 4906 1478 4955 ante
1495 4898 1781 4957 diximus.

350 4972 470 5041 (42)
504 4975 583 5044 pe
615 4971 770 5044 tonis
803 4973 1040 5044 musicis
1095 4971 1423 5044 Graecorum
1458 4975 1608 5028 conf.
1639 4973 1721 5028 Du
1755 4977 1943 5044 (lange

276 5040 464 5097 Gloss.
487 5042 589 5098 Gr.
614 5058 665 5115 ν.
688 5041 1253 5115 ἧχος.[ΤὴρορΙ]ἰιυε
1277 5046 1503 5100 musica
1525 5046 1783 5115 quaedam
1811 5040 1945 5100 fecit

279 5115 476 5187 quarti
514 5113 823 5187 toni_et_ex
853 5113 960 5169 ode
990 5120 1212 5187 octava.
1238 5115 1476 5187 Contin.
1504 5113 1557 5187 p2
1581 5117 1677 5187 66.
1696 5116 1773 5171 De
1801 5115 1941 5187 τόνῳ

278 5183 529 5260 πλαγίῳ)
561 5184 663 5260 qui
690 5185 979 5260 idem_est_
996 5203 1061 5240 ac
1115 5185 1305 5260 βαρύς,
1338 5203 1392 5240 v.
1427 5183 1535 5260 Leo
1556 5258 1568 5260 _
1592 5186 1842 5260 Allati_us
1871 5183 1941 5260 de

280 5254 443 5327 libris
476 5254 910 5311 Ecclesiasticis
941 5254 1269 5313 Graecorum
1326 5274 1457 5327 pag.
1505 5258 1591 5310 66.
1630 5258 1719 5312 ed.
1755 5258 1934 5312 Paris.

282 5326 487 5393 Respue
518 5330 585 5380 de
614 5331 820 5399 octavo,
852 5327 1080 5399 impleat
1128 5330 1193 5384 de
1240 5326 1456 5399 quarto,
1485 5329 1601 5384 vid.
1638 5336 1784 5384 tono.
1823 5329 1937 5384 ΜΟ·

286 5400 435 5451 leon.
473 5414 611 5468 pag,
638 5398 787 5467 359.]

352 5467 485 5537 (43)
512 5468 661 5534 Quia
706 5470 881 5523 ὐτοῖσί
917 5467 1298 5536 imperatores
1343 5485 1440 5540 pro
1470 5468 1687 5525 talibus
1740 5469 1937 5525 haberi

282 5539 573 5613 volebant,
607 5540 705 5609 qui
738 5540 831 5593 Dei
891 5545 948 5594 et
1003 5540 1216 5613 Christi
1276 5539 1549 5613 suffragio
1608 5551 1659 5596 et
1708 5542 1934 5613 judicio

287 5608 474 5678 adepti
507 5616 702 5665 essent
727 5625 997 5683 regnum,
1024 5618 1080 5666 et
1110 5608 1162 5665 tv
1195 5614 1310 5681 Θεῷ
1340 5610 1416 5683 in:
1444 5608 1936 5677 nominefvclun-

286 5682 802 5755 tateLauctoritate
829 5686 886 5755 et
912 5681 1039 5739 loco
1071 5683 1169 5740 Dei
1199 5681 1529 5755 regnarent,
1564 5684 1699 5739 inde
1728 5700 1791 5739 se
1822 5693 1940 5746 θεο-

286 5722 661 5821 προέλήτέυς,
685 5722 1055 5815 νὸῖεοστίζπξουις
1185 5722 1491 5812 έῆἓμῖαῇἓ
1514 5722 1936 5825 ἠοῶἷηῖὠέυι,

2056 4561 2232 4616 super
2261 4561 2319 4600 se
2351 4545 2818 4611 semicircellum,
2851 4546 2907 4600 id
2940 4554 3026 4601 est
3054 4545 3516 4601 circumﬂexum.
3544 4542 3695 4616 Nam

2055 4614 2463 4687 circumﬂexus
2495 4618 2553 4673 in
2584 4617 2701 4672 illis
2729 4616 3088 4673 membranis
3110 4616 3325 4687 ubique
3356 4614 3701 4687 semicircel-

2052 4686 2175 4742 lum
2225 4705 2472 4759 pronum
2507 4690 2807 4754 referebat,
2845 4690 2897 4743 id
2949 4694 3038 4743 est
3086 4687 3282 4759 talem,
3316 4686 3697 4759 cujusiambo

2051 4757 2272 4814 cornua
2301 4761 2571 4838 deorsum
2617 4761 3036 4838 prospicerent.
3084 4758 3253 4838 Venit
3294 4758 3467 4829 igitur
3496 4758 3553 4810 in
3585 4757 3697 4838 hoc

2052 4846 2284 4901 quoque
2340 4833 2512 4885 verbo
2547 4847 2679 4897 usu,
2740 4830 2894 4903 quod
2955 4830 3221 4903 singulis;
3256 4845 3401 4901 pene
3469 4830 3695 4898 paginis

2051 4900 2776 4973 Observaturrcontigisse,
2828 4922 2862 4969 η
2914 4918 3015 4972 pro
3055 4900 3101 4954 ει
3147 4900 3326 4956 fuisse
3368 4905 3693 4973 exaratum,

2051 4978 2109 5047 et
2152 4973 2378 5047 φθογγεῖ
2418 4972 2526 5043 legi
2578 4971 2809 5047 debere,
2858 4971 2942 5047 id:
2966 4979 3052 5028 est
3084 4977 3259 5027 sonat.
3310 4971 3572 5047 Φθογγεῖν
3602 4985 3691 5021 ra-

2049 5040 2175 5122 rius
2232 5040 2455 5122 veteres
2477 5040 2613 5122 '_pro
2689 5041 3008 5122 φθέγγεσθαι
3076 5048 3383 5122 usurpant,
3444 5040 3690 5122 probum

2048 5119 2243 5170 tamen
2268 5120 2377 5171 est.
2412 5113 2713 5170 Habemus"
2738 5113 2850 5169 hoc
2877 5117 3084 5185 capite,
3136 5113 3598 5185 habebimusque
3632 5113 3688 5165 in

2048 5186 2429 5256 sequentibus
2480 5187 2757 5241 formulas
2810 5182 3246 5255 respensionum
3296 5184 3351 5237 in
3397 5182 3690 5256 laudibus.

2046 5253 2147 5313 seu
2183 5258 2409 5329 phonas
2439 5266 2489 5311 et
2522 5253 2957 5327 antipbonas,‘a
3005 5257 3346 5313 cantoribus
3394 5263 3450 5310 et
3475 5253 3690 5329 populo

2046 5325 2304 5384 vicissim
2337 5330 2622 5385 cantando
2652 5325 2944 5394 recitatae,
2987 5343 3235 5398 quarum
3269 5325 3595 5395 exemplum
3629 5326 3687 5378 in

2048 5400 2302 5454 Ecclesia
2333 5399 2531 5454 Latina
2556 5399 2654 5471 qui
2690 5403 2879 5454 videre
2903 5402 3119 5471 cupiat,
3151 5398 3408 5454 inveniet
3439 5398 3687 5469 lepidum

2046 5473 2197 5541 apud
2234 5471 2315 5526 Du
2349 5473 2535 5539 Gange
2560 5470 2748 5526 Gloss.
2795 5470 2991 5525 Latin.
3034 5487 3087 5523 ν.
3122 5471 3334 5525 Festum
3382 5472 3685 5536 asinorum,

2046 5543 2143 5596 ubi
2182 5546 2450 5614 vocatores
2480 5541 2863 5612 appellantur,
2897 5542 2992 5612 qui
3024 5541 3118 5614 hic
3149 5541 3377 5614 κρᾶκται
3407 5548 3559 5596 sunt.

2118 5614 2228 5685 (45)
2262 5611 2365 5674 Sic
2416 5611 2662 5685 ειυιίσᾶς,
2708 5618 2799 5670 est
2830 5611 2988 5668 novae
3045 5611 3296 5681 Graeciae,
3360 5630 3460 5683 pro
3491 5619 3683 5685 vester,

2044 5682 2460 5809 autéovestrum,
2525 5684 2701 5756 ὑμῶν.
2760 5685 2891 5740 Vid.
2960 5685 3161 5742 Codin.
3227 5682 3383 5753 Ofﬁc’.
3445 5701 3499 5753 p.
3556 5682 3681 5750 125,

2044 5772 2101 5809 n.
2212 5798 2223 5809 .

2043 5772 2101 5810 Π.
2135 5772 2223 5810 ιιυ.
