4108 6220
408 332 522 394 211

1475 326 2005 393 CONSTANTINI
2051 321 2744 387 PORPHYROGENITI

3691 325 3811 387 212

487 467 559 522 II.
594 468 854 524 Secunda
879 466 1130 536 receptio
1154 471 1283 521 ante
1313 466 1506 533 Portae
1538 463 1877 521 Sanctorum
1906 462 2056 531 Apo—

2244 458 2316 512 B'.
2334 459 2485 533 Δοχὴ
2522 459 2568 530 β’
2593 456 2699 531 πρὸ
2730 459 2835 511 τῶν
2860 452 3048 508 πυλῶν
3083 456 3189 507 τῶν
3210 450 3411 527 Ἀγίων
3432 453 3811 512 Ἀποστόλων.

412 558 694 613 stolorum
733 573 829 611 seu
864 556 918 611 in
953 553 1199 608 scholis:
1237 556 1351 611 stat
1382 552 1457 607 ibi
1489 553 1760 607 tribunus
1791 550 2059 607 Prasinoo

414 662 539 703 rum
572 662 671 701 seu
699 644 994 700 excubitor
1017 659 1147 697 cum
1174 642 1420 697 factione
1438 640 1699 705 Prasina,
1722 644 1778 696 et
1801 639 2057 695 nondum

417 754 482 792 eo
501 734 825 806 progressis
847 731 1124 796 dominis,
1149 735 1417 787 cantores
1433 746 1568 787 voce
1590 728 1711 787 toni
1731 730 1805 786 III
1828 728 2055 785 dicunt:

416 848 443 875 ‹‹
479 825 585 890 Qui
618 823 743 881 sine
776 831 953 879 matre
999 821 1057 877 in
1108 821 1251 877 ccelo
1291 824 1399 889 est,
1434 822 1560 877 sine
1606 824 1771 890 patre
1821 820 1876 876 in
1912 823 2063 875 terra

419 912 702 970 nascitur.
740 936 767 961 ››
812 914 1023 968 Aliud:
1085 934 1111 963 ‹‹
1148 913 1317 967 Sator
1365 916 1420 966 et
1478 912 1704 966 amicus
1758 909 2061 967 hominum

420 1003 591 1059 homo
624 1003 782 1058 nasci
809 1006 984 1059 amat.
1017 1023 1042 1052 ν
1084 1001 1343 1057 Dominis
1374 1004 1568 1055 autem
1599 999 1968 1057 venientibus
2009 1004 2065 1054 et

419 1092 478 1150 in
512 1090 681 1149 solita
712 1092 960 1149 statione
1011 1106 1119 1146 sua
1165 1105 1265 1145 seu
1313 1106 1539 1146 camera
1590 1088 2063 1151 subsistentibus,

420 1188 684 1237 cantores
716 1181 952 1237 dicunt:
991 1201 1017 1229 ‹‹
1052 1178 1285 1248 Multos,
1318 1178 1559 1247 multos,
1594 1176 1858 1234 multos?
1891 1198 1918 1225 ››
1952 1176 2065 1232 Po-

420 1269 635 1338 putus:
695 1289 716 1319 ιι
756 1268 966 1323 Multos
1020 1283 1203 1322 annos
1262 1267 1319 1321 in
1382 1266 1636 1322 multost
1675 1288 1694 1313 ι
1759 1264 2063 1321 Cantores:

424 1380 451 1407 ι(
490 1359 683 1428 Longa
714 1357 874 1412 vobis
906 1362 1186 1427 tempore,
1232 1372 1263 1411 a
1292 1356 1571 1412 Trinitate
1619 1353 1820 1409 electi!
1864 1375 1891 1402 ››
1942 1352 2067 1407 Cla-

425 1455 541 1500 mat
575 1450 629 1501 et
661 1445 909 1516 pepulus
941 1450 1055 1501 ter:
1087 1467 1113 1493 ‹‹
1149 1444 1371 1499 Sancte.
1406 1464 1433 1492 »
1465 1446 1778 1499 Cantores:
1816 1464 1843 1491 «
1878 1447 2072 1512 Longa

422 1535 589 1591 vobis
648 1540 914 1605 tempora
970 1534 1037 1588 N.
1072 1534 1140 1587 N.
1202 1533 1516 1603 imperator
1572 1531 2065 1586 Romanorum!»

424 1623 652 1679 Clamat
683 1628 737 1677 et
772 1622 1016 1693 populus
1045 1626 1167 1677 ter:
1220 1642 1247 1670 ‹‹
1280 1621 1505 1677 Sancte.
1544 1643 1570 1670 »
1620 1622 1935 1676 Cantores:
1971 1620 2070 1676 ἰθ

423 1736 451 1763 ι(
485 1712 680 1783 Longa
709 1712 869 1767 vobis
897 1718 1175 1783 tempora,
1203 1708 1407 1766 famuli
1432 1708 1661 1766 Domini
1687 1708 1697 1762 l
1723 1731 1751 1758 »
1785 1708 2004 1765 Clamat
2022 1716 2074 1763 et

2169 546 2335 618 ἤγουν
2387 545 2464 608 εἷς
2505 546 2601 608 τὰς
2646 544 2876 619 σχολάς.
2910 541 3136 616 Δέχεται
3171 539 3340 596 ἐκεῖσε
3389 542 3416 595 6
3451 538 3811 617 δημοκράτης

2169 640 2274 688 τῶν
2360 635 2663 709 Πρασίθων,
2723 635 2890 707 ’ἤγουν
2955 634 2982 685 6
3070 625 3441 701 ἐκσκούϐιτος,
3502 633 3635 704 μετὰ
3717 639 3815 688 τοῦ

2170 730 2462 798 περατικοῠ
2521 724 2703 799 δήμου
2780 728 2887 779 τῶν
2958 721 3262 793 Πρασίνων,
3322 722 3409 775 καὶ
3477 724 3645 794 μήπω
3708 729 3817 778 τῶν

2173 811 2451 871 δεσποτῶν
2538 814 2851 891 φθασάντων
2940 811 3131 881 ὲκεῖσε,
3205 808 3456 883 λέγουσιν
3549 813 3599 866 οἱ
3682 814 3814 887 κρά-

2172 924 2291 958 κται
2361 905 2459 974 τὴν
2528 904 2711 979 φωνὴν
2771 901 2817 937 ⁷³
2874 902 2983 972 (46)
3041 897 3141 973 ἤχ.
3198 899 3244 974 γ’
3295 917 3307 930 '
3370 922 3397 949 ‹‹
3447 900 3509 956 Ὀ
3584 899 3817 973 ἀμήτωρ

2176 993 2227 1049 ἐν
2317 993 2589 1067 οὐρανοῖς,
2646 990 2870 1062 ἀπάτωρ
2941 988 3177 1044 τίκτεται
3264 987 3351 1041 ἐπὶ
3437 995 3537 1057 τῆς
3612 996 3734 1062 γῆς.
3789 1016 3810 1044 ι

2177 1080 2382 1140 ’Ἄλλοι
2422 1100 2433 1113 ·
2465 1106 2492 1133 ι(
2525 1082 2585 1138 Ὀ
2618 1079 2921 1159 φυτουργὸς
2953 1082 3059 1131 τῶν
3094 1077 3391 1150 ἀνθρώπων
3428 1074 3817 1153 φιλάνθρωπος

2176 1168 2530 1245 καταδέχεται
2579 1171 2864 1243 ἄνθρωπος
2924 1173 3275 1242 γεννηθῆναι.
3337 1190 3365 1219 ›)
3428 1168 3529 1221 Καὶ
3590 1165 3657 1234 δὴ
3710 1172 3814 1221 τῶν

2180 1260 2451 1317 δεσποτῶν
2501 1256 2817 1337 ἐρχομὲνων
2865 1258 2952 1313 ναὶ
3010 1255 3318 1328 ἰσταμένωί
3353 1254 3429 1320 εἷς
3458 1258 3549 1310 τὸν
3592 1256 3817 1320 εἰωθότα

2177 1351 2341 1405 τόπον
2374 1352 2471 1418 τῆς
2501 1350 2675 1403 αὐτῶν
2712 1348 2946 1406 στάσεως
2978 1346 3044 1415 ⁷³,
3071 1346 3241 1421 ἤγουν
3286 1346 3359 1406 εἷς
3408 1346 3507 1410 τὴν
3550 1347 3820 1420 καμάραν,

2181 1440 2433 1515 λέγουσιν
2483 1439 2534 1492 οἱ
2584 1438 2808 1511 κράκται
2843 1455 2855 1467 ·
2895 1459 2923 1487 (ε
2972 1434 3187 1505 Πολλὰ,
3218 1431 3426 1491 πολλὰ.
3459 1433 3644 1490 πολλά
3682 1456 3693 1468 ’
3730 1460 3756 1487 ››
3791 1438 3817 1490 6

2184 1529 2336 1593 λαός.
2374 1554 2401 1579 α
2426 1526 2623 1584 Πολλὰ
2652 1524 2744 1596 ἔτη
2779 1526 2853 1589 εἰς
2885 1523 3089 1581 πολλά.
3124 1548 3152 1576 ››
3187 1525 3254 1582 O't
3284 1523 3578 1597 κράκταιί‹
3610 1524 3820 1580 Πολλοὶ

2186 1620 2309 1691 ὑμῖν
2363 1618 2578 1693 χρόνοι,
2612 1619 2645 1684 ἡ
2679 1614 2883 1691 ἐκλογὴ
2932 1621 3031 1683 τῆς
3079 1611 3335 1688 Τριάδος.
3370 1615 3608 1690 Φθογγεῖ
3654 1616 3743 1668 καὶ
3795 1617 3821 1668 6

2186 1708 2318 1770 λαὸς
2350 1705 2406 1763 ἐκ
2436 1707 2505 1780 γ’,
2527 1727 2551 1759 α
2586 1708 2803 1780 Ἅγιε.»
2835 1704 2897 1758 Οἱ
2928 1704 3154 1776 κράκται
3179 1722 3191 1733 ο
3228 1726 3255 1754 ‹‹
3292 1701 3503 1757 Πολλοὶ
3538 1704 3664 1775 ὑμῖν
3694 1704 3823 1777 χρό-

424 1802 671 1872 populus
704 1806 823 1858 ter:
885 1800 1236 1857 «Sancte.»
1289 1800 1600 1856 Cantores:
1665 1799 1862 1870 Longa
1911 1799 2068 1855 vobis

2183 1818 2280 1862 νοι,
2304 1797 2331 1852 6
2366 1794 2513 1852 δεῖνα
2562 1794 2653 1849 καὶ
2704 1794 2731 1847 6
2783 1790 2929 1849 δεῖνα
2985 1792 3339 1865 αὐτοκράτωρ
3372 1794 3419 1828 ’⁷4
3450 1792 3757 1865 Ῥωμαίων·
3796 1816 3823 1843 ››

428 1897 709 1959 tempora,
744 1891 809 1944 N.
844 1890 910 1947 N.
944 1891 1214 1960 Augustis
1250 1887 1675 1944 Romanorum!
1712 1910 1739 1936 ››
1770 1888 1995 1943 Clamat
2019 1897 2071 1944 et

428 1980 678 2049 pepulus
711 1983 831 2035 ter:
868 2000 893 2029 ‹‹
928 1979 1155 2034 Sancte.
1193 2000 1219 2025 »
1252 1978 1528 2034 Cantores
1561 1993 1573 2031 :
1623 1998 1651 2027 ‹‹
1689 1977 1881 2049 Longa
1912 1978 2073 2034 vobis

428 2073 710 2138 tempora,
734 2067 987 2132 Domini,
1012 2083 1145 2123 cum
1175 2066 1533 2137 augustabus
1564 2072 1617 2121 et
1640 2066 2073 2137 porphyrogen-

432 2159 576 2212 netis
604 2157 649 2211 Ξ»
676 2157 900 2213 Clamat
930 2162 985 2211 et
1017 2155 1268 2227 populus
1296 2174 1344 2214 ;‹‹
1378 2155 1728 2211 Diuturnam
1762 2155 1909 2212 Deus
1941 2172 2075 2213 san-

429 2251 599 2313 ctam,
633 2250 741 2302 etc.
775 2267 802 2294 ››

2181 1888 2421 1961 Φθογγεῖ
2451 1883 2541 1939 καὶ
2573 1885 2600 1938 6
2633 1881 2767 1945 λαὸς
2801 1881 2861 1938 ἐκ
2887 1881 3094 1953 τρίτου·
3130 1904 3157 1934 (ί
3190 1884 3371 1954 ”Αγιε.
3408 1906 3427 1932 ι
3464 1882 3528 1939 Οἱ
3578 1881 3821 1954 κράκταιο

2185 1974 2456 2031 «Πολλοὶ
2493 1976 2619 2045 ὑμῖν
2662 1971 2875 2048 χρόνοι,
2915 1972 2965 2026 οἱ
3015 1971 3338 2045 θεράποντες
3387 1975 3484 2027 τοῦ
3535 1970 3762 2044 Κυρίου.
3796 1994 3824 2023 ››

2184 2068 2423 2140 Φθογγεῖ
2480 2063 2571 2120 καὶ
2628 2064 2656 2117 6
2710 2060 2842 2125 λαὸς
2899 2060 2959 2117 ἐκ
3007 2063 3054 2136 γ’
3088 2084 3115 2113 ‹‹
3146 2063 3328 2134 Ἅγια.
3365 2084 3392 2113 ι(
3426 2060 3492 2119 Oi
3550 2062 3778 2134 κράκται
3812 2079 3824 2094 ’

2185 2179 2212 2208 ι‹
2246 2152 2459 2212 Πολλοὶ
2496 2154 2621 2229 ὑμῖν
2655 2152 2879 2227 χρόνοι,
2913 2152 2940 2206 ὁ
2974 2148 3122 2207 δεῖνα
3170 2151 3259 2205 καὶ
3292 2150 3318 2205 ὁ
3352 2148 3497 2205 δεῖνα
3528 2150 3827 2225 Λύγοῦσται

2184 2249 2290 2301 τῶν
2319 2242 2633 2315 Ῥωμαίων,
2670 2246 2908 2317 Φθογγεῖ
2956 2239 3046 2295 καὶ
3106 2240 3133 2292 6
3176 2238 3306 2301 λαὸς
3331 2237 3389 2294 ἐκ
3420 2240 3488 2313 γ”
3524 2262 3553 2291 (ί
3584 2241 3767 2313 ’Ἀγιι
3799 2262 3826 2293 ››

432 2334 499 2389 Οἱ
555 2334 779 2406 κράκται
815 2353 827 2366 ο
874 2358 901 2385 ‹‹
940 2330 1150 2390 Πολλοὶ
1212 2333 1339 2406 ὑμῖν
1400 2335 1619 2409 χρόνοι,
1655 2332 1932 2404 δεσπόται,
1967 2334 2058 2391 σὺν
2108 2338 2227 2396 τάῖς
2285 2333 2609 2408 αὐγούσταις
2666 2333 2755 2388 καὶ
2803 2336 2922 2393 τοῖς
2951 2331 3497 2406 προφυρογεννήτοις.
3534 2356 3555 2386 ι
3596 2331 3834 2404 Φθογγεῖ

428 2423 521 2479 ’ναὶ
553 2425 580 2478 6
610 2423 741 2485 Λαός
770 2439 785 2453 ⁸
810 2448 836 2474 α
873 2423 1247 2497 Πολυχρόνιον
1280 2425 1500 2493 ποιήσει
1532 2424 1559 2478 ὁ
1591 2425 1720 2486 Θεὸς
1744 2427 1841 2493 τήν
1876 2423 2028 2500 ἁγίαν
2070 2422 2348 2500 βασιλείαν
2380 2442 2471 2483 σας
2505 2421 2579 2485 εἷς
2611 2420 2797 2477 πολλᾶ
2826 2419 2941 2490 ἔτη.
2978 2444 3005 2471 ››

504 2520 601 2574 III.
654 2518 920 2587 Receptio
970 2518 1134 2573 tertia
1181 2518 1332 2573 intra
1382 2518 1659 2574 chalcen:
1712 2522 1823 2573 stat
1862 2519 1941 2574 ibi
1974 2521 2075 2575 tri-

431 2611 627 2663 bunus
658 2609 1009 2664 Venetorum
1041 2623 1140 2662 seu
1191 2608 1547 2663 domesticus
1579 2607 1910 2665 scholarum
1940 2625 2074 2665 cum

430 2699 678 2754 factione
707 2696 945 2760 Veneta,
968 2702 1023 2752 et
1054 2697 1317 2751 nondum
1350 2713 1415 2751 eo
1446 2696 1767 2768 progressis
1798 2697 2071 2767 dominis,

428 2791 695 2845 cantores
735 2804 870 2842 voce
918 2785 1042 2841 toni
1091 2786 1168 2843 III
1213 2786 1454 2841 dicunt:
1508 2808 1535 2835 ‹‹
1569 2786 1790 2841 Peccati
1836 2791 2072 2843 catenas

428 2879 526 2948 qui
587 2876 760 2948 fregit
812 2876 985 2941 Deus,
1020 2874 1211 2930 fasciis
1268 2875 1328 2930 in
1359 2875 1601 2946 praesepi
1658 2874 2005 2931 involvitur:
2040 2896 2068 2926 »

426 2966 568 3021 laetae
600 2970 795 3020 autem
829 2964 1279 3020 acclamationes
1308 2981 1335 3018 a
1389 2964 1723 3021 cantoribus
1769 2968 1825 3019 et
1855 2963 2069 3036 populo

2260 2517 2332 2571 I".
2365 2515 2521 2589 Δοχή
2553 2515 2601 2587 γ’
2646 2508 2854 2569 ἔνδοθεν
2909 2519 3011 2581 τῆς
3070 2512 3291 2589 χαλκῆς
3328 2531 3339 2546 ·
3383 2510 3597 2585 δέχεται
3660 2512 3827 2567 ἐκεῖσε

2187 2605 2214 2660 6
2248 2602 2604 2677 δημοκράτης
2635 2608 2740 2659 τῶν
2779 2603 3029 2670 Βενέτων,
3062 2602 3230 2676 ἤγουν
3292 2602 3319 2656 6
3376 2598 3695 2673 δομὲστικος
3729 2607 3833 2657 τῶν

2186 2691 2428 2767 σχολῶν,
2466 2693 2600 2765 μετὰ
2656 2696 2751 2747 τοῦ
2810 2694 3105 2765 περατικοῦ
3164 2689 3346 2762 δήμου
3404 2694 3511 2745 τῶν
3572 2691 3830 2759 Βενὲσιων,

2180 2783 2271 2837 καὶ
2324 2783 2495 2854 μήπω
2542 2786 2649 2839 τῶν
2704 2778 2999 2851 δεσποτῶν,
3034 2781 3346 2855 φθασάντων
3399 2778 3593 2851 ἐκεῖσε,
3628 2777 3829 2855 λέγου-

2180 2891 2259 2926 σιν
2309 2872 2361 2925 οἱ
2400 2870 2626 2944 κράκται
2680 2870 2777 2938 τὴν
2810 2870 2992 2944 φωνὴν
3026 2868 3128 2945 ἤχ.
3163 2869 3243 2942 γ’⁶
3284 2889 3309 2921 ι
3352 2867 3545 2940 Σειρὰς
3579 2869 3827 2942 ῥηγνύων

2178 2962 2277 3025 τῆς
2306 2959 2570 3033 ἁμαρτίας
2616 2962 3019 3034 σπαργανοῦται
3064 2958 3192 3018 Θεὸς
3236 2956 3286 3012 ἐν
3344 2956 3547 3033 φάτνῃο
3586 2983 3605 3008 ιι
3661 2960 3727 3012 τά
3768 2956 3826 3014 δὲ

427 3058 491 3109 ut
534 3055 592 3108 in
652 3059 869 3109 caeteris
924 3052 1351 3123 receptionibus
1412 3053 1747 3110 recitantur.
1806 3053 2068 3123 Receptio

2183 3057 2280 3119 τῆς
2341 3048 2609 3127 εὕφημίας
2670 3048 2803 3104 ἄιτα
2857 3045 3074 3119 ᾅδονται
3134 3049 3279 3122 παρά
3324 3068 3383 3102 τε
3431 3052 3538 3103 τῶν
3578 3053 3824 3122 κρακτῶν

426 3147 636 3215 quarta
660 3147 827 3199 extra
884 3141 1165 3197 chalcen:
1224 3146 1339 3197 stat
1389 3142 1663 3197 tribunus
1715 3141 2067 3199 Venetorum

426 3249 556 3289 cum
587 3233 837 3288 factione
880 3231 1031 3297 alba,
1082 3232 1399 3302 dicuntque
1446 3235 1713 3288 cantores
1762 3248 1898 3287 voce
1949 3233 2069 3288 toni

424 3319 612 3376 tertii:
650 3340 675 3371 α
712 3319 891 3375 Stella
922 3320 1220 3390 praecurrit
1249 3323 1304 3373 et
1352 3319 1505 3375 lucet
1556 3320 1616 3374 in
1676 3318 1976 3390 spelunca,
2009 3323 2073 3373 ut

425 3408 609 3477 Magis
640 3408 949 3464 Dominum
993 3407 1134 3463 solis
1168 3407 1455 3463 ostendat.
1510 3407 1656 3463 Puer
1700 3407 1853 3462 enim
1890 3425 2066 3479 appa-

427 3494 562 3559 ruit,
595 3498 651 3548 et
681 3510 812 3550 caro
844 3511 873 3549 e
905 3494 1143 3564 Virgine
1166 3495 1472 3563 pristinam
1496 3494 1702 3550 Adami
1732 3493 2071 3550 inobedien—

425 3584 570 3638 tiam
602 3582 887 3639 exstinxit.
937 3585 1065 3652 Ipse
1112 3584 1475 3653 majestatem
1509 3588 1783 3650 vestram,
1818 3584 2070 3654 Domini,

426 3686 528 3744 per
548 3671 780 3743 longam
814 3677 1139 3742 temporum
1171 3672 1383 3728 seriem
1416 3672 1486 3727 ad
1511 3672 1755 3727 salutem
1775 3672 2071 3728 Romano-

426 3776 555 3815 rum
612 3761 949 3817 servabit.»
1004 3760 1231 3816 Faustae
1278 3766 1471 3816 autem
1532 3761 1979 3818 acclamationes
2038 3779 2070 3817 a

424 3850 758 3905 cantoribus
788 3855 844 3905 et
875 3849 1113 3922 populo,
1148 3854 1211 3906 ut
1260 3851 1318 3905 in
1374 3851 1560 3921 prima
1601 3850 1928 3922 receptione
1978 3850 2069 3907 di-

421 3944 547 3995 tum
579 3938 708 4008 fuit,
743 3941 1081 3997 recitantur.

489 4203 583 4259 IV.
620 4203 893 4273 Receptio
927 4202 1133 4274 quinta
1165 4204 1234 4258 ad
1283 4203 1565 4259 Achillem
1630 4220 1802 4275 quem
1865 4212 2073 4263 vocant

420 4307 597 4363 prope
631 4308 902 4363 magnam
937 4295 1165 4362 portam
1196 4292 1429 4347 Meletii.
1466 4293 1546 4346 lbi
1578 4292 1850 4349 tribunus
1882 4294 2068 4351 Prasi-

2180 3140 2268 3195 καὶ
2299 3143 2399 3194 τοῦ
2431 3137 2589 3211 λαοῦ,
2614 3140 2792 3203 καθὼς
2821 3138 2911 3192 καὶ
2942 3137 2991 3192 ἐν
3020 3142 3139 3199 ταῖς
3174 3142 3394 3199 λοιπαῖς
3427 3132 3645 3210 δοχαῖς.
3674 3140 3827 3214 Δογή

2181 3225 2225 3283 δ’
2258 3224 2446 3296 ἔξωθεν
2504 3234 2603 3296 τῆς
2662 3228 2915 3301 χαλκῆς’
2954 3224 3170 3299 δέχεται
3230 3224 3403 3281 ἐκεῖσε
3455 3226 3482 3279 6
3536 3223 3832 3299 δήμαρχος

2180 3323 2287 3374 τῶν
2321 3316 2556 3375 Βενέτων
2591 3318 2723 3390 μετὰ
2758 3322 2853 3372 τοῦ
2887 3314 3069 3389 δήμου
3098 3319 3195 3372 τοῦ
3229 3318 3447 3382 λευκοῦ,
3478 3315 3567 3371 καὶ
3632 3314 3829 3388 λέγου-

2182 3426 2261 3460 σιν
2292 3407 2344 3460 οἱ
2374 3406 2599 3480 κράκται
2632 3409 2731 3476 τὴν
2767 3408 2951 3483 φωνὴν
3002 3406 3109 3479 ἤχ,
3149 3406 3195 3479 γ’
3228 3423 3241 3437 ’
3278 3429 3305 3455 ‹‹
3342 3405 3547 3479 Ἀστὴρ
3596 3402 3830 3479 προτρέ-

2182 3513 2272 3568 χει
2302 3496 2391 3550 καὶ
2427 3494 2630 3567 λάμπει
2664 3494 2714 3550 ἐν
2747 3492 3025 3567 σπηλαίῳ,
3056 3496 3146 3550 τὸν
3193 3494 3465 3563 Δεσπότην
3520 3498 3616 3550 τοῦ
3666 3493 3829 3563 ἡλίου

2179 3589 2295 3645 τοῖς
2355 3585 2566 3656 Μάγοις
2616 3588 3029 3655 καταμηνῦσαι·
3095 3584 3291 3660 βρέφος
3352 3583 3460 3657 γὰρ
3528 3577 3830 3661 ὤφθη,καὶ

2181 3670 2305 3745 σᾶρξ
2358 3672 2416 3727 ὲκ
2473 3680 2571 3741 τῆς
2628 3674 2899 3747 Παρθένου
2955 3675 3053 3741 τήν
3097 3671 3331 3729 παλαιὰν
3394 3675 3673 3745 παρακοήν
3732 3675 3830 3726 τοῦ

2177 3759 2356 3835 Ἀδὰμ
2404 3762 2711 3838 ἐξτ,φάνιζεν
2744 3766 2807 3821 ⁷³.
2841 3762 3033 3827 Ἀὐτὸς
3074 3763 3135 3818 τὸ
3197 3763 3241 3799 ⁷6
3284 3763 3484 3835 κράτος
3530 3762 3707 3834 ὑμῶν,
3744 3758 3829 3816 δε-

2180 3851 2504 3919 σπόται,ιίς
2567 3859 2743 3923 μῆκος
2811 3851 3026 3926 χρόνων
3089 3851 3311 3929 φυλάξει
3400 3850 3474 3913 εἷς
3552 3850 3823 3927 ἀνέγερσιν

2178 3940 2486 4013 Ῥωμαίων.
2526 3966 2552 3992 ››
2582 3942 2662 3998 Τὰ
2705 3939 2761 3996 δὲ
2810 3948 2910 4009 τῆς
2943 3940 3214 4018 εὐφημίας
3246 3938 3380 3994 ἄκτα
3410 3937 3629 4010 ᾅδονται
3686 3937 3829 4011 παρά

2176 4051 2235 4084 τε
2278 4037 2385 4085 των
2437 4037 2681 4106 κρακτῶν
2713 4031 2803 4087 καὶ
2855 4035 2951 4085 τοῦ
3002 4029 3161 4099 λαοῦ,
3196 4030 3371 4090 καθὼς
3431 4028 3519 4084 καὶ
3569 4028 3620 4085 ἐν
3665 4032 3737 4103 τῇ
3779 4028 3829 4081 α’

2182 4116 2325 4195 δοχῇ
2359 4119 2594 4196 εἴρηται.

2252 4216 2319 4262 A'.
2356 4210 2508 4285 Δοχή
2571 4211 2607 4262 ε’
2641 4208 2714 4270 εἷς
2766 4208 2857 4263 τὸν
2918 4208 3213 4284 λεγόμενον
3255 4207 3527 4283 Ἀχιλλέα
3588 4204 3832 4276 πλησίον

2180 4302 2278 4365 τῆς
2326 4296 2573 4372 μεγάλης
2617 4296 2798 4368 πύλης
2847 4304 2946 4367 τῆς
2999 4296 3272 4356 Μελετίου
3330 4298 3373 4333 ⁷⁷
3419 4299 3530 4371 (47)
3562 4316 3573 4328 ο
3612 4294 3830 4370 δέχεται

1789 4417 2012 4472 VARIE
2055 4419 2464 4476 LECTIONES.

495 4531 540 4565 ’⁷³
565 4531 950 4607 τῇ-ιρωνῇ-οάι.
1054 4530 1097 4563 ’³⁸
1126 4533 1416 4603 καταστάσ,
1449 4534 1540 4589 ed.

1645 4534 1691 4567 7‘
1722 4532 2079 4609 αιξτοκράτορ.
2116 4538 2243 4593 cod.

2345 4537 2390 4573 ⁷⁸
2431 4535 2740 4617 ἐξαφανίζον
2774 4542 2923 4610 Cod.,
2953 4539 3278 4613 ὲξαφανίσων
3314 4541 3464 4611 conj.
3499 4540 3565 4596 R.
3642 4537 3690 4572 7°
3720 4537 3829 4592 Pro

418 4602 481 4656 τὸ
512 4600 693 4660 θᾶ.’ὁ.’
763 4605 805 4639 ⁷⁷
838 4600 987 4658 Μελι
1016 4600 1411 4677 superscripto
1440 4626 1469 4658 τ
1501 4606 1653 4675 cod.,
1686 4600 1934 4675 Μελέτής
1967 4600 2119 4680 co'nj.
2154 4609 2220 4664 R.

1475 4732 1677 4791 JOAN.
1709 4734 1849 4789 αλια.
1885 4734 2146 4791 BEISKII
2185 4738 2763 4795 COMMENTARIUS.

492 4869 605 4941 (4(3)
641 4869 835 4925 Phona
865 4874 953 4945 est
1002 4869 1099 4925 ille
1146 4870 1424 4941 hymnus,
1457 4872 1552 4943 qui
1604 4871 1833 4939 citetur,
1867 4871 1893 4925 ὁ
1926 4869 2070 4941 ἂμή-
2098 4876 2146 4934 D
2182 4873 2366 4927 Studii
2396 4875 2547 4929 idem
2581 4875 2717 4940 sint,
2752 4874 2933 4945 liquet
2964 4875 3122 4930 illam
3158 4874 3415 4930 tabulam
3450 4878 3614 4929 aetate
3645 4873 3832 4945 Theo-

419 4959 558 5013 τωρ.
586 4947 719 5009 etc.,
753 4948 810 4998 et
856 4942 1035 4998 echus
1092 4958 1190 4998 seu
1246 4951 1416 4999 tonus
1445 4950 1571 5013 ejus
1614 4949 1698 4999 est
1730 4944 2066 4999 modulatio.

418 5014 1007 5087 Pbonmhsuccedebat
1037 5014 1356 5085 antiphona
1388 5016 1607 5087 populi.

488 5032 628 5067 IODtB
662 5032 1007 5070 succedebat
1037 5032 1356 5085 anupnona
1428 5032 1607 5087 opun.

488 5085 600 5154 (47)
634 5084 1011 5156 Subintellige
1048 5091 1241 5155 μονῆς.
1280 5088 1353 5141 De
1386 5032 1494 5142 Eoo
1537 5087 1887 5142 monasterio
1922 5087 2068 5141 nihil

414 5155 643 5229 invenio
676 5158 827 5226 apud
861 5155 957 5229 Du
982 5156 1173 5229 Cange
1202 5160 1263 5212 in
1310 5160 1489 5213 Const.
1526 5158 1726 5215 Christ.
1779 5159 1841 5212 In
1875 5160 2069 5213 codice

417 5232 506 5282 est
536 5223 679 5281 Μελε
717 5223 862 5281 cum
916 5223 1184 5299 litterav-r
1234 5230 1709 5299 superimposita,
1761 5231 1915 5284 unde
1945 5230 2067 5284 ﬁeri

417 5314 647 5369 quoque
674 5307 890 5368 poterat
932 5297 1199 5370 Μελέτης,
1240 5297 1447 5357 Studii.
1500 5302 1565 5355 Et
1595 5319 1736 5357 sane
1766 5302 1848 5356 sic
1881 5305 2070 5355 exstat

418 5388 476 5441 p.
502 5370 591 5443 34ῗ
622 5375 739 5423 tam
771 5370 825 5423 in
860 5371 1133 5439 editione,
1160 5375 1412 5443 quamin
1446 5372 1821 5437 membranis,
1858 5372 2066 5426 litteris

420 5442 693 5497 omnibus
727 5442 948 5513 integre
979 5442 1251 5513 exaratis.
1303 5445 1512 5499 Eratne
1543 5459 1677 5513 ergo
1730 5445 1836 5497 hoc
1868 5460 2067 5497 mona-

425 5513 669 5567 sterium
704 5512 926 5567 celebre
955 5512 1094 5568 illud
1129 5517 1322 5577 studii,
1358 5516 1511 5569 unde
1551 5512 1889 5569 Theodorus
1930 5519 2066 5568 Stu-

428 5586 548 5640 dila
581 5590 636 5639 et
692 5584 786 5639 alii
848 5585 1230 5653 prodierunt?
1287 5587 1506 5641 Suntne
1539 5586 1689 5640 idem
1749 5585 2063 5652 Meletiana,

427 5656 644 5744 quaein
679 5654 1341 5744 tabulatlieutingenar‘ia
1363 5674 1561 5744 ‘pr‘ope
1608 5655 1795 5744 CP‘linn
1833 5658 2067 5744 conspi-

428 5727 708 5784 ciuntur?
738 5728 792 5781 Si
848 5727 1133 5784 Meletiana
1160 5734 1215 5784 et
1244 5728 1307 5780 τὰ
1363 5727 1613 5797 Μελέτης
1644 5733 1700 5784 et
1758 5728 2064 5783 Cwnobium

2180 4946 2328 5000 dosii
2378 4945 2560 5001 multo
2612 4944 2983 5003 recentiorem
3031 4964 3175 5002 esse.
3231 4946 3485 5017 Allegavi
3531 4944 3827 5017 interalia

2181 5017 2283 5070 hoc
2316 5033 2543 5089 quoque
2578 5022 2989 5089 argumentum
3024 5015 3384 5074 evincendaf
3411 5015 3824 5089 recentissimae

2175 5088 2331 5143 aetati
2391 5088 2552 5144 illius
2612 5090 2821 5143 tabulae
2850 5090 2908 5144 in
2970 5092 3303 5146 recensione
3334 5106 3491 5145 novae
3553 5088 3826 5143 editionis

2174 5160 2524 5215 Viennensis
2543 5162 2597 5213 in
2617 5160 3109 5218 libellomenstruo
3128 5159 3733 5218 vernaculeedito.’Ay
3749 5155 3828 5211 ιλ-

2179 5226 2303 5288 λεὺς
2339 5236 2457 5286 erat
2489 5248 2699 5286 nomen
2734 5233 3115 5297 thermarum,
3151 5233 3299 5288 haud
3343 5231 3539 5302 procul
3573 5226 3824 5285 Chaiéen

2174 5308 2231 5376 et
2262 5302 2550 5376 sanctam
2571 5304 2947 5373 Sophiam.V.
2973 5306 3060 5360 Du
3092 5305 3284 5376 Gange
3312 5303 3820 5376 CPI.C/zrfi.st.p.8n8.

2175 5373 2267 5427 Sic
2301 5373 2463 5429 dictae
2499 5374 2605 5429 illae
2637 5376 2877 5431 thermae
2910 5394 2941 5432 a
2973 5376 3186 5431 celebri
3218 5372 3427 5430 statua
3469 5374 3709 5429 Achillis
3743 5372 3821 5427 ibi

2174 5445 2510 5529 conspicua.
2546 5447 2669 5501 Mos
2702 5464 2907 5529 nempe
2939 5454 3061 5529 erat
3104 5449 3243 5529 illis.
3270 5443 3819 5529 temporibus_ther-

2174 5532 2299 5570 mas
2330 5518 2589 5586 publicas
2617 5536 2649 5572 a
2680 5516 2888 5574 statuis
2939 5520 3016 5573 ibi
3076 5520 3281 5575 erectis
3340 5516 3700 5573 nominandi.
3736 5518 3819 5570 Ita

2174 5588 2322 5654 apud
2375 5589 2643 5662 Tripolin
2689 5594 2811 5645 erat
2868 5591 3146 5662 balneum,
3190 5590 3216 5643 6
3246 5590 3461 5662 Ἴκαρος
3524 5589 3742 5662 dictum
3784 5603 3820 5641 a

2174 5664 2367 5715 statua
2400 5660 2534 5714 Icari
2569 5661 2646 5714 ibi
2682 5662 2889 5731 posita,
2922 5666 3069 5718 teste
3100 5661 3313 5717 Malala
3341 5660 3383 5718 ιζ
3420 5662 3492 5727 lI,
3526 5676 3584 5731 p.
3614 5660 3705 5712 73.
