4108 6220
348 337 463 396 215

1406 328 1939 391 ΟΟΝΞΤΑΝΊῚΝΙ
1983 327 2683 391 PORPHYROGENITI

3632 325 3748 384 216

350 488 498 540 pura
520 472 890 527 custuodiat!
928 492 949 520 υ
986 468 1451 525 Acclamationes
1481 483 1513 521 a
1561 462 1897 521 cantoribus
1928 465 1985 515 et

2127 462 2264 529 ἧσει,
2298 464 2331 530 ἡ
2364 466 2436 537 γῆ
2498 462 2557 518 δὸ
2589 462 2861 533 σπήλαιον
2926 460 3229 532 εὐτρεπίζει
3278 456 3627 527 ὑποδέξασθαι
3658 460 3749 512 τὸν

352 561 585 630 populo,
620 566 683 614 ut
715 577 889 629 supra
920 561 989 613 de
1036 560 1225 629 prima
1258 555 1586 626 receptione
1627 552 1848 607 reditus
1878 552 1984 605 ob-

352 648 1292 717 servatum.recitantur.Receptio
1325 647 1493 700 tertia
1524 646 1675 698 intra
1706 641 1941 697 chalcen
1969 657 1982 695 :

352 740 562 809 excipit
594 739 671 791 ibi
722 738 1130 807 imperatorem
1182 737 1452 791 tribunus
1480 733 1833 789 Venetorum
1884 748 1986 785 seu

352 827 700 880 domesticus
730 825 1058 880 scholarum
1082 841 1209 879 cum
1245 822 1493 877 factione
1522 818 1992 884 Veneta,dicunt—

354 929 462 983 que
513 920 777 969 cantores
826 914 1175 985 apelaticum
1232 916 1388 967 torno
1440 911 1554 966 IlI:
1592 931 1618 958 ι(
1652 907 1989 963 Paradisum

354 1004 412 1056 in
447 1003 602 1057 Eden
636 1003 792 1074 virgo
825 1003 1187 1058 Bethlehemi
1220 1002 1464 1072 aperuit,
1498 1005 1609 1054 etc.
1640 1020 1669 1048 »
1700 996 1994 1051 Acclama-

354 1093 541 1147 tiones
573 1109 703 1147 vero
736 1111 769 1147 a
799 1092 1134 1147 cantoribus
1165 1096 1220 1147 et
1250 1089 1487 1162 populo,
1508 1094 1571 1144 ut
1602 1089 1659 1142 in
1692 1086 1883 1159 prima
1907 1101 1996 1140 re-

356 1183 617 1252 ceptione
648 1182 893 1250 dictum,
929 1183 1258 1236 recitantur.

359 1267 540 1340 δήμου
588 1275 665 1323 τῶ
729 1271 983 1340 Βενέτων,
1024 1269 1114 1323 καὶ
1157 1268 1407 1342 λέγουσιν
1443 1268 1493 1321 o't
1552 1264 1775 1338 κρὰκται
1836 1262 1926 1315 τὸν
1989 1260 2313 1318 ἆπελατικὸν
2376 1268 2485 1338 (50)
2561 1267 2663 1343 ἤχ,
2733 1268 2799 1339 γ’·

2092 555 2199 602 τῶν
2235 551 2381 605 ὅλων
2421 556 2682 623 ποιητήν·
2718 551 2844 607 ἀλλ’
2877 552 3038 611 αὐτὸς
3076 551 3103 603 6
3134 552 3232 617 τὴν
3270 546 3529 622 ἡμετέραν
3580 569 3748 620 προσ-

2096 634 2400 711 λαϐόμενος
2434 644 2603 715 σάρκα
2633 640 2691 696 ἒκ
2719 649 2818 710 τῆς
2873 638 3169 713 ΗαρΟὲνου,
3201 640 3300 705 τὴν
3356 638 3506 709 ὑμῶν
3536 640 3577 672 ⁸¹
3635 639 3755 691 θεό-

2093 749 2320 783 στεπτον
2371 729 2649 803 βασιλείαν
2675 729 2900 807 φυλάξει
2956 728 3008 782 ἐν
3063 731 3131 801 τῇ
3190 725 3466 803 πορφύρᾳ.
3502 750 3529 777 ι)
3580 728 3660 781 Τὰ
3693 724 3757 780 δὲ

2100 824 2200 885 τῆς
2223 818 2270 853 8³
2328 820 2601 897 εὐφημίας
2650 818 2782 874 ἄκτα
2843 817 3063 889 ᾅδονται
3122 816 3266 889 παρὰ
3324 820 3433 869 τῶν
3501 822 3748 887 κρακτῶν

2100 907 2190 960 καὶ
2219 912 2314 961 τοῦ
2346 907 2501 978 λαοῦ,
2534 910 2713 973 καθὼς
2740 909 2831 963 καὶ
2863 906 2915 961 ἐν
2946 910 3014 979 τῇ
3047 907 3238 979 πρώτῃ
3260 904 3404 979 δοχῇ
3434 912 3499 973 τῆ
3513 910 3574 978 cf.
3627 906 3755 959 ὐπο-

2104 999 2345 1073 στροφῆς
2374 996 2612 1067 εἷ’ρηται.
2674 1000 2821 1071 Δογή
2872 997 3030 1072 τρίτη
3100 989 3308 1049 ἔνδοθεν
3367 1001 3467 1062 τῆς
3515 993 3756 1068 χαλκῆς.

2107 1081 2324 1158 δέχεται
2383 1085 2599 1141 κάκεῖσε
2664 1088 2693 1141 6
2754 1084 3110 1159 δημοκρὰτης
3139 1088 3247 1137 τῶν
3300 1082 3553 1149 Βενὲτων,
3587 1085 3752 1158 ἤγουν

2110 1174 2137 1226 6
2172 1170 2495 1245 δομὲστικος
2551 1181 2657 1230 τῶν
2710 1173 2953 1249 σχολῶν,
3018 1174 3150 1246 μετὰ
3207 1174 3422 1226 καὶτοῦ
3462 1176 3759 1246 περατικοῦ

2890 1290 2917 1316 ‹‹
2994 1266 3102 1319 Τὸν

3187 1260 3354 1335 Ἐδὲμ
3434 1259 3756 1336 παράδεισον

358 1358 586 1429 ἠνέῳξεν
647 1360 697 1413 ἐν
757 1359 1011 1431 Βηθλεὲμ
1068 1362 1102 1427 ἡ
1164 1360 1430 1432 ΠαρΟένος
1489 1379 1541 1424 ι,
1602 1354 1690 1409 καὶ
1735 1354 1801 1407 τὰ
1840 1353 1986 1423 ἑξῆς.
2048 1353 2129 1407 Τὰ
2188 1351 2244 1407 δὲ
2272 1362 2371 1423 τῆς
2400 1356 2668 1431 εὐφημίας
2700 1352 2833 1409 ἄκτα
2865 1352 3083 1424 ᾅδονται
3115 1354 3260 1426 παρὰ
3289 1374 3344 1406 τε
3374 1357 3479 1407 νῶν
3517 1358 3763 1427 κρακτῶν

358 1450 448 1503 καὶ
479 1456 575 1505 τοῦ
609 1451 763 1518 λαοῦ,
798 1452 975 1513 καθὼς
1004 1450 1093 1503 καὶ
1126 1448 1177 1504 ἐν
1213 1454 1282 1523 τῇ
1316 1449 1507 1524 πρώτῃ
1542 1446 1686 1524 δοχῇ
1718 1451 1819 1513 τῆς
1851 1445 2196 1517 ὑποστροφῆς
2233 1442 2464 1519 εἶ’ρηται.

430 1544 525 1599 VI.
560 1545 824 1614 Receptio
856 1551 1064 1614 quarta
1096 1543 1168 1598 ad
1199 1544 1438 1597 Sanctos
1467 1540 1767 1610 Apostolos
1797 1552 1899 1591 seu
1931 1534 2004 1588 ad

364 1634 592 1689 scholas
627 1638 779 1688 :stat
807 1634 885 1687 ibi
929 1634 1202 1687 tribunus
1237 1632 1602 1685 Prasinorum
1636 1644 1735 1684 seu
1769 1625 2006 1681 excubi-

364 1729 453 1776 tor
503 1740 631 1777 cuni
688 1723 936 1776 factione
977 1720 1237 1787 Prasina,
1283 1724 1340 1773 et
1383 1724 1651 1772 cantores
1699 1720 1827 1783 ejus
1873 1731 2006 1768 voce

364 1814 487 1865 toni
540 1814 613 1865 ιιι
669 1813 916 1865 dicunt:
955 1833 983 1859 (ι
1013 1810 1119 1873 Qui
1168 1816 1491 1863 creaturam
1542 1822 1773 1861 omnem
1805 1804 2009 1876 implet

2186 1537 2249 1598 ς’.
2313 1538 2463 1611 Δοχὴ
2535 1536 2762 1611 τετάρτη
2822 1537 2898 1597 εἱς
2958 1534 3085 1597 τοὺς
3148 1536 3331 1607 ἁγίους
3387 1534 3753 1599 ἀποστόλους,

2114 1623 2279 1697 ἤγουν
2332 1624 2405 1685 εἰς
2463 1625 2555 1685 τὰς
2605 1623 2835 1702 σχολὰς·
2888 1621 3104 1701 δέχεται
3146 1622 3360 1677 κὰκεῖσε
3400 1623 3427 1676 6
3477 1619 3759 1696 δημοκρὰ-

2114 1733 2215 1781 της
2246 1717 2353 1766 τῶν
2393 1713 2692 1786 Πρασίνων,
2726 1714 2892 1788 ἤγουν
2926 1712 2951 1767 ὀ
2984 1706 3334 1771 ἐκσκούϐιτος
3386 1712 3520 1783 μετὰ
3549 1712 3639 1764 καὶ
3668 1715 3765 1764 τοῦ

2117 1807 2417 1875 περατικοῦ
2463 1801 2648 1874 δήμου
2709 1807 2814 1856 τῶν
2874 1801 3182 1875 Πρασίνων.
3246 1801 3347 1856 Καὶ
3418 1802 3663 1873 Λέγουσιν
3714 1802 3765 1853 οἱ

366 1901 608 1970 ejusque
640 1900 912 1953 dominus
960 1903 1062 1965 est,
1099 1914 1215 1952 non
1249 1896 1409 1951 inani
1454 1894 1844 1951 exinanitione
1875 1910 2006 1964 pro-

2126 1892 2345 1964 κρὰκται
2375 1896 2471 1945 τοῦ
2528 1889 2821 1965 περατικυῦ
2873 1892 2971 1959 τὴν
3021 1891 3212 1964 φωνὴν
3244 1888 3345 1967 ἤχ.
3385 1890 3453 1962 γ’·
3500 1913 3527 1941 ‹‹
3570 1890 3629 1946 Ὀ
3661 1890 3762 1941 πά-

368 1994 491 2059 pter
541 2005 646 2043 nos
694 1986 1043 2051 exinanitur,
1089 1990 1152 2041 ut
1200 1986 1482 2040 mundum
1534 1984 1890 2055 superiorem
1944 1997 2011 2037 ex

368 2094 577 2147 genere
609 2082 808 2130 nostro
850 2075 1111 2129 interiori
1162 2073 1423 2145 impleat.
1457 2073 1585 2143 Ipse
1613 2072 1741 2126 vitae
1775 2071 2015 2142 largitor

372 2184 549 2221 cornu
564 2172 848 2231 vestrum,
868 2165 1095 2219 Domini
1114 2165 1173 2218 in
1189 2164 1325 2218 orbe
1343 2164 1612 2218 universo
1626 2161 2010 2217 exaltabit25

370 2265 685 2323 gentesque
715 2270 917 2307 omnes
940 2254 996 2305 in
1029 2252 1359 2307 servitutem
1385 2251 1626 2322 rediget,
1650 2259 1702 2306 et
1726 2251 2018 2320 majestati

369 2351 576 2399 vestrae
615 2358 857 2396 munera
889 2342 1041 2396 sicut
1082 2340 1236 2411 magi
1281 2340 1543 2394 oﬂ‘erant.
1574 2362 1602 2389 ››
1636 2339 2017 2395 Acclamatio-

374 2448 476 2485 nes
506 2448 537 2485 a
560 2430 887 2485 cantoribus
910 2435 965 2484 et
989 2428 1222 2501 populo,
1241 2434 1304 2483 ut
1327 2430 1384 2483 in
1417 2430 1670 2485 secunda
1694 2430 2021 2500 receptione

377 2520 600 2573 dictum
654 2520 1064 2573 instituuntur.
1116 2519 1329 2582 Quinta
1373 2519 1430 2573 in
1476 2518 1751 2574 tribunali
1799 2535 1898 2573 seu
1952 2520 2020 2574 ad

384 2609 626 2677 lychnos
652 2626 663 2662 :
690 2616 800 2663 stat
832 2609 909 2662 ibi
941 2610 1213 2662 tribunus
1240 2607 1590 2662 Venetorum
1618 2624 1718 2661 seu
1750 2607 2023 2663 domesti-

386 2714 492 2752 cus
538 2697 869 2751 scholarum
919 2713 1052 2751 cum
1103 2696 1440 2751 transitoria
1490 2698 1735 2751 factione
1782 2696 2021 2766 Veneta,

387 2786 703 2857 dicuntque
754 2791 1019 2841 cantores
1068 2784 1409 2854 apelaticum
1465 2786 1582 2840 toni
1618 2786 1689 2839 IlI
1725 2803 1737 2838 :
1780 2805 1801 2833 ι
1851 2786 2027 2840 Stella

385 2875 687 2945 praecurrit
708 2874 976 2944 lucetque
998 2874 1056 2927 in
1092 2873 1543 2944 spelunca,etc.»
1566 2873 2027 2929 Acclamationes

385 2982 418 3018 a
440 2963 651 3034 populo
665 2967 720 3018 et
742 2963 1233 3027 cantoribus,utin
1257 2963 1444 3032 prima
1466 2962 2024 3033 receptionedictum

385 3054 723 3108 recitantur.
776 3053 1091 3107 Sciendum
1142 3058 1252 3120 est,
1300 3052 1369 3105 ad
1418 3068 1681 3106 normam
1733 3052 2029 3123 ritumque

385 3142 512 3199 festi
567 3142 745 3211 hujus
787 3142 1146 3212 receptiuiies
1177 3146 1234 3197 et
1283 3140 1727 3197 acclamationes
1778 3142 1835 3196 in
1883 3144 2029 3198 festo

2117 2002 2216 2050 σης
2248 1982 2475 2041 κτίσεως
2528 1979 2831 2055 πληρωτὴς
2887 1979 2977 2033 καὶ
3010 1976 3279 2049 δεσπότης
3309 1979 3566 2049 ἀκενώτῳ
3594 1983 3757 2032 κενώ-

2119 2090 2199 2124 σει
2229 2074 2327 2134 τῆς
2358 2071 2497 2145 πρὸς
2523 2072 2670 2142 ἡμᾶς
2694 2069 3025 2135 ἐκκενοῦται,
3059 2066 3150 2122 ’ίνα
3198 2068 3289 2122 τὸν
3333 2066 3444 2121 ἂνω
3492 2066 3767 2141 πληρώσῃ

2119 2158 2323 2232 κόσμον
2352 2158 2425 2229 ⁸ἐκ
2468 2162 2565 2213 τοῦ
2606 2161 2764 2231 ἡμῶν
2800 2158 3114 2213 κατωτάτου
3165 2154 3376 2233 γένους·
3412 2157 3439 2211 6
3490 2154 3769 2226 ζωοδότης

2121 2247 2282 2308 αὐτὸς
2339 2248 2399 2302 τὸ
2447 2245 2605 2320 κέρας
2666 2248 2841 2319 ὑμῶν,
2902 2243 3180 2312 δεσπόται,
3217 2245 3487 2318 ἀνυψώσει
3536 2244 3589 2299 ἐν
3622 2244 3766 2317 πάσῃ

2121 2342 2190 2410 τῇ
2241 2336 2559 2411 οἰκουμένῃ,
2609 2337 2673 2390 τὰ
2727 2332 2849 2405 ἔθνη
2904 2335 3082 2389 πάντα
3114 2331 3383 2388 δουλώσει
3409 2338 3506 2388 τοῦ
3538 2336 3767 2409 προσφε-

2129 2446 2256 2499 ρειν,
2307 2428 2380 2488 ὡς
2433 2427 2483 2479 o't
2529 2426 2717 2502 μάγοι,
2750 2426 2817 2478 τὰ
2871 2422 3019 2496 δῶρα
3057 2422 3125 2496 τῇ
3162 2424 3311 2495 ὑμῶν
3353 2420 3619 2498 βασιλείᾳ·
3652 2446 3672 2471 ι
3707 2422 3775 2475 τὰ

2129 2514 2184 2570 δὲ
2230 2522 2328 2583 τῆς
2389 2516 2658 2592 εὐφημίας
2706 2513 2840 2568 ἄκτα
2908 2509 3126 2583 ᾅδονται
3172 2513 3319 2585 παρὰ
3364 2532 3423 2566 τε
3482 2516 3589 2566 τῶν
3641 2531 3776 2584 κρα-

2130 2609 2269 2658 κτῶν
2297 2604 2387 2658 καὶ
2418 2608 2514 2659 τοῦ
2545 2602 2702 2671 λαοῦ,
2752 2603 2933 2662 καθὼς
2966 2600 3137 2655 καὶέν
3158 2606 3227 2674 τῇ
3257 2599 3477 2674 δευτέρᾳ
3511 2598 3657 2673 δοχῇ
3700 2598 3777 2653 εἶ’-

2135 2714 2292 2769 ρηται
2323 2696 2387 2747 ".
2450 2695 2603 2770 Δοχὴ
2650 2691 2871 2765 πέμπτη
2898 2690 2974 2752 εἷς
3013 2692 3076 2744 τὸ
3105 2685 3507 2766 τριϐουνὰλιον,
3540 2690 3709 2765 ἤγουν
3734 2690 3783 2723 ⁸⁴

2131 2784 2206 2844 εἷς
2236 2782 2360 2844 τοὺς
2418 2782 2675 2856 λύχνους·
2736 2778 2949 2854 δέχεται
3013 2779 3186 2835 ἐκεῖσε
3236 2777 3648 2854 ὁδημοκρὰτης
3672 2783 3781 2832 τῶν

2133 2872 2395 2941 Βενέτων,
2436 2869 2607 2945 ἤγουν
2655 2872 2682 2924 ὁ
2742 2867 3066 2942 δομὲστικος
3097 2874 3203 2924 τῶν
3248 2866 3493 2943 σχολῶν,
3532 2867 3666 2931 μετὰ
3692 2868 3785 2921 καὶ

2134 2965 2230 3016 τοῦ
2258 2965 2554 3035 περατικαῦ
2610 2958 2789 3032 δήμου
2837 2964 2943 3012 τῶν
3008 2961 3264 3027 Βενέτων,
3316 2957 3405 3011 καὶ
3448 2956 3699 3032 λέγουσιν
3729 2956 3782 3010 οἱ

2135 3052 2359 3123 κρὰκται
2410 3051 2472 3104 τὸ
2531 3049 2853 3104 ἁπελατικὸν
2888 3049 2935 3083 ⁸⁵
2982 3049 3082 3123 ἤχ.
3143 3050 3211 3121 γ’·
3246 3046 3512 3121 «Ἀστὴρ
3563 3045 3790 3120 προτρὲ-

2135 3159 2222 3214 χει
2264 3141 2353 3193 καὶ
2410 3140 2614 3211 λάμπει
2674 3139 2727 3193 ἐν
2780 3136 3063 3211 σπηλαίῳ,
3098 3161 3125 3188 ››
3185 3137 3275 3191 καὶ
3330 3139 3396 3189 τὰ
3442 3136 3584 3207 ἑξῆς.
3620 3136 3703 3191 Τὰ
3729 3131 3787 3188 δὲ

386 3231 717 3295 Luminum,
768 3236 968 3285 sancto
1016 3230 1313 3297 Paschate,
1348 3236 1548 3285 sancta
1598 3235 1931 3286 Pentecoste
1961 3239 2012 3287 et

2132 3237 2233 3298 τῆς
2291 3228 2562 3302 εὐφημίας
2620 3227 2753 3282 ἄκτα
2812 3226 3031 3297 ᾅδονται
3098 3226 3244 3299 παρά
3299 3245 3356 3278 τε
3393 3229 3500 3278 τῶν
3538 3228 3785 3297 κρακτῶν

381 3323 526 3374 festo
561 3320 1117 3385 Transmutationis,
1144 3324 1264 3372 tum
1291 3319 1545 3373 dominis
1576 3321 1641 3372 ad
1679 3320 1898 3373 Sanctae
1925 3322 2025 3375 So-

384 3409 528 3477 phize
563 3409 935 3475 abeuntibus,
964 3414 1079 3462 tum
1117 3408 1249 3462 inde
1282 3407 1352 3462 ad
1382 3407 1661 3477 palatium
1699 3409 2030 3464 revertenti-

384 3500 512 3564 bus,
546 3498 794 3553 institui.

2139 3320 2228 3372 καὶ
2258 3322 2354 3372 τοῦ
2397 3316 2554 3387 λαοῦ,
2588 3317 2767 3379 καθὼς
2798 3318 2887 3370 καὶ
2920 3316 2971 3369 ἐν
3020 3319 3089 3388 τῇ
3147 3315 3339 3387 πρώτῃ
3374 3310 3518 3391 δοχῇ
3552 3314 3785 3389 εἴρηται.

2422 3404 2463 3422 κκ

2139 3406 2349 3464 Εἱδὲναι
2418 3404 2474 3461 δὲ
2533 3407 2667 3480 χρὴ,
2702 3408 2785 3460 δτι
2844 3426 2980 3459 κατα
3036 3405 3125 3460 τὸν
3176 3403 3343 3458 τύπον
3374 3404 3464 3457 καὶ
3513 3404 3611 3471 τὴν
3638 3403 3787 3471 τάξιν

2134 3498 2336 3567 ταύτης
2382 3503 2482 3565 τῆς
2533 3498 2728 3569 ἑορτῆς
2782 3496 3105 3571 γίνονταιαὶ
3170 3492 3331 3548 δοκαὶ
3386 3498 3478 3547 καῖ
3518 3492 3788 3569 εὐφημίαι

382 3592 479 3653 τῆς
535 3606 592 3639 τε
648 3588 692 3621 ⁸⁸
751 3585 943 3657 ἑορτῆς
1000 3589 1105 3638 τῶν
1167 3586 1362 3659 φώτων
1420 3583 1509 3637 καὶ
1558 3591 1657 3651 τῆς
1718 3584 1910 3657 ἑορτῆς
1956 3586 2051 3639 τοῦ
2113 3585 2267 3661 ἁγίου
2324 3588 2519 3658 Πάσχα
2574 3586 2663 3638 καὶ
2737 3592 2838 3653 τῆς
2895 3585 3095 3658 ἑορτῆς
3150 3589 3248 3651 τῆς
3307 3583 3461 3656 ἁγίας
3509 3586 3782 3650 Πεντηκο-

383 3682 513 3743 στῆς
564 3678 609 3711 ⁸⁷
659 3676 747 3730 καῖ
786 3683 884 3744 τῆς
933 3677 1126 3749 ἑορτῆς
1172 3682 1270 3743 τῆς
1315 3675 1811 3750 μεταμορφώσεως,
1852 3676 1940 3729 καὶ
1978 3677 2249 3733 ἀπιόντων
2302 3674 2355 3731 ἑν
2414 3680 2484 3748 τῇ
2545 3674 2671 3749 ἁγίᾳ
2738 3674 2919 3748 Σοφίᾳ
2976 3678 3084 3728 τῶν
3146 3671 3422 3729 δεσποτῶν
3472 3673 3562 3726 καὶ
3620 3670 3787 3725 πάλιν

382 3767 474 3820 ἀπ’
498 3766 660 3836 αὐτῆς
700 3767 1143 3843 ὑποστρεφόντων
1174 3764 1223 3819 ἐν
1255 3764 1331 3838 τῷ
1362 3764 1632 3836 παλατίῳ.

1018 3874 1250 3930 CAPUT
1293 3874 1382 3930 IlI.

378 3966 591 4019 Festum
645 3964 987 4036 Epiphania.
1023 3967 1267 4019 Duarum
1306 3967 1619 4035 factionum
1666 3965 2023 4020 acclamatio-

1140 4052 1254 4091 7283.

451 4125 720 4195 Reccptio
782 4127 990 4195 prima,
1052 4130 1427 4191 Venetorum,
1482 4143 1587 4179 vox
1635 4126 1751 4180 toni
1802 4125 2021 4196 obliqui

380 4213 495 4270 IV:
539 4237 564 4263 ‹‹
620 4214 794 4269 llodie
854 4214 903 4268 is
960 4214 1059 4284 qui
1115 4216 1429 4269 draconum
1491 4215 1678 4285 capita
1738 4215 1793 4267 in
1855 4215 2023 4284 aquis

2768 3876 3026 3931 ΚΕΦΑΑ.
3078 3874 3151 3932 Γ’.

2329 3964 2523 4038 Ἑορτή
2557 3967 2665 4017 τῶν
2698 3964 2904 4017 Φώτων
2940 3964 3075 4036 (51).
3120 3963 3287 4018 Ἀκτα
3316 3964 3425 4015 τῶν
3468 3956 3592 4013 δύο·

2868 4038 3065 4108 μερῶν.

2206 4125 2360 4199 Δοχὴ
2377 4126 2703 4197 πρώτη,τῶν
2723 4123 3141 4195 Βενέτων,φιυνὴ
3158 4122 3259 4196 ἢχ,
3277 4119 3441 4195 πλαγ,
3468 4117 3531 4178 δ’,
3548 4143 3576 4169 α
3599 4119 3785 4189 Σήμε.

2138 4232 2227 4286 ρον
2261 4214 2288 4265 ὁ
2329 4212 2616 4288 συντρίψας
2641 4212 2692 4267 ἐν
2728 4210 2885 4266 ὕδασι
2923 4214 3017 4274 τὰς
3049 4210 3290 4285 κεφαλὰς
3328 4215 3439 4265 τῶν
3473 4206 3785 4283 δρακόντων

1717 4338 1960 4393 VARl/E
2004 4338 2422 4394 LEC’l‘IOMES.

445 4453 484 4485 οι
527 4453 685 4519 ἡμῶν
720 4454 809 4507 ed,
924 4450 1037 4503 ητᾶι
1065 4451 1122 4503 τε
1151 4457 1251 4518 τῆς
1271 4454 1360 4506 ed.

1464 4452 1511 4485 ⁸³
1540 4450 1628 4504 καὶ
1663 4450 1761 4524 εἷ’ρ.
1796 4450 1846 4504 ἐν
1879 4456 1947 4523 τῇ
1981 4450 2030 4507 δ.
2064 4450 2114 4508 δ.
2148 4455 2238 4510 ed.

2314 4454 2361 4489 ⁸⁴
2390 4455 2553 4522 ἦτουν
2592 4457 2722 4512 cod.
2774 4456 2832 4511 h.
2884 4456 2922 4511 l.
2966 4459 3021 4511 et
3053 4454 3298 4527 passim.
3382 4454 3427 4488 ⁸⁸
3482 4451 3777 4506 amnem

374 4543 463 4599 ed.
500 4542 593 4598 hic
640 4548 701 4596 ut
732 4548 786 4597 et
818 4542 953 4596 alibi
990 4558 1408 4613 nonnunquam
1483 4542 1529 4575 ⁸⁸
1560 4548 1659 4609 τῆς
1694 4538 1750 4594 δὲ
1776 4544 1866 4598 ed.
1940 4541 1986 4577 ⁸⁷

2126 4549 2384 4611 τεκοστῆς
2416 4546 2507 4600 ed.

1416 4665 1613 4721 JOAN.
1654 4664 1799 4721 JAC.
1846 4666 2106 4722 REISKII
2150 4668 2727 4724 COMMENTARIUS

445 4811 558 4883 (50)
603 4808 892 4865 Carminis
933 4818 1029 4864 aut
1075 4809 1327 4878 rhythmi
1376 4825 1561 4880 genus
1606 4810 1712 4883 hoc
1762 4825 1890 4864 esse
1945 4808 2015 4862 li-
2047 4812 2095 4870 D
2129 4812 2296 4865 ritate
2324 4818 2528 4866 cantus
2562 4829 2770 4867 nomen
2817 4812 3041 4879 habuit,
3074 4829 3211 4868 voce
3241 4816 3397 4867 velut
3429 4829 3528 4881 per
3553 4814 3667 4867 vim
3704 4815 3771 4866 ad

374 4891 545 4951 quet;
584 4898 696 4936 non
744 4884 903 4947 item,
940 4883 1090 4937 unde
1139 4883 1359 4937 dictum
1394 4883 1490 4935 sit.
1523 4882 1771 4952 Cogitari
1824 4887 2017 4951 posset

372 4954 548 5008 fuisse
600 4954 879 5007 carminis
919 4970 1124 5024 genus,
1160 4954 1316 5024 quod
1348 4954 1709 5008 accineretur
1758 4952 2015 5019 abeunti,

371 5041 484 5095 quo
516 5024 717 5079 abiens
749 5023 1160 5095 προύπέμπετο,
1181 5023 1283 5078 aut
1316 5032 1510 5095 quota
1542 5024 2017 5095 promoventibus

372 5092 696 5169 caneretur,
733 5092 833 5169 ὑπὸ
884 5092 1296 5149 ἀπελαυνόντων
1332 5092 1503 5169 -πρὸςῖ
1531 5092 1925 5169 ἀπελαύνοντα,
1957 5104 2014 5169 tit

370 5170 552 5221 nostri
588 5168 670 5220 sic
703 5168 838 5220 dicti
897 5171 1161 5222 Mtersche
1191 5173 1327 5220 sunt
1378 5167 1618 5233 moduli,
1666 5169 1762 5237 qui
1799 5184 1831 5219 a
1864 5167 2016 5219 tubis

370 5244 427 5291 et
463 5239 752 5309 tympanis
786 5241 1133 5292 accinuntur
1159 5238 1518 5292 militibusin
1554 5241 1673 5291 acie
1707 5238 2012 5309 proceden-

368 5308 527 5363 tibus
564 5326 575 5363 :
613 5319 711 5364 aut
744 5312 1115 5377 repetendam
1148 5326 1275 5363 esse
1314 5325 1509 5363 vocem
1545 5310 1615 5363 ab
1650 5309 1745 5362 illa
1780 5309 1835 5361 in
1871 5308 2014 5361 actis

369 5380 716 5453 populorum
763 5382 1048 5451 frequenti
1086 5380 1328 5435 formula
1376 5379 1568 5453 ἁπελνα,
1604 5378 1800 5453 ἀπέλα,
1832 5380 2012 5453 abige,

368 5450 549 5520 abige,
582 5459 642 5505 ut
675 5453 728 5505 in
768 5453 1287 5506 acclnmationibus
1336 5452 1562 5505 concilii
1603 5454 1635 5503 Ξ)
1662 5451 1875 5520 ,ΟΡὶοηὶ
1907 5450 2013 5503 sub

366 5518 533 5577 Mena
588 5542 599 5577 :
656 5521 859 5577 Ἀπέλα
915 5523 981 5576 τὰ
1039 5528 1133 5575 τοῦ
1179 5520 1487 5591 Ἀκεφὰλου
1555 5518 1728 5573 ἀπέλα
1782 5520 1848 5573 τὰ
1904 5524 2011 5571 τῶν

366 5594 671 5662 αἱρετικῶν.
726 5597 787 5647 lu
838 5596 1119 5665 exemplis
1170 5601 1363 5649 tamen
1417 5595 1851 5661 apelaticorum,
1886 5609 2011 5661 quas

365 5672 421 5720 et
454 5666 545 5720 hic
577 5673 633 5720 et
681 5666 816 5720 alibi
852 5674 1026 5719 nostri
1065 5667 1277 5720 codicis
1328 5669 1673 5735 produntur.
1727 5665 1868 5718 nihil
1903 5670 2008 5735 est,

364 5739 515 5808 quod
550 5742 645 5793 aut
680 5737 816 5794 huic
846 5744 945 5793 aut
976 5737 1056 5793 illi
1100 5734 1355 5808 Opinion’i
1388 5737 1591 5792 faveat.
1624 5735 1773 5791 Num
1806 5753 1839 5792 a
1871 5734 2013 5790 cele-

2126 4899 2365 4937 cursum
2400 4885 2650 4939 adacta?
2679 4889 2741 4938 ut
2778 4888 3044 4938 motetum
3088 4889 3157 4951 (ν.
3200 4887 3279 4939 Du
3312 4885 3504 4954 Gange
3540 4885 3595 4938 h.
3632 4886 3710 4953 ν.)
3743 4904 3767 4937 u

2129 4955 2344 5023 saepius
2376 4956 2616 5009 variatio
2664 4957 2818 5010 vocis
2851 4960 3029 5009 motu.
3080 4962 3194 5010 Aut
3241 4953 3568 5009 ἀπελατικὸν
3617 4956 3769 5009 idem

2128 5033 2232 5092 est,
2266 5028 2415 5095 quod
2450 5042 2699 5095 pensum,
2752 5033 3028 5096 quantum
3080 5028 3293 5098 aliquis
3325 5044 3529 5081 canere
3578 5027 3767 5091 debet,

2128 5101 2191 5148 ut
2223 5113 2386 5151 missa
2436 5113 2664 5167 quoque
2716 5115 2956 5166 pensum
3010 5098 3290 5164 valet;V.
3341 5099 3425 5152 Du
3472 5098 3664 5167 Cange
3715 5115 3768 5151 ν.

2125 5171 2316 5231 missa,
2353 5169 2448 5221 ubi
2485 5170 2593 5223 hoc
2645 5170 2784 5223 citat
2817 5170 3102 5224 Aureliani
3135 5171 3430 5240 episcOpi;
3465 5172 3630 5236 [acile
3676 5184 3772 5240 sed:

2123 5242 2321 5311 missas
2352 5239 2415 5292 de
2454 5242 2609 5293 Isaia
2637 5240 2923 5311 proli/tela,
2957 5241 3015 5295 h.
3064 5258 3113 5296 e.
3149 5238 3245 5296 sex
3296 5238 3614 5305 ἀπολύσεις,
3664 5238 3770 5292 ἀπ-

2126 5306 2356 5375 ελάσεις,
2390 5328 2572 5379 pensa.

2195 5383 2306 5448 (51)
2339 5384 2552 5435 Festum
2603 5382 2918 5447 Lumi'num,
2951 5382 3038 5437 vel
3085 5383 3434 5453 Epiphania.
3469 5382 3679 5438 Incidit
3710 5382 3766 5437 in

2122 5452 2271 5525 diem
2301 5455 2335 5505 6
2365 5452 2648 5507 Januarii.
2701 5455 2828 5508 Vid.
2870 5458 2947 5509 l)u
2982 5452 3399 5525 Cang’eGloss.
3453 5456 3551 5509 Gr.
3600 5454 3653 5508 h.
3710 5470 3764 5507 v.

2121 5523 2439 5593 '[Symeon.
2490 5526 2635 5591 Mag.
2675 5544 2727 5593 p.
2763 5527 2883 5580 406.
2916 5523 3207 5580 ΟωῐίοἾι]
3262 5529 3402 5579 Γμειο
3456 5527 3762 5579 Luminum

2120 5595 2325 5664 incipit
2359 5612 2372 5649 :
2406 5593 2573 5647 πάλιν
2607 5597 2633 5647 6
2682 5596 2891 5660 Ἰησοῦς
2925 5595 3077 5666 ἐμός.
3133 5599 3360 5651 Contin.
3396 5596 3763 5651 Constantia.

2118 5681 2177 5739 p.
2213 5667 2297 5718 30.
2334 5668 2391 5739 ὃ.
2421 5667 2693 5739 Gregorii
2716 5669 2955 5739 Nysseni
2984 5669 3163 5723 oratio
3194 5672 3251 5723 in
3284 5669 3339 5724 S.
3378 5669 3625 5739 Lumina
3657 5684 3757 5721 seu

2118 5738 2328 5793 festum
2362 5738 2636 5811 baptismi
2669 5738 2907 5809 Christi,
2956 5741 3217 5796 accensis
3251 5740 3431 5797 cereis
3479 5738 3759 5796 celebrari
