4108 6220
334 318 461 375 217

1218 322 1318 382 DE
1362 325 1811 389 CERIMONIIS
1858 328 2095 393 AULE
2136 336 2604 406 BYZANTINZE
2649 347 2796 408 LIB.
2844 349 2889 409 Ι.

3633 358 3751 416 218

336 448 445 514 τήν
479 444 726 523 κεφαλήν
757 446 1041 503 ὑποκλίνει
1072 455 1152 522 τῷ
1179 451 1485 528 πρυδρόμῳ
1515 455 1940 534 φιλανθρώπως.
1968 483 1996 510 ››

352 545 363 553 .
473 525 493 553 '\
558 536 609 553 ην
719 539 745 550 ~
831 542 871 553 η
990 539 1001 553 1
1292 543 1305 553 ι
1407 543 1425 553 ι
1570 546 1590 553 -
1767 550 1810 553 .__
1945 549 1955 553 -

2111 473 2396 540 contudit,
2433 480 2768 546 praecursori
2818 485 2995 553 caput
3035 483 3217 538 amice
3268 475 3532 553 inclinat,
3569 507 3597 535 »
3644 487 3752 543 Re-

340 525 501 609 Δοχῆ
557 536 631 609 β’,
678 539 784 589 τῶν
827 539 1136 611 Πρασίνων,
1162 525 1335 614 φψνῆ
1363 525 1536 620 πλαγί
1565 546 1607 600 δ’
1633 565 1646 580 ’
1689 525 1727 599 «-
1766 549 1998 622 Χριστὸς

339 625 552 699 ἁγνίζει
581 622 803 698 λουτρῷ
832 625 976 700 ἁγίῳ
1009 629 1107 696 τήν
1131 628 1181 699 ἐξ
1215 631 1380 693 ἐθνῶν
1415 634 1578 688 αὐτοῦ
1600 635 1996 708 Ἐκκλησίαν.»

343 716 503 787 Δοχή
530 714 600 788 γ’,
633 718 738 768 τῶν
798 717 1059 786 Βενὲτιιιν,
1085 721 1236 796 φωνὴ
1435 724 1602 798 πλαγ.
1636 726 1681 778 α’
1706 747 1718 758 ⁸
1772 751 1802 777 ‹‹
1863 727 1996 800 [lupi

341 804 608 871 θεότητος
685 801 736 856 ὲν
811 803 1059 879 Ἰορδάνῃ
1099 808 1145 842 ⁸⁸
1199 811 1308 880 (52)
1369 811 1549 887 φλόγα
1598 809 1837 869 σϐεννύει
1895 820 1994 880 τῆς

339 891 615 964 ἁμαρτίας
666 916 696 942 ››
729 895 880 966 Δοχή
937 891 1002 964 δ’,
1048 900 1153 949 τῶν
1213 898 1470 966 Βενέτων,
1506 904 1656 979 φωνή
1709 902 1882 979 πλαγ.
1916 902 1994 959 δ’⁶

341 1006 373 1033 οι
424 983 487 1037 Ὀ
545 979 880 1057 συνάναρχος
937 988 1015 1054 τῷ
1073 987 1240 1058 Πατρὶ
1301 989 1430 1050 Θεὸς
1481 990 1658 1066 Λόγος
1689 993 1738 1028 ⁸9
1767 992 1819 1047 ἐν
1854 995 1996 1069 Ἰορ-

342 1069 481 1144 δάνῃ
509 1073 747 1145 σήμερον
801 1070 1051 1146 προῆλθε
1110 1076 1492 1148 βαπτισθῆναι,
1525 1082 1614 1134 καὶ
1669 1084 1770 1150 τήν
1825 1084 1992 1156 κάραν

347 1158 640 1214 ὐποκλίνει
703 1157 976 1217 δουλικῶς
1029 1167 1108 1233 τῷ
1167 1163 1492 1240 προδρόμῳ,
1529 1169 1586 1223 ’ὸν
1644 1171 1888 1245 οὐρανῶν
1941 1174 1994 1227 αἱ

344 1244 602 1318 δυνάμεις
656 1250 918 1321 τρέμουσι
959 1253 1314 1326 καθορῶσαι·
1368 1254 1498 1311 ἀλλ’
1555 1259 1584 1312 6
1641 1244 1734 1313 τὸν
1785 1261 1991 1333 κόσμον

344 1337 594 1411 φωτίσας
631 1341 697 1409 τῇ
745 1334 912 1392 αὺτοῦ
972 1339 1249 1418 ἐπιφανείᾳ
1300 1344 1505 1418 ὑψώσει
1552 1347 1643 1400 καὶ
1705 1349 1995 1422 μεγαλυνεῖ

341 1426 409 1478 τὸ
439 1426 639 1500 κράτος
668 1433 768 1494 τῆς
803 1426 954 1499 ὑμῶν
993 1428 1274 1502 βασιλείας
1314 1432 1389 1493 εἷς
1442 1434 1700 1508 εὐτυχίαν
1743 1437 1836 1492 καὶ
1897 1435 1992 1492 δό-

346 1513 438 1603 ξαν
465 1515 864 1603 Ῥωμαίωνρυῄ
892 1519 1044 1592 Δοχὴ
1096 1520 1156 1587 ε’,
1177 1524 1285 1574 τῶν
1334 1523 1638 1595 Πρασίνων,
1670 1525 1772 1600 ἤχ.
1823 1526 1990 1603 πλαγ.

344 1599 390 1656 δ’
415 1622 427 1633 ο
469 1629 488 1650 ι
518 1603 757 1677 Χριστὸς
789 1601 1028 1660 ἐνδύεται
1059 1607 1246 1682 ῥεῖθρα
1273 1609 1678 1685 φιλανθρώπως
1709 1599 1806 1669 τοῦ
1854 1599 1994 1689 Ἰορ-

343 1687 527 1746 δάνου.
562 1713 590 1741 »ο
617 1692 769 1766 Δοχὴ
813 1694 877 1760 ς’,
908 1698 1016 1748 τῶν
1063 1695 1324 1764 Βενέτων,
1357 1701 1511 1771 φωνή
1562 1699 1664 1775 ἤχ.
1696 1702 1869 1778 πλαγ.
1901 1687 1949 1758 α’
1977 1723 1988 1736 ·

2105 560 2290 628 ceptio
2322 567 2597 635 secunda,
2634 569 3024 639 Prasinorum,
3072 587 3177 627 vox
3207 563 3329 627 toni
3371 573 3594 645 obliqui
3638 576 3750 633 IV:

2105 668 2138 735 «ν
2167 648 2426 706 Christus
2457 664 2656 711 sancto
2684 657 2908 714 lavacro
2939 659 3238 715 collectam
3282 661 3386 717 sibi
3419 679 3449 717 e
3478 665 3750 735 gentibus

2103 734 2412 794 Ecclesiam
2454 743 2662 812 expiat.
2693 769 2713 796 ι
2762 746 3029 818 Receptio
3098 750 3287 818 tertia,
3386 734 3749 823 Venetorum,

2104 840 2210 879 vox
2258 829 2377 882 toni
2429 831 2646 904 obliqui
2701 838 2756 892 I:
2813 840 3012 908 «Igne
3071 839 3395 895 divinitatis
3448 842 3506 896 in
3546 842 3751 897 Jorda-

2103 929 2175 968 ne
2224 914 2521 974 ﬂammam
2566 926 2780 993 peccati
2826 927 3160 998 exstinguit.
3215 930 3486 1002 Receptio
3519 937 3750 1001 quarta,

2105 1004 2474 1078 Venetorum,
2534 1028 2640 1067 vox
2688 1015 2906 1086 obliqui
2955 1016 3075 1073 IV:
3128 1041 3154 1067 «
3206 1018 3536 1076 Comternus
3596 1022 3754 1077 Patri

2102 1091 2278 1160 Deus,
2312 1097 2588 1166 Verbum,
2634 1102 2802 1159 hodie
2841 1105 2897 1158 in
2930 1106 3268 1177 Jordanem,
3313 1113 3372 1163 ut
3405 1111 3749 1181 baptizetur,

2101 1183 2415 1254 descendit,
2442 1193 2498 1244 et
2520 1197 2693 1262 caput
2724 1209 2878 1250 more
2908 1197 3054 1250 servi
3104 1198 3445 1267 praecursori
3486 1199 3746 1270 inclinat,

2101 1286 2274 1341 quem
2307 1279 2567 1334 caelestes
2599 1279 2915 1339 Potestates
2937 1285 3233 1341 intuentes
3264 1288 3750 1344 contremiscunt.

2101 1360 2202 1416 Sed
2237 1365 2337 1433 qui
2367 1368 2727 1437 apparitione
2749 1388 2854 1426 sua
2880 1375 3155 1429 mundum
3191 1374 3546 1431 illuminavit
3576 1377 3750 1432 robur

2101 1451 2423 1521 majestatis
2454 1462 2656 1512 vestra
2689 1461 2754 1514 ad
2812 1461 3148 1518 felicitatem
3182 1468 3240 1519 et
3269 1466 3513 1535 gloriam
3547 1467 3753 1522 Roma-

2100 1554 2306 1596 norum
2337 1550 2547 1614 augeat
2589 1552 2645 1601 et
2683 1548 2929 1604 exultet!
2966 1571 2990 1601 ιο
3046 1540 3315 1624 Receptio
3365 1555 3590 1626 quinta,
3622 1555 3753 1611 Pra-

2100 1627 2385 1699 sinorum,
2428 1649 2532 1688 vox
2573 1637 2692 1691 toni
2739 1639 2963 1709 obliqui
3011 1640 3084 1694 IV
3121 1658 3133 1694 :
3178 1663 3206 1692 «
3245 1642 3507 1699 Christus
3553 1660 3750 1700 amore

2100 1715 2405 1776 hominum
2435 1722 2706 1781 Jordanis
2739 1727 2956 1782 ﬂuenta
2986 1730 3165 1787 subit.
3203 1753 3231 1780 »
3265 1733 3533 1802 Receptio
3565 1740 3745 1803 sexta,

343 1804 372 1828 u
410 1779 548 1850 [lupi
597 1787 700 1848 τῆς
745 1782 1004 1851 θεότητος
1057 1782 1330 1857 Ἰορδάνου
1374 1810 1401 1837 ››
1451 1787 1540 1842 καὶ
1590 1790 1656 1844 τὰ
1685 1788 1830 1860 ἑξῆς.
1867 1793 1989 1849 Ἀκ-

346 1888 371 1890 _
412 1867 431 1890 Ἴ
461 1889 467 1890 ,
525 1870 536 1886 ⁸
570 1889 573 1890 ,
674 1873 700 1884 τ
804 1871 814 1886 θ
851 1869 874 1890 θ
962 1879 988 1889 ο
1121 1872 1140 1890 κ
1164 1875 1174 1890 Ι
1465 1877 1479 1890 ο
1622 1878 1632 1890 ο
1936 1883 1980 1890 α-

2100 1807 2477 1878 Venetorum,
2496 1829 2602 1867 vox
2621 1814 2742 1869 toni
2766 1815 2988 1887 obliqui
3007 1817 3078 1872 1V
3103 1845 3117 1875 ι
3142 1842 3170 1867 ‹‹
3195 1823 3332 1890 Igne
3349 1779 3747 1878 diiiinitatisiri

342 1867 578 1942 τολογία
635 1873 735 1933 τῆς
771 1871 814 1933 ς’
847 1869 1022 1946 δοχῆς
1056 1892 1068 1904 ·
1121 1872 1372 1948 λέγουσιν
1433 1877 1484 1931 οἱ
1534 1878 1761 1953 κράκται
1798 1901 1810 1915 ·
1859 1905 1886 1933 ‹‹
1935 1883 1991 1935 Ὁ

346 1957 662 2031 βαπτισθεὶς
689 1957 740 2012 ἐν
773 1958 964 2023 ὕδασιν
990 1960 1284 2036 Ἰορδάνου.
1318 1990 1345 2016 ››
1382 1971 1618 2043 Φθογγεῖ
1645 1969 1734 2023 καὶ
1785 1971 1812 2024 6
1860 1970 1992 2036 λαὸς

343 2045 405 2100 ἐκ
455 2048 649 2119 τρίτου
683 2066 695 2078 °
731 2071 759 2098 (ι
793 2047 1005 2104 Πολλοὶ
1069 2051 1198 2124 ὑμῖν
1248 2053 1463 2131 χρόνοι.
1515 2080 1536 2106 ι
1597 2058 1659 2112 Oi
1716 2060 1943 2132 κράκται
1975 2079 1989 2093 ⁸

346 2160 377 2185 α
430 2137 533 2190 Καὶ
579 2137 680 2204 τὴν
763 2137 928 2209 χάραν
1019 2139 1316 2204 ὑποκλίνας
1396 2141 1668 2208 δουλικῶς
1726 2154 1805 2221 τῷ
1857 2169 1993 2223 προ-

347 2221 562 2298 δρόμῳ.
596 2249 624 2276 ιο
656 2229 904 2302 Φθογγεῖ
930 2227 1018 2282 καὶ
1051 2229 1078 2282 6
1127 2230 1260 2292 λαὸς
1319 2230 1377 2286 ἐκ
1432 2236 1621 2307 τρίτου
1647 2255 1659 2268 ο
1700 2259 1728 2288 ι(
1778 2221 1990 2293 Πολλοὶ

348 2314 476 2385 ὑμῖν
503 2315 724 2392 χρόνοί.
760 2339 788 2367 ››
821 2317 888 2373 Oi
937 2318 1163 2392 κράκται
1198 2337 1210 2349 ⁸
1268 2345 1294 2375 ι
1352 2322 1494 2384 Τοὺς
1545 2325 1779 2398 χρόνους
1841 2329 1991 2401 ὑμῶν

341 2401 622 2472 πληθυνεῖ
675 2406 768 2458 σὺν
822 2411 942 2468 ταῖς
1000 2407 1319 2481 αὐγούσταις
1351 2413 1438 2466 καὶ
1467 2419 1583 2475 τοῖς
1616 2435 1992 2495 πορφυρογεν-

339 2495 529 2562 νήτοις
566 2513 579 2526 ο
616 2517 646 2544 ››
677 2494 706 2548 6
737 2492 871 2556 λαός
905 2512 918 2525 °
953 2520 980 2547 ‹‹
1017 2499 1395 2572 Πολυχρόνιον
1427 2505 1644 2573 ποιήσει
1675 2505 1702 2558 6
1730 2492 1860 2567 Θεὸς
1887 2508 1988 2576 τήν

342 2583 506 2655 ἁγίαν
542 2583 819 2657 βασιλείαν
849 2605 940 2646 σας
968 2590 1040 2648 είς
1071 2585 1257 2643 πολλὰ
1283 2587 1400 2660 ἔτη.
1435 2615 1464 2643 ››

524 2672 866 2748 Ὑποστροφὴ
898 2680 1006 2728 τῶν
1041 2673 1314 2732 δεσποτῶν
1345 2683 1413 2752 τῇ
1453 2679 1590 2754 αὐτῇ
1624 2682 1806 2756 ἑορτῇ.

413 2769 575 2834 Δοχη
636 2763 703 2829 α’,
729 2767 836 2816 τῶν
896 2763 1156 2833 Βενέτων,
1186 2765 1516 2822 ἀπελατικὸν
1570 2771 1672 2844 ἤχ.
1699 2770 1867 2847 πλαγ,
1901 2777 1945 2828 α’
1971 2793 1983 2806 ·

340 2873 365 2897 υ
400 2850 466 2904 Ὀ
511 2851 854 2926 συνάναρχος
903 2858 983 2924 τῷ
1063 2856 1231 2929 Πατρὶ
1292 2857 1422 2919 Θεὸς
1477 2860 1651 2934 Λόγος
1700 2884 1727 2911 ››
1777 2862 1864 2915 καὶ
1920 2865 1988 2918 τὰ

335 2937 484 3005 ἑξῆς.
539 2940 694 3014 Δοχὴ
747 2943 814 3014 β’,
860 2947 968 2996 τῶν
1016 2945 1318 3016 Πρασίνων,
1370 2945 1694 3003 ἀπελατικὸν
1900 2959 1982 3025 γ’·

339 3046 361 3075 ι
395 3027 460 3082 Ὁ
492 3029 742 3103 φωτίζων
925 3031 978 3085 ἐν
1031 3033 1306 3106 Πνεύματι
1361 3040 1440 3107 τῷ
1497 3037 1638 3111 ἁγίῳ
1687 3034 1980 3110 ἐϐαπτίσθη

2101 1895 2371 1966 Iordane,
2423 1907 2533 1957 etc.
2587 1924 2615 1952 »
2672 1905 3012 1961 Acclamatio
3061 1908 3119 1962 in
3169 1914 3327 1963 sexta
3373 1911 3746 1980 receptione:

2105 1983 2306 2040 dicunt
2335 1993 2593 2045 cantores
2627 2009 2639 2045 :
2671 2015 2697 2042 κ
2733 1994 3065 2066 Baptizatus
3107 1996 3166 2051 in
3209 1999 3376 2068 aquis
3403 1999 3692 2057 Iordanis.
3715 2020 3742 2053 ι

2102 2071 2323 2159 Clamat
2353 2080 2408 2130 et
2440 2079 2693 2148 populus
2724 2086 2810 2136 ter
2843 2101 2856 2139 :
2888 2107 2916 2133 «
2952 2085 3151 2156 Longa
3187 2087 3352 2142 vobis
3383 2090 3681 2159 temporal
3717 2110 3744 2137 »

2102 2158 2352 2216 Cantor:
2405 2184 2433 2212 α
2470 2164 2534 2218 Et
2583 2177 2752 2238 caput
2796 2170 2942 2224 servi
2983 2187 3142 2226 more
3192 2158 3529 2242 praecursori
3579 2173 3745 2228 incli-

2102 2264 2272 2307 nans.
2307 2272 2336 2299 »
2359 2251 2581 2308 Clamat
2610 2264 2664 2309 et
2695 2257 2942 2327 populus
2974 2264 3062 2312 ter
3093 2276 3107 2315 :
3143 2283 3169 2309 «
3207 2260 3398 2331 Longa
3421 2261 3744 2317 vobistem-

2102 2341 2281 2408 poral
2317 2362 2345 2390 ι»
2377 2341 2687 2399 Cantores:
2725 2367 2754 2395 «
2784 2346 3064 2418 Tempora
3085 2358 3272 2403 vestra
3303 2366 3436 2404 cum
3463 2355 3744 2422 augusta—

2100 2427 2211 2482 bus
2243 2433 2298 2484 et
2351 2431 2911 2505 porphyrogennetis
2958 2437 3058 2492 26
3104 2439 3344 2509 augeat!
3385 2461 3412 2488 »
3447 2439 3739 2512 Populus:

2099 2545 2128 2573 «
2165 2518 2502 2588 Longaevam
2531 2521 2682 2578 Deus
2713 2539 2811 2594 per
2841 2524 3058 2579 multos
3088 2531 3195 2581 etc.
3231 2547 3259 2574 ››

2420 2669 2637 2726 Rcditus
2675 2669 3020 2727 dominorum
3050 2671 3231 2727 eodem
3259 2673 3414 2742 festo.

2169 2780 2438 2851 Receptio
2460 2780 2669 2850 prima,
2685 2778 3063 2845 Venetorum,
3086 2779 3431 2850 apelaticum
3455 2779 3576 2834 toni
3597 2779 3736 2836 obli-

2097 2870 2196 2938 qui
2219 2871 2238 2923 Ι
2271 2890 2299 2917 «
2320 2869 2652 2923 Comternus
2671 2867 3008 2936 PatriDcus,
3034 2867 3308 2934 Verbum,
3331 2874 3441 2924 etc.
3470 2891 3496 2918 ››
3521 2870 3732 2924 δεουιιο

2095 2959 2187 3026 da,
2223 2957 2622 3025 Prasinorum,
2645 2956 2987 3027 apelaticum
3009 2960 3129 3012 toni
3153 2957 3373 3028 obliqui
3395 2959 3508 3013 III:
3542 2980 3567 3010 ι
3598 2958 3731 3012 Illu-

2097 3049 2320 3101 minans
2334 3046 2391 3100 in
2407 3045 2619 3116 Spiritu
2641 3051 2843 3100 sancto
2861 3046 3180 3115 baptizatus
3192 3053 3276 3100 est
3290 3063 3437 3116 aqua
3452 3047 3728 3113 terrestri,

330 3112 490 3168 ὕδατι
523 3115 766 3191 ἐπιγείῳ,
800 3120 890 3173 καί
921 3122 982 3174 τὸ
1013 3126 1126 3198 φῶς
1180 3128 1277 3177 τοῦ
1337 3124 1718 3198 βαπτίσματος
1773 3125 1985 3204 ἐδωρή-

336 3224 457 3228 -___
496 3205 693 3228 λιιι-’γ
829 3226 837 3228 z
885 3207 1056 3228 ,\\!t
1161 3215 1185 3225 ν
1372 3213 1424 3228 \l
1583 3217 1629 3228 εν
1767 3217 1780 3228 ι
1920 3217 1937 3228 ς

2098 3135 2410 3205 lumenque
2452 3112 2730 3204 baptismi
2785 3112 3123 3189 hominibus
3167 3112 3420 3188 donavit.
3467 3136 3576 3189 Sed
3610 3112 3732 3206 qui,

333 3224 466 3257 σατο
487 3205 800 3278 ἀνθρώποις
827 3226 839 3238 ·
874 3207 1005 3263 ἀλλ’
1037 3211 1064 3264 ὁ
1097 3215 1258 3266 ταῦτα
1304 3213 1532 3275 τελέσας
1582 3217 1820 3289 Χριστὸς
1855 3217 1982 3294 φιλ-

333 3294 615 3366 ανθρωπίᾳ
666 3296 729 3350 τὸ
790 3297 1051 3374 ὑμέτερον
1112 3299 1388 3374 βασίλειον
1430 3303 1628 3378 κράτος
1679 3307 1816 3361 κατᾶ
1870 3328 1978 3361 σει-

330 3384 426 3455 ραν
464 3385 578 3453 (54)
606 3381 907 3460 ἀδιάδοχον
946 3386 1154 3443 κελεύει
1206 3389 1455 3464 εὐτυχεῖν
1485 3392 1784 3465 Ῥωμαίοις
1812 3397 1860 3430 9°
1888 3398 1977 3451 xai

331 3470 664 3543 βασιλεύειν.
698 3497 726 3524 ››
759 3476 912 3549 Δοχὴ
941 3477 1006 3549 γ’,
1037 3483 1147 3530 τῶν
1203 3479 1461 3551 Βενέτων,
1491 3480 1821 3539 ἀπελατικὸν
1919 3506 1972 3561 χ.

329 3560 498 3634 πλαγ.
535 3570 582 3613 α’
615 3582 626 3592 ·
665 3587 693 3612 ‹‹
735 3565 794 3620 Ὀ
847 3565 1084 3641 κεφαλὰς
1131 3571 1240 3621 τῶν
1301 3565 1627 3640 δρακόντων,
1678 3560 1976 3648 εὐεργέται,

330 3649 382 3702 ἓν
443 3648 722 3726 Ἰορδάνου
779 3658 896 3707 τοῖς
957 3655 1186 3727 ῥεύμασι
1266 3657 1580 3733 συντρίψας,
1636 3663 1741 3736 πρὸ
1794 3663 1976 3719 ποδῶν

332 3739 485 3810 ὑμῶν
522 3741 799 3814 συντρίψει
849 3743 944 3803 τὰς
998 3743 1238 3820 κεφαλὰς
1297 3751 1404 3801 τῶν
1467 3744 1763 3824 Βαρϐάρων
1798 3774 1810 3784 ·
1862 3755 1975 3808 θεό-

327 3848 550 3883 στεπτοι
600 3827 898 3903 εὒεργέται,
931 3833 965 3900 ὴ
1029 3833 1196 3906 Τριὰς
1254 3836 1288 3904 ἡ
1342 3838 1625 3911 τρισάγιος
1679 3839 1774 3902 τὰς
1827 3842 1974 3903 νίκας

325 3917 479 3987 ὑμῶν
509 3917 780 3987 πληθυνεῖ
812 3938 825 3951 ⁸
852 3920 879 3973 6
917 3921 1228 3995 βαπτισθείς
1262 3922 1392 3999 ὑπὲρ
1442 3926 1603 3999 ἡμῶν
1635 3931 1774 3983 κατά
1803 3931 1973 4006 σάρκα

315 4007 409 4058 καὶ
461 4008 684 4080 ἁγιάσας
731 4011 829 4078 τήν
884 4011 1042 4085 φύσιν
1090 4017 1199 4066 τῶν
1250 4010 1480 4070 ὑδάτων.
1517 4020 1729 4092 »Δοχὴ
1768 4017 1830 4089 δ’,
1863 4026 1972 4076 τῶν

316 4095 622 4184 Πρασίνων,
657 4094 985 4152 ἀπελατικὸν
1036 4098 1136 4174 ἤχ.
1173 4101 1215 4154 δ’
1249 4119 1262 4132 ’
1309 4126 1335 4153 ‹‹
1363 4106 1424 4159 Ὁ
1479 4108 1548 4176 τῇ
1602 4105 1836 4182 παλάμῃ
1874 4111 1968 4184 βαι

308 4183 559 4242 πτισθεὶς
617 4187 857 4258 σήμερον
920 4191 1017 4241 τοῦ
1079 4187 1404 4263 Προδρόμου
1432 4196 1499 4265 τῇ
1547 4199 1748 4268 φρικτῇ
1804 4183 1968 4254 αὐτοῦ

300 4271 542 4345 παλάμῃ
603 4271 853 4347 βασιλεῖς
915 4276 1053 4348 ὑμᾶς
1133 4279 1384 4353 κηρύττει
1454 4284 1590 4355 (55),
1650 4285 1967 4347 θεόστεπτοι

2094 3222 2235 3290 haec,
2269 3239 2462 3277 amore
2502 3223 2560 3277 in
2601 3221 2869 3276 bomines
2919 3221 3216 3287 incitatus,
3265 3223 3393 3277 fecit
3445 3222 3729 3290 Christus,

2095 3313 2526 3382 imperatoriam
2557 3312 2923 3380 majestatem
2962 3316 3214 3367 vestram
3265 3328 3364 3383 per
3409 3330 3522 3367 non
3558 3314 3731 3368 inter-

2091 3408 2322 3473 ruptam
2357 3403 2564 3458 seriem
2601 3417 2886 3457 annorum
2927 3401 3122 3458 felices
3166 3402 3405 3457 reddere
3439 3401 3729 3458 Romanos

2089 3497 2144 3546 et
2177 3493 2463 3562 imperare
2491 3491 2694 3560 jubeat
2725 3491 2734 3545 !
2769 3512 2796 3539 ››
2829 3490 3098 3561 Receptio
3130 3490 3320 3559 tertia,
3355 3491 3727 3554 Venetorum,

2089 3588 2222 3634 tono
2253 3579 2486 3649 obliquo
2520 3579 2540 3633 Ι
2588 3597 2601 3634 :
2652 3580 2758 3644 Qui
2799 3581 2989 3650 capita
3027 3581 3370 3644 draconum,
3412 3597 3444 3634 ο
3497 3579 3729 3652 benigni

2089 3669 2402 3740 principes,
2433 3668 2491 3723 in
2523 3669 2796 3724 Jordanis
2819 3669 3054 3723 ﬂuentis
3077 3668 3371 3734 contrivit,
3399 3676 3528 3723 ante
3559 3671 3728 3738 pedes

2085 3766 2306 3813 vestros
2338 3757 2726 3812 Barbarorum
2771 3758 2962 3828 capita
2993 3755 3286 3812 conterat!
3323 3764 3364 3809 A
3406 3757 3522 3811 Deo
3567 3773 3725 3812 coro-

2087 3846 2204 3902 nati
2237 3845 2657 3912 benefactores,
2715 3849 2804 3900 ter
2833 3850 3036 3900 sancta
3080 3844 3332 3899 Trinitas
3362 3849 3583 3898 vestras
3609 3845 3727 3900 vic-

2084 3935 2263 3991 torias
2279 3938 2509 4005 augeat:
2530 3939 2628 4005 qui
2649 3933 2975 4005 baptizatus
2988 3938 3076 3988 est
3099 3949 3201 4004 pro
3217 3932 3384 3987 nobis
3397 3934 3721 3988 secundum

2083 4039 2316 4079 carnem
2337 4027 2395 4077 et
2413 4030 2695 4092 aquarum
2717 4025 2986 4075 naturam
3011 4018 3418 4075 sanctiﬁcavit.
3455 4043 3482 4068 »
3511 4021 3724 4083 Quarta

2082 4110 2479 4179 Prasinorum,
2503 4109 2852 4181 apelaticum
2874 4109 2994 4162 toni
3024 4109 3090 4163 IV
3115 4125 3173 4163 :«
3201 4108 3528 4177 Baptizatus
3553 4108 3722 4163 hodie

2080 4201 2463 4256 Prmcursoris
2522 4215 2721 4265 manu,
2801 4214 2908 4253 sua
2984 4198 3286 4252 tremenda
3356 4212 3531 4250 manu
3598 4213 3718 4264 vos,

2079 4292 2466 4364 imperatores
2531 4305 2564 4344 a
2615 4293 2726 4343 Deo
2779 4287 3032 4343 coronati
3104 4286 3520 4352 benefactores,
3573 4301 3719 4356 prae-

1671 4427 1915 4485 VARLE
1952 4431 2249 4488 LECTION
2259 4431 2358 4487 ES.

383 4538 431 4572 ⁸⁸
460 4538 723 4608 θεότητος
752 4537 1029 4615 Ἰορδανοῦ
1061 4544 1189 4599 cod.
1288 4546 1337 4581 ”
1365 4545 1518 4613 Θεὸς,
1552 4544 1721 4624 λόγος
1753 4553 1845 4610 8d.

1951 4554 1996 4590 ⁹⁰
2024 4553 2334 4627 Ῥωμαίους
2363 4556 2456 4610 ed.

1370 4691 1567 4746 JOAN.
1609 4693 1749 4748 JAC.
1795 4695 2048 4752 REISKII
2088 4696 2658 4754 COMMENTARIUS

303 4806 576 4874 solitum,
636 4816 991 4866 memoratur
1050 4813 1390 4870 Lambeccio
1441 4817 1662 4870 Comm.
1717 4817 1962 4875 Vindob.

2083 4838 2184 4892 pro
2217 4823 2503 4892 baptizare
2535 4826 2844 4892 usurpant.
2899 4824 3060 4878 Unde
3093 4822 3440 4892 intelligitur
3471 4822 3635 4876 lusus
3659 4821 3718 4875 in

301 4880 348 4962 ι.
373 4895 469 4962 tu,
502 4867 724 4962 βίους.
761 4882 935 4952 ιιι.]·
969 4884 1098 4962 Vid.
1133 4867 1335 4962 nonin.
1366 4867 1710 4962 Comei—3:8.
1739 4867 1964 4961 Ἀ’ῥῇἒῖἐ
2001 4867 2049 4926 D
2080 4867 2566 4962 ἕὲιῖδῖέῧξῖιᾘτὶίῖ

298 4951 734 5027 l_atio_nis_ratio
780 4951 1021 5027 apparet
1069 4971 1097 5008 e
1128 4956 1318 5027 verbis
1380 4958 1552 5027 paulo
1586 4951 1955 5027 interioribus

297 5023 499 5102 9.10:
553 5021 582 5073 ὁ
622 5019 714 5075 τόν
765 5019 974 5094 κόσμον
1024 5025 1274 5099 φωτίζειν
1324 5019 1394 5099 τῇ
1441 5025 1605 5081 αὐτοῦ
1655 5027 1955 5102 ἐπιφανείᾳ.

293 5092 402 5146 Est
460 5097 623 5146 enim
676 5087 888 5150 natalis
938 5087 1318 5172 apparitionis
1361 5087 1570 5154 Christi
1634 5101 1688 5155 in
1759 5087 1954 5172 carne,

290 5180 470 5238 quam
507 5171 815 5238 propterea
845 5170 998 5238 quod
1039 5170 1351 5234 luminosa,
1399 5172 1648 5226 illustris
1699 5181 1869 5238 esset,
1903 5170 1955 5229 et

287 5236 532 5289 Lumina
569 5236 965 5307 appellarunt,
1017 5246 1074 5294 et
1131 5243 1396 5296 accensis
1445 5243 1768 5298 luminibus
1813 5236 1953 5301 cele-

288 5307 565 5365 brarnnt.
605 5324 709 5383 nec
737 5327 860 5383 non
911 5312 1216 5383 baptismo,
1249 5315 1344 5382 qui
1377 5316 1593 5383 absque
1631 5317 1953 5372 luminibus

293 5393 408 5431 non
464 5383 614 5440 erat,
671 5379 1293 5438 initiandis‘ardentes
1339 5379 1534 5440 cereos
1593 5389 1949 5445 tenentibus.

294 5447 410 5510 Qua
449 5451 538 5521 de,
554 5465 616 5503 re
641 5452 785 5505 alias
818 5453 1066 5521 agimus.

368 5520 488 5599 (5:2)
522 5520 731 5599 Liquet
752 5520 966 5599 aliquid
1001 5527 1241 5599 deesse:
1276 5527 1425 5595 quod
1463 5527 1600 5581 dum
1635 5536 1952 5599 suggerant

303 5591 582 5713 meliores
651 5593 807 5661 libri,
852 5591 1310 5667 iacquiescamus
1388 5591 1779 5669 conjectura?
1813 5601 1948 5658 Lei-

303 5676 543 5713 citanae.

301 5676 543 5716 Chians.

372 5733 485 5804 (:33)
537 5732 720 5791 Graeci
770 5738 900 5794 novi
947 5736 1202 5812 φωτίζειν
1251 5744 1307 5795 et
1366 5758 1467 5812 pro
1518 5742 1847 5798 illuminare
1893 5748 1950 5798 et

2145 4965 2255 5033 (54)
2287 4963 2466 5018 δι’ωοί
2517 4962 2776 5018 sobolem
2819 4963 3070 5034 alicujus
3120 4982 3219 5036 per
3271 4965 3478 5036 saecula
3526 4963 3709 5036 conti-

2071 5042 2339 5098 nuatam,
2364 5039 2614 5089 stemma
2645 5034 3130 5107 genealogicum,w
3161 5034 3362 5107 σειράν,
3396 5036 3449 5107 id
3501 5042 3588 5089 est
3621 5034 3710 5088 ca-

2068 5114 2279 5169 tenam,
2313 5107 2532 5174 dicunt,
2567 5112 2627 5160 ut
2648 5102 2764 5178 Inoa
2795 5102 3064 5162 arborem.
3102 5102 3263 5178 Σειρᾶ
3293 5102 3591 5177 eadem;
3623 5114 3710 5160 est

2067 5178 2252 5232 series
2283 5178 2513 5248 generis
2543 5177 2836 5246 desinens,
2886 5195 3062 5248 quam
3095 5177 3207 5233 alia
3246 5182 3424 5248 series
3460 5195 3574 5248 non
3609 5194 3710 5231 ex-

2066 5249 2228 5317 cipit.
2279 5245 2439 5321 Conf.
2483 5266 2610 5316 quae
2640 5251 2707 5304 ad
2754 5245 2976 5319 p.157.
3025 5257 3098 5304 De
3136 5256 3307 5304 Verbo
3366 5245 3707 5321 διαδέχεσθαι

2063 5335 2300 5388 cessare,
2335 5320 2606 5385 desinere,
2640 5321 2853 5376 dicam.

2135 5393 2248 5461 (55)
2299 5391 2495 5454 Qualis
2524 5391 2702 5446 dictio
2739 5388 2970 5464 παλάμῃ
3020 5391 3308 5464 imp-Strat!
3359 5391 3506 5446 Vuce
3555 5408 3696 5464 pra;-

2065 5461 2334 5537 dicat_ur_._
2355 5479 2468 5516 non
2490 5477 2705 5537 Amanu.
2734 5461 3066 5537 _Exspectes
3100 5461 3411 5537 ’χρίειειιι
3437 5461 3692 5537 στεφανοῖ

2060 5534 2144 5587 vel
2179 5533 2374 5588 simile
2405 5533 2568 5604 quid,
2595 5534 2752 5604 quod
2786 5533 2992 5590 manus
3025 5533 3214 5590 faciat.
3252 5535 3458 5589 Verum
3492 5533 3701 5590 {Ethio-

2061 5619 2191 5683 pem
2226 5605 2396 5671 lavet,
2448 5607 2544 5676 qui
2601 5607 2912 5662 halbutiem
2954 5607 3238 5663 infantilis
3269 5609 3369 5660 aavi
3414 5608 3698 5674 corrigere

2059 5678 2347 5731 instituat.
