4108 6220
362 346 478 407 Si.

1424 332 1721 395 CONSTA
1736 330 1949 393 NTlNl
1998 325 2578 389 POBPHYROGEN
2591 329 2697 389 ITI

3647 325 3763 384 220

362 478 538 547 dicat,
580 468 902 544 unotOsque
945 471 1069 527 orbi
1131 468 1395 525 universo
1444 462 1717 521 ostendit.
1760 462 2009 519 Lavaoro

2134 456 2415 532 ῖύεργᾶται,
2449 458 2537 512 καὶ
2568 460 2835 532 Χριστοὺς
2866 459 2910 497 ⁹¹
2965 458 3077 530 (56)
3138 456 3279 530 ὑμᾶς
3338 452 3566 510 δεικνύει
3624 453 3768 529 πάσῃ

363 567 519 625 enim
573 563 966 624 sanctiﬁcans,
1046 556 1389 629 integritatis
1461 554 1584 608 oleo
1648 552 2011 622 majestatem

366 655 642 727 baptizat,
679 652 926 708 salutem
970 648 1244 703 Romanis
1272 650 1329 701 et
1374 642 1694 699 maximum
1732 639 2014 696 auxilium

362 750 419 802 et
448 743 691 815 gloriam
723 737 949 808 imperii
974 738 1170 792 donat.
1213 757 1240 783 »
1275 734 1548 802 Receptio
1582 730 1808 801 quinta,
1844 729 2015 783 Vene-

364 840 580 897 torum,
626 827 979 899 apelaticum
1027 825 1144 881 toni
1179 822 1401 894 obliqui
1434 820 1540 887 IV;
1575 842 1600 869 ‹‹
1636 823 1854 873 Lumen
1888 833 2012 870 ma-

369 920 650 979 terialiter
679 918 737 972 in
788 932 1026 985 corpore
1062 912 1353 985 apparuit,
1405 914 1469 965 ut
1499 926 1602 964 nos
1637 908 1829 962 lumen
1884 905 2013 961 facti

365 1026 498 1067 cum
535 1008 635 1064 Dei
684 1007 812 1062 luce
864 1004 1412 1061 commisceremur:
1474 1002 1684 1070 praesto
1734 1000 1823 1053 est
1864 1012 2015 1065 aqua

367 1099 622 1170 implens
654 1101 710 1152 et
742 1094 1046 1167 perficiens
1090 1091 1332 1162 spiritu:
1367 1105 1484 1144 una
1527 1087 1597 1143 ad
1624 1087 1816 1158 ipsum
1853 1100 2012 1141 acce-

375 1194 609 1257 damus,
641 1192 705 1242 ut
737 1204 850 1241 una
879 1200 1011 1239 cum
1053 1199 1118 1238 eo
1166 1180 1504 1238 exaltemur.
1543 1177 1768 1249 Signati
1816 1192 2016 1232 sumus

376 1295 584 1334 arcano
628 1276 823 1340 modo,
868 1274 966 1345 qui
1010 1272 1282 1327 virtutem
1332 1267 1591 1340 mysterii
1623 1266 2015 1338 cognovimus,

377 1366 746 1437 suscepimus
786 1379 989 1419 omnes
1021 1361 1365 1425 secundum,
1404 1374 1518 1412 non
1552 1355 1823 1426 primum,
1854 1354 2013 1409 Ada—

370 1474 560 1525 mum,
595 1460 657 1510 ut
688 1455 895 1509 renati.
919 1474 946 1501 ››
978 1448 1425 1506 Acclamationis
1446 1446 1618 1503 verba
1650 1448 1961 1501 cantantur
1984 1460 2015 1498 a

373 1543 821 1617 praecentoribus
854 1544 909 1596 et
939 1538 1175 1611 populo,
1208 1545 1269 1593 ut
1301 1536 1359 1593 in
1401 1535 1621 1592 caeteris
1643 1532 2013 1590 factionibus.

373 1637 667 1691 Postremo
704 1642 966 1687 cantores
990 1645 1221 1700 quoque
1239 1627 1596 1683 acclamant:
1630 1646 1659 1675 «
1692 1624 2015 1679 Adorantes

376 1724 589 1780 Christi
617 1719 973 1777 manifestati
995 1717 1297 1789 gloriam.»
1318 1714 1603 1786 Populus:
1631 1736 1658 1765 ιι
1680 1711 2016 1768 Diutissime

373 1815 737 1883 majestatem
774 1817 1025 1864 vestram
1059 1807 1211 1861 Deus
1245 1802 1568 1861 custodiat!
1604 1824 1630 1854 »

2124 549 2190 619 τῇ
2216 546 2525 621 οἰκουμένῃ.
2556 552 2643 620 Τῷ
2690 548 2906 621 λουτρῷ
2955 546 3058 623 γὰρ
3110 545 3357 619 ἁγιάσας,
3405 551 3505 613 τῆς
3566 545 3773 619 ἀφθαρ-

2125 635 2241 696 σίας
2297 640 2375 707 τῷ
2422 635 2594 708 ἐλαίῳ
2654 635 2903 710 βαπτίζει
2960 636 3059 703 τήν
3137 633 3444 708 βασιλείαν,
3503 633 3771 707 σωτηρίαν

2125 721 2471 797 δωρούμενος
2514 731 2631 787 τοῖς
2681 726 2974 798 Ῥωμαίοις
3033 724 3122 778 καὶ
3180 722 3471 797 ἀντίληψιν
3503 725 3613 795 (57)
3670 744 3767 795 με·

2124 815 2316 889 γίστην
2364 814 2452 869 καὶ
2504 813 2657 885 δόξαν
2688 818 2787 880 τῆς
2840 813 3138 888 βασιλείας.
3177 837 3205 865 ››
3238 815 3389 887 Δοχή
3424 820 3480 881 ι’,
3514 817 3619 866 τῶν
3672 818 3768 867 Βε-

2122 899 2311 970 νέτων,
2365 902 2691 959 ἀπελατικὸν
2905 902 3078 976 πλαγ.
3113 899 3195 958 δ’·
3253 902 3333 958 Τὸ
3393 904 3507 976 φῶς
3562 899 3771 975 ἕπὲφα-

2123 1013 2203 1047 νεν
2226 992 2428 1052 ὑλικῶς
2457 991 2508 1047 ἐν
2542 994 2777 1064 σώματι,
2804 990 2897 1046 *ίνα
2932 996 3045 1069 φῶς
3102 992 3380 1065 γενόμενοι
3433 994 3566 1045 Θεοῦ
3627 992 3765 1067 φωτὶ

2127 1086 2395 1156 μιγῶμεν.
2451 1081 2713 1155 Ηάρεστιν
2776 1079 2931 1136 ὕδατι
2987 1078 3204 1135 πλύνων
3261 1080 3349 1135 καὶ
3402 1077 3628 1134 τελειῶν
3687 1085 3765 1150 τῷ

2124 1172 2412 1243 πνεύματι,
2443 1168 2914 1245 ξσυγκατέλθωμεν
2971 1171 3172 1242 τούτῳ,
3220 1168 3317 1223 ’ίνα
3369 1170 3759 1241 συνανυψωθῶ·

2130 1281 2245 1331 μεν.
2308 1265 2721 1333 Σημειωθῶμεν
2786 1263 3061 1333 μυστικῶς
3127 1263 3223 1315 τοῦ
3308 1259 3614 1332 μυστηρίου
3671 1261 3771 1326 την

2127 1349 2284 1424 ἰσχὺν
2346 1345 3054 1426 ἐγνωκότες,ἆναλά6ωμὲν
3103 1349 3154 1403 οἱ
3214 1347 3407 1410 πάντες
3455 1348 3547 1402 τὸν
3593 1345 3769 1402 δεύτε-

2127 1460 2217 1513 ρον
2270 1441 2344 1512 μή
2392 1440 2483 1493 τὸν
2534 1443 2747 1513 πρῶτον
2782 1437 2963 1511 Ἀδὰμ
2997 1440 3073 1501 ὡς
3115 1436 3639 1512 ἀναγεννηθέντες.»
3689 1437 3769 1493 Τὰ

2127 1528 2182 1585 δὶ
2211 1536 2310 1598 τῆς
2343 1527 2613 1603 εὐφημίας
2646 1526 2779 1583 ἅκτα
2807 1526 3028 1599 ᾅδονται
3069 1528 3214 1603 παρά
3258 1547 3316 1581 τε
3361 1532 3470 1581 τῶν
3518 1531 3765 1600 κρακτὼν

2124 1618 2212 1673 καὶ
2256 1622 2354 1673 τοῦ
2398 1624 2553 1689 Λαοῦ,
2588 1618 2768 1679 καθὼς
2798 1618 2887 1672 καὶ
2932 1616 2984 1672 ἐν
3032 1622 3152 1679 ταῖς
3185 1616 3405 1678 λοιπαῖς
3439 1614 3651 1693 δοχαῖς.
3688 1617 3765 1672 Τὸ

2128 1705 2182 1761 δὲ
2238 1707 2548 1765 τελευταῖον
2606 1705 2765 1764 ἅκτον
2826 1705 3075 1780 λέγουσιν
3110 1706 3162 1761 οἱ
3195 1708 3420 1779 κράκται
3455 1723 3467 1736 ’
3504 1728 3532 1756 ‹‹
3589 1710 3765 1779 Προσ-

2125 1798 2449 1869 κυνήσαντες
2497 1801 2594 1852 τοῦ
2649 1795 2999 1874 ἐπιφανέντος
3030 1798 3276 1871 Χριστοῦ
3332 1796 3432 1864 τὴν
3492 1791 3646 1863 δόξαν
3683 1810 3697 1824 ·
3736 1818 3764 1845 ››

374 1901 400 1954 6
432 1899 565 1960 λαός
602 1916 614 1931 ο
664 1921 685 1948 ι
722 1893 1100 1973 Πολυχρὸνιον
1144 1895 1361 1962 ποιήσει
1396 1892 1422 1946 ὀ
1455 1890 1582 1951 Θεὸς
1614 1891 1713 1960 τὴν
1746 1889 1900 1966 ἁγίαν
1931 1885 2231 1962 βασιλείαν.
2267 1910 2295 1938 ››

942 1986 1037 2041 27
1074 1983 1307 2039 CAPUT
1351 1983 1438 2039 IV.

549 2074 981 2131 Acclamationes
1025 2074 1085 2127 in
1117 2073 1296 2127 sancti
1343 2072 1629 2127 Paschati:
1665 2070 1827 2141 festo.

445 2164 710 2235 Receptio
753 2163 939 2233 prima
986 2161 1357 2225 Venetorum,
1409 2176 1515 2215 vox
1565 2158 1734 2214 toniI
1788 2175 1800 2213 :
1853 2179 1881 2207 «
1917 2154 2013 2212 Di-

375 2254 525 2308 vinas
577 2250 1018 2307 resurrectionis
1072 2250 1330 2320 potentia
1374 2249 1576 2304 mortis
1619 2247 1831 2303 bellum
1863 2246 2013 2302 solu-

381 2347 503 2397 tum
552 2345 659 2396 est.
694 2363 717 2393 ι
783 2339 1065 2403 Secunda,
1129 2339 1525 2407 Prasinorum,
1596 2354 1703 2392 vox
1780 2337 1900 2392 toni
1944 2336 2011 2391 1:

386 2452 413 2479 ι(
450 2429 619 2484 Lucis
657 2427 959 2481 inaccessa:
1003 2429 1155 2482 faces
1197 2425 1469 2491 mortuis,
1510 2426 1608 2497 qui
1657 2425 1715 2480 in
1766 2425 2017 2480 tenebris

384 2522 570 2587 erant,
603 2516 861 2572 illuxere.
895 2514 1164 2570 Christus
1211 2515 1365 2569 enim
1417 2519 1683 2570 mortuus
1727 2514 2015 2587 apparuit,

386 2612 572 2663 morte
626 2614 869 2661 mortem
940 2605 1336 2674 exstinguens,
1402 2604 1660 2674 captivos
1728 2608 1853 2673 post
1900 2608 2017 2658 tres

384 2699 506 2753 dies
538 2710 852 2766 resurgens
875 2692 1267 2748 exsuscitavit.
1311 2692 1439 2763 Ipse
1470 2692 1711 2763 gloriam
1746 2697 2017 2761 vestram,

385 2786 627 2854 domini,
670 2784 769 2839 diu
802 2783 858 2837 in
893 2799 1148 2854 purpura
1180 2781 1502 2836 custodiet!
1542 2806 1561 2832 ι
1603 2782 1866 2851 Receptio
1904 2785 2023 2835 ter—

386 2877 487 2943 tia,
531 2875 917 2930 Venetorum:
957 2888 1063 2927 vox
1121 2870 1243 2926 toni
1276 2871 1393 2926 III:
1447 2893 1474 2921 ‹‹
1514 2871 1739 2926 Pascha
1795 2870 2022 2926 Domini

389 2964 555 3021 hodie
579 2963 867 3029 videntes,
884 2960 1163 3016 melodice
1179 2965 1235 3015 et
1253 2960 1607 3016 unanimiter
1628 2959 2021 3016 clamamus.»

384 3055 619 3120 Quarta,
674 3054 1038 3118 Venetorum,
1069 3067 1177 3106 vox
1223 3051 1344 3106 toni
1387 3051 1409 3104 Ι
1453 3066 1465 3103 :
1517 3072 1545 3100 «
1579 3049 1791 3105 Divina:
1843 3067 2027 3106 resur-

389 3143 664 3201 rectionis
713 3141 967 3213 potentia
1014 3141 1235 3205 mortis,
1286 3144 1392 3197 etc.
1434 3160 1459 3191 ο
1502 3140 1735 3209 Quinta,
1776 3140 2026 3196 Veneto-

388 3249 543 3298 rum,
571 3248 682 3287 vox
713 3230 831 3285 toni
863 3232 914 3285 I:
960 3234 1287 3284 «.IELernum
1339 3246 1470 3284 cum
1530 3230 1699 3284 Patre
1731 3230 2025 3301 imperans

2750 1978 3013 2033 ΚΕΦΑΛ.
3057 1978 3131 2033 Δ’.

2428 2070 2602 2123 "Ama
2630 2071 2698 2140 τῇ
2732 2069 2894 2142 δορτῇ
2934 2071 3030 2121 τοῦ
3063 2066 3221 2141 ἁγίου
3254 2065 3467 2141 Πάσχα.

2198 2160 2350 2237 Δοχή
2384 2156 2601 2234 πρώτη,
2633 2164 2740 2212 τῶν
2766 2158 3024 2229 Βενέτων,
3058 2158 3212 2231 φωνὴ
3245 2157 3346 2229 ἤχ,
3380 2157 3424 2209 α’
3459 2176 3471 2189 ·
3521 2178 3541 2204 α
3580 2159 3775 2222 Θεϊκῆς

2126 2248 2382 2323 ἐγέρσεώς
2418 2246 2701 2317 δυναστείᾳ
2729 2248 2756 2301 6
2786 2251 2882 2301 τοῦ
2914 2247 3144 2301 θανάτου
3194 2243 3441 2317 πόλεμος
3474 2241 3768 2309 διελύθη.»

2126 2339 2277 2412 Δοχή
2337 2340 2403 2412 β’,
2452 2342 2561 2392 τῶν
2623 2335 2917 2411 Πρασίνων,
2980 2337 3130 2414 φωνή
3186 2336 3288 2408 ἤχ.
3323 2334 3368 2388 α’
3404 2352 3417 2365 ⁸
3484 2356 3512 2385 ι(
3573 2333 3767 2393 Φωτὸς

2128 2426 2425 2500 ἀπροσίτου
2481 2422 2832 2498 λαμπηδόνες
2900 2427 3110 2497 νεκροῖς
3164 2420 3480 2495 ἐπέλαμψαν
3539 2425 3655 2483 τοῖς
3709 2420 3762 2474 ὲν

2130 2515 2329 2571 σκότει.
2362 2516 2592 2589 Χριστὸς
2637 2515 2738 2589 γὰρ
2789 2512 2943 2590 ὤφθη
2995 2513 3181 2588 νεκρὸς
3230 2511 3281 2566 ἐν
3329 2511 3503 2587 τάφῳ,
3553 2512 3761 2583 θανάτῳ

2130 2605 2354 2668 θάνατον
2418 2605 2747 2671 θανατώσας,
2804 2601 3156 2673 συνανὲσκησε
3193 2600 3320 2664 τοὺς
3379 2598 3635 2673 δεσμίους
3690 2604 3760 2673 τῇ

2129 2695 2414 2768 τριημὲρῳ
2470 2693 2633 2748 αὐτοῦ
2679 2692 2882 2769 ἐγέρσει
2916 2709 2929 2724 ⁸
2986 2690 3147 2753 αὐτὸς
3199 2693 3299 2761 τήν
3360 2688 3515 2762 δόξαν
3592 2692 3767 2764 ὑμῶν,

2133 2781 2408 2851 δεσπόται,
2443 2783 2517 2846 είς
2555 2789 2730 2856 μῆκος
2763 2781 2975 2857 χρόνων
3010 2783 3234 2860 φυΛάξει
3262 2783 3319 2835 ἓν
3443 2780 3717 2857 πορφύρᾳ.
3741 2804 3769 2831 »

2134 2872 2285 2946 Δοχὴ
2318 2873 2383 2946 γ’.
2415 2876 2520 2926 τῶν
2581 2872 2835 2941 Βενὲτων,
2868 2872 3018 2949 φωνὴ
3052 2871 3151 2945 ἤχ.
3186 2870 3233 2945 γ’
3259 2887 3272 2903 °
3327 2891 3355 2923 <<
3412 2869 3606 2943 Πάσχα
3663 2871 3773 2924 Κυ-

2136 2963 2255 3038 ρίου
2315 2962 2552 3034 σήμερον
2619 2961 2956 3033 καθορῶντες
3019 2954 3345 3030 μελῳδικῶς
3400 2958 3779 3032 κραυγάζομεν

2133 3049 2224 3106 καὶ
2254 3051 2302 3086 se
2328 3050 2675 3127 δμοφράνως.
2713 3071 2741 3099 ››
2773 3049 2924 3121 Δοχή
2963 3044 3031 3116 δ’.
3060 3052 3169 3101 τῶν
3204 3046 3459 3118 Βενέτωνν
3496 3048 3647 3125 φωνὴ
3676 3042 3784 3122 ἥκ-

2136 3142 2227 3194 α’·
2264 3164 2293 3191 ‹‹
2353 3144 2548 3209 Θεϊκῆς
2596 3139 2861 3213 ὲγὲρσεως
2919 3134 3222 3207 δυναστείᾳ,
3279 3159 3307 3186 ››
3354 3135 3445 3191 καὶ
3500 3137 3569 3191 τὰ
3634 3136 3782 3205 ἑξῆς.

2141 3231 2293 3304 Δοχὴ
2328 3230 2383 3295 ε’,
2415 3232 2523 3284 τῶν
2572 3229 2872 3302 Πρασὶνων,
2907 3230 3056 3304 φωνὴ
3247 3228 3291 3280 α’
3325 3244 3338 3260 ·
3370 3250 3396 3278 ››
3430 3228 3490 3283 '0
3531 3227 3781 3302 ἀχρόνως

387 3320 612 3377 ultimis
655 3318 861 3373 diebus
898 3318 1287 3388 temporaliter
1341 3334 1473 3371 cum
1508 3317 1838 3373 hominibus
1887 3336 2020 3374 con-

2138 3324 2216 3391 τῷ
2248 3320 2415 3392 Πατρὶ
2474 3313 2891 3390 συμϐασιλεῦων
2926 3316 3007 3371 ἐπ’
3040 3316 3286 3394 ἐσχάτων
3313 3321 3432 3379 τοῖς
3479 3316 3783 3390 ἀνθρώποις

386 3412 648 3465 versatus
686 3408 795 3461 fuit
827 3411 881 3462 et
911 3407 970 3461 in
1002 3422 1172 3463 cruce
1219 3410 1498 3461 tartarum
1544 3414 1903 3477 mortemque
1933 3425 2025 3462 ca-

395 3498 611 3570 ptivam
664 3498 906 3563 ducens,
947 3499 1072 3566 post
1120 3500 1235 3551 tres
1280 3494 1404 3549 dies
1448 3511 1557 3549 sua
1608 3496 2031 3551 resurrectione

399 3585 642 3641 mortuis
682 3583 1181 3639 resuscitationem
1243 3586 1495 3639 renovat.
1541 3583 1671 3654 Ipse
1719 3600 1897 3638 cornu
1940 3602 2031 3639 ve-

398 3680 610 3741 strum,
644 3672 886 3738 domini,
938 3672 1193 3727 victoriis
1252 3677 1453 3727 contra
1490 3673 1770 3729 Barbaros
1817 3674 2034 3729 exalta-

392 3765 509 3820 bitl
547 3786 575 3814 »
624 3763 895 3833 Receptio
946 3766 1129 3831 sexta,
1170 3764 1545 3828 Venetorum,
1597 3776 1703 3818 vox
1750 3762 1871 3817 toni
1914 3762 2032 3817 lll:

394 3877 421 3906 ‹‹
458 3854 629 3910 Lucis
650 3853 957 3907 inaccessae
986 3852 1211 3916 faces,»
1250 3856 1359 3907 etc.
1405 3850 1759 3906 Acelamatio
1791 3852 1849 3906 in
1875 3855 2039 3908 sexta

394 3943 721 4014 receptione
765 3958 777 3996 :
829 3941 1034 3996 dicunt
1064 3944 1365 3995 cantores:
1415 3959 1441 3992 ε
1493 3942 1725 3997 Creator
1772 3940 2037 3996 omnium

395 4037 451 4088 et
490 4032 796 4087 Dominus.
850 4030 1134 4085 «Clamat
1187 4034 1243 4086 et
1290 4030 1543 4102 populus
1600 4034 1717 4087 ter:
1767 4054 1787 4079 α
1834 4030 2041 4086 Multos

398 4140 583 4179 annos
613 4122 797 4178 vobis.
843 4142 869 4172 ››
904 4121 1179 4177 Cantores
1209 4138 1222 4177 :
1258 4143 1286 4170 «
1321 4120 1663 4177 Mirabiliter
1716 4135 1745 4176 e
1776 4121 2042 4191 sepulcro

2139 3411 2413 3482 χρονικῶς
2459 3406 2859 3483 συνανεστράφη
2920 3408 2984 3473 9³,
3037 3409 3130 3459 καῖ
3177 3403 3228 3458 ἐν
3287 3409 3368 3476 τῷ
3422 3410 3637 3480 σταυρῷ
3689 3409 3782 3461 τὸν

2140 3496 2273 3569 ᾅδην
2324 3497 2413 3550 καὶ
2473 3497 2698 3560 θάνατον
2758 3494 3206 3570 αἰχμαλωτίσας,
3268 3495 3554 3569 τριημέρῳ
3620 3495 3783 3551 αὐτοῦ

2142 3586 2349 3662 ἐγέρσει
2378 3591 2493 3646 τοῖς
2523 3590 2732 3659 νεκροῖς
2787 3586 2885 3653 τήν
2944 3584 3226 3639 ἀνάστασιν
3280 3583 3596 3659 ἐγκαινίζων
3638 3587 3784 3658 (58)·

2145 3675 2302 3736 αὐτὸς
2362 3674 2423 3729 τὸ
2467 3673 2623 3747 κέρας
2676 3674 2852 3747 ὑμῶν,
2899 3670 3175 3743 δεσπόται,
3225 3673 3494 3746 ἇνυψώσει
3535 3678 3652 3735 ταῖς
3711 3674 3790 3728 νί-

2145 3784 2263 3824 καις
2296 3763 2432 3817 κατὰ
2463 3756 2783 3835 Βαρϐάρων.
2821 3784 2848 3811 ››
2882 3762 3034 3839 Δοχὴ
3066 3768 3131 3829 ς’,
3178 3766 3286 3815 τῶν
3344 3761 3601 3831 Βενέτων,
3635 3764 3787 3839 φωνὴ

2147 3853 2247 3925 ἤχ.
2283 3853 2348 3927 γ’·
2395 3874 2419 3903 α
2473 3851 2664 3912 Φωτὸς
2724 3847 3022 3924 ἀπροσίτου
3088 3847 3436 3922 λυμπηδόνες
3498 3872 3524 3901 ››
3584 3850 3673 3904 καὶ
3730 3851 3794 3905 τὰ

2149 3939 2287 4010 ὶξῆς.
2322 3938 2651 4015 Ἀκτολογία
2675 3946 2773 4007 τῆς
2808 3940 2852 4001 ς’
2886 3936 3084 4016 δοχῆς.
3124 3937 3380 4014 Λέγουσιν
3412 3940 3462 3992 οἶ
3519 3940 3743 4013 κράκται
3778 3960 3790 3972 ·

2151 4054 2179 4081 ‹‹
2212 4031 2268 4083 Ὀ
2296 4034 2401 4084 τῶν
2436 4030 2651 4085 πάντων
2708 4029 2953 4099 Ποιητὴς
3009 4028 3099 4083 καὶ
3160 4029 3464 4098 Δεσπότης.
3492 4052 3518 4079 ››
3564 4030 3798 4104 Φθογγεῖ

2151 4117 2242 4173 καὶ
2276 4120 2303 4174 6
2354 4119 2483 4180 λαὸς
2516 4118 2575 4172 ἐκ
2603 4119 2666 4193 γ’·
2703 4141 2731 4169 ‹‹
2784 4115 3002 4173 Πολλοὶ
3090 4118 3217 4191 ὑμῖν
3248 4118 3463 4193 χρόνυι.
3502 4140 3528 4173 ι
3565 4119 3627 4173 Οἱ
3656 4121 3789 4194 κρά-

1776 4245 2007 4300 VARI/E
2049 4244 2463 4300 LECTIONES.

472 4364 513 4398 ⁹¹
546 4360 828 4439 χρηστοὺς
860 4363 988 4418 cod.
1067 4360 1113 4395 ⁹²
1141 4360 1227 4413 καὶ
1262 4376 1378 4416 om.
1412 4362 1540 4416 cod.
1618 4360 1664 4394 9³
1694 4357 2059 4438 συνανετρᾶφη
2093 4362 2184 4416 ed.

1431 4476 1631 4533 JOAN.
1673 4476 1819 4533 JAC.
1862 4477 2121 4532 REISKII
2162 4475 2744 4533 COMMENTARIUS.

465 4599 577 4669 (56)
609 4599 680 4651 M.
739 4593 1039 4669 χρηπυῷς.
1090 4594 1361 4669 Quorum
1411 4599 1611 4669 utrum
1680 4600 1929 4667 praestet,
1994 4597 2051 4653 in
2084 4599 2133 4657 D
2167 4600 2411 4669 ut__ssepe
2436 4592 2567 4647 fecit
2597 4592 2882 4669 Habertus
2912 4592 2970 4647 in
3012 4592 3356 4669 Pontificali.

396 4666 575 4725 dubio
618 4666 902 4741 relinquo.
938 4668 1201 4741 UnctineA
1220 4666 1427 4722 fuerint
1476 4667 1610 4722 novi
1666 4666 2048 4740 imperatores

399 4742 630 4806 CPtani,
666 4739 901 4811 disputo
926 4739 998 4795 ad
1030 4755 1081 4809 p.
1106 4739 1231 4793 218.

468 4814 582 4886 (57)
616 4810 920 4886 Auxilium.
966 4812 1210 4886 Proprie
1237 4814 1322 4866 est
1362 4810 1761 4886 reprehensio,
1802 4828 1904 4868 seu
1938 4830 2039 4886 ap-

398 4882 707 4955 prehensio
760 4902 792 4939 a
841 4884 1085 4954 postica,
1128 4883 1214 4955 vel
1260 4884 1523 4955 retractis
1567 4882 1714 4954 lapsi
1778 4890 1877 4939 aut
1908 4882 2040 4953 pro-

397 4947 559 5011 61ivis
590 4957 647 5010 in
692 4947 942 5011 ruinam.
997 4947 1519 5022 Ἀντιλαμϐἀνεσθαί
1571 4947 1721 5015 τινος
1768 4965 1853 5012 est
1884 4947 2038 5012 idem

399 5033 595 5083 nostro
616 5027 732 5083 sich
762 5026 1047 5097 jemande:
1087 5026 1415 5095 annchmen,
1445 5043 1548 5097 pro
1588 5043 1811 5092 curare,
1845 5029 2039 5100 solari,

388 5101 594 5181 juv‘are
635 5100 943 5181 aliquem“
966 5100 1089 5167 ejus
1132 5113 1369 5181 “churam‘
1402 5114 1571 5181 suam
1614 5100 1822 5181 facere1
1867 5104 2041 5181 aduse

394 5169 645 5226 trahere.
688 5169 811 5224 Vid.
850 5169 1006 5224 Infra
1044 5186 1097 5237 p.
1131 5169 1221 5233 30,
1267 5170 1389 5223 203.
1433 5175 1489 5225 et
1527 5172 1892 5226 Constantin.
1924 5172 2040 5230 Vit.

400 5243 581 5298 Basil.
621 5260 675 5313 p.
712 5243 831 5296 141.
871 5242 1011 5313 Hinc
1040 5240 1521 5313 intelligas_illud
1565 5241 2042 5313 Sexti‘Empirici

404 5309 681 5382 Pyrrhon.
710 5314 730 5367 Ι
759 5330 771 5367 :
804 5310 984 5365 Ἀλλὰ
1014 5311 1101 5365 καὶ
1150 5314 1257 5364 τῶν
1308 5309 1471 5365 αὐτοῦ
1513 5312 1697 5365 παθῶν
1728 5309 2043 5382 ἀντιληπτι-

404 5330 681 5435 ι’ἶηοοῐι.
712 5330 730 5367 ι
759 5330 771 5367 :
806 5330 984 5365 ἈΛΛα
1014 5330 1101 5365 και
1150 5331 1257 5364 των
1308 5331 1471 5365 αυτου
1513 5330 1697 5365 παυων
1728 5330 2043 5382 αντιΛηπτι-

401 5403 433 5435 κ
472 5404 495 5444 ς
528 5382 637 5465 ἐστι
705 5382 796 5435 καὶ
862 5382 1258 5465 παρηγορικᾷς,
1309 5384 1522 5465 solatur
1569 5394 1619 5465 et
1666 5388 1861 5439 mulcet
1927 5388 2043 5465 eius

402 5455 721 5525 passiones;
759 5455 985 5525 proprie
1020 5456 1387 5524 reprehendit
1417 5472 1514 5510 eas
1554 5456 1624 5510 ab
1647 5472 1909 5523 excessu,
1944 5462 2044 5511 aut

405 5530 472 5583 ad
503 5527 793 5598 se_trahit,
842 5531 1003 5597 putat
1040 5542 1137 5598 eas
1168 5527 1237 5580 ad
1273 5542 1333 5581 se
1377 5525 1682 5598 pertinere.
1718 5525 2040 5598 Ἀντίληψιν

405 5601 511 5650 τῶν
561 5594 857 5667 δημοσίων⁷
891 5597 1243 5667 πραγμάτων,
1294 5594 1748 5669 ρνὸσαναίίοηεηι
1801 5602 1880 5653 "ei

408 5671 564 5726 bliczc
596 5670 764 5725 habet
799 5672 1034 5723 Cedi'en.
1090 5686 1144 5739 p.
1193 5670 1313 5723 490.
1351 5674 1404 5723 et
1434 5668 1659 5741 Contin.
1702 5668 2041 5741 Theophan.

408 5760 462 5812 p.
504 5743 592 5798 88.
638 5742 832 5796 Potest
880 5757 1107 5811 quoque
1160 5741 1320 5795 reddi
1370 5740 1715 5797 vocabulum
1759 5740 2043 5811 proiectio,

2236 4666 2349 4736 (58)
2380 4666 2853 4721 Resurrectionem
2892 4667 3123 4720 mortuis
3166 4667 3476 4721 encwniare
3522 4671 3611 4721 est
3641 4683 3807 4724 mor-

2151 4737 2267 4792 tuis
2298 4737 2356 4790 in
2410 4736 2762 4808 resurgendo
2797 4737 2996 4805 praeire
3047 4753 3153 4791 suo
3217 4737 3502 4808 exemplo,
3545 4754 3807 4795 resurre-

2152 4810 2406 4865 ctionem
2434 4807 2635 4875 ordiri,
2665 4808 2915 4863 mortuis
2939 4807 3433 4864 resurrectionem
3459 4812 3520 4864 ut
3550 4826 3669 4865 rem
3703 4828 3807 4867 no-

2151 4896 2281 4936 vam
2315 4886 2370 4937 et
2426 4879 2715 4934 insuetam
2746 4882 3067 4953 praestare,
3118 4880 3407 4953 exhibere,
3453 4887 3803 4953 monstrare,

2153 4956 2415 5007 mortuos
2447 4952 2875 5006 resurrectione
2925 4950 3177 5006 initiare.
3227 4952 3327 5007 Est
3374 4954 3528 5008 enim
3573 4950 3802 5011 initiaré

2150 5025 2390 5094 aliquem
2423 5022 2621 5092 aliqua
2650 5038 2709 5075 re
2752 5037 2886 5095 eum
2918 5020 3099 5095 illius?
3121 5023 3202 5077 rei
3254 5024 3461 5078 notitia
3492 5031 3541 5078 et
3572 5026 3799 5095 experi-

2154 5101 2371 5155 mento.
2406 5100 2577 5149 antea
2629 5094 2956 5162 incognitas,
3008 5094 3288 5159 imbuere,
3329 5094 3661 5150 instruere.’
3689 5098 3800 5150 En-

2151 5168 2391 5222 ca’niare
2448 5165 2529 5241 ait
2562 5164 2646 5218 Du
2698 5164 3123 5241 GangeAGlo‘ss.
3175 5171 3297 5241 _Lat.
3353 5166 3407 5220 h.
3442 5183 3518 5229 v.,
3561 5166 3799 5241 ἐγκαινί-

2154 5242 2284 5304 ζειν,
2317 5244 2402 5291 est
2436 5238 2666 5309 initiare
2692 5237 2775 5291 vel
2830 5235 3053 5309 aliquid
3094 5239 3273 5309 primo
3316 5254 3569 5294 exercere
3600 5235 3689 5292 ὺει
3721 5242 3805 5293 in-

2153 5310 2318 5364 duere
2346 5326 2363 5362 :
2396 5307 2539 5362 unde
2567 5314 2771 5380 vestemg
2791 5307 2983 5374 novat,
3014 5308 3306 5380 cacumini,
3340 5312 3437 5380 qui
3472 5326 3650 5379 primo
3680 5327 3804 5365 eam

2155 5380 2339 5436 induit
2372 5381 2452 5434 vel
2491 5382 2700 5451 portat.
2753 5378 2895 5434 Inde
2945 5382 3031 5433 est
3063 5378 3387 5451 ἐγκαινίζειν
3418 5378 3646 5449 urbem,
3680 5382 3804 5436 bal-

2154 5467 2328 5505 neum
2366 5450 2688 5520 publicum,
2734 5455 3008 5513 statuam,
3056 5450 3300 5516 circum,
3352 5452 3657 5508 ecclesiam
3690 5453 3805 5506 ini-

2153 5524 2320 5585 tiare,
2356 5524 2651 5585 innovare,
2683 5539 2782 5589 pro
2818 5523 3008 5591 prima
3051 5524 3173 5577 vice
3214 5540 3525 5593 usurpare,
3563 5524 3796 5578 initium

2154 5596 2341 5718 {acere
2378 5594 2592 5676 .utendi
2627 5609 2823 5649 eorum
2876 5609 3247 5664 unoquoque,
3283 5595 3600 5652 secundum
3636 5596 3802 5650 indo-

2178 5682 2266 5718 em
2300 5680 2607 5718 cuiusoue.

2178 5682 2266 5721 em
2300 5680 2607 5735 cujusque.
