4108 6220
314 425 427 485 22ῖ

1376 405 1908 496 CONSTANTINI
1953 402 2650 484 PORPHYBOGENIT‘I

3603 408 3721 470 228

315 559 452 628 pulo
502 572 606 612 suo
654 557 883 620 Veneto,
919 555 974 605 et
1005 549 1209 603 dicunt
1259 549 1681 619 praecentores:
1736 565 1763 592 ‹‹
1810 542 1949 598 Feli-

2063 538 2306 616 σχολῶν,
2339 538 2471 609 μετὰ
2501 534 2590 591 καὶ
2621 538 2716 590 τοῦ
2749 534 3040 609 περατικοῦ
3072 530 3253 606 δήμου
3284 538 3392 588 τῶν
3447 536 3706 608 Βένέτων,

318 648 460 702 citer
498 645 651 701 venit
697 638 1228 708 (livina"m:ajcstas.
1268 658 1294 684 »
1345 635 1565 690 Clamat
1606 637 1662 687 et
1715 631 1959 703 populus

317 743 406 793 ter
451 754 464 792 :
518 757 544 784 «
578 726 1152 800 Felicitcruvcnistis.
1195 748 1224 776 »
1269 722 1720 780 Acclamationis
1767 725 1958 776 autem

318 831 448 883 acta
479 842 509 879 ιι
542 819 991 894 praecentoribus
1041 823 1093 872 et
1135 815 1348 888 populo
1401 817 1464 868 ut
1494 814 1549 866 in
1603 811 1842 882 reliquis
1875 827 1958 866 re-

318 915 684 988 ceptionibus
723 916 1046 968 cantantur.
1079 907 1443 962 Abeuntibus
1475 903 1750 969 dominis,
1785 918 1960 972 popu-

316 1009 405 1063 lus
437 1003 698 1061 cursoris
739 1001 913 1057 dicit:
969 1021 996 1048 ‹‹
1036 997 1223 1066 Salve,
1267 993 1672 1068 potentissime
1715 991 1962 1061 impera-

318 1104 427 1165 tor,
493 1094 772 1167 gaudium
850 1089 1030 1157 orbis,
1099 1084 1318 1142 famula
1377 1089 1496 1151 Dei,
1565 1082 1959 1136 Romanorum

317 1189 586 1255 felicitas,
641 1183 838 1240 laetitia
869 1183 1238 1245 Venetorum,
1270 1175 1538 1247 voluptas
1579 1177 1637 1228 et
1675 1173 1873 1239 decus,
1908 1173 1962 1224 te

317 1281 581 1337 divinum
610 1291 826 1332 numen
856 1275 1087 1327 centum
1119 1284 1303 1324 annos
1335 1264 1548 1338 populo
1581 1278 1687 1318 suo
1718 1273 1960 1332 prmesse

317 1373 496 1430 sinat.
521 1391 549 1419 »
584 1363 788 1422 Aliud:
826 1382 854 1411 «
897 1357 1188 1415 Gaudium
1232 1355 1424 1423 hodie,
1475 1349 1874 1422 tranquillitas
1905 1349 1960 1400 et

319 1461 487 1534 quies
521 1454 767 1528 ingens!
814 1450 1044 1506 Domini
1093 1447 1248 1504 enim
1298 1443 1582 1516 gaudium
1616 1439 1860 1534 indutu
1897 1441 1962 1492 ut

317 1528 651 1622 phosphori,
688 1544 747 1598 in
782 1541 1082 1611 majestate
1109 1535 1438 1609 splendent,
1472 1537 1529 1588 et
1557 1529 1682 1587 orbi
1714 1528 1957 1622 felicitas

317 1618 620 1710 contingit.
681 1635 879 1705 Ipsum
941 1628 1096 1686 enim
1163 1624 1441 1697 gaudium
1490 1625 1752 1676 nostrum
1801 1618 1957 1710 orbis

315 1731 487 1786 etiam
532 1708 732 1782 laetitia
779 1730 882 1778 est.
922 1744 941 1769 ι
1008 1718 1210 1774 Aliud:
1263 1737 1288 1765 «
1342 1717 1543 1768 Dextra
1598 1709 1692 1764 Dei
1751 1708 1955 1776 nostri,

316 1819 561 1884 domini,
596 1813 911 1887 potentiam
964 1809 1118 1876 fecit,
1169 1823 1278 1877 pax
1333 1804 1389 1857 in
1441 1801 1674 1874 proprio
1715 1797 1955 1887 imperio

2067 631 2156 682 καὶ
2215 625 2460 701 λέγουσιν
2512 627 2562 680 οἱ
2619 625 2866 699 κράκται’
2923 647 2949 675 ‹‹
2991 621 3185 685 Καλῶς
3238 621 3402 692 ἦλθεν
3451 629 3483 695 ἡ
3537 624 3715 691 ἔνθεος

2073 714 2337 790 βασιλεία.
2374 741 2402 767 ››
2435 717 2672 791 Φθογγεῖ
2701 715 2786 769 καὶ
2836 715 2862 767 6
2911 711 3042 774 λαὸς
3089 710 3147 766 ἔκ
3195 713 3404 787 τρίτοι)⁸
3458 738 3483 768 ιι
3515 713 3714 780 Καλῶς

2068 802 2264 874 ἤλθετε
2295 807 2336 861 ¹.
2368 825 2394 858 ι)
2431 806 2509 860 Τά
2541 801 2595 858 δὲ
2626 807 2725 868 τῆς
2757 802 3027 880 εὐφημίας
3059 800 3194 857 ἄκτα
3224 799 3444 873 ᾅδονται
3484 807 3628 881 παρά
3661 829 3718 861 τε

2068 899 2176 949 τῶν
2203 899 2446 970 κρακτῶν
2481 895 2568 949 καὶ
2603 899 2698 948 τοῦ
2733 892 2892 961 λαοῦ,
2933 891 3110 956 καθὼς
3139 895 3157 927 ³
3189 891 3277 946 καὶ
3330 891 3388 948 ἐκ
3433 900 3550 956 ταῖς
3599 894 3723 951 λοι-

2071 990 2198 1048 παῖς
2228 981 2444 1058 δοχαῖς,
2477 982 2565 1037 καὶ
2616 985 2748 1055 μετὰ
2791 982 2852 1036 τὸ
2901 982 3229 1047 ἀποκινῆσαι
3279 983 3404 1044 τοὺς
3457 980 3720 1048 δεσπότας

2071 1071 2214 1149 λέγει
2251 1074 2278 1127 6
2311 1072 2488 1146 δῆμος
2517 1073 2584 1126 τὰ
2633 1069 2870 1145 δρομικὰ
2920 1073 3051 1143 (71)’
3107 1095 3132 1121 ‹‹
3167 1071 3414 1145 Χαίροις,
3468 1076 3722 1145 κραταιό-

2068 1183 2195 1217 τατε
2242 1162 2603 1236 αὐτόκρατορ,
2647 1163 2794 1239 χαρᾶ
2832 1168 2932 1230 τῆς
2991 1159 3338 1232 οἰκουμένης,
3382 1167 3482 1217 toi}
3524 1165 3658 1217 Θεοῦ
3690 1165 3716 1218 6

2073 1253 2338 1326 θεράπων,
2396 1252 2685 1323 Ῥωμαίων
2749 1247 2996 1324 εὐτυχία,
3072 1246 3399 1324 ἀγαλλίασις
3458 1253 3715 1320 Βενέτων,

2071 1343 2371 1417 εὐφροσύνη
2415 1342 2505 1396 καὶ
2555 1341 2878 1413 κοσμιότης,
2920 1340 2977 1394 σὲ
3014 1342 3049 1410 ἡ
3102 1339 3293 1411 θεότης
3345 1339 3431 1395 ἐπὶ
3483 1342 3715 1416 χρόνους

2069 1432 2258 1489 έκατὸν
2291 1432 2496 1505 ἀξιώσῃ
2525 1432 2622 1500 τὴν
2657 1431 2847 1485 ἑαυτοῦ
2880 1428 3081 1484 διέπειν
3113 1427 3420 1486 πολιτείαν.
3453 1455 3480 1483 ››
3510 1429 3708 1488 Ἀλλο-

2071 1548 2098 1576 ‹‹
2130 1523 2281 1596 Χαρὰ
2316 1519 2422 1576 ὦδε
2473 1523 2731 1595 σήμερον,
2775 1518 2991 1596 γαλήνη
3042 1519 3129 1574 καὶ
3179 1519 3420 1594 πραότης
3467 1521 3709 1597 μεγάλη⁶

2070 1615 2119 1670 oi
2165 1615 2268 1690 γὰρ
2329 1609 2584 1666 δεσπόται
2645 1611 2818 1685 χαρὰν
2878 1611 3240 1685 ἠμφιεσμένοι
3297 1611 3371 1672 ὡς
3439 1611 3708 1688 ὲωσφόροι

2067 1702 2439 1774 ἐκλάμπουσιν
2471 1701 2520 1753 ἐν
2563 1704 2641 1771 τῷ
2683 1699 2890 1773 κράτει,
2942 1699 3032 1753 καὶ
3083 1697 3346 1769 δεξιοῦται
3395 1705 3472 1771 τῷ
3518 1701 3710 1774 κόσμῳ

2068 1790 2319 1865 εὐτυχία.
2351 1789 2502 1859 Αὐτή
2545 1789 2650 1864 γὰρ
2699 1787 2847 1863 χαρὰ
2893 1789 3052 1860 ἡμῶν
3097 1788 3188 1842 καὶ
3239 1786 3567 1862 ἀγαλλίασις
3614 1790 3713 1844 κό-

315 1910 490 1979 viget,
521 1875 699 1976 idque
743 1904 800 1957 in
833 1902 979 1970 ipso,
1024 1898 1095 1953 ad
1147 1893 1536 1960 clementiam,
1570 1891 1626 1943 in
1661 1888 1773 1943 {ide
1803 1886 1949 1942 exal-

2069 1903 2232 1956 σμου.
2267 1905 2293 1934 ›)
2327 1879 2535 1937 ⁶Ἀλλο.
2575 1903 2596 1930 ι
2631 1879 2895 1947 Ἐποίησε
2927 1875 3152 1951 δύναμιν
3181 1880 3215 1948 ἠ
3250 1875 3395 1948 δεξιὰ
3431 1885 3527 1934 τοῦ
3576 1885 3708 1935 Θεοῦ

319 1997 478 2052 tavit.
513 1994 813 2050 Gaudeant
845 1988 1110 2046 cmlestes
1130 1985 1442 2054 spirituum
1476 1979 1784 2042 exercitus,
1817 1991 1956 2048 gau-

317 2087 493 2140 deant
524 2083 702 2153 copiae
722 2082 1137 2143 Romanorum,
1157 2069 1472 2127 Christiani
1495 2083 1718 2131 omnes,
1741 2066 1950 2121 festum

314 2176 427 2228 Deo
461 2169 829 2234 celebraturi,
862 2165 1037 2221 simul
1070 2159 1397 2234 gaudeant!
1434 2179 1461 2207 η
1503 2155 1810 2210 Sciendum
1845 2160 1951 2221 est,

313 2261 431 2315 hinc
485 2257 746 2313 cursoris
792 2256 850 2309 in
905 2255 1124 2308 carioris
1192 2265 1421 2322 quoque
1481 2241 1953 2318 processionihus

311 2349 557 2405 recitari.

381 2605 449 2657 Il.
477 2599 744 2670 Receptio
763 2597 1019 2652 secunda
1041 2595 1099 2648 in
1125 2593 1476 2648 aedesSancti
1494 2591 1951 2662 Polyeucti.Stat

311 2692 391 2747 ibi
425 2691 700 2744 tribunus
745 2686 1100 2740 Venetorum
1133 2699 1264 2737 cum
1300 2681 1550 2737 factione
1589 2682 1741 2750 alba,
1775 2687 1831 2736 et
1862 2681 1948 2734 di-

311 2783 448 2835 cunt
479 2782 746 2833 cantores
781 2791 793 2828 z
822 2795 848 2824 «
875 2773 1135 2827 Feliciter
1167 2770 1322 2826 venit
1363 2769 1557 2824 divina
1589 2771 1886 2839 majestas.
1921 2793 1946 2818 »

306 2864 757 2923 Acclamationis
805 2877 939 2917 vero
987 2865 1114 2916 acta
1155 2878 1187 2916 a
1235 2859 1566 2915 cantoribus
1614 2864 1670 2914 et
1713 2859 1947 2930 populo,

308 2960 403 3014 31
445 2961 508 3013 ut
536 2955 596 3012 in
619 2953 841 3010 caeteris
865 2967 1098 3022 quoque
1131 2948 1584 3020 receptionibus,
1616 2953 1944 3004 cantantur.

307 3047 576 3116 Receptio
617 3044 786 3100 tertia
815 3043 886 3097 ad
947 3041 1218 3097 Sanctam
1269 3038 1659 3110 Euphemiam
1703 3037 1943 3110 Olybrii.

303 3142 426 3192 Stat
457 3136 536 3189 ibi
579 3134 853 3189 tribunus
916 3131 1293 3186 PrasinOrum
1347 3144 1448 3184 seu
1481 3129 1783 3184 excubitor
1815 3143 1945 3183 cum

306 3223 639 3281 lransitorio
691 3217 1064 3276 Prasinorum
1112 3217 1347 3290 populo,
1399 3213 1456 3272 et
1485 3216 1945 3272 cursoriatonil

303 3315 444 3369 dicit
478 3332 489 3369 :
524 3336 550 3362 ‹‹
583 3313 691 3376 Qui
731 3314 1015 3365 azternum
1070 3307 1242 3371 Patri,
1280 3328 1306 3354 ››
1358 3310 1468 3362 etc.
1501 3308 1640 3362 Acta
1671 3322 1800 3361 vero
1851 3322 1941 3360 ac-

304 3401 676 3456 clamationis
707 3416 739 3451 a
771 3397 1111 3451 cantoribus
1142 3399 1197 3450 et
1228 3394 1465 3466 populo,
1517 3398 1578 3447 ut
1606 3394 1662 3448 in
1719 3394 1946 3449 caeteris

307 3486 738 3556 receptionibus
769 3499 896 3538 mos
955 3474 1381 3551 est,'cantatur.
1427 3479 1697 3551 Receptio
1738 3488 1947 3551 quarta

303 3578 368 3629 ηιι
402 3572 892 3644 Philadelphium.
918 3568 1044 3624 Stat
1064 3569 1143 3624 ibi
1167 3570 1436 3641 princeps
1462 3569 1809 3624 Venetorum
1845 3586 1942 3623 seu

303 3662 657 3718 domesticus
678 3660 1011 3715 scholarum
1031 3676 1162 3714 cum
1195 3658 1547 3714 Venetorum
1577 3657 1808 3730 populo.
1837 3660 1943 3712 Ac-

301 3751 670 3808 clamationis
713 3753 908 3804 autem
967 3752 1095 3803 acta
1143 3765 1176 3802 a
1232 3747 1570 3802 cantoribus
1613 3751 1670 3802 et
1709 3746 1942 3818 populo,

305 3847 368 3895 ut
419 3842 477 3895 in
540 3841 761 3895 caeteris
817 3837 1244 3910 receptionibus
1312 3837 1554 3904 obtinet,
1610 3841 1939 3892 cantantur.

301 3932 512 3994 Quinta
544 3931 614 3985 ad
645 3935 896 3984 Taurum
924 3947 937 3998 ;
992 3933 1101 3984 stat
1141 3929 1221 3983 ibi
1253 3929 1527 3983 tribunus
1568 3928 1942 3984 Prasinorum

308 4037 439 4074 cum
490 4019 736 4074 {actione
788 4033 990 4083 russa;
1047 4021 1172 4072 acta
1230 4032 1362 4073 vero
1422 4017 1858 4074 acclamationis
1913 4035 1946 4072 a

309 4109 645 4165 cantoribus
687 4114 743 4164 et
793 4107 1003 4180 populo
1054 4115 1108 4162 ut
1159 4107 1218 4162 in
1249 4108 1470 4164 caeteris
1520 4109 1946 4179 receptionibus

301 4202 637 4256 recitantur.
671 4199 845 4254 Sexta
876 4199 946 4252 ad
999 4197 1273 4252 fornicem
1309 4197 1593 4266 pistorum
1625 4215 1637 4252 :
1680 4213 1944 4253 reversus

306 4288 456 4343 idem
495 4289 771 4343 tribunus
813 4303 944 4341 cum
1008 4285 1215 4352 russis,
1271 4285 1538 4340 dominos
1593 4286 1674 4338 ibi
1707 4287 1941 4356 excipit.

304 4375 756 4432 Acclamationis
799 4378 990 4428 autem
1024 4380 1151 4428 acta
1193 4389 1223 4426 a
1260 4372 1715 4442 praecentoribus
1764 4381 1815 4429 et
1848 4390 1942 4444 po-

300 4465 435 4536 pulo
472 4472 532 4518 ut
565 4465 622 4518 in
683 4463 902 4518 caeteris
958 4459 1384 4532 receptionibus
1433 4466 1763 4519 cantantur.
1811 4469 1945 4536 Sep~

299 4557 442 4611 timo
481 4557 538 4609 in
588 4555 747 4622 loro;
801 4558 919 4608 stat
959 4551 1037 4607 ibi
1096 4553 1364 4624 princeps
1432 4553 1804 4610 Prasinorum
1839 4572 1938 4610 seu

2067 1975 2254 2043 ἡμῶν,
2290 1967 2567 2036 δεσπόται,
2600 1962 2926 2022 ἀντελάϐετο
2975 1966 3164 2040 εἰρήνη
3203 1973 3304 2037 τῆς
3360 1965 3500 2030 ἰδίας
3548 1969 3708 2024 πολι-

2063 2061 2232 2128 τείας,
2275 2061 2364 2114 καὶ
2417 2057 2468 2112 ἐν
2515 2055 2662 2128 αὐτῷ
2709 2055 2762 2111 ἐν
2808 2059 2875 2129 τῇ
2920 2056 3096 2111 πίστει
3144 2056 3326 2131 ὕψωσε
3371 2059 3508 2128 πρὸς
3548 2058 3707 2132 εὐμέ-

2064 2172 2231 2209 νειαν.
2282 2148 2610 2226 Ἀγάλλεσθε
2660 2148 2902 2221 οὐράνιαι
2952 2147 3194 2222 στρατιαὶ
3235 2153 3342 2204 τῶν
3381 2149 3706 2223 ἀσωμάτων,

2064 2238 2410 2316 συναγάλλου
2468 2235 2828 2313 στρατόπεδον
2887 2242 2994 2293 τῶν
3077 2239 3392 2311 Ῥωμαίων,
3441 2240 3528 2294 καὶ
3608 2239 3707 2294 έπ-

2062 2330 2361 2406 αγάλλεσθε
2409 2329 2431 2363 ³
2495 2329 2688 2390 πάντες
2736 2328 3054 2403 Χριστιανοὶ
3105 2329 3376 2402 ἑορτάζειν
3420 2329 3627 2403 Κυρίῳ.
3672 2352 3700 2380 ››

2064 2420 2281 2490 Ἰστέον,
2315 2418 2396 2474 δτι
2428 2423 2598 2473 ταῦτα
2641 2419 2709 2472 τὰ
2757 2414 2996 2492 δρομικὰ
3052 2415 3302 2494 λέγονται
3349 2417 3439 2472 καὶ
3484 2418 3533 2472 ἐν
3579 2423 3703 2481 ταῖς

2062 2509 2285 2572 λοιπαῖς
2313 2506 2686 2582 προελεύσεσι.

2133 2599 2204 2654 Β“.
2267 2599 2419 2671 Δοχή
2585 2597 2659 2658 εἷς
2716 2598 2807 2652 τὸν
2864 2597 3012 2671 ἅγιον
3063 2593 3422 2652 Πολύευκτον.
3476 2597 3702 2674 Δέχεται

2058 2685 2229 2741 ἐκεῖσε
2263 2688 2290 2740 6
2323 2683 2613 2762 δήμαρχος
2643 2691 2749 2740 τῶν
2786 2687 3016 2740 Βενέτων
3052 2685 3185 2758 μετὰ
3232 2690 3328 2740 τοῦ
3380 2683 3560 2759 δήμου
3609 2689 3706 2739 τοῦ

2061 2774 2282 2843 λευκοῦ,
2329 2775 2418 2830 καὶ
2466 2773 2720 2850 λέγουσιν
2767 2776 2818 2828 0i
2870 2773 3116 2850 κράκται⁶
3177 2799 3194 2824 ιι
3232 2775 3427 2835 Καλῶς
3477 2773 3641 2843 ἦλθεν
3669 2776 3706 2843 ἡ

2060 2863 2244 2928 ἔνθεος
2281 2862 2551 2940 βασιλεία.
2589 2888 2617 2916 ››
2650 2865 2727 2920 Τὰ
2763 2861 2820 2917 δὲ
2851 2870 2950 2932 τῆς
2989 2862 3257 2939 εὐφημίας
3307 2862 3438 2919 ἄκτα
3486 2861 3710 2934 ᾅδονται

2059 2955 2204 3028 παρά
2251 2975 2308 3008 τε
2350 2955 2456 3008 τῶν
2505 2955 2751 3028 κρακτῶν
2803 2953 2891 3007 καί
2934 2957 3030 3007 τοῦ
3079 2951 3239 3022 λαοῦ,
3288 2955 3464 3016 καθὼς
3513 2954 3605 3008 καὶ
3656 2953 3704 3007 ἐν

2057 3047 2176 3105 ταῖς
2212 3041 2436 3105 λοιπαῖς
2470 3039 2687 3116 δοχαῖς.
2722 3043 2873 3116 Δοχή
2904 3043 2948 3114 γ’
2979 3041 3055 3105 εἷς
3087 3041 3185 3109 την
3237 3041 3386 3116 ἁγίαν
3437 3041 3705 3119 εὐφημίαν

2057 3135 2153 3185 τοῦ
2193 3127 2514 3205 Ὀλυϐρίου.
2580 3132 2814 3206 Δέχεται
2879 3131 3049 3185 ἐκεῖσε
3107 3132 3134 3185 6
3194 3127 3546 3205 δημοκράτης
3601 3135 3707 3186 τῶν

2059 3223 2359 3295 Πρασίνων,
2404 3222 2571 3297 ἤγουν
2596 3222 2623 3274 6
2657 3215 3007 3281 ἐκσκούϐιτος
3041 3221 3175 3292 μετά
3203 3221 3291 3274 καὶ
3338 3224 3434 3274 τοῦ
3484 3239 3700 3294 περατι-

2057 3315 2153 3366 κοῦ
2186 3308 2367 3383 δήμου
2396 3315 2503 3366 τῶν
2549 3312 2851 3386 Πρασίνων,
2901 3309 2992 3365 καὶ
3041 3308 3184 3383 λέγει
3236 3307 3470 3384 δρομικὰ
3499 3305 3601 3384 ἥχ.
3637 3312 3698 3363 α’⁶

2059 3423 2085 3450 ‹‹
2116 3400 2179 3455 Ὀ
2210 3399 2464 3474 ἀχρόνους
2516 3403 2592 3470 τῷ
2642 3399 2810 3472 Πατρὶ
2843 3422 2872 3450 ››
2923 3399 3013 3452 καὶ
3061 3399 3128 3453 τὰ
3176 3399 3318 3467 ἑξῆς.
3369 3399 3450 3454 Τὰ
3499 3395 3554 3452 δὲ
3600 3405 3699 3466 τῆς

2059 3485 2330 3564 εὐφημίας
2383 3485 2518 3541 ἄκτα
2577 3483 2792 3558 ’ᾅδονται
2850 3487 2993 3561 παρά
3031 3507 3090 3540 τε
3143 3489 3250 3541 τῶν
3309 3490 3556 3561 κρακτῶν
3609 3484 3698 3540 ναὶ

2057 3577 2153 3631 τοῦ
2187 3575 2344 3645 λαοῦ,
2378 3577 2561 3638 καθὼς
2593 3577 2684 3630 καὶ
2716 3574 2770 3631 ἒν
2799 3582 2919 3638 ταῖς
2951 3575 3170 3638 λοιπαῖς
3206 3573 3420 3651 δοχαῖς.
3474 3578 3626 3653 Δοχή
3661 3575 3700 3630 δ’

2058 3665 2133 3724 εἰς
2190 3666 2251 3720 τὸ
2303 3662 2692 3742 Φιλαδέλφιον.
2741 3664 2964 3739 Δέχεται
3011 3665 3226 3720 κάκεῖσε
3269 3667 3297 3719 6
3347 3661 3699 3739 δημοκράτης

2058 3758 2167 3808 τῶν
2201 3755 2459 3823 Βενέτων,
2492 3753 2657 3828 ἥγοτν
2685 3755 2709 3788 4
2739 3753 2767 3808 ὁ
2800 3751 3119 3827 δομέστικος
3151 3759 3259 3808 τῶν
3291 3752 3536 3829 σχολῶν,
3573 3754 3708 3827 μετὰ

2057 3843 2148 3898 xxi
2200 3847 2296 3897 τοῦ
2344 3847 2637 3917 περατικοῦ
2687 3840 2872 3916 δήμου
2920 3848 3028 3898 τῶν
3072 3842 3332 3899 Βενέτιον.
3382 3844 3456 3896 Τὰ
3505 3841 3562 3897 δέ
3603 3850 3703 3911 τῆς

2059 3932 2332 4013 εὐφημίας
2383 3932 2518 3989 ἄκτα
2567 3931 2786 4004 ᾅδονται
2843 3935 2986 4008 παρά
3033 3954 3090 3988 τε
3146 3937 3250 3988 τῶν
3309 3936 3556 4007 κρακτῶν
3617 3931 3705 3984 καὶ

2055 4028 2156 4079 τοῦ
2190 4022 2350 4093 λαοῦ,
2379 4025 2560 4086 καθὼς
2592 4024 2682 4078 καὶ
2713 4023 2764 4078 ἐν
2797 4028 2914 4085 ταῖς
2947 4021 3168 4084 λοιπαῖς
3207 4020 3424 4097 δοχαῖς.
3477 4021 3632 4098 Δοχὴ
3664 4019 3699 4074 ε’

2057 4112 2132 4175 εἷς
2163 4114 2254 4168 τὸν
2287 4116 2521 4188 Ταῦρον.
2557 4113 2792 4188 Δέχεται
2824 4112 2992 4166 ἐκεῖσε
3022 4113 3049 4166 6
3083 4109 3373 4186 δήμαρχος
3403 4115 3510 4164 τῶν
3556 4116 3702 4183 Πρα-

2058 4201 2219 4254 σίνων
2257 4202 2390 4273 μετᾶ
2429 4197 2523 4254 τοῦ
2557 4195 2742 4273 δήμου
2784 4203 2880 4254 τοῦ
2913 4199 3154 4273 ῥουσίου,
3189 4198 3272 4256 Τὰ
3302 4197 3360 4252 δὲ
3398 4204 3497 4267 τῆς
3541 4196 3704 4275 εὐφη-

2060 4290 2184 4362 μίας
2235 4287 2368 4344 ἂκτα
2415 4285 2632 4359 ᾅδονται
2686 4290 2831 4364 παρά
2885 4306 2942 4343 τε
2997 4293 3104 4344 τῶν
3157 4292 3404 4364 κρακτῶν
3459 4285 3548 4341 καὶ
3606 4288 3700 4340 τοῦ

2056 4376 2083 4432 6
2115 4377 2272 4445 λαοῦ,
2314 4376 2493 4441 καθὼς
2522 4379 2608 4431 καὶ
2642 4375 2695 4430 ἐν
2725 4382 2845 4442 ταῖς
2875 4375 3097 4441 λοιπαῖς
3128 4374 3343 4444 δογαῖς.
3381 4376 3541 4450 Δοχὴ
3576 4373 3616 4443 ζ’
3646 4373 3698 4428 ἐν

2057 4471 2135 4538 τῷ
2167 4467 2444 4542 φουρνικῷ
2476 4469 2585 4520 τῶν
2618 4463 2958 4540 ἂρτοπωλῶν
2989 4467 3008 4502 ⁵
3041 4466 3172 4540 (72).
3207 4463 3700 4542 Ὑποστρεφόμενος

2056 4556 2220 4615 αὐτὸς
2255 4551 2546 4629 δήμαρχος
2587 4555 2720 4626 μετᾶ
2754 4558 2850 4610 τοῦ
2885 4552 3066 4628 δήμου
3104 4559 3200 4608 τοῦ
3234 4555 3474 4628 ῥουσίου,
3505 4555 3706 4607 ποιοῦ-

297 4645 598 4700 excuhitor
627 4659 758 4700 cum
794 4640 1004 4713 populo
1029 4641 1286 4697 Prasino.
1321 4640 1769 4698 Acclamationis
1809 4660 1941 4700 vero

2063 4664 2141 4698 σιν
2189 4646 2210 4680 ⁸
2261 4646 2375 4717 (73)
2424 4642 2534 4698 ἐκεῖ
2581 4641 2778 4719 δοχήν.
2833 4645 2913 4701 Τὰ
2972 4642 3028 4699 δὲ
3095 4651 3194 4705 τῖες
3246 4643 3518 4721 εὐφημίας
3571 4638 3704 4696 ἕκτα

294 4739 423 4789 acta
456 4751 488 4787 a
519 4731 853 4788 cantoribus
884 4736 939 4786 et
969 4730 1176 4801 populo
1219 4735 1279 4786 ut
1311 4733 1365 4786 in
1401 4732 1620 4787 caeteris
1655 4733 1934 4805 receptio-

295 4822 469 4878 nibus
503 4825 830 4877 cantantur.
867 4821 1080 4877 Octava
1129 4821 1189 4876 in
1221 4821 1489 4878 Przelorio
1513 4840 1530 4877 :
1572 4826 1687 4880 stat
1717 4824 1794 4880 ibi
1830 4826 1937 4880 tri-

291 4911 489 4968 bunus
522 4915 867 4968 Venetorum
898 4926 1029 4978 cum
1054 4911 1268 4982 populo
1300 4913 1450 4968 albo.
1489 4912 1939 4972 Acelamationis

2051 4727 2271 4803 ᾅδονται
2306 4733 2450 4807 παρά
2490 4753 2548 4787 τε
2593 4737 2701 4788 τῶν
2750 4737 2995 4806 κρακτῶν
3047 4732 3136 4786 καὶ
3175 4736 3270 4787 τοῦ
3321 4732 3476 4799 λαοῦ,
3525 4730 3704 4791 καθὼς

2051 4825 2140 4878 καὶ
2180 4822 2231 4878 ἐν
2273 4827 2391 4884 ταῖς
2427 4821 2650 4886 λοιπαῖς
2684 4819 2898 4901 δοχαῖς.
2935 4822 3085 4898 Δοχή
3120 4821 3162 4892 ζ’
3194 4821 3248 4877 ἐν
3278 4826 3358 4894 τῷ
3390 4821 3562 4899 φόρῳ.
3609 4818 3705 4874 Δέ-

2049 4934 2209 4988 χεται
2240 4911 2413 4967 ἐκεῖσε
2453 4913 2480 4966 6
2535 4910 2891 4985 δημοκράτης
2938 4915 3045 4966 τῶν
3097 4911 3398 4987 Πρασίνων,
3449 4910 3620 4984 ἤγουν
3676 4910 3704 4963 ὁ

1653 5040 1892 5100 VARI/i3
1934 5039 2356 5102 LECTIONES.

363 5167 378 5200 ί
413 5161 510 5231 ἠλ.
544 5163 940 5235 superscripto
973 5171 1001 5224 0
1033 5163 1182 5231 cod.,
1215 5159 1384 5230 ἦλθες
1416 5165 1534 5221 sive
1564 5164 1761 5234 ἤλθετε
1793 5169 1859 5224 R.

287 5252 420 5309 add.
454 5254 546 5310 ed.
623 5253 644 5288 ⁸
673 5249 1034 5331 ἀφτοπουλῶν
1064 5253 1191 5309 cod.
1267 5253 1290 5286 δ
1318 5257 1545 5308 ποιῶσιν
1579 5267 1703 5314 cod.

1954 5171 1975 5204 ²
2003 5164 2181 5232 καθὼς
2216 5162 2267 5219 έν
2301 5163 2390 5220 ed.

2489 5159 2513 5197 ³
2544 5160 2944 5238 συναγάλλεσθε
2992 5165 3083 5222 ed.
3179 5163 3203 5196 ⁴
3235 5162 3262 5216 6
3308 5164 3442 5220 ante
3501 5157 3701 5234 δομέστ

1352 5397 1556 5456 JOAN.
1588 5401 1707 5457 JAC
1750 5400 2018 5458 REISKII
2059 5393 2638 5457 COMMENTARIUS.

363 5541 474 5614 (7t)
526 5541 771 5595 Videtur
827 5538 1107 5614 carminis
1177 5540 1591 5614 concitatioris,
1652 5541 1940 5614 dactylici,

291 5611 549 5667 celeriter
580 5613 871 5666 currentis
920 5627 1062 5677 esse,
1117 5610 1283 5681 quale
1333 5612 1567 5682 abeunti
1616 5610 1938 5682 accinilur,

290 5689 570 5739 nostrates
603 5683 857 5738 dicerent
889 5699 952 5754 en
987 5683 1196 5737 Marsch
1227 5681 1389 5738 Conf.
1425 5700 1479 5754 p.
1527 5685 1616 5754 34.

363 5757 472 5824 (72)
527 5755 601 5812 Μ.
645 5751 1031 5828 ἀρτοπουλῶν,
1092 5759 1365 5828 neutrum
1427 5751 1599 5821 male,
1634 5756 1744 5812 hoc
1775 5775 1935 5813 nova:

289 5827 636 5896 Graecitatis,
688 5826 842 5883 illud
922 5826 1439 5899 grammaticorum
1530 5829 1934 5887 sanctionibus

2056 5546 2284 5599 autum.

2095 5561 2361 5682 Ρῖῗεῐῗίι.
2421 5611 2676 5662 ποιῶσιν.
2727 5610 3219 5681 Frequentissime
3277 5614 3374 5682 aut
3430 5605 3706 5682 librarius

2053 5676 2269 5750 noster,
2306 5685 2407 5762 aut
2438 5686 2643 5762 auctor
2675 5682 2798 5752 ipse
2837 5676 2905 5736 ex
2939 5697 3096 5736 more
3146 5680 3342 5762 saeculi
3374 5676 3702 5762 subjun‘cti-

2050 5773 2189 5812 vum
2235 5747 2338 5825 pro
2391 5747 2714 5825 indicativo
2754 5759 3016 5825 usurpat,
3076 5757 3177 5825 aut
3223 5751 3417 5825 potius
3466 5747 3510 5801 ω
3548 5752 3708 5825 e‘t~oo

2051 5814 2387 5900 promiscue
2417 5822 2659 5890 habent,
2717 5831 2780 5879 ut
2810 5814 3010 5894 patuit
3031 5814 3294 5878 modo-in
3328 5814 3705 5894 ἄρτοπουλῶν.
