4108 6220
326 403 445 466 229

1182 401 1283 461 DE
1324 398 1792 461 CERIMONIIS
1841 401 2076 463 AUIuE
2121 401 2599 465 BYZANTINB
2640 405 2790 466 LIB.
2836 406 2884 467 Ι.

3621 404 3739 468 230

328 527 708 603 ἐκπούόιτος,
743 530 880 603 μετὰ
930 534 1029 586 τοῦ
1067 532 1362 604 περατικοῦ
1402 526 1584 603 δήμου
1631 533 1743 584 τῶν
1784 531 2019 604 Πρασί-⁴

2096 549 2231 589 vero
2262 540 2393 590 acta
2426 552 2458 591 a
2488 536 2828 593 cantoribus
2858 540 2915 594 et
2947 534 3160 610 populo
3193 542 3258 595 ut
3289 537 3348 593 in
3392 540 3616 597 ceteris
3648 555 3742 596 re-

324 644 452 678 νων.
493 622 571 676 Τὰ
606 616 665 676 δὶ
707 626 808 690 τῆς
848 619 1121 697 εῦςρημίας
1158 617 1293 675 ἅκτα
1330 615 1553 690 ᾅδονται
1594 619 1741 692 παρὰ
1776 639 1834 674 τε
1871 620 1979 676 τῶν

320 716 576 786 κρακτιῖΝ
633 710 725 765 καὶ
792 713 891 765 τοῦ
950 707 1110 779 λαοῦ,
1160 709 1339 773 καθὼς
1378 708 1467 764 καὶ
1508 706 1559 763 ἒν
1599 712 1718 770 ταῖς
1760 707 1982 770 λοιπαῖς

325 801 530 880 δοχαῖς
595 802 750 875 Δοχὴ
819 802 871 870 η“
938 798 992 856 ἐν
1040 803 1121 872 τῷ
1159 798 1501 875 πραιτωρίῳ.
1544 798 1770 877 Δέχεται
1812 798 1982 854 ικεῖσε

323 893 352 946 ὁ
394 890 693 965 δήμαρχος
726 894 835 945 τῶν
876 889 1140 955 Βενέτων,
1187 890 1324 961 μετὰ
1363 892 1460 943 τοῦ
1501 885 1683 960 δήμου
1722 894 1819 944 τοῦ
1854 888 1982 945 λευ-

322 985 447 1036 κοῦ.
509 983 595 1038 Τὰ
662 977 717 1034 δὲ
771 985 875 1048 τῆς
943 977 1216 1056 εὐφημίας
1274 974 1493 1049 ᾅδονται
1555 977 1700 1051 παρᾶ
1753 999 1812 1033 τε
1871 983 1980 1033 τῶν

319 1073 576 1145 κρακτῶν
633 1067 722 1122 καὶ
780 1071 875 1122 τοῦ
941 1066 1101 1137 λαοῦ,
1158 1067 1340 1130 καθὼς
1384 1066 1473 1121 καὶ
1516 1065 1569 1121 ἐν
1604 1072 1724 1128 ταῖς
1758 1068 1980 1128 λοιπαῖς

323 1158 548 1237 δοχαῖς.
572 1160 659 1215 Ἑν
686 1153 743 1212 δὲ
760 1161 840 1229 τῷ
859 1154 1157 1228 τελευταίῳ
1189 1153 1335 1228 ἄκτῳ
1368 1154 1617 1230 λέγουσιν
1646 1157 1699 1210 οἱ
1730 1156 1977 1229 κράκταιο

319 1274 350 1301 α
390 1244 590 1308 Καλῶς
645 1243 811 1315 ἦλθεν
867 1247 903 1315 ἡ
961 1244 1225 1318 ἀναίρεσις
1273 1248 1382 1299 τῶν
1434 1249 1535 1312 τῆς
1575 1247 1747 1320 ’Ἅγαρ
1788 1247 1918 1317 (74).
1954 1267 1982 1295 n

319 1337 385 1395 Ὁ
420 1335 577 1399 λαόςο
621 1359 651 1387 ‹‹
685 1333 1068 1409 Πολυχρόνιον
1127 1335 1349 1404 ποιήσει
1409 1334 1436 1388 ὁ
1486 1333 1614 1394 Θεὸς
1669 1334 1768 1401 τὴν
1826 1334 1981 1409 ἁγίαν

324 1424 612 1501 βασιλείαν
643 1445 739 1488 σας
768 1423 846 1488 εἰς
874 1420 1062 1478 πολλά
1090 1417 1183 1492 ἔτη
1217 1421 1258 1477 7.
1294 1447 1317 1476 ι
1356 1423 1507 1496 Δοχή
1550 1423 1595 1476 0‘
1628 1422 1679 1476 ἐν
1712 1426 1789 1493 τῷ
1819 1442 1982 1499 φουρε

320 1519 478 1586 νικῷ
523 1519 617 1570 τοῦ
668 1512 895 1571 Μιλίου.
944 1512 1445 1588 Ὑποστρεφόμενος
1495 1512 1522 1566 ὁ
1580 1511 1742 1572 αὐτὸς
1774 1508 1985 1587 δήμαρ-

320 1624 439 1680 χος
466 1609 577 1659 τῶν
608 1601 848 1661 Βενέτων
901 1600 1037 1673 μετὰ
1080 1604 1177 1656 τοῦ
1227 1598 1410 1675 δήμου
1439 1598 1536 1655 τοῦ
1583 1599 1800 1668 λευκοῦ,
1832 1606 1984 1655 ποιεῖ

312 1695 500 1748 ἒκεῖσε
543 1689 741 1767 δοχήν.
783 1691 866 1748 Τὰ
897 1687 955 1744 δὲ
982 1695 1081 1759 τῆς
1110 1687 1382 1765 εὐφημίας
1422 1687 1559 1744 ἄκτα
1588 1685 1807 1759 ᾅδονται
1838 1686 1985 1763 παρά

2090 625 2457 694 ceptionibus
2488 630 2819 684 captantur.
2857 628 3154 684 Postremo
3185 632 3451 685 cantores
3481 629 3693 684 Dicunt
3720 645 3734 683 :

2093 732 2121 761 «
2159 712 2400 769 Pulchre
2430 715 2588 770 venit
2615 716 2852 771 exitium
2902 719 3315 789 Agarenorum.
3347 740 3374 768 ››
3426 718 3727 789 Populus:

2092 823 2119 851 ‹‹
2154 802 2488 872 Longaevam
2524 803 2676 859 Deus
2707 820 2931 860 sacram
2966 806 3320 875 majestatem
3362 815 3616 862 vestram
3671 807 3731 862 in

2092 890 2308 945 multos
2338 908 2524 947 annos
2559 892 2765 948 faciat!
2803 914 2829 942 »
2874 894 3037 949 Nona
3086 895 3144 949 in
3191 895 3407 951 fornice
3438 893 3614 951 Milii:
3649 911 3741 951 re-

2091 996 2291 1034 versus
2323 981 2474 1036 idem
2507 980 2854 1038 Venetorum
2888 982 3159 1038 tribunus
3179 1000 3309 1039 cum
3335 985 3547 1056 populo
3579 984 3735 1054 albo,

2090 1067 2469 1139 imperatores
2500 1069 2578 1125 ibi
2625 1070 2854 1141 excipit.
2888 1071 3335 1128 Acclamationis
3380 1088 3517 1129 vero
3552 1080 3677 1129 acta
3704 1092 3737 1129 a

2092 1159 2542 1230 prmoentoribus
2571 1162 2628 1213 et
2664 1160 2877 1230 populo
2910 1164 2973 1214 ut
3015 1160 3077 1216 in
3116 1162 3334 1217 caeteris
3396 1162 3736 1233 receptioni-

2094 1245 2204 1302 bus
2233 1249 2565 1303 cantantur.
2601 1246 2726 1304 Non
2758 1248 2961 1319 procul
2993 1248 3125 1304 inde
3158 1249 3425 1321 princeps
3469 1251 3733 1306 Prasino-

2095 1351 2227 1391 rum
2258 1351 2355 1391 seu
2412 1336 2771 1392 domesticus
2826 1338 3225 1393 excubitorum
3283 1338 3494 1394 iterum
3545 1340 3731 1395 adest.

2094 1423 2547 1480 Acolamationis
2576 1441 2709 1480 vero
2742 1430 2869 1482 acta
2901 1444 2934 1482 a
2966 1427 3413 1499 prmoentoribus
3444 1432 3498 1484 et
3516 1428 3735 1500 populo

2097 1519 2160 1568 ut
2192 1513 2249 1567 in
2281 1514 2500 1569 cmteris
2547 1516 2978 1586 receptionibus
3028 1522 3358 1573 cantantur.
3392 1517 3519 1574 Non
3567 1517 3740 1589 longe

2095 1603 2231 1658 inde
2265 1606 2615 1659 Venetorum
2647 1603 2921 1675 princeps
2952 1619 3055 1660 seu
3095 1606 3458 1662 domesticus
3507 1608 3743 1664 schola-

2095 1708 2225 1748 rum
2255 1691 2469 1747 iterum
2503 1692 2561 1747 in
2609 1692 2882 1749 cancellis
2925 1694 3153 1749 cbalces
3200 1695 3387 1751 adest.
3436 1697 3736 1753 Acclama-

313 1803 373 1837 τε
431 1788 543 1837 τῶν
594 1785 842 1857 κρακτῶν
893 1779 985 1835 καὶ
1035 1776 1132 1834 τοῦ
1182 1776 1341 1849 λαοῦ,
1400 1779 1581 1844 καθὼς
1611 1782 1703 1835 καὶ
1759 1779 1810 1835 ἐν
1864 1785 1983 1843 ταῖς

2094 1779 2274 1836 tionis
2303 1796 2436 1836 vero
2460 1786 2588 1837 acta
2618 1799 2651 1836 a
2682 1782 3015 1839 cantoribus
3046 1787 3104 1838 et
3135 1783 3348 1856 populo
3384 1789 3448 1840 ut
3476 1786 3535 1841 in
3576 1792 3743 1845 crete-

313 1871 554 1933 λοιπαῖς
586 1869 802 1946 δοχαῖς.
838 1868 934 1924 Καὶ
968 1866 1135 1924 πάλιν
1183 1868 1319 1941 μετὰ
1360 1868 1555 1944 μικρὸν
1586 1875 1687 1937 τῆς
1724 1869 1985 1940 τοιαύτης

2095 1872 2177 1927 ris
2207 1872 2639 1942 receptionibus
2673 1878 3001 1929 cantantur.

314 1960 503 2038 δοχῆς
562 1957 779 2036 δέχεται
839 1961 866 2015 ὁ
925 1955 1280 2033 δημοκράτης
1333 1964 1441 2012 τῶν
1505 1957 1802 2032 ΙΙρασίνων,
1860 1956 2031 2032 ἤγουν
2080 1959 2108 2013 ὁ
2166 1957 2487 2032 δομὲστικος
2525 1964 2634 2015 τῶν
2689 1956 3074 2019 ἐκσκουϐίτων.
3115 1960 3192 2017 Τὰ
3231 1958 3287 2016 δὶ
3322 1965 3423 2027 τῆς
3464 1961 3738 2043 εὐφημίας

312 2052 460 2108 ἄκτα
519 2046 740 2121 ᾅδονται
792 2050 941 2124 παρά
993 2068 1051 2104 τε
1106 2050 1213 2102 τῶν
1250 2052 1499 2121 κρακτῶν
1551 2049 1641 2104 καὶ
1692 2053 1789 2104 τοῦ
1847 2048 2004 2120 λαοῦ,
2062 2050 2244 2113 καθὼς
2285 2052 2373 2105 καὶ
2417 2050 2472 2105 ἐν
2514 2057 2632 2114 ταῖς
2683 2052 2904 2115 λοιπαῖς
2964 2050 3178 2127 δοχαῖς,
3239 2052 3338 2107 Καὶ
3391 2052 3556 2109 πάλιν
3603 2058 3738 2129 μετὰ

313 2142 525 2218 μικρὸν
567 2149 667 2212 τῆς
705 2140 969 2211 τοιαύτης
1019 2137 1192 2214 δοχῆς
1234 2136 1451 2217 δέχεται
1497 2140 1524 2195 ὁ
1574 2136 1934 2213 δημοκράτης
1988 2144 2096 2195 τῶν
2147 2140 2405 2197 Βενὲτων,
2457 2140 2628 2218 ἢγουν
2688 2145 2717 2197 ὁ
2776 2141 3100 2217 δομέστικος
3136 2148 3242 2199 τῶν
3294 2147 3538 2218 σχολῶν,
3568 2146 3645 2209 εἰς
3676 2148 3738 2201 τὸ

309 2231 636 2309 κάγκελλον
685 2240 784 2302 τῆς
823 2230 1061 2309 χαλκῆς.
1103 2231 1187 2289 Τὰ
1233 2227 1289 2286 δὲ
1317 2237 1417 2301 τῆς
1464 2230 1736 2309 εὐφημίας
1785 2227 1920 2286 ἔκτα
1961 2228 2181 2301 ᾅδονται
2229 2231 2373 2306 παρά
2409 2251 2465 2287 τε
2494 2237 2601 2287 τῶν
2642 2238 2888 2308 κρακτῶν
2919 2235 3009 2289 καί
3039 2238 3136 2288 τοῦ
3168 2232 3326 2307 λαοῦ,
3358 2236 3538 2298 καθὼς
3570 2236 3661 2291 καὶ
3693 2237 3743 2291 ἐν

309 2330 448 2387 ταῖς
487 2321 715 2387 λοιπαῖς
743 2320 964 2397 δοχαῖς.

967 2454 1226 2514 ΚΕΦΑΛ.
1290 2454 1353 2525 ζ’.
2025 2455 2069 2514 Β

472 2549 648 2606 ’Δκτα
674 2551 742 2621 τῇ
774 2546 938 2621 ἑορτῇ
967 2544 1036 2620 τῇ
1070 2547 1318 2620 Κυριακῇ
1348 2546 1446 2600 τοῦ
1489 2543 1843 2620 ’Λντίπασχα.

387 2638 630 2703 Ἰστέον,
679 2634 762 2692 ὅτι
812 2637 881 2710 τῇ
932 2636 1171 2709 Κυριακῇ
1210 2638 1310 2689 τοῦ
1355 2632 1697 2712 Ἀντίπασχα
1730 2635 1864 2707 (75),
1898 2631 1987 2689 ὅτε

309 2721 743 2799 ἇκουμὸίσωσιν
773 2720 825 2779 οἱ
858 2716 1111 2779 δεσπόται
1157 2721 1250 2777 επὶ
1296 2728 1398 2793 τῆς
1443 2721 1736 2795 τραπέζης,
1778 2724 1812 2791 ἡ
1848 2721 1986 2791 αύτή

307 2816 475 2886 τάξις
527 2816 618 2870 καὶ
670 2811 969 2869 ἀκολουθία
1015 2813 1222 2889 γίνεται
1268 2818 1368 2881 τῆς
1419 2808 1668 2886 δευτέρας
1721 2818 1821 2881 τῆς
1872 2808 1990 2867 δια-

307 2902 692 2979 καινησίμου,
722 2900 984 2974 δηλονότι
1032 2902 1120 2956 καὶ
1168 2901 1222 2957 αἱ
1271 2896 1589 2976 ἀκτολογίαι
1617 2904 1725 2957 τῶν
1759 2898 1856 2956 δύο
1892 2921 1987 2974 με·

310 3002 465 3071 ρῶν,
525 2992 615 3049 καὶ
674 2990 866 3061 πάντα,
926 2990 1106 3054 καθὼς
1170 2988 1513 3066 προείρηται·
1571 2989 1718 3059 πλὴν
1778 2989 1829 3044 oi.
1892 2989 1986 3062 μὲν

311 3088 549 3146 Βένετοι
599 3081 852 3158 λέγουσιν
893 3078 1222 3139 ἆπελατικὸν
1270 3079 1372 3157 ἤχ.
1424 3078 1596 3157 πλαγ,
1632 3078 1707 3136 δ”
1760 3081 1989 3137 α’Λνα-

308 3177 581 3244 καινίςου
624 3174 659 3242 ἠ
709 3173 903 3241 κτίσις,
952 3171 1186 3246 Χριστὸς
1238 3169 1456 3241 ἀνέστη,
1505 3168 1726 3247 ἒύρταζε
1772 3174 1851 3242 τῷ
1881 3173 1989 3227 Κυ-

314 3265 437 3342 pch
486 3264 585 3325 τὰς
645 3262 838 3337 ἑορτάς
890 3281 1010 3317 σου.
1070 3254 1534 3339 Ἐσφραγισμένου
1587 3257 1687 3334 γὰρ
1742 3263 1840 3315 τοῦ
1884 3257 1987 3315 τά-

312 3375 460 3431 Qou,
512 3352 541 3407 ὁ
581 3357 682 3421 τῆς
733 3356 877 3420 ζωῆς
926 3348 1094 3419 ¹ἥλιος
1142 3346 1446 3421 ἀνατείλας,
1495 3348 1586 3403 καὶ
1636 3348 1822 3422 ὀφθεὶς
1850 3348 1989 3404 ἄπο-

314 3437 563 3500 στόλοις
592 3443 699 3494 τῶν
729 3434 908 3512 θυρῶν
942 3435 1366 3511 κεκλεισμένων,
1397 3434 1458 3491 τὸ
1493 3438 1712 3510 Πνεῦμα
1739 3436 1801 3491 τὸ
1832 3437 1987 3513 ἅγιον

316 3529 400 3586 δι’
432 3526 604 3584 αὐτοῦ
655 3522 965 3603 ἔγκαινίζει,
1015 3525 1103 3582 καὶ
1154 3524 1376 3601 είρήνην
1427 3526 1709 3601 χαρίζεται
1741 3526 1886 3601 πάσῃ
1920 3528 1988 3601 τῇ

318 3618 658 3692 οἷκουμένῃ,
720 3618 809 3672 καὶ
859 3616 922 3672 τὸ
992 3614 1284 3691 βασιλεῦον
1330 3616 1528 3688 κράτος
1584 3616 1806 3690 ἀστέρος
1866 3608 1987 3670 ἀναο

2096 3619 2459 3689 majestatem
2477 3619 2885 3688 imperatorum
2902 3619 3109 3676 sideris
3132 3636 3438 3691 nunquam
3455 3618 3751 3675 'occiden-

317 3707 472 3778 τολὴ
523 3712 625 3763 τοῦ
677 3706 875 3762 ἀδύτου
933 3704 1181 3781 νεουργεῖ
1227 3705 1362 3760 καὶ⁸
1404 3706 1517 3778 (76)
1569 3703 1879 3780 μεγαλύνει,
1915 3706 1988 3768 ὡς

2097 3705 2170 3761 tis
2228 3713 2388 3762 ortus
2422 3711 2662 3762 renovat
2704 3708 2761 3763 et
2808 3704 3163 3779 magniﬁcat,
3210 3710 3523 3777 procedens
3574 3706 3748 3762 hodie

320 3797 592 3873 λαμπρὸς
650 3794 838 3866 ἥλιος,
899 3794 1314 3871 προερχόμενος
1362 3794 1601 3869 σήμερον
1678 3793 1755 3855 εἷς
1810 3791 2019 3865 δόξαν,ι

2098 3799 2159 3850 ut
2191 3795 2536 3867 splendidus
2566 3791 2654 3851 sol
2686 3796 2757 3850 ad
2789 3792 3093 3864 honorem,
3126 3794 3371 3865 gloriam
3402 3799 3460 3849 et
3491 3794 3742 3849 salutem

320 3887 409 3951 είς
450 3884 748 3961 καύχημα,
782 3883 859 3948 εἲς
905 3882 1183 3959 ἀνέγερσιν
1230 3882 1538 3957 Ῥωμαίων⁸
1573 3906 1602 3935 ››
1653 3883 1719 3940 Οἱ
1761 3879 1818 3939 δὲ
1848 3886 1995 3959 Πρά-

2108 3883 2524 3939 Romanorum.
2584 3906 2614 3933 »
2673 3881 2900 3940 Prasini
2959 3900 3088 3939 vero
3149 3882 3406 3937 dicunt:
3468 3904 3497 3930 ‹‹
3569 3881 3745 3952 Signa

326 3998 471 4032 σινοι
523 3970 702 4030 τόνδεο
757 3997 785 4027 ιι
815 3971 1225 4048 Ἀποβαλόντες
1269 3966 1526 4045 σύμϐολα
1569 3970 1820 4047 λυπηρᾶς
1865 3996 1999 4032 κατ-

2110 3971 2291 4027 tristis
2322 3970 2601 4027 moeslitize
2633 3970 2879 4044 apostoli
2900 3970 3315 4042 deposuerunt,
3350 3970 3410 4025 in
3445 3968 3738 4026 Galilaeam

334 4066 542 4145 ηφείας
593 4065 647 4119 οἱ
694 4060 1015 4145 ἀπόστολοι,
1061 4061 1349 4145 χαίροντες
1388 4060 1671 4137 προῆλθον
1713 4060 1788 4125 εἷς
1835 4062 2001 4121 Γαλι-

2109 4078 2243 4118 cum
2290 4058 2500 4133 gaudio
2553 4076 2898 4133 processere,
2947 4064 3004 4116 et
3052 4076 3225 4131 quem
3270 4059 3747 4116 desideraverant

334 4142 504 4208 λαίαν
550 4148 642 4204 καὶ
689 4142 833 4203 εἶδον
885 4146 942 4203 ὅν
984 4144 1213 4211 ἐπόθουν
1258 4146 1318 4203 ἐκ
1362 4150 1563 4223 νεκρῶν
1604 4146 1995 4225 ἐγηγερμένον.

2109 4149 2522 4206 resuscitatum
2554 4163 2584 4205 e
2615 4149 2862 4205 mortuis
2886 4148 3179 4204 viderunt.
3212 4147 3495 4203 Doctrina
3546 4147 3750 4203 ineffa-

330 4236 688 4317 Ἀπόῥρητον
748 4237 988 4310 ἐδέξαντο
1034 4239 1164 4313 παρ’
1220 4236 1386 4292 αὐτοῦ
1447 4237 1857 4314 μυσταγωγίαν,
1909 4239 2001 4295 καὶ

2110 4240 2211 4297 bili
2246 4241 2316 4295 ab
2349 4255 2415 4295 eo
2447 4238 2681 4305 imbuti,
2712 4239 2908 4294 orbem
2956 4237 3111 4293 sicut
3158 4234 3303 4291 radii
3356 4239 3749 4307 penetrantes.

336 4337 416 4396 ὡς
471 4332 686 4394 ἀκτῖνες
736 4327 1129 4407 διαδραμόντες
1174 4328 1267 4384 τὸν
1317 4327 1523 4402 κόσμον
1584 4324 1999 4409 φαιδρόμορφον

2110 4326 2475 4401 splendidam
2522 4326 2967 4385 resurrectionis
3000 4326 3152 4381 diem
3202 4326 3582 4383 nuntiarunt:
3618 4343 3755 4398 quo-

337 4422 611 4497 ἒκήρυξαν
635 4426 734 4492 τῆς
765 4420 1109 4481 ἀναστάσεως
1140 4419 1243 4488 τήν
1274 4417 1507 4494 ἡμέραν.
1543 4417 1733 4473 Αὐτῶν
1765 4420 1800 4488 ἡ
1833 4441 2000 4496 προσ-

2111 4436 2241 4474 rum
2290 4416 2680 4491 patrocinium
2729 4432 2831 4488 per
2878 4414 3122 4488 gratiam
3172 4412 3425 4470 divinam
3475 4432 3599 4485 vos,
3645 4415 3751 4471 do-

339 4515 506 4569 τασία
576 4514 646 4584 τῇ
719 4512 873 4584 θεῖκῇ
929 4505 1234 4582 παντευχίᾳ
1286 4506 1403 4582 (77)
1461 4505 1604 4581 ὑμᾶς
1662 4504 1999 4586 διαφυλάξει,

2110 4509 2272 4576 mini,
2299 4510 2367 4565 ad
2392 4509 2780 4564 Romanorum
2806 4502 3138 4563 felicitatem
3153 4505 3478 4561 custodiat!
3516 4529 3537 4558 ι
3562 4506 3750 4561 Scien-

343 4603 631 4675 δεσπόται,
698 4600 773 4662 εἷς
844 4596 1098 4674 εὐτυχίαν
1174 4598 1491 4670 Ῥωμαίων.
1555 4621 1581 4647 ››
1643 4595 1858 4669 Ἰστάον,
1918 4596 1999 4654 δτι

2111 4594 2251 4656 dum
2284 4600 2388 4666 est,
2411 4599 2666 4655 dominis
2694 4599 2766 4654 ab
2795 4598 2917 4653 aede
2939 4598 3311 4653 Sanctorum.
3336 4597 3750 4668 Apostolorum

345 4692 801 4769 ὗποστρεφόντων
824 4692 933 4744 τῶν
962 4686 1237 4743 δεσποτῶν
1271 4683 1459 4757 δείλης
1488 4685 1595 4741 ἀπὸ
1625 4685 1753 4750 τοὺς
1783 4686 2001 4763 ’Δγίους

2112 4690 2182 4744 ad
2216 4688 2498 4761 palatium
2530 4688 2635 4744 hoc
2691 4687 2837 4744 festo
2888 4685 3335 4754 revertentibus,
3371 4686 3642 4741 eumdem
3672 4685 3754 4740 ri-

341 4781 724 4843 Ἀποστόλους
762 4781 786 4816 ⁹
826 4778 901 4841 εἷς
956 4777 1020 4833 τὸ
1078 4774 1345 4833 παλάτιον
1402 4778 1571 4851 ταύτῃ
1627 4779 1697 4850 τῇ
1737 4775 1924 4852 ἑορτῇ,
1965 4780 2000 4848 ἡ

2112 4784 2239 4835 tum
2271 4781 2329 4834 et
2374 4776 2640 4832 ordinem
2689 4792 2756 4832 ac
2813 4774 2872 4829 in
2918 4775 3172 4831 secundo
3223 4774 3608 4831 renovationis
3660 4774 3757 4829 ob-

342 4872 481 4941 αὖτή
522 4874 671 4941 τάξις
711 4868 801 4924 καὶ
839 4865 1141 4931 ἀκολουθία
1199 4865 1410 4941 γίνεται
1468 4871 1568 4934 τῆς
1612 4861 1860 4940 δευτέρας
1899 4873 2000 4937 τῆς

342 4959 799 5033 διακαινησίμου,
842 4953 1105 5028 δηλονότι
1143 4956 1235 5009 καὶ
1276 4955 1332 5009 αἱ
1374 4952 1538 5029 δοχαὶ
1580 4951 1631 5008 ἐν
1672 4960 1791 5016 τοῖς
1823 4975 2004 5029 προει.

1697 5082 1789 5137 VA
1801 5082 1936 5140 am
1954 5062 1957 5063 ί
1976 5081 2390 5143 LECTIONES.

411 5216 435 5251 ³
474 5208 571 5283 ἔτη
623 5212 782 5270 deest
815 5210 878 5267 in
917 5208 1042 5266 cod.
1120 5204 1142 5243 ⁸
1180 5206 1271 5262 καὶ
1311 5221 1429 5264 om.
1474 5204 1599 5264 cod.
1678 5206 1700 5241 ⁹
1735 5208 1841 5262 τῶν
1882 5205 2046 5284 ἁγίων
2090 5202 2446 5265 Ἀπαστόλων
2487 5204 2640 5277 conj.
2682 5204 2874 5263 Leich.

1394 5330 1595 5391 JOAN.
1635 5332 1760 5390 JAC
1800 5332 2059 5394 REISKII
2097 5334 2680 5395 COMMENTARIUS.

2664 2458 2764 2515 82
2805 2458 3039 2516 CAPUT
3079 2458 3173 2514 Vl.

2253 2546 2382 2602 Acta
2412 2548 2569 2617 feriae
2599 2548 2855 2607 secundas
2879 2548 3177 2605 Dominicis
3198 2557 3325 2620 post
3352 2549 3584 2605 Pascha.

2164 2633 2478 2692 Sciendum
2533 2642 2643 2704 est,
2674 2638 2975 2695 Dominica
3018 2640 3274 2696 secunda
3322 2643 3452 2711 post
3495 2639 3739 2711 Pascha,

2096 2724 2328 2794 quando
2371 2742 2582 2782 mensae
2633 2727 2856 2783 domini
2916 2728 3197 2797 assident,
3248 2728 3519 2784 eumdem
3566 2730 3745 2785 ritum

2096 2806 2369 2887 idemque
2411 2817 2673 2873 ofﬁcium
2724 2835 2790 2873 ac
2856 2820 3113 2875 secunda
3157 2819 3298 2875 feria
3354 2819 3747 2877 renovationis

2096 2904 2412 2962 observari.
2450 2907 2681 2964 Scilicet
2711 2913 2767 2964 et
2803 2909 3051 2965 duarum
3098 2910 3415 2966 factionum
3466 2909 3747 2965 acclama-

2097 2992 2284 3050 tiones
2339 3000 2398 3051 et
2454 2997 2654 3052 omnia
2712 3014 2840 3068 quae
2894 3015 3074 3070 supra
3104 2997 3395 3054 declarata
3452 2996 3741 3054 fuerunt:

2095 3083 2207 3138 nisi
2268 3082 2420 3155 quod
2476 3084 2681 3141 Veneti
2742 3085 3097 3158 apelaticum
3179 3088 3299 3142 toni
3372 3086 3594 3158 obliqui
3672 3085 3746 3142 IV

2093 3169 2329 3227 dicant:
2387 3194 2414 3222 «
2465 3176 2695 3229 Renova
2749 3178 2826 3243 te,
2875 3180 3166 3244 creatura,
3212 3174 3482 3230 Christus
3543 3190 3742 3230 resur-

2095 3260 2239 3316 rexit
2266 3277 2279 3315 :
2314 3259 2542 3318 celebra
2573 3262 2817 3319 Domino
2848 3263 2994 3318 festa
3040 3266 3162 3319 tua.
3196 3262 3236 3318 E
3264 3260 3530 3334 sepulcro
3560 3262 3761 3341 enim,

2095 3348 2286 3421 sigillo
2320 3351 2567 3421 munito,
2597 3352 2726 3407 vita:
2755 3351 2851 3407 Sol
2900 3359 3131 3408 exortus
3180 3356 3290 3418 est,
3340 3357 3396 3406 et
3438 3350 3742 3423 apostolis,

2095 3436 2305 3494 clausis
2371 3440 2591 3510 januis,
2650 3440 2937 3513 apparuit.
2999 3441 3252 3512 Spiritus
3328 3442 3568 3496 sanctus
3647 3455 3748 3511 per

2093 3529 2289 3601 ipsum
2344 3534 2583 3585 renovat
2612 3538 2667 3585 et
2722 3547 2923 3602 pacem
2973 3531 3099 3587 orbi
3155 3531 3420 3586 universo
3478 3529 3749 3602 largitur,

2112 4867 2365 4925 servari:
2400 4865 2621 4921 scilicet
2651 4872 2706 4919 et
2743 4858 3113 4935 excipiuntur
3163 4864 3223 4918 in
3275 4862 3447 4919 dictis
3492 4862 3656 4927 locis,
3690 4878 3755 4918 ac
3826 4934 3841 4947 κ

2113 4957 2558 5015 acclamationes
2615 4970 2792 5025 supra
2854 4956 3324 5009 commemorata:
3396 4952 3750 5008 recitantur:

413 5470 532 5540 (74)
562 5464 759 5541 Simile
786 5463 930 5519 illud
967 5463 1345 5541 Francorum,
1374 5459 1433 5541 n_i
1466 5458 1656 5527 fallor,
1690 5461 1760 5515 de
1796 5461 1992 5519 Josse-
2023 5465 2073 5523 D
2107 5460 2412 5541 munefn‘w
2444 5458 2792 5541 oi’xou‘pévnv.
2828 5459 3065 5541 Spiritus
3093 5462 3329 5541 sanctus
3352 5472 3449 5540 per
3476 5472 3604 5541 eunt
3632 5456 3751 5540 in'i—

344 5531 454 5596 lino
485 5531 948 5604 Corteniacense,
980 5548 1127 5589 mors
1149 5531 1369 5604 pallida
1391 5531 1822 5587 Saracenorum.
2108 5534 2210 5591 tiat
2231 5538 2406 5590 totum
2436 5534 2722 5599 mundum,
2756 5535 2815 5589 in
2844 5532 3020 5588 rebus
3070 5531 3233 5587 novis
3281 5536 3335 5584 et
3386 5531 3651 5595 insuetis,
3685 5531 3749 5583 in

419 5610 677 5687 (75)_Est
707 5608 1009 5687 Dominicis
1030 5604 1995 5687 pronimaal‘estoPaschatls,alias
2106 5605 2751 5687 vitagovaconstituit.
2783 5675 2796 5687 _
2866 5674 2879 5687 ‘
3172 5675 3197 5687 ﬂ
3538 5673 3576 5687 Δ.
3640 5686 3655 5687 7
3704 5666 3717 5687 γ

352 5673 608 5745 (initiis,
641 5681 730 5735 vel
757 5673 1077 5753 quasime
1104 5677 1285 5753 diota.
1456 5747 1465 5753 _
1596 5744 1608 5753 _
1814 5746 1847 5753 __
1940 5749 1965 5753 _
2181 5677 2291 5753 (77)
2349 5674 2589 5732 Videtur
2643 5674 2989 5753 vocabulum
3044 5688 3075 5727 a
3127 5675 3232 5753 πᾶν
3290 5686 3470 5751 omne,
3521 5673 3586 5753 let
3617 5673 3745 5753 3:6-

426 5743 811 5825 (76)M.deest
839 5750 1193 5825 copula,q_no
1208 5746 1509 5825 aliquanto
1527 5744 1996 5825 vehementiori“
2108 5743 2228 5825 χειν
2255 5743 2454 5825 facere,
2488 5747 2879 5819 compositum
2910 5757 3056 5814 esse,
3090 5748 3266 5814 atque
3291 5743 3748 5811 omnipotentiam

426 5768 811 5825 (70)M.anSI
839 5768 1193 5822 copuna,quo
1208 5768 1509 5817 anquauw
1528 5768 1996 5804 venamauuorut
2153 5768 2228 5803 ειν
2255 5768 2454 5817 facere,
2488 5768 2582 5803 cor

359 5826 559 5882 oratio.
593 5827 665 5880 At
696 5819 980 5898 ἐγκαινίζει
1012 5819 1364 5876 trahendum
1415 5816 1797 5885 sequentibus
1842 5835 1999 5876 com-
2108 5768 2213 5877 ἦρί
2242 5818 2582 5890 signiﬁcare.
