4108 6220
378 405 491 464 931

1434 403 1967 464 CONSTANTINI
2012 360 2709 468 PORPHYROGENITI

3662 412 3778 469 23'2

378 542 762 610 praeterquam
795 537 944 607 quod
978 535 1177 591 Veneti
1214 540 1347 591 tono
1379 534 1615 606 obliquo
1648 537 1719 591 IV
1751 542 2005 592 canunt:

2135 540 2386 611 >ημένοις
2419 539 2607 599 τόποις
2657 538 2744 591 καὶ
2801 538 2854 591 αἱ
2908 535 3255 609 ἀκτολογίαι,
3299 539 3479 601 καθὼς
3519 540 3784 615 προείρη-

378 654 403 679 ‹‹
426 629 635 684 Tristis
651 627 933 683 maestitiae
959 626 1127 698 signa
1150 626 1398 696 apostoli
1421 626 1836 698 deposuerunt,
1861 633 2020 683 etc.»

379 723 520 775 Item
581 724 714 772 tono
771 717 832 781 I;
893 736 921 764 »
980 715 1055 785 Is,
1117 715 1215 786 qui
1264 719 1549 770 aeternum
1612 717 1785 785 Patri,
1827 738 1849 767 ι
1914 726 2019 773 etc.

2130 648 2239 681 ται.
2276 628 2425 695 Πλήν
2459 627 2709 703 λέγουσιν
2759 628 2815 680 oi
2866 629 3079 681 Βὲνετοι
3110 624 3438 682 ἀπελατικὸν
3474 624 3575 704 ἤχ.
3608 630 3783 704 πλαγ.

2135 713 2216 769 δ’·
2283 739 2311 767 ‹‹
2354 716 2727 785 Ἀνακαινίζου
2777 718 2811 783 ἡ
2860 714 3033 775 κτίσις
3085 740 3111 764 ››
3161 716 3246 769 καὶ
3298 716 3365 769 τὰ
3416 716 3556 785 ἑξῆς.
3610 719 3678 773 Oi
3726 721 3785 773 δὲ

381 809 636 881 Ηράσινοι
695 808 776 883 ἢχ
831 803 998 880 πλαγ.
1060 802 1137 858 δ”
1202 800 1601 867 Ἀποϐαλόντες
1657 807 1722 860 τὰ
1782 803 2037 879 σύμϐολα
2107 805 2319 881 λυπρᾶς
2375 806 2666 883 κατηφείας
2711 830 2739 857 ››
2779 807 2867 860 καὶ
2927 807 2993 859 τὰ
3044 805 3186 874 ἑξῆς.
3247 804 3425 861 Ἀλλο
3487 808 3589 882 ἢχ.
3655 829 3687 862 α

380 920 404 947 αι
448 897 509 953 Ὀ
549 896 801 969 ἀχρὸνως
838 899 918 966 τῷ
962 893 1127 967 ΙΙατρῖ
1172 918 1199 944 ››
1241 894 1328 947 καὶ
1369 894 1433 947 τὰ
1473 894 1614 963 ἑξῆς.

1000 994 1229 1050 CAPUT
1269 994 1389 1049 VII.

616 1087 680 1139 In
712 1085 857 1154 feria
883 1102 934 1138 IV
964 1084 1283 1155 septimana:
1314 1100 1367 1137 1v
1409 1092 1525 1154 p051
1558 1084 1781 1137 Pascha.

446 1174 783 1240 Sciendum,
801 1174 858 1227 in
884 1174 989 1227 hac
1020 1174 1221 1227 mediae
1246 1176 1610 1226 Pentecostes
1633 1171 2024 1239 processione,

378 1264 823 1333 procedentibus
882 1263 1210 1331 iterumque
1253 1262 1679 1315 revertentibus
1742 1260 2023 1325 dominis,

376 1352 590 1406 similes
619 1351 976 1421 receptiones
1004 1355 1060 1404 et
1090 1349 1535 1404 acclamationes
1566 1356 1627 1403 ut
1653 1348 1713 1403 in
1766 1347 2024 1403 secunda

377 1442 518 1497 feria
550 1441 933 1497 ronovationis
967 1438 1230 1494 institui:
1267 1439 1377 1492 nisi
1412 1438 1566 1509 quod
1622 1436 1824 1493 Veneti
1884 1452 2020 1507 ape-

380 1531 611 1585 laticum
648 1530 767 1585 toni
801 1532 821 1583 I
854 1530 1086 1583 dicant:
1122 1551 1147 1576 «
1186 1527 1388 1596 Magne
1419 1531 1476 1581 et
1520 1526 1847 1583 venerande
1894 1525 2023 1595 Spi-

379 1620 543 1685 ritus,
576 1620 673 1688 qui
706 1620 763 1672 in
789 1616 931 1671 cmlo
965 1633 1097 1671 cum
1131 1618 1301 1670 Patre
1332 1616 1431 1669 33
1480 1620 1542 1668 ut
1584 1615 1863 1670 Dominus
1895 1630 2021 1667 om-

376 1709 540 1763 nium
572 1707 917 1770 celebratus,
952 1706 1007 1758 in
1044 1708 1257 1774 templo
1291 1720 1426 1757 cum
1468 1703 1729 1757 Hebraeis
1780 1718 2019 1757 conver-

2778 996 3039 1051 ΚΕΦΑΛ.
3073 1000 3142 1049 Z‘.

2376 1086 2459 1155 Τῇ
2504 1085 2664 1156 ἑορτῇ
2703 1089 2804 1151 τῆς
2844 1086 3367 1153 Μεσοπεντηκοστῆς
3410 1087 3539 1157 (78).

2206 1175 2325 1245 Χρὴ
2362 1170 2577 1239 εἰδέναι,
2612 1172 2695 1227 ὅτι
2743 1171 2830 1226 καί
2874 1176 2939 1245 τῇ
2982 1172 3306 1247 προελεύσει
3344 1174 3513 1248 ταύτῃ
3537 1183 3638 1244 τῆς
3673 1179 3781 1233 Με-

2134 1269 2591 1331 σοπεντηκοστῆς,
2668 1262 2758 1315 καὶ
2834 1262 3107 1316 ἀπιόντων
3186 1268 3294 1317 τῶν
3356 1261 3635 1319 δεσποτῶν
3690 1266 3780 1319 καὶ

2131 1350 2299 1405 πάλιν
2333 1352 2801 1429 ὑποστρεφόντων,
2833 1351 2923 1405 καὶ
2958 1352 3009 1406 αἱ
3046 1349 3215 1426 δοχαὶ
3247 1352 3336 1406 καὶ
3366 1354 3421 1405 αἱ
3454 1353 3781 1429 ἀκτολογίαι

2131 1441 2321 1512 ὅμοιαι
2352 1442 2598 1514 γίνονται
2619 1448 2721 1508 τῆς
2752 1438 3001 1513 δευτέρας
3027 1448 3128 1509 τῆς
3153 1438 3597 1515 διακαινησίμου.
3629 1443 3781 1511 Πλὴν

2130 1532 2181 1583 oi
2217 1531 2310 1601 μὲν
2347 1532 2460 1586 ‘°.”
2496 1532 2701 1584 Βένετοι
2754 1528 3005 1603 λέγουσιν
3057 1529 3163 1584 ἀπὸ
3213 1537 3399 1607 φωνῆς
3451 1531 3778 1587 ἀπελατικὸν

2128 1618 2226 1691 ἧχ.
2262 1625 2342 1671 α’·
2377 1642 2405 1668 ‹‹
2439 1622 2654 1689 Πνεῦμα
2688 1616 2826 1690 μέγα
2856 1618 2945 1671 καὶ
2980 1612 3295 1690 σεϐάσμιον,
3338 1618 3365 1671 ὁ
3408 1616 3519 1672 ἄνω
3552 1616 3777 1687 δοξαζό-

2132 1728 2286 1778 μενος
2344 1706 2435 1760 σὺν
2493 1711 2572 1777 τῷ
2626 1706 2793 1780 Πατρὶ
2857 1706 2931 1767 ὡς
2987 1707 3203 1760 πάντων
3265 1706 3485 1780 Κύριος,
3535 1709 3589 1761 ἑν
3647 1708 3779 1781 ἱερῷ

376 1814 532 1863 sans,
566 1796 810 1849 ﬂumina
856 1793 1153 1864 sapientiae
1205 1791 1488 1847 scaturirc
1529 1793 1716 1857 docet,
1766 1796 1823 1845 et
1844 1790 2021 1845 Altis-

2135 1794 2422 1868 τυνόμιλος
2470 1792 2543 1849 ὢν
2588 1790 2865 1869 Ἑϐραίοις
2916 1792 3155 1849 διδάσκει
3207 1796 3403 1869 Σοφίαι·
3455 1796 3637 1870 βρύειν
3682 1797 3779 1850 νά-

375 1886 509 1941 simi
541 1885 836 1955 Sapientia
874 1882 1285 1937 admirandum
1317 1883 1374 1934 in
1429 1882 1666 1934 modum
1695 1880 2018 1934 exclamat:

2135 1905 2267 1937 αατα
2296 1887 2431 1956 (79),
2475 1884 2761 1957 ὑπερφυῶς
2810 1885 2843 1951 ἡ
2899 1884 3078 1955 Σοφία
3123 1888 3222 1936 τοῦ
3266 1883 3526 1955 Ὑψίστου
3559 1881 3779 1958 ἂναφω..

373 1975 657 2040 Accedite,
690 1972 975 2036 sitientes,
1008 1976 1065 2026 et
1093 1970 1372 2041 Spiritus,
1409 1970 1509 2039 qui
1544 1973 1714 2039 potus
1744 1969 2018 2039 perennis

2135 1979 2248 2027 ρῶνο
2312 1974 2378 2029 Oi
2437 1970 2701 2045 διψῶντες
2771 1973 3163 2047 προσέρχεσθε,
3214 1973 3300 2026 καὶ
3362 1970 3669 2045 δροσίζεσθε
3732 1980 3747 2010 ί

375 2068 483 2128 est,
516 2063 729 2116 haustu
762 2059 1107 2130 irrigamini.
1159 2058 1363 2127 POpuli
1398 2058 1659 2112 bibentes
1702 2056 2015 2118 exsultant,

376 2156 433 2206 et
465 2152 779 2221 potentiam
822 2153 1098 2211 vestrum,
1133 2147 1379 2212 domini,
1419 2150 1485 2202 ad
1540 2146 1808 2217 gloriam,
1844 2146 2016 2200 hono-

377 2255 493 2294 rem
556 2243 613 2293 et
671 2238 1091 2292 incrementqu
1176 2236 1572 2290 Romanorum
1646 2242 2015 2289 venerantur.

378 2327 597 2381 Prasini
659 2343 786 2380 vero
848 2341 979 2379 voce
1038 2324 1157 2378 toni
1192 2324 1248 2378 I:
1308 2346 1336 2372 ‹‹
1399 2324 1682 2379 Mediator
1740 2328 2019 2378 creatura:

378 2417 581 2485 suique
631 2414 815 2469 Patris
865 2414 1129 2468 divinum
1162 2412 1437 2475 Verbum,
1473 2412 1529 2466 in
1566 2412 1752 2466 medio
1805 2411 2017 2481 templo

378 2503 485 2558 hoc
518 2504 663 2557 festo
694 2502 872 2556 libere
904 2501 1197 2571 loquitur:
1248 2501 1347 2570 qui
1397 2516 1426 2554 e
1477 2499 1652 2553 latere
1702 2498 2019 2569 purissimo

375 2592 435 2645 in
468 2596 651 2646 totum
683 2592 879 2644 orbem
929 2588 1173 2643 ﬂumina
1220 2588 1680 2642 immortalitatis
1728 2588 2021 2641 ell‘usurus

378 2696 461 2746 es,
512 2694 666 2733 nunc
711 2678 1068 2741 sitientibus,
1121 2693 1149 2729 c
1202 2676 1395 2739 labiis,
1450 2676 1726 2730 doctrinae
1776 2674 2021 2729 ﬂumina

381 2767 718 2839 profondis;
756 2773 809 2820 at
858 2765 1194 2836 imperitum
1240 2766 1447 2835 vulgus
1482 2765 1724 2819 miratur
1756 2764 2016 2835 quidem,

2126 2066 2226 2117 τοῦ
2277 2060 2587 2134 Πνεύματος
2637 2063 2735 2129 τὴν
2799 2060 2978 2128 πόσιν,
3040 2060 3208 2115 έκεῖνο
3257 2061 3319 2115 τὸ
3348 2060 3573 2130 ἀείζωον
3603 2063 3778 2133 πόμα.

2126 2155 2206 2210 Τὰ
2260 2151 2448 2221 πλήθη
2510 2148 2847 2224 ἀγάλλονται
2900 2151 3145 2219 πίνοντα,
3196 2151 3286 2203 καὶ
3344 2153 3658 2226 γεραίρουσι
3715 2153 3776 2205 τὸ

2124 2241 2322 2315 κράτος
2380 2242 2555 2312 ὑμῶν,
2617 2237 2894 2310 δεσπόται,
2957 2239 3033 2300 εἰς
3104 2236 3283 2311 δόξαν,
3345 2239 3421 2301 είς
3482 2240 3771 2315 καύχημα,

2127 2329 2201 2389 εἷς
2265 2329 2537 2401 ἀνύψωσιν
2602 2327 2907 2401 Ῥωμαίων.
2948 2352 2976 2379 ››
3042 2330 3107 2383 Οἱ
3158 2325 3215 2382 δὲ
3260 2327 3511 2402 Ηράσινοι
3554 2326 3773 2401 λέγουσι

2124 2416 2279 2473 τόνδε
2320 2420 2364 2454 ¹⁹
2546 2424 2590 2470 α’
2616 2443 2642 2469 ‹‹
2672 2419 2732 2474 Ὁ
2759 2417 2983 2489 μεσίτης
3023 2415 3095 2471 ὢν
3147 2416 3489 2489 πλάσματος,
3538 2420 3624 2471 καὶ
3672 2424 3779 2473 Πα-

2126 2509 2250 2581 τρὸς
2293 2511 2387 2561 τοῦ
2422 2504 2581 2571 ἰδίου,
2623 2512 2730 2569 θεῖε
2782 2507 2943 2580 Λόγε,
2996 2512 3091 2561 τοῦ
3138 2510 3269 2560 ναοῦ
3310 2507 3505 2579 ἑορτῆς
3539 2507 3589 2561 έν
3630 2506 3775 2579 μέσῳ

2126 2595 2482 2671 παῤῥησιάζει
2534 2598 2667 2667 (80)·
2721 2596 2748 2648 ὁ
2819 2593 3041 2666 μέλλων
3092 2593 3149 2648 ἐκ
3200 2601 3300 2663 τῆς
3364 2593 3604 2668 πλευρᾶς
3671 2602 3777 2663 τῆς

2128 2683 2404 2759 ἀχράντου
2454 2684 2640 2755 ῥεῖθρα
2701 2683 2958 2757 προχέειν
3046 2683 3341 2760 ἀφθαρσίας
3407 2687 3452 2721 ²⁰
3511 2683 3627 2755 δλῳ
3697 2689 3777 2755 τῷ

2126 2774 2343 2846 κόσμῳ,
2373 2770 2461 2826 νυν
2501 2768 2770 2845 διψῶντας
2826 2772 3065 2841 ποτίζεις
3126 2771 3184 2826 έκ
3233 2772 3467 2850 χειλέων
3518 2770 3779 2827 διδασκα-

383 2856 486 2911 sed
517 2870 829 2925 agnoscere
876 2859 1128 2921 recusat,
1179 2862 1270 2907 tua
1318 2852 1605 2923 sapientia
1652 2854 1850 2907 omnia
1898 2867 2021 2906 esse

383 2945 643 3000 confecta
674 2946 887 3013 tuaque
917 2942 1339 3013 gubernatione
1369 2941 1672 2996 contineri.
1706 2940 1791 2994 Tu
1823 2940 2019 3010 igitur,

382 3034 557 3101 Deus,
592 3032 690 3103 qui
724 3048 900 3086 manu
946 3035 1046 3085 tua
1093 3031 1358 3086 dominos
1409 3029 1720 3097 coronasti,
1753 3029 1823 3083 ad
1876 3028 2020 3083 laeti-

383 3122 519 3179 tiam
550 3127 946 3178 Romanorum
969 3136 1067 3175 eos
1098 3119 1346 3175 custodi.
1381 3140 1409 3169 »
1430 3118 1741 3174 Sciendum
1768 3121 1878 3185 est,
1915 3116 2024 3173 hoc

2131 2863 2251 2922 Λίας
2282 2862 2513 2933 νάματα,
2546 2862 2632 2914 καὶ
2676 2862 2703 2914 ὁ
2754 2860 3006 2921 ἀσύνετος
3056 2858 3233 2933 δῆμος
3267 2860 3529 2934 θαυμάζει
3563 2862 3682 2935 μὲν,
3714 2860 3777 2915 οὖ

2132 2950 2388 3026 βούλεται
2438 2951 2483 2986 ²ί
2535 2948 2590 3003 δὲ
2653 2954 2874 3025 γνῶναι,
2944 2949 3027 3003 ὅτι
3097 2953 3165 3023 σῇ
3218 2949 3554 3027 ἐξείργασται
3619 2951 3780 3025 σοφίᾳ

2131 3042 2303 3095 πάντα
2333 3038 2422 3095 καὶ
2465 3040 2744 3113 συνέχεται
2786 3042 2853 3111 σῇ
2887 3033 3229 3112 κυϐερνήσει.
3282 3040 3357 3092 Συ
3408 3038 3500 3093 οὖν
3553 3036 3777 3109 δοξάσας

2129 3137 2208 3203 τῶ
2253 3131 2450 3208 στέφει,
2504 3130 2620 3197 Θεὲ,
2671 3127 2931 3191 δεσπότας
2980 3130 3211 3203 παλάμῃ
3265 3150 3381 3199 σου,
3437 3128 3673 3207 φύλαττε
3704 3129 3777 3189 εἰς

380 3212 584 3267 media?
616 3212 981 3265 Pentecostes
1023 3210 1188 3275 festo,
1220 3207 1475 3263 dominis
1526 3222 1737 3261 mensae
1787 3222 2019 3261 accum-

2135 3218 2402 3293 ἀνέγερσιν
2452 3219 2765 3291 Ῥωμαίων.
2820 3242 2848 3269 ››
2901 3218 3025 3292 Χρὴ
3086 3216 3306 3288 εἷ’δέναι,
3354 3220 3438 3272 ὅτι
3496 3219 3662 3291 ταύτῃ
3710 3222 3777 3292 τῇ

380 3300 672 3364 bentibus,
706 3300 974 3353 eumdem
1006 3297 1181 3351 ritum
1217 3301 1273 3352 et
1304 3312 1523 3351 morem
1557 3312 1622 3349 ac
1654 3296 1713 3349 in
1764 3295 2023 3350 secunda

380 3386 772 3444 renovationis
804 3386 944 3441 feria
975 3384 1287 3440 observari.

987 3672 1222 3727 CAPUT
1264 3671 1409 3726 VIII.

887 3762 949 3817 In
972 3764 1111 3831 festo
1142 3761 1506 3817 Ascensionis.

454 3858 493 3910 Ι.
525 3854 833 3911 Sciendum
866 3855 975 3917 est,
1011 3852 1158 3906 festo
1207 3848 1602 3914 Ascensionis,
1636 3848 1774 3902 dum
1810 3862 2027 3902 mensae

383 3943 604 3999 domini
638 3941 1013 4009 accumbunt,
1048 3939 1279 3995 eosdem
1331 3938 1472 3992 ritus
1527 3952 1593 3993 ac
1641 3936 1894 3991 secundo
1945 3951 2028 3989 re-

385 4031 713 4087 novationls
745 4029 855 4093 die,
890 4028 1113 4083 scilicet
1145 4035 1269 4081 tum
1303 4024 1749 4081 acclamationes
1772 4023 2026 4077 duarum

384 4122 726 4183 factionum,
758 4123 883 4173 tum
914 4116 1028 4171 alia
1058 4116 1277 4182 omnia,
1316 4131 1441 4185 qum
1474 4130 1650 4183 supra
1681 4126 2030 4168 commemo-

383 4212 660 4277 ravimus,
684 4207 971 4264 observari
999 4223 1011 4271 ;
1040 4206 1151 4259 nisi
1173 4206 1325 4274 quod
1341 4202 1537 4258 Veneti
1562 4208 1698 4256 tono
1721 4200 1958 4270 obliquo
1985 4199 2027 4264 Ι,

387 4302 620 4355 dicant:
655 4321 681 4346 ‹‹
719 4296 790 4351 Ut
821 4309 1073 4365 perenne
1122 4293 1343 4347 flumen
1394 4296 1469 4359 te,
1504 4292 1720 4344 fontem
1771 4303 2027 4354 sacrum,

388 4388 570 4443 solam
606 4383 1039 4440 sanctissimam
1076 4381 1171 4435 Dei
1213 4380 1473 4448 Matrem,
1503 4378 1819 4433 Christiani
1869 4377 2031 4430 inve-

2134 3310 2300 3381 έορτῇ
2353 3310 2449 3375 τῆς
2495 3312 3036 3376 Μεσοπεντηκοστῆς,
3078 3306 3164 3361 ἐπὶ
3212 3315 3313 3376 τῆς
3360 3305 3631 3381 τραπέζης
3670 3312 3776 3361 τῶν

2132 3395 2409 3452 δεσποτῶν
2456 3396 2860 3468 καθεζομένων,
2912 3397 2945 3463 ἡ
2997 3394 3130 3465 αὐτὴ
3174 3395 3319 3468 τάξις
3360 3396 3449 3450 καὶ
3483 3396 3779 3450 ἀκολουθία

2129 3488 2353 3561 γίνεται,
2398 3486 2579 3549 καθὼς
2628 3482 2715 3538 καί
2756 3482 2807 3538 έν
2862 3488 2935 3557 τῇ
2986 3480 3206 3559 δευτέρᾳ
3271 3489 3371 3550 τῇς
3440 3483 3781 3556 διακαινησί-

2137 3595 2266 3647 μου.

2772 3665 3031 3717 ΚΕΦΑΛ.
3075 3662 3153 3717 H'.

2528 3754 2605 3824 Τῇ
2648 3752 2811 3826 ἑορτῇ
2840 3757 2943 3819 τῆς
2984 3750 3397 3825 Ἀναληψίμου.

2210 3841 2281 3896 Α’.
2332 3838 2548 3909 Ἰστέον,
2602 3837 2684 3893 ὅτι
2752 3841 2821 3910 τῇ
2875 3838 3037 3911 ἑορτῇ
3091 3844 3191 3906 τῆς
3246 3836 3653 3912 Ἀναληψίμου,
3700 3841 3792 3894 ὅτε

2136 3922 2543 4001 ἀκουμϐίτωσιν
2574 3928 2625 3981 οἱ
2676 3924 2930 3981 δεσπόται
2981 3926 3069 3982 ἐπὶ
3120 3934 3223 3997 τῆς
3253 3926 3550 4001 τραπέζης,
3586 3930 3620 3996 ἡ
3655 3928 3789 3996 αὐτή

2134 4017 2281 4087 τάξις
2328 4018 2419 4072 καὶ
2466 4015 2764 4071 ἀκολουθία
2811 4016 3013 4089 γίνεται
3065 4024 3167 4085 τῆς
3216 4013 3469 4090 δευτέρας
3522 4024 3622 4086 τῆς
3672 4014 3791 4071 δια-

2135 4106 2489 4179 καινησίμου,
2541 4103 2797 4174 δηλονότι
2856 4106 2945 4159 καὶ
3010 4104 3063 4158 αἱ
3132 4105 3455 4179 ἀκτολογίαι
3524 4112 3633 4160 τῶν
3697 4103 3792 4159 δύο

2142 4200 2317 4269 μερῶν
2369 4194 2458 4250 καὶ
2503 4195 2695 4261 πάντα,
2751 4195 2932 4255 καθὼς
2994 4194 3338 4269 προείρηται.
3389 4194 3541 4264 Πλὴν
3595 4196 3645 4248 oi
3697 4196 3791 4267 μὶν

2140 4286 2349 4339 Βένετοι
2384 4282 2607 4358 λέγουσι
2637 4285 2737 4351 τήν
2781 4284 2969 4359 φωνὴρ
3012 4280 3114 4357 ἤχ.
3166 4281 3333 4357 πλαγ.
3380 4285 3423 4337 α’
3447 4302 3460 4317 ⁸
3507 4309 3533 4333 ‹‹
3562 4290 3646 4345 Ὠς
3678 4284 3792 4337 ἀεί-

2143 4379 2281 4441 ζωον
2347 4373 2587 4445 ῥεῖθρον,
2661 4374 2850 4445 πηγὴν
2924 4371 3077 4445 ἁγίαν
3133 4374 3453 4447 Χριστιανοὶ
3507 4372 3796 4447 εὑρηκότες

386 4476 603 4530 nimus.
640 4473 994 4526 Veneramur
1024 4474 1077 4523 te
1113 4473 1387 4537 tanquam
1420 4467 1747 4537 Deiparam,
1783 4468 1839 4519 et
1877 4465 2021 4518 obte-

2146 4463 2315 4534 μόνην
2351 4463 2427 4529 σὲ,
2459 4464 2557 4530 τὴν
2610 4462 2869 4537 πανάγιον
2899 4466 2995 4516 τοῦ
3038 4466 3177 4516 Θεοῦ
3220 4464 3470 4535 Μητέρα,
3512 4460 3798 4516 δυσωποῦ-

1762 4590 2003 4648 VARI/E
2044 4587 2454 4644 LECTIONES.

464 4728 575 4782 ‘0.”
622 4727 716 4798 μὲν
758 4742 873 4783 om.
916 4724 1006 4779 ed.
1087 4720 1127 4755 ‘3
1169 4715 1495 4792 δροσίζεσθε.
1538 4719 1642 4770 Τοῦ
1682 4737 1875 4788 πνευμ.
1916 4738 1967 4771 τ.
2010 4713 2134 4769 πόσ.
2178 4711 2254 4769 ἐκ.
2295 4736 2347 4773 τ.
2387 4713 2439 4771 ἀ.
2501 4715 2654 4787 πόμα
2694 4714 2762 4768 τὰ
2800 4711 2987 4784 πλήθη
3032 4715 3186 4785 conj-
3233 4716 3298 4771 Η.
3377 4714 3422 4751 ¹⁹
3459 4735 3552 4768 τον
3594 4730 3798 4785 super-

392 4819 601 4888 scripto
643 4825 678 4870 Δ
722 4833 821 4889 pro
860 4810 1015 4867 τόνδε
1071 4812 1219 4879 cod.,
1281 4811 1432 4867 unde
1487 4810 1555 4876 Il,
1612 4805 1673 4860 τὸ
1730 4804 1992 4880 δρομικὸν
2049 4808 2201 4877 conj.
2282 4807 2328 4841 ³ο
2368 4805 2626 4883 ἀφθοσίας
2684 4806 2775 4874 PL,
2816 4804 3078 4881 ἀφθασίας
3122 4808 3274 4871 cod.,
3314 4803 3601 4865 ἀθανασίας
3642 4805 3799 4874 conj.

395 4910 612 4980 Leicbi,
656 4904 981 4985 ἀφθανασίας
1023 4905 1113 4959 ed.
1190 4904 1232 4938 ²¹
1279 4902 1464 4957 Verba
1504 4897 1563 4953 οὗ
1610 4897 1861 4973 βούλεται
1902 4897 2075 4951 πάντα
2115 4914 2231 4955 om.
2276 4899 2366 4954 ed.

1443 5044 1644 5101 JOAN.
1684 5045 1820 5098 JAC.
1867 5042 2131 5098 REISKII
2170 5039 2751 5097 COMMENTARIUS.

470 5180 585 5251 (78)
618 5179 750 5251 Dies
780 5174 1055 5246 vigesima
1070 5168 1574 5251 quintaaPa‘scha,
1594 5166 2043 5251 velrteria‘quar-

398 5234 871 5321 taxse'ptimanzev
907 5234 1123 5312 quartas
1184 5246 1341 5321 post“
1392 5240 1629 5321 Pascha.
1686 5234 2036 5321 [Προέλὶυςις

401 5308 910 5394 μεσοπέντηκοστῆς
926 5308 1285 5394 memoratur
1301 5311 1508 5394 Georg.
1527 5310 1807 5394 Nl-onc'ntc‘hg
1832 5325 1886 5394 p‘.
1897 5308 2037 5394 .556,

396 5378 505 5450 Leo
537 5395 595 5447 in
628 5378 701 5447 ca.
723 5378 1061 5445 vulneratus
1093 5386 1276 5454 ipsam
1308 5378 1619 5449 abrogavit.
1651 5381 1829 5454 _Ad‘S.
1862 5378 2032 5454 Mocii

395 5449 813 5519 instituebatur
845 5479 899 5531 p.
939 5459 1061 5513 464.
1096 5449 1489 5531 (Ζὶπγεοεὶοῐηὶ
1518 5451 1701 5531 oratio
1750 5450 1808 5504 in
1862 5449 2041 5531 Μεσο-

395 5535 767 5603 πεντηκοστὴν
810 5522 1054 5586 liabetur
1108 5522 1252 5595 apud
1319 5522 1903 5603 bambeccjummod.
1950 5522 2039 5587 40,

398 5627 454 5663 n.
484 5592 629 5677 20”.)’
662 5592 735 5660 Ut
767 5592 1287 5677 Meconevmxoc‘iﬁc
1312 5598 1535 5677 dicitur
1579 5592 1883 5677 dimidiate
1942 5608 2041 5662 pro

399 5663 673 5752 μέσηίτοῖξ
716 5674 1001 5752 Πάσχατος
1042 5663 1133 5725 καὶ
1294 5670 1708 5752 ,Πεντηκοστῆις,
1752 5663 1832 5746 ita
1859 5739 1869 5752 Ι
1896 5679 2043 5733 quo-

399 5737 575 5825 que};
606 5747 741 5825 μέση
765 5737 1172 5817 τοῗῖΠάσχατος
1189 5737 2042 5825 .di‘citur‘pro‘eode‘m'integro,

395 5807 502 5881 aut
527 5807 679 5895 quod
713 5807 901 5878 totum
935 5807 1162 5888 tempus
1187 5814 1342 5870 inter
1394 5807 1612 5867 Pascha
1662 5811 1720 5863 et
1768 5807 2044 5863 Penteco-

2154 5169 2282 5219 sten
2324 5163 2691 5217 intercedens
2738 5164 2957 5218 Pascha
3001 5164 3321 5230 diceretur;
3357 5171 3411 5219 et
3442 5163 3569 5234 ipsa
3603 5163 3804 5217 Pente-

2149 5240 2325 5291 coste.
2360 5235 2570 5289 Pascha
2603 5238 2810 5304 rosala.
2845 5235 2975 5289 Vid.
3009 5235 3093 5289 Du
3128 5235 3319 5304 Gange
3352 5235 3409 5288 b.
3443 5251 3496 5288 v.

2221 5307 2333 5376 (79)
2383 5306 2611 5360 Veteres
2648 5302 2833 5378 βλύειν
2906 5302 3349 5378 frequentabant
3389 5326 3403 5373 ;
3436 5304 3564 5360 novi
3602 5308 3802 5378 autem

2151 5393 2303 5448 saepe
2334 5381 2389 5430 et
2438 5375 2793 5447 permutant.
2846 5378 2978 5432 Vid.
3031 5377 3313 5433 Themist.
3366 5392 3498 5447 pag.
3552 5377 3656 5429 260
3710 5375 3803 5430 ed.

2150 5449 2435 5503 Harduin.
2470 5456 2521 5503 et
2552 5450 2793 5521 ProcOp.
2827 5450 3139 5521 Anecd._p.
3179 5450 3265 5502 85.

2223 5522 2338 5592 (80)
2372 5521 2465 5574 Est
2496 5526 2597 5573 aut
2631 5516 2755 5591 pro"
2786 5516 3137 5591 παρῥησιάδῃ
3192 5534 3352 5573 more
3395 5518 3616 5572 librarii
3664 5538 3696 5585 η
3748 5520 3807 5571 et

2151 5610 2199 5644 ει
2232 5592 2562 5662 promiscue
2614 5592 2907 5662 habentis,
2940 5596 3053 5662 aut
3096 5591 3430 5646 atticismus
3462 5595 3592 5662 est,
3630 5604 3803 5662 quem

2155 5660 2365 5789 taline?t
2395 5663 2454 5716 in
2495 5663 2602 5717 hoc
2652 5661 2889 5731 quidem
2938 5660 3084 5717 libro
3136 5663 3231 5735 vi;
3290 5660 3683 5733 quesiverim,
3716 5660 3808 5715 vix

2155 5751 2182 5788 a
2232 5749 2310 5789 mi
2372 5749 2489 5789 am.

2152 5736 2489 5789 admittam.
