4108 6220
361 409 486 466 233

1234 410 1334 471 DE
1377 412 1845 476 CERIMONIIS
1888 416 2122 479 AUIuE
2165 420 2636 487 BYZANTINE
2679 429 2826 494 LIB.
2874 431 2920 493 Ι.

3664 447 3781 506 234

371 560 468 611 μεν
501 541 578 600 ὡς
611 542 905 612 Θεοτόκον,
937 543 1027 597 καὶ
1076 540 1387 615 ἒξαιτοῦμεν
1433 545 1663 618 στόματι
1721 547 1964 622 ἀσιγήτῳ
1997 566 2009 580 ·

2101 616 2102 619 η
2135 557 2362 612 stamur
2392 573 2490 614 ore
2519 576 2822 634 nunquam
2855 563 3061 621 silente
3087 584 3100 622 :
3134 567 3243 625 alis
3272 573 3384 628 tum
3415 574 3781 634 intercessio-

367 630 590 705 πτέρυξι
638 637 740 698 τῆς
784 638 886 701 σῆς
926 627 1215 707 πρεσϐείας
1245 633 1272 686 6
1304 630 1454 687 δεῖνα
1499 636 1589 688 καὶ
1622 636 1650 689 6
1683 632 1830 691 δεῖνα
1859 656 2015 703 περι-

369 719 609 797 φῦλαττε
643 717 807 796 μέχρι
837 720 1050 782 τέλους.
1085 746 1113 773 ‹‹
1150 722 1210 778 Ὁ
1269 719 1594 784 ἀπελατικὸς
1626 724 1728 798 ἤχ.
1763 721 1826 778 δ’·
1859 749 1886 774 «ι
1922 726 2014 793 Σὲ,

368 811 471 879 τήν
528 807 776 864 παστάδα
831 815 928 865 106
986 812 1247 885 Χριστοῦ,
1282 809 1351 866 δι’
1379 814 1446 880 ἧς
1504 811 1718 886 ἔλαμψε
1776 813 2015 889 Χριστὸς

365 900 505 954 κατᾶ
552 898 723 972 σάρκα
769 904 885 960 τοῖς
948 900 1188 974 βροτοῖς,
1247 902 1498 974 αἶνοῦμεν
1557 903 1684 956 λαοὶ
1737 903 2010 974 ἐπαξίωςο

364 988 774 1057 Θεοτόκε,τοὺς
831 986 1091 1051 δεσπότας
1146 989 1222 1052 ὡς
1271 998 1562 1068 φωστῆρας
1608 992 1876 1067 περίσωζε
1935 994 2011 1054 εἷς

357 1078 631 1153 ἀνέγερσιν
680 1082 780 1134 106
820 1078 1056 1152 κόσμου,
1084 1079 1174 1134 καὶ
1223 1081 1452 1137 Βενέτων
1501 1082 1578 1136 ἀεὶ
1632 1102 1689 1136 σε
1734 1084 2010 1155 κεκτημέ-

355 1189 464 1222 νων
493 1168 816 1242 κραταίωμα
871 1168 1146 1242 βοηθείας.
1184 1193 1212 1220 ››
1244 1171 1311 1226 Οἱ
1352 1167 1410 1225 δὲ
1468 1171 1724 1243 Πράσινοι
1785 1170 2006 1246 λέγουσι

354 1258 457 1325 τήν
486 1259 674 1336 φωνήν
705 1255 873 1331 πλαγ.
909 1255 976 1312 δ’·
1018 1283 1042 1312 ιι
1074 1259 1139 1315 Ἡ
1169 1259 1325 1336 πηγὴ
1356 1265 1457 1328 τῆς
1518 1264 1664 1329 ζωῆς
1691 1261 2004 1335 Ῥωμαίων,

358 1349 619 1418 Παρθένε,
681 1348 884 1422 Μήτηρ
943 1351 1077 1402 Θεοῦ
1142 1351 1240 1402 106
1299 1349 1506 1425 Λόγου,
1566 1351 2004 1425 συστρατήγησον

363 1435 510 1508 μόνη
540 1439 653 1496 τοῖς
684 1432 974 1497 δεσπόταις
1006 1433 1057 1490 ἐν
1088 1440 1157 1510 τῇ
1190 1437 1464 1514 πορφύρᾳ,
1493 1442 1612 1498 τοῖς
1658 1432 1918 1492 λαϐοῦσιν
1948 1439 2006 1493 ἐκ

361 1529 463 1578 σοῦ
519 1525 580 1579 τὸ
634 1523 957 1601 στὲφος,ὅτι
1017 1525 1170 1581 αὐτοί
1227 1547 1286 1580 σε
1324 1526 1608 1597 κέκτηνται
1665 1529 1800 1582 κατᾶ
1831 1529 2006 1584 πάντα

356 1615 550 1685 θυρεὸν
581 1614 1016 1691 ἆπροσμάχητον
1048 1613 1100 1669 ἐν
1125 1619 1195 1689 τῇ
1227 1616 1498 1690 πορφύρᾳ.
1536 1640 1563 1667 ››
1594 1615 1775 1673 ’Ἀλλο
1806 1617 1907 1692 ἤχ.
1938 1614 2000 1676 δ’.

355 1727 384 1754 α
418 1705 752 1779 Καταφυγῆς
783 1701 981 1758 ἐλπίδα
1029 1704 1119 1759 καὶ
1179 1705 1452 1778 σωτηρίας
1508 1706 1596 1759 καὶ
1657 1704 2001 1778 ἀντιλήψεως

350 1792 517 1854 κλέος
576 1794 634 1848 σὶ
689 1795 787 1863 τήν
847 1795 1118 1868 πάναγνον
1169 1796 1216 1830 ³³
1274 1795 1592 1868 Χριστιανοὶ
1646 1796 1996 1868 κεκτημένοι,

2129 643 2218 697 nis
2250 644 2316 700 N.
2351 645 2419 703 N.
2457 661 2727 721 perpetuo
2759 658 2938 708 tuere.
2964 677 2992 704 ››
3025 658 3355 725 Apelaticus
3388 665 3508 718 toni
3542 665 3771 736 quarti:

2128 753 2156 780 «ι
2188 733 2288 800 Te,
2323 735 2646 793 thalamum
2679 741 2916 810 Christi,
2952 760 3054 815 per
3080 762 3254 816 quam
3287 733 3611 807 secundum
3646 770 3771 809 car-

2123 837 2253 911 nem
2285 823 2548 880 Christus
2597 829 2938 886 hominibus
2978 839 3270 904 apparuit.
3307 838 3513 894 merito
3566 842 3768 911 pepuli

2122 909 2454 971 laudamus.
2488 916 2751 986 Deipara.
2785 919 3076 990 dominos,
3113 929 3176 977 ut
3225 924 3448 982 lumina
3488 909 3579 983 adv
3608 930 3765 985 salu-

2118 1003 2234 1055 tem
2267 1003 2447 1070 orbis,
2477 1011 2533 1060 et
2564 1005 2914 1064 Venetorum
2964 1011 3069 1066 tibi
3119 1029 3348 1086 semper
3397 1017 3766 1076 addictorum

2119 1089 2295 1144 robur
2325 1097 2378 1146 et
2405 1095 2759 1163 praesidium,
2793 1113 3086 1154 conserva.
3110 1122 3138 1149 ››
3163 1102 3381 1157 Prasini
3407 1105 3609 1160 dicunt
3631 1113 3767 1164 tono

2117 1176 2354 1250 obliquo
2380 1181 2493 1236 IV:
2520 1203 2544 1233 ι
2571 1185 2717 1238 Fons
2751 1185 2878 1239 vitae
2912 1186 3332 1259 Romanorum,
3356 1191 3550 1260 Virgo,
3586 1194 3768 1251 Mater

2115 1265 2217 1321 Dei
2262 1267 2456 1334 Verbi,
2501 1271 2622 1326 sola
2661 1289 2794 1328 cum
2836 1276 3090 1332 dominis
3135 1279 3190 1333 in
3246 1297 3505 1350 purpura
3551 1284 3761 1352 milita,

2115 1359 2272 1426 quod
2297 1359 2405 1432 ipsi
2429 1365 2484 1417 te
2505 1362 2561 1416 in
2587 1365 2881 1432 omnibus,
2900 1372 3174 1439 tanquam
3194 1370 3475 1428 invictum
3492 1375 3762 1446 clypeum

2113 1447 2172 1501 in
2226 1465 2479 1518 purpura
2527 1460 2886 1523 receperunt.
2943 1478 2963 1504 ι
3011 1457 3176 1514 Alius
3225 1465 3360 1515 tono
3410 1462 3474 1517 IV
3517 1479 3530 1517 :
3591 1484 3616 1515 ι
3662 1465 3766 1520 34

2113 1535 2446 1606 Christiani,
2489 1539 2586 1610 qui
2633 1546 2689 1596 te
2736 1544 3186 1612 sanctissimam,
3238 1549 3446 1621 refugii
3495 1567 3656 1622 spem
3707 1561 3767 1609 et

2112 1625 2309 1680 auxilii
2349 1628 2671 1700 salutisque
2717 1633 2962 1704 gloriam
3015 1637 3168 1692 nacti
3220 1655 3428 1695 sumus
3475 1646 3758 1713 tauquam

2111 1715 2476 1785 praesidium,
2507 1733 2768 1782 oramus.
2821 1723 3168 1779 tutelaribus
3219 1725 3328 1782 alis
3381 1744 3480 1785 eos
3507 1730 3764 1786 circum-

2111 1804 2378 1860 ambiasl
2413 1806 2534 1861 Tua
2565 1808 2722 1864 enim
2770 1808 3006 1880 virtute,
3040 1813 3114 1868 ab
3164 1813 3436 1874 hostibus
3464 1819 3761 1876 victoriam

347 1881 669 1956 ἐξαιτοῦμεν
717 1884 792 1945 ὡς
853 1882 1075 1954 σκέπην,
1135 1879 1546 1958 πρεσϐευτικαῖς
1605 1885 1824 1958 περίεπε
1869 1883 1994 1940 πτέ-
2025 1913 2074 1980 Β
2113 1896 2431 1963 reportant.
2460 1915 2490 1943 ››

351 1972 472 2046 ρυξι
505 1991 519 2005 ο
556 1972 612 2026 σὶ
643 1972 748 2048 γὰρ
777 1974 1062 2043 κέκτηνται
1117 1971 1273 2048 ἰσχὺν
1321 1977 1437 2031 κατ’
1474 1973 1689 2049 ἐχθρῶν
1736 1995 1998 2050 τροπαιο·

347 2062 544 2140 φόρον.
581 2084 608 2116 ι

419 2152 500 2209 Β’.
534 2150 750 2223 ’1στὲον,
786 2154 870 2208 ὅτι
920 2153 1091 2227 ταύτῃ
1144 2156 1214 2226 τῇ
1273 2154 1434 2228 ἐορτῆ
1479 2153 1712 2229 γίνονται
1743 2155 1798 2207 αἱ
1829 2151 1998 2234 δοχαὶ

345 2238 544 2303 οὕτως’
580 2238 722 2316 δοχή
759 2243 802 2296 α’
833 2238 1024 2312 ἔξωθεν
1055 2244 1155 2311 τῆς
1184 2243 1432 2316 καμάρας
1462 2246 1558 2296 106
1589 2238 1926 2314 ἐμϐόλου,ἔν
1949 2243 1995 2315 ᾧ

332 2330 428 2384 καὶ
488 2331 516 2384 6
575 2329 707 2385 κίων
771 2329 1012 2386 ἵσταται.
1048 2333 1273 2406 Δὲχεται
1333 2331 1504 2386 ἐκεῖσε
1557 2332 1585 2385 6
1635 2328 1993 2406 δημοκράτης

333 2421 452 2475 τῶν
480 2421 742 2489 Βενέτιυν,
772 2421 940 2495 ἤγουν
974 2421 1001 2475 6
1033 2417 1354 2494 δομέστικος
1412 2425 1519 2474 τῶν
1577 2421 1820 2495 σχολῶν,
1858 2419 1992 2492 μετᾶ

328 2513 434 2563 106
493 2513 788 2584 περατικοῦ
848 2506 1030 2582 δήμου
1077 2513 1183 2564 τῶν
1245 2509 1500 2566 Βενέτων.
1535 2509 1685 2584 Δοχή
1747 2509 1895 2583 εἰς
1925 2511 1988 2564 τὸ

340 2597 582 2673 ἀγωγὸν,
610 2601 666 2654 ἓν
700 2599 747 2671 ᾧ
775 2599 838 2654 16
868 2595 1013 2670 ὕδωρ
1060 2597 1224 2673 ἐκρεῖ.
1250 2599 1476 2675 Δέχεται
1525 2597 1698 2653 ἐκεῖσε
1747 2600 1775 2654 6
1817 2596 1990 2672 δημο-

338 2687 550 2760 κρᾶτης
579 2694 687 2744 τῶν
723 2687 1030 2762 Πρασίνων,
1061 2687 1226 2763 ἤγουν
1269 2691 1298 2744 6
1348 2683 1719 2748 ἐκσκούϐιτος.
1754 2691 1904 2765 Δοχή
1937 2695 1990 2764 γ’

337 2779 418 2840 εἰς
448 2780 545 2833 τὸν
604 2779 754 2852 ἅγιον
813 2779 1054 2834 Μώκιον.
1090 2775 1314 2852 Δέχεται
1376 2777 1545 2833 ἐκεῖσε
1603 2779 1631 2832 6
1691 2774 1987 2853 δήμαρχος

331 2874 448 2923 τῶν
479 2869 718 2924 Βενέτων
762 2868 898 2940 μετᾶ
927 2871 1024 2921 106
1056 2864 1237 2940 δήμου
1267 2871 1364 2921 106
1414 2866 1634 2922 λευκοῦ.
1668 2868 1820 2942 Δοχή
1854 2865 1902 2922 δ’
1931 2869 1984 2923 ἐν

333 2964 418 3030 τῷ
451 2956 794 3029 Ἐξακιονίῳ.
830 2957 1053 3032 Δέχεται
1080 2956 1250 3011 ἐκεῖσε
1289 2957 1318 3010 6
1350 2953 1644 3031 δήμαρχος
1686 2961 1792 3011 τῶν
1847 2963 1985 3033 Πρα-

332 3048 495 3103 σίνων
558 3047 691 3120 μετᾶ
737 3051 834 3101 106
888 3045 1070 3118 δήμου
1100 3050 1197 3101 106
1229 3047 1472 3120 ῥουσίου.
1506 3048 1657 3122 Δοχή
1691 3052 1728 3101 ε’
1758 3047 1834 3109 εἷς
1887 3051 1977 3103 τὸν

327 3136 668 3213 Ξηρόλοφον
700 3135 918 3210 ἀντικρὺ
941 3139 1035 3190 106
1066 3135 1354 3210 εὖκτηρίου
1380 3139 1476 3190 106
1508 3134 1664 3210 ἁγίου
1715 3135 1972 3192 Καλλινί-

325 3246 451 3280 κου.
485 3227 712 3300 Δέχεται
745 3226 960 3279 κακεῖσε
991 3225 1017 3279 6
1049 3221 1340 3298 δήμαρχος
1398 3228 1506 3279 τῶν
1560 3227 1792 3280 Βενέτων
1840 3227 1974 3299 μετὰ

325 3317 421 3369 καὶ
469 3319 567 3368 106
615 3311 796 3386 δήμου
845 3317 941 3368 106
989 3311 1208 3369 λευκοῦ.
1243 3314 1395 3386 Δοχή
1439 3314 1484 3376 ς’
1529 3314 1604 3376 εἷς
1661 3314 1753 3368 τὸν
1814 3317 1974 3376 Βοῦν.

325 3405 556 3478 Δέχεται
589 3403 760 3458 ἐκεῖσε
788 3404 816 3458 6
862 3399 1220 3475 δημοκράτης
1246 3403 1355 3456 τῶν
1408 3403 1708 3477 Ιιρσσίνων,
1740 3405 1909 3480 ἤγουν
1950 3406 1979 3461 6

325 3489 657 3565 δομέστικος
687 3495 795 3546 τῶν
829 3485 1216 3548 εκσκουϐίτων.
1251 3492 1402 3565 Δοχή
1437 3495 1478 3560 ζ’
1507 3490 1585 3553 εἰς
1615 3492 1681 3546 τὰ
1723 3493 1770 3536 ³³
1801 3495 1979 3567 Ἀμα-

329 3586 587 3656 στριανοῦ
619 3583 750 3653 (81).
786 3581 1012 3655 Δέχεται
1042 3579 1213 3634 ἐκεῖσε
1242 3580 1270 3634 6
1314 3576 1671 3654 δημοκρᾶτης
1718 3587 1827 3636 τῶν
1880 3589 1976 3638 Βε-

328 3672 518 3740 νέτων,
551 3668 722 3744 ἤγουν
755 3671 783 3724 6
817 3667 1138 3741 δομέστικος
1184 3672 1293 3724 τῶν
1345 3669 1581 3745 σχολῶν.
1620 3673 1771 3749 Δοχή
1819 3673 1870 3741 η’
1901 3670 1976 3734 εἰς

327 3761 392 3816 16
441 3756 842 3829 Φιλαδέλφιον.
874 3757 1378 3838 ’Υποστρεφόμενος
1432 3759 1459 3813 6
1519 3755 1813 3834 δήμαρχος
1867 3764 1975 3816 τῶν

324 3849 565 3907 Βενέτων
633 3847 769 3920 μετᾶ
822 3851 920 3902 106
972 3845 1151 3919 δήμου
1208 3851 1304 3902 τοῦ
1352 3845 1571 3912 λευκοῦ,
1604 3853 1752 3902 ποιεῖ
1806 3847 1978 3905 ἐκεῖσε

323 3937 526 4013 δοχῆν.
561 3939 716 4016 Δοχή
750 3938 793 3993 ϐ’
817 3936 894 3997 εἰς
923 3937 1015 3990 τὸν
1043 3937 1279 4010 Ταῦρον.
1314 3935 1540 4010 Δέχεται
1571 3935 1738 3991 ἐκεῖσε
1768 3937 1797 3992 6
1829 3934 1895 4006 δή
1906 3960 1978 4010 μ-

325 4047 504 4103 αρχος
557 4031 672 4081 τῶν
723 4025 1001 4100 Πρασίνων
1054 4024 1187 4097 μετὰ
1229 4028 1327 4078 106
1377 4021 1558 4097 δήμου
1599 4029 1698 4079 106
1735 4025 1975 4100 ῥουσίου.

327 4118 485 4190 Δοχή
525 4122 556 4169 ι’
588 4115 641 4170 ἐν
691 4119 770 4186 τῷ
818 4118 1093 4190 φουρνικῷ
1141 4117 1246 4167 τῶν
1302 4112 1643 4184 ἀρτοπωλῶν
1694 4114 1788 4170 ²³’.
1825 4116 1978 4170 ’Υπο-

324 4206 697 4282 στρεοόμενος
746 4204 774 4258 6
822 4200 1114 4281 δήμαρχος
1199 4206 1305 4256 τῶν
1367 4202 1646 4276 Πρασίνων
1708 4205 1840 4276 μετὰ
1880 4209 1977 4260 106

321 4291 510 4365 δήμου
539 4298 640 4348 106
673 4291 919 4368 ρουσίου,
952 4297 1101 4346 ποιεῖ
1131 4290 1303 4346 ἐκεῖαε
1335 4291 1528 4366 δοχήν.
1547 4294 1704 4371 Λοχὴ
1742 4294 1807 4346 ια’
1828 4291 1880 4348 ἐν
1898 4297 1978 4365 τῷ

317 4385 501 4461 φὸρῳ.
561 4381 1064 4459 Ὑποστρεφόμενος
1121 4381 1149 4434 6
1200 4377 1494 4455 δήμαρχος
1539 4385 1647 4436 τῶν
1701 4381 1980 4455 Ηρασίνιυν

324 4471 463 4544 μετᾶ
490 4475 592 4525 106
625 4467 805 4540 δήμου
834 4473 932 4524 106
963 4468 1186 4542 ῥουσίου
1217 4474 1366 4523 ποιεῖ
1393 4467 1564 4523 ἐκεῖσε
1596 4465 1794 4544 ὃοχήν.
1822 4471 1976 4548 Δοχή

323 4561 395 4635 ιβ’
427 4559 483 4614 ἐν
514 4564 598 4632 τῷ
628 4560 968 4631 πραιτωρίῳ.
1003 4556 1227 4632 Δέχεται
1258 4555 1426 4612 ἐκεῖσε
1458 4558 1486 4611 6
1534 4553 1826 4634 δήμαρχος
1869 4563 1980 4613 τῶν

2177 2157 2248 2214 II.
2281 2158 2591 2217 Sciendum
2623 2166 2733 2230 est,
2765 2163 2874 2219 hoc
2923 2166 3071 2223 festo
3121 2169 3412 2240 principes
3459 2173 3535 2228 ita
3567 2176 3752 2247 excipi

2104 2246 2306 2302 solere.
2331 2248 2525 2305 Prima
2559 2254 2810 2323 receptio
2834 2254 2898 2308 ﬁt
2916 2261 3079 2310 extra
3098 2272 3384 2314 cameram
3413 2261 3471 2316 in
3501 2246 3746 2334 porticu,

2104 2336 2202 2390 ubi
2235 2342 2293 2392 et
2319 2338 2597 2394 columna
2626 2347 2761 2396 stat.
2795 2342 2896 2397 Hic
2946 2344 3214 2415 princeps
3261 2347 3607 2406 Venetorum
3644 2369 3744 2408 seu

2099 2425 2458 2482 domesticus
2487 2427 2818 2484 scholarum
2851 2447 2982 2486 cum
3007 2435 3243 2489 Venetis
3264 2437 3447 2492 adest.
3477 2438 3746 2508 Receptio

2097 2516 2357 2570 secunda
2382 2517 2450 2570 ad
2483 2517 2921 2589 aqumductum,
2955 2538 3058 2593 per
3087 2541 3258 2594 quem
3307 2542 3461 2598 aqua
3503 2529 3693 2584 ettluit
3725 2547 3739 2584 :

2097 2610 2214 2658 stat
2242 2604 2318 2659 ibi
2354 2604 2624 2677 princeps
2655 2607 3028 2666 Prasinorum
3063 2628 3162 2668 seu
3196 2615 3517 2672 excubitor.
3551 2617 3746 2675 Tertia

2097 2692 2155 2746 in
2188 2693 2247 2748 S.
2281 2692 2470 2762 Mucii,
2504 2695 2602 2750 ubi
2637 2697 2979 2755 Venetorum
3013 2700 3287 2757 tribunus
3334 2720 3467 2759 cum
3518 2707 3730 2778 populo

2096 2781 2227 2836 albo
2258 2783 2442 2837 adest.
2475 2784 2692 2849 Quarta
2721 2787 2778 2840 in
2815 2787 3137 2858 Exacionio,
3172 2791 3268 2847 ubi
3301 2793 3572 2849 tribunus
3603 2795 3742 2851 Pra-

2095 2869 2356 2926 sinorum
2389 2887 2518 2928 cum
2553 2874 2797 2930 factione
2828 2893 3018 2932 russa.
3052 2879 3265 2943 Quinta
3296 2882 3356 2936 in
3405 2884 3740 2956 Xerolopho

2093 2974 2124 3014 e
2172 2975 2406 3032 regione
2454 2961 2647 3017 sacelli
2692 2965 2746 3019 S.
2797 2965 3059 3021 Callinici
3103 2984 3117 3024 :
3170 2975 3288 3024 stat
3336 2970 3418 3026 ibi
3467 2974 3740 3029 tribunus

2091 3047 2465 3104 Prasinorum
2499 3067 2630 3105 cum
2665 3052 2878 3122 populo
2909 3053 3062 3113 albo.
3095 3057 3267 3112 Sexta
3298 3058 3354 3113 in
3382 3060 3504 3115 foro
3531 3063 3736 3118 Buvis:

2089 3135 2169 3190 ibi
2205 3136 2476 3207 princeps
2507 3137 2880 3194 Prasinorum
2913 3157 3012 3196 seu
3046 3142 3405 3200 domesticus
3438 3149 3737 3204 excubito-

2094 3240 2248 3279 rum.
2292 3225 2552 3296 Septima
2593 3227 2650 3281 in
2686 3227 2806 3282 foro
2837 3229 3205 3286 Amastriano
3241 3249 3254 3286 :
3287 3238 3402 3288 stat
3435 3235 3511 3290 ibi
3548 3237 3735 3291 Vene-

2092 3318 2284 3368 torum
2321 3315 2588 3386 princeps
2617 3331 2717 3372 seu
2749 3317 3105 3374 domesticus
3137 3320 3490 3377 scholarum.
3524 3325 3741 3381 Octava

2088 3403 2147 3457 in
2199 3403 2602 3475 Philadelphia
2653 3421 2666 3459 :
2721 3411 3012 3462 revertens
3064 3407 3416 3467 Venetorum
3464 3411 3740 3469 tribunus

2089 3507 2220 3546 cum
2274 3493 2486 3564 populo
2537 3493 2665 3549 albo
2715 3493 2794 3548 ibi
2842 3495 3135 3566 principes
3184 3499 3416 3571 excipit.
3469 3500 3634 3556 Nona
3679 3503 3738 3557 in

2088 3581 2278 3635 Tauro
2307 3599 2320 3637 :
2349 3583 2444 3636 ubi
2477 3584 2748 3639 tribunus
2779 3584 3146 3642 Prasinorum
3177 3603 3309 3642 cum
3341 3589 3553 3661 populo
3577 3605 3740 3646 russo

2087 3673 2268 3727 adest.
2301 3672 2534 3728 Decima
2564 3674 2624 3729 in
2671 3676 2892 3731 fornice
2939 3677 3222 3746 pistorum
3256 3695 3270 3733 :
3305 3689 3602 3738 revertens
3633 3681 3736 3736 tri-

2086 3759 2280 3816 bunus
2331 3761 2729 3831 Prasinorum,
2783 3781 2920 3820 cum
2970 3767 3179 3837 pupulo
3230 3785 3399 3823 russo
3453 3770 3740 3840 principes

2087 3849 2321 3920 excipit.
2356 3850 2673 3909 Undecima
2723 3854 2782 3908 in
2817 3855 2936 3908 foro
2971 3871 2985 3910 :
3019 3862 3314 3910 revertens
3359 3859 3736 3913 Prasinorum

2088 3939 2380 4005 tribunus,
2413 3956 2546 3994 cum
2584 3943 2800 4011 pepulo
2832 3959 2998 3996 russo
3024 3949 3232 4013 praesto
3255 3953 3358 3999 est.
3393 3947 3740 4000 Duodecimn

2087 4026 2147 4080 in
2185 4027 2443 4098 praetorio
2476 4043 2490 4083 :
2523 4033 2638 4082 stat
2671 4029 2751 4083 ibi
2782 4029 3057 4085 tribunus
3087 4030 3434 4087 Venetorum
3469 4049 3600 4088 cum
3636 4051 3736 4105 po.

2088 4117 2226 4186 pulo
2257 4117 2408 4170 albo.
2443 4115 2680 4172 Decima
2711 4119 2878 4172 tertia
2908 4119 2966 4173 in
3002 4121 3216 4174 fornice
3238 4120 3379 4175 Milii
3407 4138 3420 4176 :
3447 4134 3739 4177 revertens

2088 4205 2362 4259 tribunus
2393 4203 2745 4261 Venetorum
2799 4223 2933 4261 cum
2992 4208 3208 4279 populo
3259 4208 3391 4264 albo
3443 4211 3737 4281 principes

2089 4294 2320 4364 excipit.
2347 4295 2468 4349 Non
2504 4297 2702 4364 procul
2736 4296 2870 4351 inde
2904 4296 3172 4365 princeps
3212 4298 3610 4366 Prasinorum,
3634 4316 3732 4353 seu

2089 4384 2412 4451 excubitor,
2457 4399 2592 4438 cum
2644 4386 2980 4440 transitoria
3030 4387 3276 4442 factione
3322 4386 3582 4451 Prasina,
3632 4404 3736 4442 nec

2092 4489 2305 4543 magno
2336 4473 2527 4544 spatio
2558 4473 2860 4544 interjucto
2894 4480 3185 4530 revertens
3228 4476 3601 4530 Prasinorum
3637 4477 3738 4531 tri-

2091 4560 2288 4615 bunus
2317 4576 2448 4616 cum
2492 4564 2702 4633 populo
2735 4578 2927 4627 russo,
2959 4570 3094 4618 ante
3142 4564 3436 4619 Achilleae
3479 4565 3738 4620 thermas

320 4649 563 4707 Βενὲτων
599 4648 733 4721 μετὰ
781 4651 880 4702 106
927 4643 1108 4718 δήμου
1153 4650 1251 4700 106
1283 4644 1501 4702 λευκοῦ.
1534 4648 1686 4721 Δοχή
1723 4649 1786 4722 ιγ’
1812 4645 1865 4700 ἐν
1895 4652 1975 4720 τῷ
2008 4697 2009 4700 η

2101 4651 2162 4704 ad
2197 4655 2420 4721 portam
2457 4651 2688 4706 Meletes
2737 4653 2920 4707 adest.
2956 4653 3302 4708 Venetorum
3353 4660 3544 4709 autem
3581 4655 3737 4725 prin-

320 4743 602 4817 φουρνικῷ
645 4742 743 4792 106
791 4734 1018 4794 Μιλέου.
1071 4737 1567 4815 ’Υποστοεφόμενος
1605 4737 1633 4790 6
1685 4734 1980 4816 δήμαρχος

317 4833 429 4882 τῶν
465 4827 697 4883 Βενέτων
735 4828 870 4900 μετὰ
899 4830 997 4881 106
1027 4822 1209 4898 δήμου
1237 4830 1334 4880 106
1368 4825 1587 4892 λευκοῦ,
1618 4832 1766 4881 ποιεῖ
1808 4828 1978 4882 ἐκεῖσε

321 4915 524 4992 δοχῆν.
564 4916 665 4973 Καὶ
713 4913 880 4971 πάλιν
936 4916 1070 4987 μετὰ
1115 4914 1308 4990 μικρὸν
1353 4916 1454 4983 τῆς
1502 4914 1761 4986 τοιαύτης
1799 4913 1979 4989 δοχῆς

2089 4755 2225 4810 ceps
2273 4755 2374 4793 seu
2426 4739 2777 4794 domesticus
2827 4738 3159 4795 scholarum
3218 4757 3348 4796 cum
3400 4741 3735 4797 transitoria

2089 4829 2440 4882 Venetorum
2489 4827 2702 4898 pepulo
2756 4828 2816 4882 in
2865 4828 3136 4884 cancellis
3193 4829 3426 4885 chalces
3483 4847 3580 4886 eos
3638 4846 3734 4885 ex-

2090 4918 2250 4987 cipit.
3207 4924 3212 4930 ’

322 5005 544 5081 δέγεται
601 5007 630 5060 ὂ
689 5002 1042 5080 δημοκράτης
1097 5008 1206 5059 τῶν
1254 5003 1552 5074 Πρασίνων,
1583 5004 1750 5080 ἤγουν
1810 5005 1838 5060 6
1895 4997 2274 5068 ἐκσιυῦὄιτος,
2337 5001 2470 5075 μετᾶ
2522 5004 2621 5057 τοῦ
2676 5008 2968 5076 περατικοῦ
3027 5002 3209 5078 δήμου
3265 5010 3374 5061 τῶν
3429 5006 3730 5082 Πρασίνων,

319 5071 427 5154 εσὶἷ
482 5096 651 5151 πάλιν
716 5071 1094 5169 μετῖμικτρὸν
1147 5071 1688 5171 ὑποστρεφόμενοςυὸ
1733 5090 2025 5169 δήμαρχος
2069 5098 2176 5149 τῶν
2225 5071 2505 5166 [ipsisiva
2557 5093 2692 5164 μετᾶ
2720 5071 2820 5147 του
2852 5090 3036 5166 δήμου
3063 5071 3160 5149 τοῦ
3192 5093 3437 5171 ῥουσίου,
3481 5071 3730 5152 αοιοῦσιν

317 5186 495 5242 ἐκεῖσε
553 5183 729 5260 δοχὴν
789 5183 1010 5258 ἀντικρὺ
1064 5187 1162 5238 106
1193 5180 1503 5260 Ἀχιλλέως
1543 5183 1678 5258 πρὸς
1724 5183 1822 5251 τὴν
1867 5183 2052 5254 πύλην
2099 5184 2197 5250 τῆς
2249 5178 2524 5250 Μελέτης,
2555 5181 2643 5235 καὶ
2696 5179 2861 5236 πάλιν
2915 5182 3050 5255 μετᾶ
3099 5184 3291 5257 μικρὸν
3337 5191 3438 5254 τῆς
3468 5185 3728 5253 τοιαύτης

1689 5309 1927 5366 VARI!!!
1967 5307 2374 5366 LECTIONES.

389 5431 443 5467 ³³
473 5429 741 5500 πανάγεον
795 5435 858 5482 ut
904 5443 1082 5500 supra
1125 5427 1280 5499 conj.
1311 5426 1506 5483 Leich.
1583 5425 1630 5461 ³³
1661 5424 1735 5487 εἷς
1782 5424 1848 5479 τὰ
1896 5426 1989 5496 R.,
2022 5422 2098 5484 εἰς
2145 5425 2272 5479 cod.
2305 5439 2595 5496 superscr.
2625 5442 2677 5494 1,
2704 5421 2783 5485 εἷς
2825 5423 2918 5479 τὸν
2950 5426 3042 5481 ed.
3117 5425 3187 5460 ³⁸·
3217 5424 3576 5499 ἀρτοπωλιων
3608 5429 3738 5484 cod.

1367 5551 1564 5609 JOAN.
1608 5549 1754 5607 JAC.
1795 5549 2063 5606 REISKII
2102 5547 2700 5606 COMMENTARIUS.

395 5689 513 5768 (ξι)
563 5687 811 5768 Quen-do
858 5686 1194 5768 crsnobiu'n
1245 5685 1502 5768 indicare
1537 5684 1760 5768 _volunt
1805 5679 1985 5768 ϐεδεςὶ

328 5751 552 5817 ιδ’ὶιόσ
578 5751 671 5816 τοι
699 5761 800 5816 illo
833 5766 1119 5817 structum
1162 5767 1261 5816 aut
1313 5759 1783 5821 denominatum,
1825 5751 1988 5806 adhi-

657 5890 920 5951 Puaon.
969 5888 1080 5949 Gn.
1127 5886 1311 5948 CXII.

2096 5679 2237 5762 bent
2267 5688 2546 5762 neutrum
2591 5681 2814 5762 plurale
2854 5682 3059 5762 1a'i,__ut
3103 5682 3171 5737 τὰ
3209 5683 3624 5762 Ἀμαστριανοῦ,
3674 5683 3738 5739 τὰ

2101 5755 2336 5823 δῖιιρσοῦ,
2368 5755 2432 5806 τὰ
2464 5749 2780 5826 Ὀλυϐρίου,
2809 5762 2918 5810 etc.
2952 5753 3081 5809 Vid.
3116 5773 3246 5828 pag.
3279 5749 3404 5815 102.

3382 5886 3418 5940 8
