4108 6220
362 387 482 448 239

1448 381 1975 444 CONSTANTINI
2022 382 2719 444 PORPHYROGENITI

3657 384 3771 444 240

364 518 649 589 Suprema
695 514 971 578 Trinitas,
1002 516 1072 568 N.
1115 511 1185 567 N.
1227 527 1260 567 a
1306 512 1424 568 Deo
1474 514 1760 585 coronati,
1793 530 2005 570 corona

2118 509 2299 568 ’Ἄλλὸ
2347 510 2447 585 ἤχ.
2473 510 2535 567 δ”
2606 534 2628 562 α
2669 513 2731 568 Ἢ
2795 510 3131 589 ὑπεράρχιος
3185 513 3293 585 (94)
3346 511 3539 587 Τριὰςι
3580 510 3774 568 ὁόεῖνα

364 613 556 662 vestra
605 610 875 676 perpetuo
924 600 1267 656 delectatur.
1320 600 1438 657 Hoc
1485 603 1642 658 enim
1693 605 1788 659 die
1840 609 2007 659 Pater

364 695 594 751 tabulas
632 691 779 746 Mosi
814 689 1012 757 tradit,
1049 688 1207 744 illius
1247 689 1531 761 Spiritum
1572 697 1837 747 sanctum
1870 708 2005 763 apo-

365 782 528 838 stolis
569 782 770 845 donat,
802 779 927 851 ipse
955 778 1208 851 Spiritus
1247 779 1306 834 in
1337 778 1560 853 linguis
1602 782 1790 853 igneis
1829 798 2006 852 appa-

365 876 471 927 ret.
520 868 830 940 Triplicato
880 873 1072 923 autem
1116 866 1265 924 festo
1313 875 1525 937 vestro,
1571 869 1813 935 domini,
1867 870 2012 925 cele-

364 960 566 1015 bratur
605 957 799 1023 hodie,
833 973 958 1027 quis
997 971 1101 1011 vos
1133 957 1448 1023 coronavit,
1492 956 2010 1013 consubstantialis

362 1048 637 1104 Trinitas.
689 1069 710 1095 ι
755 1045 1025 1115 Receptio
1069 1045 1295 1116 quinta,
1333 1046 1723 1113 Prasinorum,
1758 1045 2011 1115 hymnus

366 1142 488 1195 ton.
530 1137 609 1193 lll
635 1152 650 1191 :
677 1158 696 1183 α
734 1135 941 1190 Portus
971 1134 1178 1189 divina:
1209 1134 1507 1203 doctrinae,
1543 1136 1729 1191 sancti
1758 1135 2011 1205 Spiritus

360 1226 549 1300 gratia
578 1248 607 1276 n
652 1224 992 1296 Apelaticus
1042 1223 1297 1296 hymnus
1332 1241 1345 1279 :
1396 1245 1423 1274 «
1455 1227 1501 1279 A
1545 1230 1747 1280 sancto
1789 1225 2011 1296 Spiritu

358 1334 482 1381 vos,
517 1313 739 1370 domini
769 1316 1188 1378 Romanorum,
1221 1314 1480 1368 coronati
1514 1314 1672 1376 estis,
1705 1320 1764 1368 et
1793 1314 1852 1368 in
1885 1314 2010 1385 ipso

362 1406 641 1477 p0pulum
674 1408 962 1462 vestrum.
996 1401 1055 1456 in
1086 1402 1246 1457 omni
1275 1406 1515 1457 veritate
1545 1401 1801 1457 divinam
1837 1402 2014 1470 maje-

362 1499 573 1550 statem
610 1495 851 1547 adorare
882 1492 1119 1546 docetis.
1160 1511 1188 1541 »
1226 1490 1496 1561 Receptio
1544 1496 1729 1557 sexta,
1761 1490 2012 1545 Veneto-

360 1600 511 1646 rum,
537 1583 790 1654 hymnus
822 1585 956 1635 tono
980 1578 1090 1635 IV:
1124 1601 1152 1628 ‹‹
1187 1580 1391 1651 Specie
1424 1580 1576 1651 ignis
1598 1579 1872 1651 Spiritus,
1902 1585 2010 1650 etc.

356 1673 540 1739 Alius,
572 1670 810 1742 obliquo
841 1667 950 1724 IV:
987 1690 1014 1717 ››
1052 1674 1201 1724 Deus
1234 1668 1490 1739 Spiritus
1529 1669 1701 1723 hodie
1731 1668 2013 1738 apostolis

363 1762 458 1817 31
506 1761 564 1814 in
605 1757 825 1828 linguis
856 1757 1101 1829 ﬁguram
1137 1756 1292 1828 ignis
1323 1756 1679 1811 habentibus
1718 1755 2013 1828 apparuit,

362 1854 421 1904 et
451 1865 570 1917 vos,
599 1865 632 1902 a
663 1847 779 1902 Deo
821 1845 1081 1902 coronati
1129 1844 1526 1915 imperatores,
1561 1861 1820 1917 purpura
1849 1862 2008 1901 coro-

363 1953 556 2009 neque
581 1939 830 2003 ornavnt,
864 1949 930 1989 ac
961 1933 1156 1989 divino
1196 1932 1441 1988 consilio
1483 1933 1765 1989 Romanis
1797 1950 1898 2005 pro
1928 1933 2013 1992 di.

362 2028 584 2093 imitate
606 2025 891 2095 imperare
919 2028 1262 2093 potestatem
1294 2022 1470 2077 dedit.
1505 2021 1705 2078 Gloria
1745 2024 1880 2091 Deo,
1913 2022 2013 2094 qui

369 2133 471 2171 vos
515 2117 573 2171 in
607 2114 852 2171 salutem
897 2114 1292 2169 Romanorum
1330 2114 1647 2169 coronavit.
1684 2135 1710 2162 »
1744 2115 1808 2169 In
1858 2130 2013 2169 rece-

366 2205 563 2276 ptione
617 2209 779 2259 sexta
836 2204 911 2256 ita
964 2201 1317 2257 acclamatur
1361 2218 1374 2255 :
1435 2207 1705 2258 cantores
1755 2203 2012 2258 dicunt:

355 2315 386 2345 «
416 2293 647 2357 Multos,
675 2291 1182 2353 multos.multosl
1226 2312 1255 2341 »
1289 2292 1588 2362 Populus:
1625 2312 1653 2342 «
1689 2293 1753 2347 In
1789 2290 2010 2347 multos

358 2398 566 2450 annos,
598 2383 654 2437 in
710 2379 924 2436 multos
952 2378 964 2433 l
1002 2400 1028 2431 ι
1064 2380 1340 2435 Cantores
1378 2396 1390 2433 :
1424 2402 1453 2429 α
1482 2379 1720 2437 Creator
1748 2380 2011 2436 omnium

364 2476 421 2527 et
467 2470 774 2526 Dominus.
820 2489 849 2518 ››
898 2467 1123 2523 Clamat
1163 2472 1220 2523 et
1270 2467 1521 2540 populus
1561 2478 1693 2523 ter:
1739 2488 1766 2520 α
1815 2468 2013 2540 Longa

364 2560 529 2615 vobis
572 2555 878 2630 tempora!
930 2578 959 2607 »
1015 2557 1334 2611 Cantorts:
1393 2575 1416 2604 ι
1467 2556 1831 2612 Paracletum
1882 2574 2014 2613 san-

363 2652 522 2702 ctum
583 2660 698 2716 que
738 2645 1045 2715 Spiritum.
1090 2664 1118 2694 υ
1168 2643 1395 2700 Clamat
1436 2648 1492 2699 et
1552 2645 1801 2717 populus
1859 2650 1947 2701 ter
1991 2660 2008 2701 :

363 2758 394 2786 ‹‹
428 2734 626 2806 Longa
653 2733 819 2789 vobis
850 2731 1151 2803 tempora!
1188 2753 1216 2780 »
1252 2732 1568 2788 Cantores:
1602 2756 1629 2783 «
1665 2734 1771 2798 Qui
1806 2734 1863 2789 in
1897 2733 2009 2789 lin-

360 2825 496 2896 guis
521 2818 920 2894 apostolorum
944 2819 1253 2876 demisit.»
1275 2820 1503 2877 Clamat
1521 2826 1577 2877 et
1608 2823 1858 2893 populus
1883 2828 2006 2879 ter:

360 2935 389 2963 ‹‹
426 2912 622 2982 Longa
650 2910 814 2965 vobis
852 2908 1146 2980 tempora!
1199 2929 1230 2962 ι)
1261 2909 1537 2966 Cantores
1568 2928 1580 2965 :
1618 2931 1645 2961 π
1695 2913 1892 2967 Annos
1922 2928 2009 2967 ve-

363 3006 537 3066 stros,
553 3002 950 3072 Augustarum
973 3005 1030 3053 et
1050 3000 1691 3072 porphyrogenitorum,
1707 3005 1918 3072 augeat
1940 3001 1952 3055 l
1976 3024 2004 3052 ››

360 3090 587 3146 Clamat
614 3096 671 3145 et
704 3089 946 3162 populus
964 3095 1049 3144 ter
1081 3106 1095 3144 :
1141 3111 1171 3140 ιι
1208 3094 1545 3160 Longaevam
1585 3090 1737 3145 Deus
1779 3107 2004 3146 sacram

360 3181 730 3250 majestatem
794 3188 1040 3235 vestram
1103 3193 1231 3235 esse
1280 3177 1525 3246 jubeat!
1570 3200 1599 3227 n
1649 3178 1890 3235 Trilexia
1945 3180 2002 3234 in

2119 600 2208 654 καὶ
2254 601 2282 653 ὁ
2339 596 2486 654 δεῖνα
2533 601 2869 664 θεὸστεπτοι,
2921 596 3241 672 ἆδιαιρέτως
3326 597 3380 653 ἐν
3442 605 3522 672 τῷ
3590 599 3770 678 στέφει

2123 689 2275 760 ὑμῶν
2332 686 2600 743 δείκνυται
2657 685 2972 742 εὐδοκαῦσα·
3029 685 3080 741 ἐν
3147 686 3315 760 ταύτῃ
3356 688 3459 763 γὰρ
3488 692 3556 761 τῇ
3591 688 3770 764 ἡμέρᾳ

2119 778 2305 849 Πατὴρ
2361 779 2457 838 τὰς
2510 774 2714 838 πλὲκας
2776 778 2952 850 Μωσῇ
3010 776 3260 851 παρέχει,
3296 777 3422 838 Υἱὸς
3460 777 3523 831 τὸ
3556 781 3771 851 Πνεῦμα

2119 872 2233 927 τοῖς
2293 868 2563 938 μαθηταῖς
2614 862 2893 940 δωρεῖται,
2951 865 3084 920 αὐτὸ
3141 867 3204 920 τὸ
3257 868 3474 937 Πνεῦμα
3521 865 3774 939 πυρίναις

2119 954 2396 1030 γλώσσαις
2443 955 2784 1027 τυπούμενον
2834 956 3177 1031 φανεροῦται·
3236 954 3777 1029 τριπλασιαζομένης

2124 1042 2180 1100 δὲ
2247 1050 2347 1114 τῆς
2405 1045 2598 1119 ἑορτῆς
2659 1045 2834 1116 ὑμῶν,
2884 1042 3222 1118 θεολογεῖται
3280 1046 3393 1117 (95)
3449 1049 3687 1119 σήμερον
3739 1049 3773 1115 ἡ

2122 1133 2417 1206 ὁμοοόσιος
2449 1135 2615 1207 Τριάς
2662 1138 2696 1202 ἡ
2757 1132 3021 1211 στέφουσα
3078 1133 3237 1205 ὑμᾶς.
3269 1157 3296 1183 ››
3354 1134 3511 1208 Δοχή
3563 1134 3619 1202 ε“,
3666 1138 3771 1188 τῶν

2121 1222 2424 1297 Πρασίνων,
2457 1225 2608 1301 φωνὴ
2641 1224 2745 1298 ﬁl.
2778 1225 2846 1299 γ’·
2883 1248 2911 1274 ‹‹
2946 1223 3129 1295 Λιμὴν
3159 1226 3267 1278 τῶν
3310 1221 3469 1286 θείων
3504 1219 3772 1298 διδαγμᾶ-

2119 1334 2251 1379 των,
2279 1315 2313 1381 ἡ
2344 1317 2440 1367 τοῦ
2495 1312 2756 1386 παναγίου
2812 1310 3121 1385 Πνεόματος
3169 1312 3411 1386 χάρις.»
3478 1309 3776 1366 Ἀπελατι·

2121 1401 2234 1461 κός·
2280 1424 2307 1453 ι(
2365 1404 2453 1472 Τῷ
2509 1401 2652 1476 ἁγίῳ
2712 1400 2986 1471 Ιινεόματι
3040 1398 3350 1477 ἐστέτρθητε,
3411 1401 3461 1454 οἱ
3520 1396 3773 1455 δεσπόται

2121 1494 2230 1545 τῶν
2261 1488 2573 1562 Ῥωμαίων,
2604 1489 2695 1543 καὶ
2723 1488 2775 1544 ἐν
2807 1489 2956 1559 αότῷ
3011 1486 3265 1563 ὁδηγεῖτε
3294 1489 3385 1542 τὸν
3434 1486 3565 1542 λαὸν
3621 1489 3774 1561 ὑμεῖν

2122 1581 2173 1637 ἦν
2207 1581 2350 1655 πάσῃ
2405 1586 2724 1657 προσκυνεῖν
2782 1579 3012 1653 ἀληθείᾳ
3070 1581 3132 1635 τὸ
3204 1581 3583 1655 τρισυπέρθεον
3640 1582 3772 1656 κρα-

2119 1691 2234 1731 τος.
2271 1694 2299 1721 »
2331 1671 2487 1745 Δοχή
2523 1671 2592 1737 ς’,
2624 1675 2731 1724 τῶν
2767 1668 3026 1737 Βενὲτων,
3050 1669 3206 1742 φωνή
3238 1667 3339 1743 ἧχ’
3378 1666 3439 1727 δ’.
3509 1692 3535 1723 α
3594 1669 3768 1743 Πυρὸς

2123 1758 2173 1813 ἐν
2207 1756 2338 1814 εἷ’δει
2386 1760 2449 1814 τὸ
2500 1763 2718 1831 Πνεῦμα
2763 1781 2790 1811 ››
2847 1757 2936 1813 καὶ
2986 1759 3051 1813 τὰ
3106 1758 3247 1828 ἑξῆς.
3288 1756 3473 1816 ’Άλλο
3504 1759 3667 1833 πλαγ.
3706 1756 3767 1813 δ’·

2132 1871 2160 1902 ι
2216 1848 2345 1909 Θεὸς
2389 1848 2453 1902 τὸ
2502 1852 2739 1921 Πνεῦμα,
2792 1848 3030 1919 σήμερον
3060 1845 3358 1923 ἐγνωρίσθη
3381 1852 3497 1909 τοῖς
3529 1846 3767 1903 ἀποστό-

2124 1935 2244 1997 λοις
2276 1935 2327 1991 ἐν
2355 1934 2633 2010 γλώσσαις
2680 1936 3072 2012 πυριμόριροις,
3132 1935 3221 1990 καὶ
3268 1935 3428 2009 ὑμᾶς,
3461 1938 3768 1992 θεόστεπτοι

2123 2025 2420 2102 εὐεργέται,
2451 2030 2520 2100 τῇ
2578 2022 2861 2100 ἁλουργίδι
2919 2025 3011 2079 καὶ
3055 2030 3136 2096 τῷ
3179 2023 3628 2104 στέφειδοξάσας,
3661 2023 3771 2081 ἐδι-

2121 2111 2352 2165 καίωσεν
2416 2107 2679 2184 βουλήσει
2738 2109 3001 2182 θεοκρίτῳ
3035 2107 3339 2183 βασιλεύειν
3373 2108 3605 2183 ἐπαξίως
3636 2112 3770 2168 Ῥω-

2123 2197 2324 2270 μαίων.
2357 2198 2491 2270 Δόξα
2550 2202 2666 2269 Θεῷ
2721 2201 2801 2269 τῷ
2862 2198 3112 2271 «tam:
3168 2198 3308 2271 ὑμᾶς
3366 2198 3444 2261 εἷς
3501 2200 3771 2276 ἀνέγερσιν

2119 2287 2435 2358 Ῥωμαίων.
2473 2308 2501 2337 ››
2533 2285 2868 2361 Ἀκτολογία
2905 2292 3007 2354 τῆς
3055 2282 3219 2355 ἕκτης
3259 2283 3457 2362 δοχῆς.
3518 2289 3773 2364 Λέγουσιν

2122 2375 2176 2429 οἱ
2224 2374 2474 2449 κράκται·
2511 2398 2540 2423 ac
2573 2373 2785 2441 Πολλὰ,
2818 2372 3004 2429 πολλὰ
3033 2373 3242 2433 πολλά.
3276 2400 3305 2427 ››
3330 2378 3391 2433 Ὀ
3425 2375 3581 2438 λαόςο
3618 2402 3645 2429 (ι
3680 2380 3773 2442 Εἰς

2120 2463 2308 2520 πολλὰ
2336 2463 2454 2534 ἔτη,
2488 2463 2562 2525 εἰς
2586 2461 2797 2520 πολλά.
2834 2488 2862 2516 ››
2894 2464 2961 2521 Οἱ
3002 2462 3251 2540 κρᾶκταιο
3288 2489 3317 2518 ‹‹
3360 2467 3421 2524 Ὀ
3469 2473 3577 2522 τῶν
3637 2468 3771 2523 παν·

2119 2575 2227 2609 των
2264 2553 2504 2623 Ποιητὴς
2534 2553 2623 2607 καὶ
2656 2552 2951 2623 Δεσπότης.
2984 2577 3011 2605 ››
3071 2556 3315 2629 Φθογγεῖ
3366 2555 3457 2609 καὶ
3481 2555 3508 2610 ὁ
3558 2557 3687 2619 Λαὸς
3716 2556 3775 2613 ἐκ

2118 2639 2324 2710 τρίτου·
2355 2663 2382 2691 ‹‹
2422 2638 2633 2695 Πολλοὶ
2679 2642 2809 2712 υμῖν
2844 2640 3062 2716 χρόνοι.
3112 2665 3140 2692 ››
3172 2642 3239 2698 Οἱ
3272 2642 3524 2717 κράκται.
3553 2667 3582 2696 ‹‹
3616 2645 3678 2702 Ὀ
3708 2646 3773 2701 τὸ

2118 2728 2470 2803 παράκλητον
2528 2731 2621 2784 καὶ
2681 2731 2835 2803 ἅγιον
2870 2734 3108 2803 Πνεῦμα.
3131 2754 3159 2781 ››
3199 2733 3435 2807 Φθογγεῖ
3462 2732 3552 2787 καὶ
3583 2735 3611 2789 ὁ
3639 2734 3770 2799 λαὸς

2119 2818 2178 2875 ἐκ
2205 2826 2269 2895 γ’⁸
2324 2844 2350 2871 ‹‹
2403 2819 2611 2875 Πολλοὶ
2659 2821 2787 2892 ὑμῖν
2828 2821 3042 2894 χρόνοι.
3086 2846 3115 2873 ››
3166 2823 3233 2879 Οἱ
3287 2823 3534 2897 κράκται.
3587 2850 3615 2876 (ι
3660 2828 3774 2883 Κα..

2115 2910 2401 2982 ταπέμψας
2454 2908 2505 2963 ἐν
2559 2908 2834 2984 γλώσσαις
2880 2915 2986 2963 τῶν
3042 2910 3391 2967 ἀποστόλων.
3449 2938 3471 2966 ι
3536 2920 3777 2991 Φθογγεῖ

2116 2997 2205 3051 καὶ
2258 2999 2286 3051 ὁ
2346 2996 2477 3058 λαὸς
2526 2994 2586 3051 ἐκ
2641 2998 2844 3071 τρίτου·
2886 3023 2913 3049 ‹‹
2968 2996 3179 3054 Πολλοὶ
3231 3000 3355 3070 ὑμῖν
3391 3000 3611 3076 χρόνοι.
3646 3026 3674 3053 ›»
3706 3004 3776 3061 Οἱ

2115 3085 2364 3160 κράκταιο
2409 3110 2437 3137 ‹‹
2494 3086 2635 3147 Τοὺς
2686 3086 2921 3162 χρόνους
2974 3088 3127 3159 ὑμῶν
3174 3085 3446 3158 πληθυνεῖ
3501 3092 3593 3145 σὺν
3656 3100 3779 3153 ταῖς

2114 3176 2438 3250 αὑγοόσταις
2486 3176 2575 3229 καὶ
2633 3182 2750 3239 τοῖς
2796 3178 3355 3253 πορφυρογεννήτοις.
3430 3204 3455 3232 υ
3539 3183 3779 3258 Φθογγιῖ

360 3271 632 3324 eumdem
685 3268 899 3324 festum
934 3269 1111 3334 diem,
1143 3267 1259 3322 obl.
1295 3270 1408 3323 1V:
1444 3288 1471 3316 ‹‹
1514 3267 1759 3338 Suscipe
1790 3284 2005 3336 servos,

2122 3264 2210 3319 καὶ
2242 3265 2269 3318 ὁ
2302 3264 2431 3325 λαις
2467 3263 2528 3319 ἐκ
2556 3265 2622 3339 γ”
2653 3288 2681 3315 ‹‹
2740 3262 3112 3339 Πολυχρόνιον
3146 3268 3364 3337 ποιήσει
3419 3267 3446 3322 ὁ
3495 3269 3626 3331 Θεὸς
3679 3272 3779 3339 τήν

364 3356 624 3421 Domine,
656 3356 929 3426 pietatem
964 3360 1126 3409 tuam
1158 3361 1333 3409 cantu
1361 3354 1755 3410 celebraturos
1789 3373 1803 3423 ;
1837 3361 2010 3421 Deus,

364 3442 466 3515 qui
516 3458 627 3497 sua
659 3458 833 3498 manu
882 3448 1140 3498 vestrum
1190 3441 1460 3497 verticem
1505 3441 1723 3498 honore
1765 3458 2009 3498 corona-

364 3532 463 3585 vit.

2124 3353 2276 3427 ἁγίαν
2314 3351 2591 3427 βασιλείαν
2625 3374 2739 3416 σας.
2785 3378 2812 3404 ››
2844 3353 3105 3427 Τριλὲξια
3154 3356 3264 3429 (96)
3324 3355 3400 3418 εἷς
3459 3358 3557 3426 τήν
3611 3358 3776 3427 αὐτὴν

2121 3440 2338 3515 ἑορτὴν,
2388 3440 2564 3518 πλαγ.
2623 3439 2683 3497 δ’.
2748 3467 2775 3493 ‹‹
2837 3443 2986 3514 Δέξαι
3039 3440 3296 3510 δούλους,
3356 3445 3619 3517 Δέσποτα,
3678 3454 3775 3504 τοῦ

2121 3531 2302 3604 ὑμνεῖν
2334 3530 2396 3585 τὸ
2423 3526 2636 3593 εὐσεϐὲς
2669 3550 2787 3586 σου·
2826 3532 2854 3585 ό
2899 3533 3028 3595 Θεὸς
3086 3534 3114 3588 ὁ
3174 3532 3373 3608 στὲψας
3431 3534 3776 3614 αὐτοχείρως

2118 3621 2216 3688 τήν
2244 3620 2490 3697 κορυφὴν
2521 3619 2673 3692 ὑμῶν
2707 3620 2924 3691 ἆξῖώσεί
2957 3623 3094 3695 (97),

1406 3720 1611 3776 JOAN.
1651 3721 1792 3778 JAC.
1834 3718 2099 3777 REISKII
2138 3717 2721 3775 COMMENTARIUS.

428 3809 543 3884 (94)
576 3812 698 3884 Vox
729 3809 1009 3884 rarior,ga
1041 3825 1191 3865 nova
1220 3808 1439 3866 Graecia
1462 3810 1749 3884 conficta,
1780 3810 2012 3866 videtur

359 3882 415 3936 id
450 3881 798 3950 signiﬁcare,
823 3881 964 3951 quod
997 3896 1161 3949 super
1189 3896 1348 3936 omne
1382 3883 1611 3936 initium
1641 3885 1879 3949 positum
1909 3887 2007 3947 est,

360 3954 517 4024 quod
555 3953 720 4007 initio
759 3959 941 4027 caret.
981 3961 1043 4007 ut
1079 3969 1255 4027 supra
1285 3953 1374 4008 bis
1410 3953 2008 4027 habuimusgcovivapf

358 4021 483 4098 χος.
517 4030 843 4079 coaeternus.
894 4023 1037 4079 Nam
1082 4021 1317 4098 ἄναρχος
1370 4042 1515 4081 novo
1565 4025 1895 4097 significatu
1929 4021 2008 4080 ibi

362 4106 521 4151 ηοιειι
553 4109 848 4153 aeternum.

430 4168 540 4239 (95)
583 4168 705 4239 AAd
738 4168 976 4223 verbum
1009 4166 1234 4239 dicitur
1284 4167 1519 4239 Trinitas
1580 4168 1718 4221 Deus
1771 4167 2003 4222 consub-

356 4237 663 4306 sta‘nlialis,
696 4238 749 4291 id
800 4245 907 4304 est,
942 4237 1267 4293 celebratur
1308 4238 1566 4293 Trinitas
1614 4239 2004 4301 sermonibus,

358 4312 455 4379 qui
498 4314 851 4372 asseverant,
884 4316 1001 4363 tres
1048 4325 1327 4379 perspnas
1367 4310 1668 4363 Trinitatis
1710 4325 1869 4379 asque
1912 4310 2007 4363 di~

356 4377 522 4450 vinas
572 4386 743 4447 atque
793 4377 1527 4450 consubstantialesgesse.
1582 4377 1867 4450 Θεογολεῖν
1920 4384 2009 4435 est

353 4448 420 4504 de
446 4450 547 4504 Deo
588 4464 865 4504 sermones
898 4452 1099 4518 facere.
1149 4448 1488 4518 TheOphsn.

353 4528 410 4575 et
450 4521 758 4576 Combetis.
792 4521 863 4574 ad
914 4520 1074 4575 illius
1123 4537 1177 4591 p.
1210 4519 1655 4591 59,,Tbeologts
1699 4523 1758 4575 in
1809 4522 2002 4590 specie

355 4607 548 4646 sermo
566 4599 624 4646 et
653 4591 974 4659 disputatio
1000 4595 1071 4647 de
1092 4593 1287 4646 divina
1308 4590 1519 4646 Christi
1547 4590 1755 4645 natura
1770 4598 1858 4645 est
1881 4601 2002 4652 θεο-

356 4660 531 4737 λογίαη
570 4662 697 4716 Vid.
730 4660 914 4717 Vales.
940 4662 1013 4718 ad
1048 4663 1259 4737 Euseb.
1297 4679 1351 4733 p.
1389 4664 1441 4718 5.
1470 4663 1563 4717 Sic
1592 4660 1913 4737 κυνολογεῖν
1938 4665 2003 4737 de

351 4735 805 4807 Siriiogsermones
833 4737 1020 4805 facere
1041 4735 1197 4807 apud
1232 4737 1574 4789 Athenaeum
1618 4736 1658 4789 l.
1694 4751 1749 4806 p.
1784 4736 1873 4799 23,
1900 4735 2000 4790 ubi

353 4806 466 4860 vid.
503 4804 822 4861 Casaubon.

422 4876 537 4949 (96)
584 4876 707 4932 Non
758 4874 1004 4947 reperio,
1056 4877 1157 4949 qui
1206 4891 1401 4932 vocem
1449 4875 1599 4931 hanc
1648 4877 1996 4949 exposuerit.

350 4946 600 5004 Videtur
643 4946 893 5020 carmen
923 4946 1144 5013 notare,
1190 4949 1341 5020 quod
1386 4954 1484 5002 aut
1523 4954 1611 5004 ter
1654 4946 1997 5018 iterabatur,

349 5027 454 5076 aut
495 5020 688 5089 potius
732 5036 767 5075 a
804 5019 995 5075 tribus
1025 5020 1363 5076 cantoribus
1405 5020 1580 5075 simul
1621 5021 1996 5086 recitabatur,

348 5096 415 5164 ut
455 5088 802 5164 tarpeiam,
853 5106 978 5164 quas
1024 5109 1056 5146 a
1107 5100 1358 5162 quatuor
1405 5090 1742 5147 cantoribus
1800 5092 2001 5147 recita-

347 5160 579 5218 bantur.
604 5163 734 5217 Vid.
776 5178 831 5233 p.
868 5163 991 5218 165.

417 5233 531 5303 (97)
566 5234 699 5289 Post
724 5231 873 5288 hanc
898 5248 1093 5288 vocem
1127 5233 1329 5288 deesse
1354 5232 1594 5303 aliquid,
1621 5231 1995 5303 manifestum

345 5300 453 5376 est.
478 5300 619 5376 Nam
647 5305 897 5376 debebat
917 5307 1118 5376 saltem
1144 5304 1282 5375 ὑμᾶς
1306 5304 1380 5363 εἰς
1406 5300 1642 5376 χρόνους
1681 5302 1877 5376 ἑκατὸν
1895 5303 1994 5369 τὴν

346 5373 499 5444 ὑμῶν
541 5371 741 5429 διέπειν
783 5373 1090 5440 πολιτείαν,
1135 5371 1196 5429 ut
1234 5393 1289 5446 p.
1327 5371 1552 5434 30,"sed
1604 5380 1783 5429 multo
1828 5374 1997 5444 plura

341 5448 543 5503 der-sse
565 5449 981 5518 deprehendet,
1015 5450 1116 5518 qui
1144 5449 1448 5516 sequentia
1479 5462 1608 5499 cum
1645 5447 1992 5518 anteceden-

341 5520 497 5574 tibus
528 5516 747 5575 attente
771 5516 1041 5573 conterat
1074 5517 1213 5571 Nam
1256 5534 1365 5572 non
1408 5532 1616 5583 respon
1643 5524 1761 5571 teut
1792 5516 1996 5571 inscri-

342 5591 548 5657 ptionl,
596 5592 693 5646 sed
741 5592 895 5644 aliud
933 5597 1204 5644 tractant.
1252 5588 1539 5643 Promitttt
1580 5588 1906 5656 inscriptio,
1938 5594 1994 5643 et

337 5659 595 5719 instituit
639 5661 871 5719 initium
904 5661 1037 5717 noni
1073 5660 1304 5729 capitis.
1350 5657 1776 5714 enarrationem
1818 5662 1989 5715 Acto-

337 5749 463 5794 rum
506 5734 637 5791 festi
671 5739 1055 5791 Pentecostes.
1092 5735 1198 5787 Pro
1234 5731 1486 5786 maxime
1535 5745 1666 5787 vero
1706 5739 1864 5801 parte
1914 5731 1990 5786 ri-

1539 4465 1593 4518 p.
1624 4433 1716 4512 59'.
1756 4451 1847 4514 77,
1880 4433 2006 4518 350,
2042 4433 2085 4499 D

2121 3817 2213 3889 tus
2245 3809 2635 3889 processionis
2669 3811 2956 3889 paschalis
2988 3813 3357 3889 exponitth
3391 3820 3588 3886 caput,
3614 3821 3772 3889 quod

2118 3882 2394 3958 deinceps
2418 3882 2741 3958 luculenter
2758 3884 3044 3939 evincam.
3063 3882 3275 3958 l‘ucipit
3297 3886 3418 3942 haec
3438 3882 3769 3958 argumenti

2119 3950 2505 4029 discrepantia
2536 3970 2569 4008 a
2698 3954 2842 4029 3,‘et
2887 3971 3019 4010 voce
3067 3950 3251 4025 ἕνθεξρς
3282 3958 3373 4013 cui
3410 3950 3771 4029 pricessisse

2119 4024 2293 4099 etiam
2316 4025 2539 4099 aliqua,
2590 4026 3080 4099 manifestumcx
3127 4043 3193 4084 eo
3238 4036 3345 4095 est,
3380 4024 3529 4099 quod
3582 4035 3768 4087 oratio

2118 4094 2273 4174 h_iat_._
2311 4094 2531 4174 Saltem
2580 4099 2838 4174 verbum_
2875 4095 3187 4174 ἐπαίρουσιν
3232 4094 3336 4174 aut
3378 4094 3629 4174 σύρουσιν
3680 4104 3769 4159 vel

2119 4165 2313 4221 simile
2355 4168 2755 4241 desideratur.
2804 4167 2912 4223 Sed
2971 4165 3155 4225 multo
3215 4169 3385 4241 plura
3443 4165 3651 4229 desunt
3696 4176 3772 4232 de

2119 4237 2483 4306 processione
2530 4255 2833 4309 procerum
2878 4256 2978 4296 seu
3020 4237 3305 4297 conventu
3354 4241 3414 4298 in
3459 4246 3654 4301 aulam
3694 4248 3768 4303 ad

2120 4311 2527 4379 imperatorem
2591 4309 2650 4364 in
2708 4309 3256 4379 Chrysotriclinum.
3310 4313 3477 4370 Clara
3532 4318 3770 4374 tandem

2119 4386 2353 4455 re_s__est_
2393 4395 2462 4455 ex
2509 4396 2597 4444 eo,
2628 4384 3048 4455 quod_pagina
3094 4400 3299 4440 aversa
3345 4386 3433 4441 vel
3485 4388 3773 4455 posterior

2118 4449 2260 4504 folii.
2295 4450 2643 4529 li_i__in_!oce
2693 4449 3276 4529 dﬁttbsaz‘desinebat,
3308 4462 3367 4511 et
3412 4449 3625 4529 pagina
3669 4463 3770 4516 sd-

2110 4536 2272 4604 versa
2315 4520 2433 4574 folii
2475 4522 2543 4575 42
2591 4520 2745 4604 voce
2771 4520 2915 4604 ἔνθεν
2961 4525 3301 4604 incipiebat.
3338 4520 3589 4604 Debebat
3627 4545 3767 4604 ergo

2112 4590 2317 4646 folium
2359 4608 2562 4670 unum,
2605 4601 2706 4649 aut
2739 4597 2936 4670 potius
2986 4590 3166 4670 multo
3214 4598 3403 4670 plura,
3439 4602 3580 4657 forte
3620 4590 3766 4659 inte-

2110 4679 2212 4734 ger
2260 4664 2582 4740 quaternio,
2621 4682 2718 4721 seu
2744 4664 2956 4740 decem
2996 4668 3153 4732 folia,
3204 4664 3465 4740 periisse.
3502 4670 3666 4727 Patet
3694 4690 3765 4731 ex

2112 4750 2355 4814 numero
2387 4738 2666 4814 capitum,
2709 4739 2808 4814 qni
2841 4740 2913 4794 ab
2946 4739 3065 4814 hoc
3087 4738 3275 4814 capite
3305 4742 3441 4797 inde
3465 4744 3763 4814 discrepat

2108 4822 2140 4887 ιι
2175 4812 2368 4887 nostra
2414 4805 2689 4887 editione.
2724 4805 2870 4887 Nam
2917 4811 3069 4887 quod
3105 4805 3257 4887 huic
3290 4814 3528 4887 editioni
3581 4805 3761 4887 caput

2108 4876 2399 4957 decimum
2438 4878 2628 4957 est,_i_d
2670 4885 2761 4934 est
2797 4882 2855 4935 in
2895 4876 3092 4937 codice
3130 4883 3337 4957 capitis
3372 4901 3469 4940 xix
3490 4902 3635 4957 pars
3657 4876 3762 4943 ἐο-

2109 4949 2323 5024 cnnda,
2356 4950 2509 5024 quod
2546 4948 2637 5024 hic
2682 4956 2770 5024 est
2798 4968 2855 5007 xi
2905 4959 3101 5024 caput,
3132 4948 3330 5011 id'est
3374 4948 3560 5014 codici
3596 4958 3761 5017 viae-

2107 5021 2349 5102 simum,
2374 5019 2481 5102 hic
2511 5036 2587 5075 xit
2621 5021 2679 5102 in
2712 5022 2931 5102 Codice
2957 5019 3171 5102 ἐκπίοι
3201 5024 3286 5082 sic
3320 5043 3553 5102 semper
3583 5046 3757 5102 porro

2107 5092 2359 5171 decurrit
2407 5092 2500 5147 hic
2545 5096 2683 5148 ordo
2726 5111 2828 5165 per
2856 5100 3045 5151 totum
3090 5096 3307 5171 librum
3353 5092 3634 5171 primum,
3667 5102 3761 5159 sic

2108 5167 2172 5217 ut
2219 5163 2689 5236 codex_semper
2726 5163 3011 5223 'nostram
3070 5163 3386 5225 editionem
3442 5163 3756 5229 novensrio

2105 5238 2372 5316 superet;
2414 5234 2515 5316 Ex_.
2567 5234 2839 5316 c.__c_aput
2898 5238 3068 5316 nobis
3131 5240 3213 5316 31_
3263 5244 3360 5316 _est
3406 5242 3591 5298 codici
3643 5244 3757 5316 40;

2105 5304 2277 5359 nobis
2304 5304 2395 5370 92,
2419 5311 2507 5361 est
2528 5305 2713 5361 codici
2740 5304 2870 5363 ⁷101.
2907 5309 3130 5365 Mallem
3163 5310 3236 5365 ab
3263 5309 3372 5367 hoc
3403 5304 3757 5372 numerandi

2104 5374 2306 5453 ordine
2333 5378 2651 5432 discessum
2708 5395 2820 5435 non
2857 5381 3200 5453 tuisse._S_ed
3248 5398 3429 5453 quum
3466 5400 3577 5439 non
3629 5390 3757 5441 tan-

2106 5452 2227 5501 tum
2276 5447 2548 5503 decessor
2575 5465 2781 5521 _meus,
2814 5453 2913 5507 sed
2965 5460 3022 5507 et
3073 5447 3282 5521 Majus'
3312 5456 3391 5510 ita
3432 5454 3759 5513 instituerit

2103 5533 2412 5599 numerare
2439 5519 2671 5599 _capita,
2706 5528 2768 5599 ut
2812 5523 2869 5577 in
2902 5523 3029 5599 _h_ac_
3066 5519 3323 5599 editione
3368 5528 3751 5599 conspicitur,

2103 5589 2273 5667 debui
2308 5590 2494 5667 eosin
2522 5589 2616 5646 illa
2649 5594 2865 5667 reliqua
2901 5594 3033 5649 libri
3068 5595 3234 5667 primi
3267 5603 3449 5667 parte.
3481 5589 3609 5667 οὐτε
3638 5589 3752 5657 sub

2102 5662 2287 5717 oculis
2319 5663 2460 5718 meis
2491 5680 2700 5719 excusa
2730 5664 2861 5729 fuit,
2893 5662 3079 5733 sequi.
3113 5662 3751 5730 Quid'autem'deside-

2105 5737 2285 5799 retur,
2301 5750 2402 5790 seu
2427 5735 2622 5806 qualia
2646 5737 3022 5794 tractaverint
3042 5745 3389 5810 argumenta
3409 5740 3747 5815 illa'capita,
