4108 6220
350 401 467 459 2'79

1417 399 1949 464 CONSTANTINI
1992 397 2697 461 PORPHYBOGENITI

3636 394 3755 456 280

348 542 418 593 tae
462 537 718 609 Deipare
758 536 1097 593 diaconissas
1136 537 1321 593 adem
1361 538 1502 608 petit
1530 538 1864 608 imperator,
1894 537 1989 593 ubi

2110 554 2161 589 τε
2189 538 2297 587 τῶν
2346 530 2707 607 ἀρτοπωλίων
2757 532 2806 568 ⁸⁸
2847 530 2937 586 καὶ
2992 533 3091 585 τοῦ
3142 529 3365 603 ταύρου,
3424 523 3749 585 καταλαϐὼν

351 642 583 684 cereum
652 627 1145 698 processioualem
1204 627 1414 695 reddit,
1473 631 1529 682 et
1582 627 1655 682 ad
1712 627 2001 683 Philadel-

353 716 561 788 phium
611 732 800 787 usque
846 732 1209 787 progressus,
1241 733 1274 771 a
1305 716 1507 772 dextra
1541 716 1853 773 deﬂectens
1905 733 2007 786 per

355 804 573 875 Olybrii
614 808 670 860 et
709 806 1148 861 Constantianae
1194 805 1454 861 thermas
1505 807 1790 875 usquead
1821 804 2005 861 sancti

351 892 642 966 Polyeucti
674 894 854 965 vadit,
884 894 983 949 ubi
1025 895 1199 950 etiam
1240 910 1467 949 cereum
1529 899 1733 961 mutat,
1777 894 2006 965 alioque

351 1000 384 1039 a
415 983 724 1055 praeposito
764 988 1022 1055 accepto,
1068 999 1167 1054 per
1213 983 1458 1039 mediam
1504 985 1575 1039 ad
1619 983 1717 1039 SS.
1761 988 2005 1055 Aposto-

350 1072 439 1127 los
472 1073 613 1140 abit,
645 1076 702 1128 et
733 1073 1064 1129 narthecem
1099 1074 1421 1144 ingressus,
1457 1075 1517 1128 in
1548 1072 1697 1129 sella
1719 1074 2003 1141 assidens,

352 1164 743 1234 patriarcham
776 1167 1089 1233 exspectat.
1124 1163 1231 1227 Qui
1265 1168 1576 1235 postquam
1610 1179 1740 1218 cum
1775 1180 2006 1236 proces-

353 1253 517 1309 sione
549 1253 801 1320 advenit,
851 1252 1045 1308 clerici
1113 1268 1457 1308 communes
1514 1253 1614 1307 46
1673 1256 1731 1309 et
1788 1252 2007 1325 politici

352 1358 456 1413 per
497 1343 758 1397 dextram
814 1346 1060 1413 portam,
1106 1341 1494 1413 imperatoriis
1536 1341 1880 1413 proximam,
1914 1358 2007 1397 or-

353 1432 529 1503 phani
570 1448 672 1503 per
738 1431 1015 1502 mediam,
1093 1432 1377 1502 templum
1445 1431 1874 1503 ingrediuntur:
1928 1432 2009 1487 sic

356 1522 531 1577 etiam
567 1520 947 1591 metropolitae
980 1527 1037 1575 et
1067 1520 1323 1592 episcOpi
1382 1534 1484 1592 per
1524 1524 1718 1589 portas
1749 1520 2006 1593 impera-

355 1610 535 1665 torias
568 1609 834 1681 ingressi,
868 1610 1296 1681 imperatorem,
1339 1625 1454 1664 non
1490 1625 1670 1681 prono
1708 1613 1904 1665 tamen
1947 1610 2009 1665 in

355 1702 572 1754 terram
606 1714 862 1770 corpore,
898 1698 1153 1753 adorant.
1190 1698 1713 1768 Appropinquante
1762 1698 2007 1769 patriar-

359 1787 488 1854 cha,
524 1787 843 1858 imperator
872 1785 1072 1856 surgit,
1120 1790 1365 1857 postque
1407 1791 1673 1841 mutuam
1715 1787 2011 1842 adoratio—

361 1892 494 1929 nem
564 1880 623 1929 et
687 1874 1109 1943 salutationem,
1181 1875 1253 1929 ad
1330 1882 1520 1945 portas
1600 1876 2007 1946 imperatorias

360 1962 711 2030 abeunt,ubi
744 1962 1071 2032 patriarcha
1098 1979 1293 2034 preces
1316 1963 1589 2019 introitus
1621 1964 1800 2019 divini
1830 1964 2009 2019 ofﬁcii

360 2052 667 2106 instituere
708 2051 932 2121 incipit.
978 2052 1303 2123 Imperator
1330 2057 1523 2108 autem
1567 2069 1699 2108 cum
1746 2055 2011 2110 accensis

359 2140 539 2197 cereis
601 2148 889 2210 precatus,
931 2156 1030 2197 eos
1092 2142 1420 2212 praeposito,
1472 2141 1566 2197 hic
1607 2143 2011 2198 cerimoniario

355 2231 552 2298 tradit,
604 2237 659 2284 et
719 2230 1047 2299 precatione
1103 2230 1284 2298 ﬁnita,
1345 2232 1660 2303 imperator
1718 2249 2014 2288 sacrosan-

358 2333 518 2377 ctum
553 2319 929 2391 Evangelium
963 2337 1029 2375 ac
1074 2322 1467 2377 venerandam
1507 2338 1738 2377 crucem
1784 2322 2010 2391 adorat,

365 2425 585 2481 perque
616 2409 876 2465 medium
905 2411 1183 2480 templum
1207 2416 1263 2467 et
1292 2411 1562 2467 ambonis
1602 2411 1757 2467 latus
1789 2412 2011 2484 digres-

362 2516 485 2567 sus,
520 2498 763 2567 soleam,
796 2499 1120 2569 patriarcha
1151 2502 1490 2568 sacrarium,
1522 2501 1727 2556 intrat.
1760 2501 2015 2573 Impera-

359 2597 444 2645 tos
470 2592 660 2644 autem
689 2588 760 2643 ab
793 2604 999 2644 sacras
1039 2589 1277 2660 januas,
1328 2594 1395 2644 ut
1438 2588 1549 2660 ipsi
1598 2588 1859 2644 solemne
1902 2593 2011 2653 est,

362 2683 656 2751 precatus,
691 2694 940 2749 moxque
970 2678 1031 2734 in
1062 2679 1385 2735 sacrarium
1416 2680 1738 2750 ingressus,
1784 2695 2012 2736 sacram

361 2784 627 2823 mensam
658 2772 990 2837 veneratur,
1022 2776 1075 2824 et
1115 2773 1413 2841 acceptum
1462 2786 1495 2824 a
1529 2768 1840 2840 praeposito
1879 2786 2017 2842 apo—

364 2858 661 2915 combium
691 2856 751 2912 in
794 2874 862 2914 ea
891 2857 1139 2929 reponit.

2106 627 2198 681 τὸν
2245 625 2367 679 ναὸν
2413 631 2512 695 τῆς
2570 624 2835 701 παναγίας
2897 622 3161 679 Θεοτόκου
3217 627 3325 677 τῶν
3387 620 3755 690 διακονίσσης,

2110 712 2421 770 ἐπιδίδωσιν
2456 716 2484 769 6
2519 715 2775 789 βασιλεὺς
2824 714 2886 768 τὸ
2935 711 3254 780 λιτανίκιον,
3298 712 3390 766 καὶ
3448 711 3613 786 μέχρι
3662 715 3759 765 τοῦ

2110 804 2472 885 φιλαδελφίου
2504 802 2757 872 δίελθὼν,
2800 803 3033 859 ἐκκλίνει
3074 805 3137 858 τὸ
3188 800 3359 873 δεξιὸν
3410 801 3574 875 μέρος
3629 803 3761 873 (64),

2109 896 2201 949 καὶ
2234 892 2509 970 διέρχεται
2553 892 2641 949 διά
2692 914 2750 949 τε
2796 897 2904 948 τῶν
2956 887 3250 966 Ὀλυϐρίοὺ
3298 892 3388 945 καὶ
3437 894 3543 944 τῶν
3605 895 3763 945 Κων-

2112 988 2435 1038 σταντιανῶν
2472 983 2637 1061 μέχρι
2670 986 2765 1036 τοῦ
2815 980 2970 1056 ἁγίου
3022 978 3389 1047 Πολυεύκτου,
3446 976 3758 1047 ὑπαλλάξας

2114 1070 2170 1127 δὲ
2227 1072 2440 1128 κάκεῖσε
2495 1074 2714 1147 κηρίον,
2765 1072 2854 1126 καὶ
2905 1066 3089 1126 λαϐὼν
3147 1066 3330 1144 ἕτερον
3378 1068 3572 1143 κηρίον
3619 1067 3763 1140 παρά

2110 1167 2208 1217 τοῦ
2258 1162 2644 1235 πραιποσίτου,
2706 1158 2984 1236 διέρχεται
3038 1162 3137 1229 τήν
3197 1162 3368 1232 μέσην
3429 1158 3598 1232 μέχρι
3654 1160 3761 1212 τῶν

2108 1252 2310 1327 Ἀγίων
2366 1251 2743 1322 Ἀποστόλων,
2794 1251 2883 1305 καὶ
2929 1248 3185 1305 εἰσελθὼν
3232 1249 3309 1310 εἷς
3355 1248 3447 1303 τὸν
3498 1248 3763 1323 νάρθηκα,

2113 1341 2395 1410 καθέζεται
2455 1342 2543 1395 έπὶ
2603 1338 2825 1396 σελλίου
2874 1341 3194 1414 προσμένων
3241 1337 3333 1392 τὸν
3389 1336 3762 1411 πατριάρχην.

2114 1432 2212 1485 Καὶ
2244 1434 2340 1484 τοῦ
2372 1430 2720 1504 πατριάρχου
2752 1423 3155 1487 καταλαϐόντος
3190 1426 3323 1499 μετὰ
3352 1432 3453 1495 τῆς
3494 1423 3676 1495 λιτῆς,
3710 1424 3763 1479 o't

2118 1520 2212 1592 μὲν
2244 1519 2420 1573 κοινοὶ
2463 1521 2568 1589 (65)
2615 1517 2865 1591 κληρικιὶ
2914 1515 3002 1570 καὶ
3052 1515 3102 1570 οἱ
3153 1512 3433 1569 πολιτικοὶ
3479 1513 3764 1592 εἰσέρχον-

2112 1630 2199 1664 ται
2241 1608 2318 1670 εἷς
2349 1608 2438 1662 τὸν
2467 1606 2593 1661 ναὸν
2626 1605 2714 1661 διὰ
2741 1609 2840 1675 τῆς
2889 1604 3127 1676 πλησίον
3180 1601 3347 1674 οὔσης
3392 1608 3503 1657 τῶν
3551 1601 3766 1676 βασιλι-

2114 1703 2224 1751 κῶν
2273 1695 2465 1752 πυλῶν
2513 1694 2687 1767 δεξιᾶς
2727 1694 2933 1766 πύλης,
2973 1695 3041 1750 τά
3079 1691 3137 1747 δὲ
3177 1693 3384 1767 ὀρφανὰ
3424 1694 3536 1764 (66)
3591 1690 3764 1764 εἷσέρο

2117 1807 2308 1865 χονται
2343 1783 2434 1840 διά
2460 1792 2562 1855 τῆς
2595 1784 2764 1858 μέσης
2794 1784 2997 1854 πύλης·
3033 1783 3294 1842 ὡσαύτως
3328 1781 3416 1837 καὶ
3448 1781 3501 1834 o't
3548 1799 3765 1853 μητρο-

2116 1874 2341 1931 πολῖται
2434 1876 2523 1929 καὶ
2616 1875 2904 1929 ἱπίσκοποι
2998 1871 3384 1945 εἰσερχόμενοι
3474 1866 3564 1923 διὰ
3651 1872 3760 1922 τῶν

2126 1962 2425 2038 βασιλικῶν
2475 1961 2689 2030 πυλῶν,
2730 1966 3093 2037 προσκυνοῦσι
3134 1964 3214 2031 τῷ
3257 1956 3494 2033 βασιλεῖ,
3548 1957 3625 2029 μή
3674 1956 3771 2010 πί-

2121 2072 2346 2113 πτοντες
2412 2053 2582 2110 κάτω.
2651 2049 3060 2121 Πλησιάζοντος
3123 2046 3179 2102 δὲ
3235 2050 3332 2102 τοῦ
3398 2045 3766 2123 πατριάρχου,

2122 2140 2399 2196 ἀνίσταται
2450 2142 2477 2195 6
2538 2138 2794 2215 βασιλεὺς
2848 2140 2938 2193 καὶ
2997 2137 3470 2212 προσκυνήσαντες
3530 2134 3766 2212 ἀμφότε-

2125 2252 2209 2307 ροι
2267 2228 2556 2300 ἀλλήλους
2613 2231 2700 2284 καὶ
2759 2228 3155 2301 ἀσπασάμενοι,
3212 2225 3544 2298 ἀπέρχονται
3602 2223 3768 2301 μέχρι

2124 2325 2233 2375 τῶν
2274 2318 2575 2394 βασιλικῶν
2626 2319 2832 2385 πυλῶν,
2881 2317 2971 2372 καὶ
3003 2318 3031 2371 6
3067 2316 3159 2388 μὶν
3206 2314 3555 2389 πατριάρχης
3605 2310 3773 2385 ἄρχε-

2122 2428 2211 2462 ται
2243 2406 2421 2462 τελεῖν
2444 2408 2541 2474 τήν
2576 2405 2746 2480 εὐχὴν
2779 2411 2879 2473 τῆς
2911 2400 3126 2459 εἰσόδου
3175 2408 3275 2469 τῆς
3327 2399 3472 2463 θείας
3520 2398 3769 2470 λειτουρ-

2123 2498 2267 2575 γίας.
2298 2500 2356 2555 Ὀ
2389 2495 2445 2552 δὲ
2497 2496 2752 2573 βασιλεὺς
2806 2498 2946 2569 ἅψας
2995 2492 3200 2567 κηροῦς
3245 2493 3291 2528 ⁶⁶
3342 2492 3431 2546 καὶ
3480 2489 3766 2562 εὐξάμενος

2130 2585 2446 2643 ἐπιδίδωσιν
2479 2587 2675 2649 αὐτοὺς
2705 2590 2784 2658 τῷ
2812 2582 3182 2658 πραιποσίτῳ,
3215 2583 3306 2637 καὶ
3348 2581 3511 2643 αὐτὸς
3558 2582 3639 2652 τῷ
3666 2585 3765 2649 τῆς

2124 2678 2525 2744 καταστάσεως,
2582 2677 2672 2730 καὶ
2727 2680 2824 2731 τοῦ
2881 2675 3231 2750 πατριάρχου
3305 2669 3621 2731 τελέσαντος
3665 2668 3769 2737 τὴν

2127 2768 2320 2842 εὐχὴν,
2382 2772 2675 2842 προσκυνεῖ
2714 2766 2742 2820 6
2785 2763 3039 2838 βασιλεὺς
3101 2762 3163 2817 τὸ
3222 2760 3487 2835 ἄχραντον
3548 2757 3775 2833 Εὐαγγέ-

2127 2855 2246 2912 λιον
2278 2855 2366 2911 καὶ
2423 2857 2514 2910 τὸν
2573 2854 2753 2929 τίμιον
2811 2853 3057 2927 στάυρὸν,
3118 2850 3206 2905 καὶ
3266 2847 3541 2925 διέρχεται
3602 2848 3762 2920 μέσον

345 2951 447 3004 τοῦ
483 2945 729 3002 ναοῦδιά
758 2955 858 3017 τῆς
904 2946 1141 3023 πλαγίας
1178 2950 1275 3002 τὸῦ
1320 2943 1602 3019 ἅμϐωνος,
1648 2944 1866 3023 ἔρχεται
1912 2948 1987 3009 εἷς
2035 2948 2134 3017 τήν
2177 2946 2408 3019 σωλέαν,
2460 2946 2548 3001 καὶ
2600 2948 2627 3000 6
2682 2946 2775 3019 μὲν
2830 2945 3177 3021 πατριάρχης
3228 2940 3529 3016 εἷσέρχεται
3579 2937 3656 2999 εἷς
3708 2939 3771 2994 τὸ

345 3040 755 3113 θυσίαστήριον.
787 3040 849 3096 Ὁ
882 3036 939 3092 δὲ
968 3036 1225 3114 βασιλεὺς
1258 3039 1571 3111 εὐξάμενος,
1620 3039 1694 3100 ὡς
1744 3039 1971 3103 ε’ἰθισται
2023 3040 2195 3112 αὐτῷ,
2249 3035 2550 3115 ἔμπροσθεν
2596 3042 2705 3093 τῶν
2754 3038 2926 3113 ἁγίων
2979 3038 3179 3107 θυρῶν,
3227 3033 3528 3108 εἰσέρχεται
3576 3029 3651 3092 εἷς
3700 3029 3763 3084 τὸ

346 3130 753 3204 θυσιαστήριον,
783 3128 874 3183 καὶ
903 3129 1283 3203 προσκυνήσας
1311 3129 1409 3197 τήν
1444 3128 1594 3205 ἁγίαν
1626 3128 1914 3204 τράπεζαν,
1946 3130 2034 3184 καὶ
2085 3125 2269 3184 λαϐὼν
2303 3129 2450 3204 παρὰ
2500 3133 2596 3184 τοῦ
2643 3132 2689 3167 ⁶⁶
2736 3125 3100 3204 πραιποσίτου
3150 3118 3513 3198 ἂποκόμϐιον,
3562 3120 3779 3190 τίθησιν

342 3218 472 3275 αὐτὸ
505 3217 556 3273 έν
591 3224 660 3294 τῇ
694 3218 818 3294 ἁγίᾳ
846 3216 1109 3293 τραπέζῃ.

413 3316 480 3367 V.
517 3314 827 3383 Imperator
853 3311 1063 3367 deinde
1085 3327 1284 3382 preces
1318 3311 1375 3367 in
1408 3315 1788 3368 monumento
1808 3312 1992 3368 Patris

2178 3313 2252 3367 E‘.
2288 3311 2593 3384 Εύξάμενος
2626 3308 2682 3366 δὲ
2713 3311 2789 3371 εἰς
2819 3310 2909 3365 τὸν
2942 3310 3110 3387 τάφον
3142 3311 3238 3363 τοῦ
3271 3327 3331 3361 τε
3359 3304 3562 3379 πατρὸς
3586 3306 3747 3375 ἡμῶν

345 3399 535 3453 nostri
586 3400 981 3471 Chrysostomi
1038 3404 1095 3454 et
1154 3401 1410 3471 theologi
1478 3402 1663 3456 sancti
1730 3402 1992 3473 Gregorii

345 3488 562 3554 fundit,
641 3488 940 3558 cereisque
1001 3488 1258 3543 accensis
1346 3494 1608 3561 uterque,
1675 3490 1995 3562 imperator

338 3579 393 3629 et
444 3573 788 3645 patriarcha,
836 3591 937 3645 per
982 3574 1285 3631 sinistrum
1350 3577 1589 3633 sacrarii
1620 3578 1776 3635 latus
1819 3596 1985 3651 egre-

340 3662 602 3733 diuntur,
635 3663 928 3734 sanctique
982 3665 1346 3720 Constantini
1386 3666 1721 3736 sepulcrum
1761 3672 1987 3737 petunt,

339 3752 439 3807 ubi
471 3752 686 3825 pariter
716 3769 847 3808 cum
889 3753 1068 3809 cereis
1110 3754 1367 3809 accensis
1418 3757 1631 3828 precati
1680 3756 1990 3813 discedunt

338 3841 407 3894 ad
476 3841 983 3898 sanctissimorum
1042 3842 1528 3913 patriarcharum,
1573 3845 1882 3917 Nicephori
1931 3851 1988 3903 et

336 3930 639 4003 Methodii,
681 3932 943 4003 sepulcra
992 3932 1205 3989 abituri
1264 3948 1277 3987 :
1332 3934 1431 3990 ubi
1481 3934 1787 4007 imperator
1826 3942 1987 4007 post-

337 4034 509 4089 quam
544 4035 675 4075 cum
707 4021 886 4077 cereis
917 4021 1256 4077 ardentibus
1296 4028 1569 4094 precatus
1622 4029 1732 4089 est,
1778 4042 1984 4081 monu-

336 4113 533 4164 menta
584 4109 1000 4183 imperatorum
1043 4114 1236 4180 intrat,
1296 4119 1351 4168 et
1399 4114 1479 4169 ibi
1529 4131 1757 4187 quoque
1806 4117 1985 4171 cereis

333 4199 616 4267 accensis,
650 4200 886 4255 abeunt.
924 4203 1063 4257 Inde
1112 4194 1371 4273 uterque,
1432 4204 1747 4275 imperator
1793 4210 1848 4259 et
1879 4223 1985 4277 pa-

332 4286 607 4355 triarcha,
640 4305 738 4360 per
768 4289 1075 4345 sinistrum
1107 4290 1261 4345 latus
1284 4291 1489 4363 templi
1510 4309 1610 4347 seu
1643 4309 1979 4365 gynaeceum

331 4376 583 4431 sacrario
604 4377 915 4433 obversum
940 4384 1265 4444 transeunt,
1288 4384 1346 4434 et
1370 4384 1677 4451 postquam
1696 4398 1757 4437 se
1778 4388 1982 4438 mutua

329 4462 668 4519 adoratione
697 4466 1049 4532 salutarunt,
1086 4468 1418 4538 patriarcha
1450 4469 1520 4523 ad
1554 4470 1815 4526 divinum
1848 4473 1979 4528 ofﬁ-

327 4547 486 4605 cium
554 4550 966 4608 celebrandum
1033 4554 1220 4623 redit;
1276 4556 1591 4627 imperator
1641 4566 1829 4615 autem
1880 4577 1980 4633 per

2102 3400 2503 3471 Χρυσοστόμου
2536 3402 2647 3473 (67)
2677 3400 2767 3453 καὶ
2798 3403 2900 3453 τοῦ
2944 3395 3207 3473 θεολόγου
3252 3399 3349 3450 τοῦ
3398 3394 3558 3467 ἁγίου
3606 3398 3748 3467 Γρη·

2104 3487 2316 3563 γορίου,
2365 3488 2455 3542 καὶ
2509 3486 2735 3561 ἅψαντες
2790 3485 3016 3561 κηροὺς,
3075 3484 3389 3563 ἐξέρχονται
3445 3481 3747 3560 ἀμφότεροι

2102 3576 2132 3629 6'
2176 3598 2234 3631 τε
2286 3574 2542 3652 βασιλεὺς
2582 3577 2669 3630 καὶ
2712 3577 2738 3631 6
2778 3574 3125 3651 πατριάρχης
3165 3571 3254 3628 διὰ
3308 3579 3409 3642 τῆς
3466 3571 3745 3645 ἀριστερᾶς

2098 3663 2337 3741 πλαγίας
2393 3670 2490 3720 τοῦ
2554 3664 2963 3739 θυσιαστηρίου,
3020 3664 3108 3719 καὶ
3171 3663 3504 3736 ἀπέρχονται
3566 3658 3618 3713 έν
3673 3660 3742 3731 τῇ

2100 3759 2246 3827 σορῷ
2300 3760 2397 3809 τοῦ
2454 3754 2639 3830 Ἀγίου
2689 3753 3115 3822 Κωνσταντίνου,
3165 3752 3378 3806 κάκεῖσε
3442 3748 3742 3822 εὐξάμενοι,

2095 3844 2185 3899 καὶ
2228 3840 2459 3920 ἅψαντες
2512 3846 2737 3921 κηροὺς,
2791 3844 3125 3921 ἐξέρχονται,
3174 3842 3265 3898 καὶ
3309 3843 3643 3919 ἀπέρχονται
3687 3838 3738 3895 ἐν

2094 3940 2212 3997 τοῖς
2241 3936 2434 4013 τάφοις
2490 3940 2597 3990 τῶν
2648 3934 2966 4011 ἀγιωτάτωγ
3016 3937 3377 4012 πατριαρχῶν
3426 3931 3739 4007 Νικηφόρου

2094 4023 2183 4078 καὶ
2216 4022 2502 4080 Μεθοδίου·
2536 4025 2674 4099 ἅψας
2707 4022 2763 4079 δὲ
2792 4022 3008 4079 κάκεῖσε
3050 4023 3256 4097 κηροὺς
3287 4024 3315 4077 6
3349 4019 3604 4096 βασιλεὺς
3650 4016 3739 4073 καὶ

2096 4113 2404 4186 εὐξάμενος,
2439 4114 2741 4189 εἷ’σέρχεται
2783 4113 2835 4168 έν
2889 4118 3006 4176 τοῖς
3051 4114 3240 4188 τάφοις
3288 4115 3397 4164 τῶν
3449 4108 3736 4183 βασιλέων.

2092 4200 2180 4255 καὶ
2215 4196 2351 4275 ἅψας
2383 4201 2597 4257 κάκεῖσε
2628 4199 2855 4275 κηροὺς,
2890 4197 3226 4275 ἐξέρχονται.
3280 4197 3381 4253 Καὶ
3429 4194 3737 4269 διέρχονται

2093 4290 2394 4368 ἀμφότεροι
2440 4292 2469 4345 6'
2518 4311 2575 4345 τε
2627 4289 2883 4365 βασιλεὺς
2929 4288 3019 4342 καὶ
3053 4288 3079 4341 6
3111 4285 3458 4360 πατριάρχης
3506 4281 3593 4337 διὰ
3640 4286 3736 4337 τοῦ

2092 4379 2375 4455 ἀριστεροῦ
2430 4381 2624 4455 μέρους
2671 4382 2768 4433 τοῦ
2823 4382 2975 4447 ναοῦ,
3027 4374 3191 4451 ἤγουν
3240 4377 3338 4429 τοῦ
3395 4374 3731 4448 γυναικίτου,

2092 4468 2311 4546 ἄντικρυ
2369 4474 2464 4525 τοῦ
2515 4468 2923 4541 θυσιαστηρίου,
2971 4467 3061 4521 καὶ
3109 4465 3577 4541 προσκυνήσαντες
3625 4462 3736 4534 ἀμ-

2092 4560 2313 4635 φότεροι
2344 4557 2629 4630 ἀλλήλους
2664 4557 2691 4612 6
2728 4555 2983 4633 βασιλεὺς
3010 4556 3100 4610 καὶ
3134 4556 3162 4610 6
3193 4552 3563 4630 πατριάρχης,
3604 4552 3736 4607 ὑπο-

1687 4684 1931 4739 VARI/E
1973 4685 2384 4741 LECTIONES.

395 4781 441 4815 “
463 4782 558 4865 καὶ
592 4781 762 4865 ἀνθῶν
789 4803 839 4837 τ.
878 4784 996 4858 μέσ,
1032 4782 1306 4861 διέρχεται
1338 4784 1429 4842 διά
1457 4808 1513 4843 τε
1541 4792 1647 4844 τῶν
1680 4788 2042 4863 ἀρτοπωλίων
2097 4793 2248 4861 cod.,
2300 4786 2648 4865 ἀρτοπολίων
2680 4791 2771 4847 ed.

327 4850 493 4906 αύτοῦ
524 4872 617 4927 πρ.
652 4856 743 4912 ed.

2866 4789 2915 4824 ⁸⁵
2944 4787 3169 4863 κηροὺς,
3204 4785 3310 4859 εύξ.
3346 4788 3437 4845 ed.
3527 4786 3573 4821 ⁸⁸
3605 4786 3728 4860 παρ’

1372 4976 1568 5033 JOAN.
1610 4978 1734 5034 JAC
1776 4979 2041 5035 RElSKII
2081 4978 2680 5035 COMMENTARIUM.

431 5098 542 5176 (64)
592 5099 969 5176 Subintellige
1009 5099 1163 5176 πρός,
1196 5100 1412 5176 νθ-Ιλὼς,
1456 5106 1610 5174 quod
1657 5104 1809 5160 idem
1862 5108 1969 5171 est,
2009 5113 2053 5176 ι)

330 5172 497 5246 vertit
527 5171 679 5246 {ead
698 5171 951 5246 cicurum
981 5171 1225 5243 plagam.
1261 5173 1387 5227 Vid.
1424 5171 1513 5229 ad.
1550 5192 1605 5246 p.
1656 5177 1766 5229 116.

392 5240 735 5321 (βὸλΟΙειοὶοῇ
768 5240 1108 5321 communes
1139 5246 1409 5321 videntur
1433 5240 1732 5321 mihiideo
1756 5246 1837 5321 sic
1867 5263 1968 5316 ap-

319 5312 543 5378 pellari,
580 5315 728 5384 quod
764 5320 881 5368 tam
918 5316 1274 5386 imperatori.
1310 5332 1481 5386 quam
1508 5317 1639 5371 urbi
1662 5312 1966 5386 servirent,

318 5390 371 5438 et
407 5398 608 5459 neque
636 5386 899 5459 palatini,
943 5384 1244 5459 βάσιλικοί,
1285 5384 1470 5458 neque
1530 5388 1758 5453 urbani,
1809 5384 1972 5440 πολιὲ

319 5454 487 5519 τικοί,
512 5456 612 5510 sed
638 5454 1167 5513 amborum'usibus
1190 5454 1458 5513 destinati
1485 5464 1705 5513 essent.
1725 5460 1973 5514 Possunt

320 5528 519 5599 tamen
549 5542 779 5597 quoque
809 5532 1088 5599 sequior“
1110 5529 1333 5599 clerici,
1359 5546 1461 5584 seu
1496 5529 1718 5585 vilioris
1748 5531 1971 5586 ordinis

319 5612 469 5670 esse.
498 5598 587 5670 Alta
616 5615 671 5667 p.
705 5599 794 5670 97,
826 5598 886 5652 τό
931 5598 1113 5653 κοινὸν
1152 5603 1249 5653 τοῦ
1289 5598 1499 5670 κλήρου
1540 5601 1768 5657 videtur
1808 5604 1971 5658 turba

318 5668 694 5740 miscellanea,
723 5669 843 5740 [rex
870 5672 1005 5740 cieri
1033 5688 1181 5727 esse.

386 5738 498 5808 (66)
529 5738 831 5797 Subintell.
864 5738 1074 5797 παιδία.

2159 5104 2270 5177 (67V)
2308 5104 2387 5159 De
2425 5104 2819 5177 Chrysostomi
2850 5108 2906 5160 et
2934 5105 3295 5161 Constantini
3334 5106 3423 5177 Mt
3447 5103 3730 5177 sepulcris

2086 5175 2142 5247 in
2176 5176 2297 5247 aede
2328 5177 2386 5232 S.
2413 5177 2471 5231 S.
2499 5173 2908 5247 Apostolorum
2941 5194 2993 5231 v.
3022 5182 3102 5233 Du
3133 5178 3325 5247 Cange
3354 5175 3482 5231 CPli
3508 5173 3724 5230 Christ.

2087 5245 2150 5320 Ι..
2175 5246 2276 5320 ΙΙΙ.
2294 5264 2356 5320 ρ.
2379 5250 2499 5302 108.
2524 5245 2612 5320 sq.
2639 5248 2784 5303 Cum
2808 5248 2954 5304 illud
2977 5245 3426 5320 templum—olim
3450 5250 3727 5320 essetpe-

2082 5315 2417 5373 triarchalis
2456 5315 2717 5386 ecclesia,
2754 5315 3146 5375 humabantur
3174 5320 3233 5373 in
3265 5334 3331 5373 eo
3364 5315 3722 5388 patriarcha,

2083 5388 2295 5463 quales
2315 5390 2477 5444 fueru
2490 5396 2551 5463 nt
2578 5390 2892 5463 Gregorius
2913 5392 3302 5463 Nazianzenus
3319 5388 3726 5463 ethrysosto-

2082 5457 2213 5533 mus
2239 5478 2253 5533 ;
2284 5462 2419 5514 item
2464 5457 2824 5533 Nicephdrus
2867 5470 2923 5517 et
2964 5462 3312 5533 Methodius,
3344 5457 3592 5533 quorum
3626 5457 3723 5512 ille

2079 5532 2153 5586 ab
2199 5532 2305 5584 806
2355 5549 2543 5603 usque
2573 5529 2644 5588 a'd
2685 5534 2853 5600 815,;
2891 5534 2981 5587 hic
3020 5538 3215 5587 autem
3265 5531 3336 5586 ab
3379 5529 3487 5583 842
3536 5543 3723 5598 usque

2079 5604 2149 5657 ad
2173 5603 2279 5656 846
2298 5603 2573 5659 thronum
2594 5607 2799 5659 tenuit.
2817 5605 2993 5659 Erant
3014 5603 3229 5657 ibidem
3250 5616 3485 5672 quoque
3508 5615 3722 5670 magna

2078 5688 2143 5727 ex
2180 5679 2338 5743 parte
2369 5676 2743 5745 imperatores
2772 5674 2981 5731 CPtani
3010 5672 3245 5745 sepulti,
3278 5687 3527 5743 quorum
3562 5687 3719 5728 urna

2076 5745 2244 5803 Libro
2277 5763 2339 5813 η,
2369 5747 2504 5819 Cap.
2539 5750 2609 5804 43
2638 5747 2823 5803 nostri
2851 5744 3071 5803 codicis
3100 5748 3501 5801 recensentur.

2324 5787 2339 5813 ν
2370 5781 2504 5813 ναμε
2539 5781 2609 5804 ιυ
2638 5781 2823 5803 μυοιιι
2851 5781 3071 5803 νυιιιυιῠ
3101 5781 3501 5801 ιυνῠμυυμιυιο
