4108 6220
329 399 442 458 281
485 403 498 412 ’

1161 397 1264 458 DE
1308 362 1775 461 CERIMONIIS
1817 398 2056 460 AULE
2098 401 2569 465 BYZANTINE
2612 403 2762 464 LIB.
2811 403 2855 461 I.

3622 398 3740 458 282

328 525 542 604 στρέφει
754 525 892 598 πρὸς
948 525 1010 580 τὸ
1069 523 1343 580 ἐκτελέσαι
1388 527 1512 597 τήν,
1554 526 1699 583 θείαν
1729 525 1976 602 λειτουρ-

2097 550 2437 607 gynisceum
2466 536 2803 594 narthecem
2824 535 3022 603 intrat,
3047 533 3304 604 dumque
3325 534 3396 590 ad
3437 533 3740 592 sinistrum

328 615 474 692 γίαν,
508 615 536 670 ὁ
560 611 620 669 δὲ
655 612 912 690 βασιλεὺς
953 611 1226 690 διέρχεται
1272 613 1364 671 διὰ
1406 619 1504 670 τοῦ
1549 615 1868 692 γυναικίτου
1895 618 1984 671 καὶ

325 704 610 780 ἐξέρχεται
667 702 747 764 εἵς
799 704 892 756 τὸν
935 706 1195 778 νάρθηκα,
1223 703 1311 758 καὶ
1359 703 1609 767 ἐκκλίνας
1648 707 1786 781 πρὸς
1831 705 1894 760 τὸ
1932 705 1983 777 ἐξ

325 792 612 868 ἀριστερᾶς
671 793 836 867 μέρος
900 795 997 846 τοῦ
1073 792 1368 868 λουτῆρας,
1419 795 1473 848 οἱ
1544 794 1638 868 μέν
1697 793 1982 869 πατρίκιοι

323 883 566 938 ἵστανται
615 878 807 955 ἔξωθεν
843 888 945 951 τῆς
980 881 1160 949 πύλης
1217 889 1316 938 τοῦ
1363 883 1605 960 κοχλιοῦ
1636 886 1705 955 ⁸⁷,
1759 887 1985 961 ὑπερευ-

322 973 555 1046 κὸμενοι
599 972 692 1027 τὸν
746 969 994 1047 βασιλέα.
1045 973 1106 1029 Ὀ
1138 970 1196 1028 δὲ
1256 973 1509 1048 βασιλεὺς
1556 972 1984 1050 δηριγευόμενος

329 1063 439 1117 ὕπὸ
469 1067 578 1116 τῶν
622 1061 912 1136 ἀρχόντων
955 1065 1054 1116 τοῦ
1084 1058 1506 1133 κουϐουκλείου,
1548 1064 1982 1140 σπαθαροκανδι-

322 1145 505 1205 ϐάτων
551 1149 639 1204 καὶ
680 1147 768 1204 ὲπὶ
805 1155 914 1205 τῶν
947 1149 1231 1206 οἰκειακῶν
1299 1154 1416 1226 (69)
1462 1153 1552 1207 καὶ
1590 1157 1698 1208 τῶν
1739 1153 1828 1209 ἐπὶ
1884 1159 1981 1210 τοῦ

323 1234 637 1314 μαγλαϐίου
683 1239 775 1294 καὶ
841 1237 1079 1308 λοιπῶν,
1145 1236 1433 1316 ἂνὲρχεται
1502 1239 1594 1296 διὰ
1655 1247 1752 1298 τοῦ
1811 1245 1981 1300 αὐτοῦ

327 1329 617 1405 ἀριστεροῦ
656 1326 896 1403 κοχλιοῦ
925 1332 1038 1402 (70)
1069 1329 1122 1385 έν
1180 1335 1303 1392 τοῖς
1353 1336 1570 1394 σεπτοῖς
1624 1352 1982 1408 κατηχουμε-

323 1418 518 1488 νείοις,
541 1419 608 1474 τὰ
639 1416 696 1474 δὶ
728 1417 879 1493 βῆλα
899 1421 945 1456 ⁸⁸
987 1421 1054 1474 τὰ
1090 1418 1409 1494 κρεμαμένα
1441 1420 1495 1475 ἓν
1536 1427 1656 1484 τοῖς
1696 1442 1982 1498 κατηχου-

325 1508 565 1581 μενείοις
632 1507 989 1584 σιλεντιάριοι
1063 1513 1282 1565 ποιοῦσι
1359 1513 1503 1584 (71),
1557 1513 1648 1566 καὶ
1722 1513 1974 1576 ἀπελθὼν

316 1598 534 1654 ’ἰσταται
565 1597 617 1653 ἐν
665 1604 784 1660 τοῖς
834 1595 1031 1668 δεξιοῖς
1083 1601 1292 1674 μέρεσι,
1352 1597 1474 1665 ἔνθα
1529 1599 1756 1666 εἷ’θισται
1823 1603 1976 1675 αὐτῷ

317 1689 442 1752 καθ’
495 1688 725 1758 ἑκάστην
774 1686 1096 1763 προέλευσιν
1153 1688 1428 1760 ἵστασθαι,
1477 1692 1564 1746 καὶ
1640 1688 1791 1746 τελεῖ
1874 1694 1975 1762 τὴν

317 1776 467 1832 Θείαν
499 1775 869 1853 λειτουργίαν,
901 1779 956 1832 οἱ
995 1775 1054 1832 δὲ
1094 1798 1371 1853 πατρικιοι
1419 1780 1512 1834 καὶ
1570 1780 1624 1834 οἱ
1673 1783 1970 1858 στρατηγοὶ

2097 623 2421 696 haptisterii
2471 627 2627 682 latus
2684 625 2957 694 declinat,
3025 623 3250 696 patricii
3308 629 3467 682 extra
3512 633 3736 695 portam

2093 714 2342 771 cochlea;
2389 715 2583 771 fausta
2639 715 2975 786 imperatori
3041 719 3423 784 apprecantes
3480 715 3734 771 adstant.

2091 804 2200 867 Qui
2257 822 2290 860 a
2347 805 2629 876 praefectis
2692 803 2946 860 cubiculi
3017 801 3627 875 spatharocandidatis
3682 808 3739 861 et

2091 893 2445 961 domesticis,
2470 898 2597 950 tum
2630 892 3052 949 manuclavatis
3085 891 3428 965 ceterisque
3459 893 3734 964 stipatus,

2092 998 2192 1054 per
2229 984 2488 1039 eamdem
2519 983 2823 1039 sinistram
2847 981 3164 1050 cochleam,
3186 982 3257 1037 ad
3288 986 3453 1054 septa
3473 982 3738 1039 catechu-

2091 1085 2264 1126 mena
2292 1069 2436 1140 abit,
2469 1071 2612 1126 dum
2648 1069 2882 1126 interim
2913 1067 3217 1126 silentiarii
3260 1070 3318 1124 in
3360 1072 3740 1127 catechume-

2090 1159 2183 1214 nis
2206 1158 2326 1216 vela
2345 1161 2734 1231 suspendunt,
2767 1163 2824 1214 et
2853 1166 3151 1230 postquam
3189 1174 3257 1214 eo
3289 1159 3468 1224 venit,
3501 1159 3562 1214 in
3593 1160 3735 1215 dex-

2090 1248 2198 1305 tris
2237 1248 2528 1320 partihus,
2562 1249 2662 1305 ubi
2693 1249 2752 1304 in
2789 1247 3038 1320 singulis
3073 1247 3551 1320 processionihus
3581 1252 3737 1305 stare

2089 1340 2256 1408 solet,
2285 1338 2576 1407 subsistit,
2613 1353 2958 1409 sacramque
2994 1336 3289 1408 liturgiam
3326 1335 3599 1406 celebrat,
3629 1353 3730 1408 pa-

2088 1427 2242 1484 tricii
2271 1443 2406 1483 vero
2454 1431 2510 1482 et
2535 1426 2785 1498 strategi
2830 1431 2956 1496 post
2986 1424 3396 1496 imperatorem
3446 1439 3546 1495 per
3575 1440 3737 1481 eam-

2087 1517 2220 1573 dem
2263 1515 2557 1574 cochleam
2600 1515 2860 1585 veniunt,
2903 1515 2999 1570 41
3035 1518 3094 1571 et
3126 1529 3157 1571 e
3204 1513 3436 1583 regione
3473 1515 3735 1581 sacrarii,

2085 1606 2186 1661 ubi
2217 1607 2392 1662 etiam
2434 1604 2858 1661 antimensium
2906 1602 3374 1674 imperatorium,
3405 1602 3467 1658 in
3506 1618 3621 1674 quo
3674 1603 3734 1658 in

2082 1695 2376 1767 ejusmodi
2424 1693 2898 1766 processionibus
2940 1693 3258 1763 imperator
3302 1692 3734 1749 communicare

2081 1783 2252 1852 solet,
2285 1783 2612 1854 repositum
2643 1787 2753 1847 est,
2790 1781 3139 1838 subsistunt.

313 1859 575 1942 ἔρχονται
636 1862 854 1931 ὄπισθεν
914 1871 1013 1922 τοῦ
1073 1866 1344 1942 βασιλέως
1402 1865 1492 1923 διὰ
1535 1873 1634 1924 τοῦ
1691 1871 1859 1925 αὐτοῦ
1915 1870 2180 1951 κοχλιοῦ,
2230 1872 2323 1926 καὶ
2374 1868 2624 1925 ’ίστανται
2689 1867 2938 1924 ἀπέναντι
3005 1871 3103 1923 τοῦ
3168 1867 3550 1942 θυσιασπρίου,
3608 1862 3770 1931 ἔνθα⁴

311 1956 407 2009 καί
445 1956 508 2011 τὸ
542 1954 826 2031 βασιλικὸν
859 1954 1162 2028 ἀντιμίσιον
1193 1957 1498 2032 πρόκειται,
1533 1957 1586 2013 έν
1621 1958 1666 2030 ᾧ
1696 1958 1786 2013 καὶ
1817 1965 2073 2016 κοινωνεῖ
2097 1962 2126 2016 6
2162 1958 2415 2036 βασιλεὺς
2448 1959 2498 2014 έν
2531 1963 2651 2021 ταῖς
2683 1957 2961 2020 τοιαύταις
3002 1955 3408 2034 προελεύσεσιν.

391 2047 455 2114 ζ’.
487 2039 906 2107 Καταλαὸόντος
947 2043 1004 2099 δὲ
1044 2050 1140 2100 τοῦ
1178 2051 1371 2121 καιροῦ
1416 2053 1518 2116 τῆς
1577 2048 1720 2110 θείας
1767 2068 1964 2102 κοινω·

2147 2051 2236 2108 Vl.
2269 2053 2557 2122 Tempore
2606 2054 2798 2106 autem
2829 2067 3006 2106 sacra
3037 2047 3469 2105 communionis
3510 2047 3732 2104 instan-

311 2133 459 2201 νίας,
492 2132 824 2208 ἀπέρχονται
857 2132 1210 2207 σιλεντιάριοι
1242 2132 1340 2189 δύο
1381 2134 1486 2189 ἀπὸ
1529 2133 1850 2205 κελεύσεως,
1880 2138 1972 2191 καὶ

313 2218 763 2295 προσκαλοῦνται
812 2222 906 2277 τὸν
954 2222 1326 2298 πατριάρχην,
1377 2222 1465 2277 καὶ
1516 2225 1544 2279 6
1603 2226 1974 2300 πατριάρχης.

311 2311 839 2384 παρακρατούμενος
899 2313 984 2368 ὁπ’
1035 2313 1237 2382 αὐτῶν,
1285 2313 1607 2388 ἀνέρχεται,
1666 2316 1755 2370 καὶ
1803 2317 1974 2371 ἀπαν-

311 2403 484 2456 τῶσιν
542 2399 706 2455 αὐτὸν
775 2399 827 2455 ἐν
879 2405 961 2473 τῷ
1013 2405 1112 2456 τοῦ
1158 2401 1397 2476 γοχλιοῦ
1448 2405 1786 2478 πληρώματι
1837 2408 1972 2477 (72),

316 2491 486 2562 ἡνίκα
520 2489 713 2565 μέλλει
756 2491 1098 2566 είσέρχεσθαι
1157 2490 1209 2547 ἐν
1251 2497 1370 2554 τοῖς
1420 2499 1637 2556 σεπτοῖς
1686 2516 1975 2573 κατηχου-

320 2581 578 2654 μενείοις,
603 2579 653 2634 οἶ
685 2578 786 2636 τοῦ
815 2576 1209 2636 κουὸουκΛείου
1247 2582 1530 2657 ἄρχοντες.
1557 2583 1657 2640 Καὶ
1709 2581 1968 2638 εἰσελθὼν

318 2668 372 2725 έν
401 2674 520 2731 τοῖς
549 2668 1042 2744 κατηχουμενείοις
1092 2671 1120 2724 6
1167 2673 1542 2746 πατριάρχης,
1574 2670 1895 2746 προτίθησιν
1926 2673 1972 2710 ⁶⁹

316 2779 382 2814 τα
417 2756 570 2835 δῶρα
598 2758 651 2815 έν
681 2764 765 2832 τῷ
815 2758 1086 2835 βασιλικῷ
1132 2759 1447 2835 ἀντιμισίῳ,
1480 2763 1507 2816 ὀ
1567 2760 1623 2817 δὲ
1671 2764 1966 2837 πραιπόσι-

315 2868 408 2910 τος
439 2846 693 2906 ἀπελθὼν
745 2849 881 2922 μετὰ
932 2851 1041 2902 τῶν
1083 2847 1366 2926 ἀρχόντων
1397 2855 1496 2905 τοῦ
1551 2845 1968 2920 κουϐουκλείου,

319 2936 709 3012 προσκαλεῖται
758 2937 850 2993 τὸν
899 2936 1149 3013 βασιλέα,
1173 2938 1262 2994 καὶ
1304 2939 1392 2994 ὑπ’
1449 2938 1622 2995 αὐτῶν
1679 2937 1970 3017 δηριγευὸ-

321 3047 485 3099 μενος
532 3028 560 3082 6
621 3025 898 3101 βαςιλεὺς,
962 3027 1280 3107 ἀπέρχεται,
1338 3027 1430 3084 καὶ
1478 3035 1729 3086 κοινωνεῖ
1775 3030 1834 3086 ix
1862 3035 1968 3086 τῶν

327 3120 425 3170 τοῦ
475 3116 822 3192 πατριάρχου
860 3121 1086 3192 χειρῶν,
1139 3117 1254 3172 εἶτα
1311 3116 1611 3194 εἰσέρχεται
1671 3115 1817 3174 ἔνδον
1875 3123 1972 3174 τοῦ

322 3203 498 3278 δεξιοῦ
525 3203 726 3282 βήλου,
764 3205 854 3261 καὶ
903 3208 1182 3276 καθέζεται
1231 3206 1403 3264 ἐκεῖσε
1444 3208 1532 3264 έπὶ
1584 3207 1831 3280 σελλίου,
1885 3210 1974 3283 μέ-

317 3317 444 3375 χρις
479 3295 540 3351 ἂν
572 3298 976 3368 κοινωνήσωσιν
1023 3297 1084 3352 ἐκ
1110 3303 1219 3354 τῶν
1250 3298 1347 3354 τοῦ
1386 3299 1733 3374 πατριάρχοῦ
1766 3304 1973 3375 χειρῶν

312 3384 588 3460 πατρίκιοί
616 3386 786 3441 τεκαὶ
812 3385 1116 3460 ¹στρατηγοὶ
1151 3388 1288 3460 μετὰ
1316 3391 1424 3442 τῶν
1480 3387 1693 3443 λοιπῶν
1746 3394 1853 3444 τῶν
1908 3387 1957 3458 ἐξ

313 3473 487 3540 ἔθους.
522 3477 641 3540 Εἶθ’
689 3476 863 3539 οὕτως
902 3475 1179 3556 ἐξέρχεται
1227 3479 1256 3533 6
1317 3477 1597 3554 βασιλεὺς,
1646 3479 1735 3534 καὶ
1782 3499 1955 3551 προσ-

314 3567 640 3636 κυνήσαντες
661 3565 964 3643 ἀμφότεροι
996 3564 1282 3638 ἀλλήλους
1312 3567 1342 3621 6'
1370 3589 1428 3623 τε
1475 3567 1731 3644 βασιλεὺς
1787 3568 1876 3622 καὶ
1932 3568 1960 3622 6

313 3651 686 3727 πατριάρχης,
731 3653 758 3706 ὁ
804 3654 897 3726 μὲν
937 3653 1213 3728 *βασιλεὺς
1261 3653 1559 3732 ἀπέρχεται
1612 3655 1664 3710 ἐν
1707 3657 1752 3729 ᾦ
1808 3655 1964 3728 τόπῳ

319 3738 525 3796 έκτελεῖ
550 3741 649 3810 τήν
680 3741 827 3805 θείαν
887 3742 1248 3819 λειτουργίαν,
1297 3744 1372 3808 ὡς
1425 3745 1768 3821 προέφημεν,
1819 3746 1846 3799 6
1905 3742 1963 3799 δὲ

315 3829 664 3906 πατριάρχης
696 3829 1018 3905 κατέρχεται
1046 3831 1342 3906 πληρῶσαι
1379 3834 1480 3901 τὴν
1513 3833 1658 3888 θείαν
1712 3831 1962 3908 λειτουρ-

315 3917 458 3993 γίαν,
518 3919 610 3972 καὶ
659 3915 1015 3989 διασώζουσιν
1077 3919 1238 3976 αὐτὸν
1297 3921 1348 3975 οἱ
1415 3925 1512 3975 τοῦ
1563 3915 1962 3975 κουϐουκλείου

314 4003 573 4082 ἄρχοντες
635 4007 802 4084 μέχρι
848 4012 945 4064 τοῦ
973 4009 1168 4080 τόπου,
1193 4006 1246 4064 ἒν
1294 4009 1340 4082 ᾧ
1383 4009 1472 4064 καὶ
1518 4009 1832 4080 ἂπήντησαν
1865 4009 1962 4064 αὖ·

2084 2143 2163 2208 te,
2195 2139 2311 2194 duo
2351 2138 2658 2194 silentiarii
2698 2156 2730 2192 a
2775 2137 3048 2193 mandato
3093 2139 3332 2201 abeunt,
3379 2142 3437 2193 et
3488 2137 3734 2208 patriar-

2085 2228 2251 2284 cham
2303 2229 2604 2294 advocant,
2642 2227 2763 2298 qui,
2805 2229 2877 2281 ab
2907 2228 3054 2298 ipsis
3098 2227 3368 2298 stipatus,
3401 2225 3732 2296 adscendit,

2085 2317 2252 2390 eique
2275 2316 2529 2389 praefecti
2553 2315 2809 2372 cubiculi
2829 2315 2888 2370 in
2914 2315 3277 2386 plenitudine
3298 2314 3569 2379 cochleae,
3587 2315 3730 2370 dum

2085 2416 2247 2479 septa
2277 2406 2834 2463 catechumenorum
2865 2404 3094 2476 ingredi
3139 2403 3284 2469 vult,
3315 2403 3546 2460 obviam
3594 2421 3730 2475 pro-

2082 2497 2312 2554 cedunt.
2349 2500 2470 2564 Quo
2503 2513 2636 2552 cum
2677 2496 3010 2568 patriarcha
3043 2494 3320 2566 pervenit,
3353 2495 3728 2565 imperatorio

2081 2587 2433 2642 antimensio
2474 2602 2638 2642 sacra
2686 2586 2839 2640 dona
2879 2585 3175 2656 imponit:
3209 2583 3554 2656 praepositus
3594 2599 3728 2640 vero

2081 2691 2209 2732 cum
2244 2675 2532 2746 praefectis
2556 2673 2806 2730 cubiculi
2839 2673 2984 2742 abit,
3008 2679 3062 2730 et
3094 2673 3503 2746 imperatorem
3534 2676 3722 2743 vocat,

2079 2765 2176 2835 qui
2199 2765 2273 2819 ab
2297 2764 2443 2835 ipsis
2464 2763 2718 2835 stipatus
2761 2765 2934 2828 venit,
2979 2768 3037 2818 et
3067 2779 3134 2818 ex
3165 2762 3509 2834 patriarchas
3542 2760 3728 2820 mani-

2079 2856 2189 2910 bus
2220 2858 2642 2919 communicat,
2667 2858 2869 2925 postea
2889 2853 3154 2908 dextrum
3180 2852 3372 2908 velum
3398 2853 3724 2922 ingressus,

2079 2944 2157 2998 ibi
2205 2945 2263 2999 in
2299 2942 2445 2999 sella
2473 2943 2717 3013 assidet,
2751 2959 2934 3014 usque
2964 2944 3105 2996 dum
3142 2942 3368 3013 patricii
3399 2945 3456 2997 et
3487 2941 3724 3013 strategi

2080 3049 2214 3089 cum
2255 3032 2498 3099 caeteris,
2534 3031 2749 3103 quibus
2785 3048 2912 3088 mos
2948 3038 3057 3100 est,
3105 3047 3331 3087 sacram
3374 3031 3728 3087 communio-

2086 3137 2220 3177 nem
2251 3138 2282 3177 e
2316 3120 2656 3190 patriarchas
2687 3119 2965 3174 manibus
2997 3134 3289 3189 accepere.
3323 3120 3409 3172 Ita
3441 3134 3575 3172 mox
3615 3118 3725 3172 im-

2083 3215 2313 3282 perator
2343 3209 2683 3280 regreditur,
2717 3216 2771 3262 et
2808 3217 3110 3278 postquam
3152 3207 3278 3276 ipse
3306 3211 3364 3261 et
3402 3203 3726 3274 patriarcha

2082 3317 2140 3358 se
2175 3307 2378 3356 mutuo
2416 3297 2770 3363 salutarunt,
2801 3295 2874 3351 ad
2905 3311 3035 3351 eum
3080 3294 3296 3363 locum,
3329 3293 3427 3350 ubi
3467 3293 3722 3348 divinam

2080 3388 2404 3460 liturgiam,
2439 3387 2522 3442 uti
2573 3385 2854 3452 diximus,
2896 3384 3170 3452 celebrat,
3210 3383 3351 3451 abit,
3392 3380 3724 3454 patriarcha

2076 3484 2268 3535 autem
2301 3479 2373 3533 ad
2407 3476 2822 3548 complendum
2857 3490 3084 3530 sacrum
3115 3473 3368 3529 ofﬁcium
3399 3472 3721 3542 descendit,

2072 3567 2490 3623 comitantibus
2520 3566 2717 3637 ipsum
2740 3565 2996 3620 cubiculi
3027 3565 3338 3635 prefectis,
3365 3561 3438 3618 ad
3467 3577 3600 3618 eum
3637 3561 3722 3616 lo-

2072 3673 2207 3714 cum
2267 3671 2467 3728 usque,
2526 3655 2646 3726 ubi,
2707 3669 2842 3709 cum
2903 3653 3264 3721 ascenderat,
3319 3651 3549 3707 obviam
3606 3649 3721 3722 ipsi

2073 3752 2492 3818 processerant,
2527 3744 2662 3800 inde
2693 3744 2807 3799 duo
2829 3742 3132 3798 silentiarii
3163 3758 3297 3796 eum
3329 3741 3401 3795 ad
3439 3739 3721 3810 templum

2072 3834 2444 3890 comitantur.
2479 3834 2715 3888 Peracto
2760 3830 2954 3885 divino
2996 3829 3209 3894 ofﬁcio,
3250 3828 3572 3896 imperator
3622 3841 3721 3893 per

2072 3922 2216 3990 loca,
2255 3937 2384 3987 quis
2418 3923 2551 3974 ante
2583 3918 3007 3973 catechumena
3037 3920 3193 3982 sunt,
3217 3921 3273 3968 et
3303 3929 3406 3984 per
3442 3913 3721 3967 interiora

2073 4011 2145 4067 ad
2189 4007 2472 4080 palatium
2524 4024 2557 4062 a
2604 4006 2721 4062 Deo
2779 4009 3095 4074 servatum,
3138 4003 3293 4075 quod
3352 4000 3575 4058 scilicet
3633 3999 3712 4054 ibi

1659 4109 1898 4164 VARI/i3
1936 4107 2232 4166 LECTION
2242 4107 2347 4162 ES.

376 4197 419 4234 ⁸⁷
451 4194 690 4271 κοχλίου
729 4198 821 4256 ed.
897 4198 942 4236 ⁸⁸
993 4195 1141 4273 βῆλα
1185 4197 1252 4254 τὰ
1302 4198 1674 4274 χρεμμάμενα
1722 4202 1874 4270 cod.,
1927 4199 2074 4276 βῆλα
2125 4191 2577 4272 κατακρεμαμένα
2621 4197 2738 4266 ed.,
2813 4195 2859 4232 ⁸9
2897 4191 3220 4268 προτίθησιν
3252 4193 3320 4250 R.
3353 4190 3712 4264 προστίθησιν

313 4289 436 4344 cod.
471 4291 529 4345 et
559 4289 649 4346 ed.

1349 4381 1547 4438 JOAN.
1587 4380 1732 4438 JAG.
1775 4381 2009 4438 RESKII
2060 4377 2644 4438 COMMENTARIUS.

375 4477 491 4548 (68)
539 4477 822 4552 Requirat
856 4478 1254 4552 forteialiquis
1299 4485 1434 4537 ante
1481 4480 1592 4552 hoc
1638 4482 1896 4552 verbum,
1931 4482 1959 4536 ὁ
1991 4486 2038 4552 D
2069 4480 2280 4536 Athen.
2314 4497 2370 4551 p.
2416 4481 2518 4534 170
2553 4478 2900 4552 disputans,
2937 4477 3090 4534 idem
3137 4492 3266 4533 esse
3308 4473 3710 4548 τραπεζοποιὸς

317 4545 442 4621 μένς
475 4545 576 4605 sed
599 4545 749 4606 solet
777 4550 988 4621 Noster
1007 4551 1066 4605 id
1107 4545 1390 4621 omittere.
1425 4551 1642 4607 Similis
1685 4557 1843 4608 locus
1874 4545 1960 4609 est
1991 4545 2032 4552 ’
2069 4559 2242 4621 atque
2262 4545 2697 4621 τραπεζοκόμος,
2730 4545 2956 4606 curator
2981 4565 3199 4605 mensae.

315 4635 369 4696 ι)ζ
386 4620 603 4696 98Lubi
642 4617 1086 4696 anteinzSt'c‘wct
1114 4625 1193 4693 τῷ
1225 4620 1445 4696 βασιλεῖ
1477 4639 1709 4696 quoque
1726 4623 1899 4696 deest
1927 4624 1957 4678 6

314 4687 610 4775 pévzﬁunt
647 4693 787 4749 alibi
838 4709 1072 4766 quoque
1123 4687 1278 4766 apud
1332 4687 1630 4751 Nostrum'
1661 4695 1760 4750 alii
1808 4696 1956 4754 tales

314 4762 852 4908 flgitigfﬂglquoque
873 4834 1028 4892 clare
1047 4836 1207 4908 dant.
1228 4835 1328 4904 M.;
1349 4837 1518 4908 credo
1539 4840 1733 4892 tamen
1755 4835 1952 4908 legen-

311 4902 444 4979 dum
467 4902 606 4962 esse
632 4902 724 4959 καὶ
755 4902 901 4979 Et}:
957 4908 1068 4960 τῶν
1102 4904 1246 4979 οἴη..
1281 4902 1334 4964 et
1377 4907 1513 4979 quid

2139 4618 2252 4694 (‘72)
2289 4618 2355 4679 In
2402 4618 2511 4693 ﬁne
2539 4618 2707 4679 scala?
2738 4622 3054 4694 cochlearia.
3087 4621 3195 4694 Sed
3228 4618 3520 4694 quomodo
3552 4623 3711 4694 puta-

2067 4691 2162 4750 tur
2181 4694 2279 4750 ille
2300 4691 2436 4750 ﬁnis
2452 4695 2480 4748 ?
2498 4694 2678 4750 Estne
2709 4693 2950 4749 ultimus
2972 4693 3186 4763 gradus
3216 4691 3612 4756 descendenti,
3632 4707 3710 4763 an

2066 4781 2335 4821 summus
2357 4763 2744 4821 ascendenti?
2773 4765 2940 4820 Certe
2968 4761 3276 4834 utrobique
3304 4763 3509 4818 ﬁnitur
3527 4761 3707 4827 scala,

2063 4842 2184 4892 tam
2217 4837 2277 4891 in
2311 4853 2566 4905 summo,
2589 4851 2764 4906 quam
2790 4835 2850 4890 in
2872 4835 3014 4891 imo.
3039 4834 3149 4890 Sed
3182 4851 3273 4890 res
3294 4834 3439 4890 tanti
3462 4850 3576 4889 non
3599 4840 3706 4898 est,

1552 4908 1650 4964 uid
1685 4908 1766 4963 ibi
1801 4906 1954 4964 rides:
2062 4913 2128 4963 ut
2172 4909 2343 4962 anxie
2385 4909 2454 4963 de
2485 4923 2554 4962 ea
2593 4911 2910 4977 queratur.
2946 4907 3119 4961 Infra.
3173 4922 3228 4976 p.
3259 4906 3329 4959 60
3357 4910 3413 4960 et
3449 4906 3553 4977 675,7
3590 4921 3707 4977 non

311 4925 444 4962 unm
484 4925 606 4962 esse
632 4925 724 4959 και
755 4925 803 4960 ει
845 4926 901 4960 τι
957 4925 1068 4960 των
1111 4925 1246 4973 om,
1281 4925 1334 4964 ei
1377 4925 1511 4979 quia
1552 4925 1650 4964 uia
1685 4925 1764 4963 ini
1801 4925 1954 4964 adest
2062 4925 2128 4963 ut
2172 4925 2343 4962 anxie
2385 4925 2454 4963 ae
2485 4925 2554 4962 ea
2593 4925 2910 4977 quaeratur.
2946 4925 3119 4961 intra.
3173 4925 3228 4976 p.
3259 4925 3329 4959 ou
3357 4925 3413 4960 et
3449 4925 3540 4967 oo,
3590 4925 3707 4960 non

308 4975 749 5051 domesticorum.
783 4974 853 5033 Εἴ
876 4997 930 5031 τι
961 4994 1064 5051 pro
1095 4975 1124 5031 ὅ
1150 4998 1203 5032 τι
1235 4979 1472 5050 utrique
1513 4925 1766 5046 amem,
1790 4995 1948 5036 novae
2061 4983 2254 5051 potest
2284 4979 2406 5034 haec
2429 4977 2609 5051 dictio
2639 4978 2828 5041 aliter,
2853 4993 3027 5048 quam
3045 4977 3130 5051 ‘de
3160 4977 3344 5051 gradu
3375 4976 3581 5047 accipi,
3605 4975 3708 5051 qui

309 5051 361 5100 et
388 5049 590 5114 veteri,
625 5049 906 5105 usitatum
939 5049 1044 5107 est.

375 5117 618 5212 (39)}???
631 5120 979 5212 E11155???
991 5126 1327 5212 9³³9ξὲῗί
1347 5121 1660 5212 iﬁf‘ePP‘m‘
1678 5119 1841 5212 ,ξολιλ
1854 5120 1958 5193 ίου)

304 5203 330 5240 a
384 5189 746 5267 nominativo
773 5263 782 5267 Δ
813 5189 1095 5267 κοχλιᾶςη
1135 5189 1433 5267 contracto
1478 5189 1961 5267 exmitoxlt'dptoc,

302 5261 620 5337 cochlearia,
655 5258 1410 5337 subintel'ligedvaiEazopoc.
1444 5269 1522 5320 De
1553 5264 1654 5320 illa
1678 5258 1870 5322 Tomis
1902 5258 1961 5322 in

303 5330 684 5410 izlgont‘raCta
717 5350 787 5390 ex
819 5330 991 5410 ἀριοξ
1007 5335 1144 5410 alibi
1181 5330 1332 5391 dico.

370 5404 480 5477 (7i)
505 5406 718 5462 Dicunt
739 5402 868 5461 novi
895 5407 1074 5462 Graeci
1105 5411 1284 5459 ποιεῖν
1317 5403 1386 5460 τὰ
1429 5402 1578 5477 βῆλα
1610 5422 1712 5477 pro
1741 5423 1960 5477 curare,

308 5475 559 5548 attollere
587 5483 646 5532 et
677 5477 1010 5548 demittere,
1050 5479 1336 5533 adducere
1359 5482 1415 5548 et
1432 5475 1958 5548 reducereﬁecuré

2079 5050 2454 5106 descendenti
2487 5049 2732 5104 ultimus
2763 5046 2885 5115 est,
2904 5057 3002 5104 aut
3041 5046 3212 5103 imus.
3246 5046 3519 5103 Attamen
3550 5063 3604 5117 p.
3639 5047 3707 5100 90

2075 5121 2306 5177 videtur
2336 5121 2531 5192 potius
2564 5136 2838 5192 summus
2866 5135 3010 5175 esse.
3044 5118 3166 5173 Non
3199 5120 3341 5192 adeo
3381 5134 3578 5173 recens
3607 5121 3709 5172 aut

2073 5193 2206 5249 vilis
2226 5198 2317 5249 est
2336 5188 2597 5248 vocabuli
2619 5188 2901 5265 πλήρωμα
2923 5207 3068 5247 usus
3101 5207 3202 5265 pro
3229 5191 3377 5265 ﬁnis,
3404 5197 3468 5245 ut
3487 5194 3708 5265 veteres

2073 5269 2129 5320 et
2159 5266 2454 5337 elegantes
2476 5279 2712 5337 quoque
2738 5260 3006 5337 auctores
3018 5277 3090 5337 eo
3111 5262 3487 5337 abstinerent.
3510 5260 3704 5337 Philo-

2071 5329 2461 5408 strat.p.604.
2477 5329 2684 5408 sect—3.
2700 5334 2874 5403 lin.5,
2898 5331 3194 5408 ed.ﬁOlear.
3215 5333 3305 5408 Ἐς
3334 5329 3706 5408 τὸγπλςήρωμα

2067 5413 2169 5475 τῆς
2214 5405 2522 5478 ἀκροάσεως
2565 5406 2765 5478 habes,
2815 5409 2915 5478 suo
2965 5405 3552 5478 ﬁncm_praelcctionis,
3596 5408 3704 5478 aut

2067 5473 2484 5561 disputationis,
2504 5484 2563 5561 et
2590 5475 2838 5561 πληροῦν
2866 5476 2942 5561 είς
2965 5473 3248 5561 ’ρμιραλοη
3269 5474 3574 5561 complere,
3595 5475 3701 5529 hoc

309 5544 610 5633 rit'dictio
668 5565 804 5633 pag.
864 5544 1308 5633 17.8’Siiniliter
1363 5545 1597 5633 έποίησα
1657 5545 1744 5629 ἐπὶ
1801 5547 1958 5633 πέντε
2064 5544 2924 5633 σοιίξίηξτςηιαυᾶεω,οὺὶιδθήει
2954 5544 3240 5633 desinere,
3273 5544 3700 5633 innitmbilit‘t't‘tlt

307 5613 616 5698 ἡμέρας-τὰ
659 5613 815 5698 etB-Ea
854 5623 952 5698 τοῦ
993 5621 1146 5698 ναοῦ,
1170 5621 1405 5698 curaui
1435 5613 1751 5698 luminaria
1792 5621 1959 5698 eccle-

2061 5622 2206 5676 dixit
2250 5621 2535 5677 Aristides
2564 5626 2607 5676 t.
2653 5621 2696 5676 Ι.

2735 5638 2792 5692 p.
2836 5619 2926 5676 99.
2969 5621 3026 5674 7.
3067 5620 3158 5675 ed.
3199 5617 3474 5689 Anglig.;
3516 5633 3568 5670 ν.
3614 5620 3694 5668 Du

307 5689 444 5764 iis:L
447 5694 534 5764 est
558 5689 709 5764 apud
741 5690 1027 5764 Cyrillum
1050 5689 1510 5764 Scythopolitan.
1540 5691 1598 5746 in
1621 5690 1956 5764 vita.msct_a
2057 5693 2248 5764 Gange
2277 5708 2326 5749 ν.
2361 5693 2660 5764 Complcre.

311 5755 366 5813 S.
412 5755 612 5820 Saba:
636 5755 857 5822 Locu'm
909 5763 1086 5820 habet
1123 5755 1201 5820 du
1249 5755 1447 5835 Gange
1475 5778 1531 5819 ν.
1574 5763 1750 5836 φῶτα.
1785 5762 1950 5820 Conf.
