4108 6220
298 5544 305 5547 ’
388 5536 565 5607 tiora,
607 5539 778 5612 μέχρι
834 5542 942 5612 τῶν
991 5536 1328 5612 ’περατικῶν

395 340 514 399 295

1443 331 1959 396 CONS'I‘ANTINI
2004 333 2714 398 PORPHYROGENITI
2788 358 2796 371 ι

3683 345 3803 406 296

396 471 535 538 tica,
592 471 900 541 ipsumque
954 468 1025 522 ad
1084 468 1139 523 S.
1212 466 1614 538 Christophori
1676 466 2030 523 conducunt.

2147 465 2211 519 τὰ
2264 464 2313 533 ἐξ
2365 462 2519 527 ἔθους
2566 468 2662 519 τοῦ
2712 461 2934 540 μέρους,
2979 462 3231 520 ἆποκινεῖ
3290 467 3385 539 μὲν
3438 469 3465 522 6
3514 468 3794 545 βασιλεὺς,

398 558 708 616 Sciendum
743 560 853 624 est,
884 554 1175 627 principes
1207 556 1453 612 duarum
1495 556 1819 612 factionum
1851 559 2040 610 trans-

396 648 696 706 itoriarum
728 650 785 702 et
826 646 1093 703 tribunos
1121 644 1395 716 politicaa,
1454 645 1718 717 singulos
1757 661 1860 715 pro
1919 643 2040 700 suis

395 736 765 805 factionibus,
798 736 857 791 in
890 736 1079 807 prima
1107 740 1339 791 tantum
1371 736 1722 808 receptione,
1781 750 1899 790 non
1932 750 2037 789 au-

396 832 512 884 tem
544 828 603 884 in
635 826 875 895 caeteris,
908 825 1171 882 libellum
1203 827 1467 894 tradere;
1502 826 1610 882 hoc
1625 826 1783 881 enim
1815 830 2036 881 tantum

394 916 577 975 semel
606 916 731 972 ﬁeri
780 916 946 972 solet.
980 915 1205 972 Politici
1260 915 1489 973 Venetas
1519 914 1792 971 factionis
1847 914 2037 984 impe-

395 1011 643 1063 ratorem
678 1005 736 1061 in
768 1006 824 1061 S.
856 1004 1257 1077 Christopbori
1278 1005 1595 1076 excipiunt,
1630 1004 1731 1059 ubi
1762 1002 2036 1058 tribunus

394 1094 731 1168 imperatori
755 1091 1017 1149 libellum
1042 1093 1142 1148 dat
1167 1110 1180 1146 :
1210 1093 1477 1163 actisque
1498 1091 1706 1158 ﬁnitis,
1727 1090 2040 1160 imperator

394 1185 533 1254 abit,
566 1200 742 1256 quem
775 1182 946 1239 factio
978 1182 1333 1248 conducens,
1391 1181 1672 1247 dromica,
1707 1179 1753 1235 si
1779 1177 2035 1249 jusserit,

393 1282 450 1333 et
470 1275 753 1348 apelatica
784 1272 1003 1329 recitat.
1049 1273 1168 1329 Hoc
1216 1270 1458 1342 singulae
1516 1270 1793 1326 (actiones
1850 1269 2034 1338 impe-

390 1370 643 1420 ratorem
677 1362 1046 1425 comitantes,
1078 1363 1137 1414 in
1167 1360 1297 1430 ejus
1336 1359 1663 1430 receptione
1693 1357 2026 1412 observant.

394 1452 645 1524 Populus
676 1450 1023 1506 transitoria
1043 1449 1309 1504 factionis
1338 1448 1592 1503 Prasinaa
1624 1448 2035 1518 imperatorem

396 1542 466 1599 ad
502 1542 561 1597 S.
595 1539 814 1613 Olybrii
844 1539 1079 1609 excipit,
1113 1538 1386 1609 princeps
1408 1538 1536 1608 ejus
1567 1535 1825 1592 libellum
1858 1534 2035 1590 tradit

392 1631 704 1703 ipsumque
735 1630 808 1685 ad
842 1627 1324 1699 philadelphium,
1360 1626 1457 1683 ubi
1487 1624 1822 1681 transitoria
1850 1622 2034 1679 Vene-

391 1724 589 1775 torum
642 1718 813 1773 factio
845 1718 1032 1784 adest,
1063 1715 1357 1771 conducit.
1400 1716 1529 1770 Haec
1582 1729 1716 1769 eum
1756 1714 1814 1768 in
1848 1712 2036 1784 phila-

396 1809 632 1881 delphio
690 1808 903 1879 excipit
948 1811 1004 1861 et
1056 1822 1244 1876 usque
1288 1807 1359 1861 ad
1390 1806 1664 1861 Prasinos
1695 1804 1946 1876 politiore
1979 1803 2035 1857 in

400 1898 663 1952 modium
697 1896 879 1963 ducit,
917 1912 949 1950 a
980 1894 1191 1965 quibus
1225 1894 1287 1950 in
1346 1895 1539 1950 modio
1598 1893 1898 1964 excipitur,
1934 1891 2036 1946 ubi

394 1986 670 2043 tribunus
693 1984 1033 2055 imperatori
1066 1983 1329 2039 libellum
1352 1983 1550 2054 tradit,
1583 1988 1639 2038 et
1668 1981 1945 2039 omnibus
1976 1984 2039 2035 ut

394 2091 575 2146 supra
603 2075 823 2130 dictum
855 2077 946 2129 est
978 2072 1251 2145 peractis,
1285 2073 1357 2127 ad
1388 2076 1640 2143 taurum,
1676 2071 1773 2126 ubi
1808 2069 2038 2140 politica

394 2166 740 2221 Venetorum
767 2162 961 2229 factio,
992 2177 1125 2217 eum
1150 2160 1436 2233 perducit.
1472 2160 1603 2215 Haec
1625 2160 2035 2231 imperatorem

394 2253 455 2308 in
485 2256 649 2308 tauro
680 2250 894 2322 excipit
914 2255 973 2305 et
995 2249 1068 2305 ad
1119 2250 1390 2306 tabernas
1432 2249 1739 2321 pistorum,
1800 2250 1898 2305 ubi
1930 2266 2037 2321 po-

392 2343 553 2400 litica
584 2343 754 2398 factio
785 2341 1156 2397 Prasinorum
1190 2339 1373 2408 adest,
1426 2341 1683 2410 deducit,
1744 2356 1870 2412 quas
1902 2355 2036 2395 eum

393 2432 455 2489 in
487 2434 609 2488 foro
648 2430 995 2487 transitoria
1046 2429 1310 2486 factionis
1358 2430 1633 2497 Prasinas,
1677 2431 1735 2485 in
1776 2430 2038 2486 substru-

395 2524 587 2580 ctione
616 2522 766 2578 milii
806 2522 1054 2594 politicaa
1096 2520 1370 2576 factionis
1410 2517 1655 2575 Prasinaa
1712 2520 1940 2592 excipit.
1972 2520 2036 2574 In

394 2612 676 2683 zeuxippo
699 2626 829 2667 cum
863 2608 1199 2665 transitoria
1221 2612 1576 2665 Venetorum
1602 2608 1795 2676 factio,
1828 2608 2038 2664 deinde

396 2702 457 2757 in
489 2700 709 2770 chalce,
741 2699 973 2769 excipit.
1006 2699 1135 2753 Mox
1181 2713 1385 2753 omnes
1430 2698 1679 2768 pedibus
1733 2698 2036 2766 incedunt,

398 2790 559 2847 solus
590 2792 906 2860 imperator
935 2803 1084 2859 equo
1114 2787 1369 2853 vehitur,
1400 2796 1454 2841 et
1484 2786 1621 2842 inde
1661 2787 1733 2842 ab
1766 2789 2041 2844 omnibus

397 2881 647 2951 stipatus
670 2886 731 2933 ut
762 2878 980 2932 dictum
1030 2884 1137 2946 est,
1168 2892 1267 2947 per
1299 2876 1554 2932 cortinas
1584 2893 1772 2948 usque
1829 2878 1899 2932 ad
1957 2877 2043 2931 in-

397 2969 667 3026 teriorem
690 2984 961 3040 magnam
997 2972 1225 3038 portam
1283 2967 1711 3035 excubitorum,
1760 2966 1857 3022 ubi
1889 2966 2042 3023 scri-

2153 553 2306 609 αύτοὶ
2339 551 2396 608 δὲ
2426 555 2478 609 οἱ
2507 559 2602 609 τοῦ
2637 556 2836 631 μέρους
2864 557 3301 630 προπορεύονται
3322 554 3593 633 ἔμπροσθε
3614 561 3661 595 ⁷⁷
3683 564 3798 635 (95)

2151 647 2247 698 τοῦ
2283 640 2570 717 βασιλέως,
2622 643 2873 718 λέγοντες
2923 642 3181 720 δρομικὰ,
3214 645 3259 699 εἰ
3302 644 3358 701 δὲ
3389 645 3599 703 κελεύει
3629 651 3658 703 6
3693 650 3799 725 βα-

2152 730 2335 794 σιλεὺς
2400 732 2490 788 καὶ
2556 732 2879 805 ἀπελατικὰ,
2968 734 3339 805 ἀποσώζοντες
3404 738 3499 791 τὸν
3571 736 3798 811 βασιλέα

2153 822 2319 899 μέχρι
2365 826 2462 876 τοῦ
2508 822 2661 898 ἁγίου
2702 822 3111 898 Χριστοφόρου.
3149 825 3266 899 Χρή
3297 822 3354 879 δὲ
3384 822 3604 894 εἰδέναι,
3631 825 3715 883 ὅτι
3746 828 3799 882 οἱ

2152 904 2496 981 δημοκράται
2545 913 2651 964 τῶν
2709 907 2805 964 δύο
2859 915 3036 983 μερῶν
3085 916 3193 965 τῶν
3246 918 3552 982 περατικῶν
3599 915 3685 968 καὶ
3738 916 3795 969 οἱ

2151 994 2435 1071 δήμαρχοι
2500 1004 2601 1067 τῆς
2658 997 2972 1071 πολιτικῆς,
3027 998 3253 1062 ἕκαστος
3310 1001 3485 1056 αὐτῶν
3544 1003 3681 1058 κατὰ
3733 1004 3795 1058 τὸ

2153 1084 2314 1160 μέρος
2346 1087 2549 1154 αὐτῶν,
2583 1086 2635 1141 έν
2676 1090 2744 1161 τῇ
2790 1089 2836 1141 α’
2884 1086 3033 1166 δοχῇ
3076 1086 3381 1144 ἐπιδιδόασι
3415 1086 3795 1165 λιϐελλάριον,

2148 1173 2200 1230 ἐν
2235 1173 2291 1230 δὲ
2318 1182 2436 1237 ταῖς
2469 1174 2693 1238 λοιπαῖς
2735 1173 2932 1251 δοχαῖς
2963 1172 3296 1254 λιϐελλάρια
3333 1179 3437 1233 οὐκ
3466 1178 3789 1237 ἐπιδιδόασι.

2147 1264 2282 1337 πρὸς
2315 1264 2451 1332 ἅπαξ
2500 1264 2601 1338 γὰρ
2635 1268 2795 1319 τοῦτο
2844 1265 2933 1319 καὶ
2986 1266 3175 1339 μόνον.
3227 1268 3289 1324 Ἥ
3323 1264 3381 1322 δὲ
3410 1267 3672 1339 πολιτική
3697 1272 3794 1324 τοῦ

2151 1355 2352 1427 μέρους
2380 1356 2488 1407 τῶν
2520 1352 2751 1409 Βενέτων
2803 1354 2939 1427 μετὰ
2986 1354 3078 1409 καὶ
3115 1360 3210 1410 τοῦ
3260 1354 3556 1431 δημάρχου
3603 1354 3797 1432 δέχον-

2144 1463 2231 1496 ται
2262 1442 2352 1496 τὸν
2388 1439 2618 1515 βασιλέα
2661 1442 2715 1496 έν
2758 1447 2840 1514 τῷ
2889 1444 3029 1517 ἁγίῳ
3078 1446 3458 1522 Χριστοφόρῳ,
3492 1446 3581 1499 καὶ
3611 1444 3797 1501 ἐπιδί-

2148 1531 2311 1588 δωσιν
2345 1535 2371 1588 6
2406 1530 2695 1607 δήμαρχος
2715 1538 2794 1606 τῷ
2818 1533 3037 1609 βασιλεῖ
3067 1531 3447 1611 λιϐελλάριον,
3478 1538 3792 1602 τελέσαντες

2147 1620 2203 1677 δὲ
2231 1623 2299 1676 τὰ
2336 1620 2491 1690 ἄκτα,
2519 1623 2765 1679 ἀποκινεῖ
2811 1624 2838 1677 6
2890 1623 3165 1698 βασιλεὺς,
3198 1626 3261 1680 τὸ
3301 1622 3358 1681 δὲ
3393 1625 3555 1703 μέρος
3589 1625 3794 1682 διασώ-

2146 1716 2222 1780 ζει
2279 1708 2374 1765 τὸν
2432 1711 2681 1786 βασιλέα,
2746 1710 2999 1787 λέγοντες
3068 1709 3376 1789 ἔμπροσθεν
3442 1713 3702 1791 δρομικὰ,
3744 1715 3790 1772 εἷ

2144 1797 2377 1869 κελεύει,
2436 1800 2526 1854 καὶ
2578 1798 2898 1855 ἀπελατικά”
2951 1805 3114 1857 τοῦτο
3173 1800 3231 1858 δὲ
3285 1804 3434 1859 τελεῖ
3474 1805 3529 1859 ’ἐν
3569 1803 3795 1861 ἕκαστον

2150 1888 2313 1962 μέρος
2340 1887 2393 1943 έν
2424 1892 2492 1962 τῇ
2523 1889 2693 1944 αὐτοῦ
2724 1887 2869 1963 δοχῇ
2902 1891 2969 1949 ⁷⁸.
3022 1893 3387 1961 Διασώζοντες
3416 1894 3507 1948 τὸν
3544 1893 3792 1968 βασιλέα,

2148 1974 2401 2052 δέχονται
2455 1976 2625 2032 ἐκεῖσε
2674 1982 2780 2033 τῶν
2824 1984 3128 2053 περατικῶν
3185 1986 3362 2056 μερῶν
3426 1983 3706 2058 Πρασίνων
3765 1985 3794 2038 6

2147 2065 2277 2129 λαὸς
2319 2068 2411 2121 τὸν
2448 2064 2675 2142 βασιλέα
2721 2066 2775 2122 έν
2825 2074 2946 2130 τοῖς
2990 2074 3088 2124 τοῦ
3137 2067 3454 2147 Ὀλυϐρίου,
3500 2074 3590 2128 καὶ
3622 2070 3795 2128 ἐπιδί-

2147 2152 2310 2210 δωσιν
2362 2156 2390 2210 6
2447 2153 2803 2229 δημοκράτης
2860 2162 2941 2229 τῷ
3002 2156 3221 2232 βασιλεῖ
3274 2156 3654 2237 λιόελλάριον,
3704 2161 3794 2218 καὶ

2147 2243 2472 2314 διασώζουσι
2520 2246 2612 2299 τὸν
2669 2246 2894 2321 βασιλέα
2946 2249 3113 2322 μέχρι
3162 2253 3261 2304 τοῦ
3291 2250 3657 2331 φιλαδελφίου
3685 2256 3793 2307 τῶν

2138 2338 2445 2416 θπερατικῶν
2484 2340 2664 2409 μερῶν
2707 2341 2814 2391 τῶν
2864 2336 3117 2395 Βενέτων.
3170 2340 3269 2395 Καὶ
3317 2337 3535 2415 δέχεται
3569 2343 3596 2396 6
3628 2362 3800 2416 περα-

2148 2424 2295 2486 τικὸς
2328 2420 2507 2495 δῆμος
2534 2428 2642 2478 τῶν
2676 2424 2909 2480 Βενέτων
2938 2426 3029 2480 τὸν
3064 2427 3292 2500 βασιλέα
3320 2426 3372 2482 έν
3404 2434 3485 2502 τῷ
3517 2428 3794 2486 Φιλαδελ-

2147 2514 2277 2588 φίῳ,
2329 2510 2656 2583 διασώζουσι
2700 2512 2757 2568 δὲ
2799 2510 2902 2576 ἕως
2942 2521 3053 2569 τῶν
3101 2515 3381 2591 Πρασίνων
3426 2526 3529 2588 τῆς
3569 2518 3799 2575 πολιτιι-

2145 2610 2248 2673 κῆς
2295 2607 2393 2657 τοῦ
2442 2600 2658 2676 μοδίου,
2716 2605 2805 2658 καὶ
2873 2601 3126 2679 δέχονται
3182 2607 3275 2660 τὸν
3340 2607 3565 2682 βασιλέα
3622 2608 3673 2663 έν
3722 2614 3802 2682 τῷ

2152 2689 2351 2765 μοδίῳ,
2400 2692 2491 2747 καὶ
2538 2689 2849 2747 ἐπιδίδωσιν
2892 2694 2919 2748 ὁ
2963 2692 3256 2774 δήμαρχος
3308 2693 3665 2774 λιόελλάριον
3717 2697 3799 2772 τῷ

2154 2779 2391 2857 βασιλεῖ,
2437 2780 2529 2835 καὶ
2574 2781 2885 2847 τελέσαντες
2932 2782 3156 2853 ἅπαντα,
3192 2786 3266 2847 ὡς
3296 2786 3639 2861 προείρηται,
3674 2784 3800 2842 δια-

2154 2871 2387 2939 σώζουσι
2417 2870 2509 2924 τὸν
2545 2869 2771 2944 βασιλέα
2806 2874 2973 2947 μέχρι
3002 2874 3098 2927 τοῦ
3136 2874 3337 2949 ταύρου
3375 2882 3479 2945 τῆς
3504 2875 3799 2945 πολιτικῆς

2149 2964 2246 3014 τοῦ
2282 2959 2479 3033 μέρους
2525 2964 2631 3014 τῶν
2684 2962 2936 3021 Βενέτων,
2988 2962 3091 3018 Καὶ
3139 2961 3393 3039 δέχονται
3441 2967 3535 3021 τὸν
3575 2964 3803 3041 βασιλέα

397 3057 604 3113 barum
638 3055 922 3127 promolio
945 3053 1298 3119 instituitur,
1316 3053 1546 3123 transit,
1579 3070 1728 3125 equo
1743 3054 2035 3109 descendit

2153 3049 2203 3103 έν
2261 3053 2340 3119 τῷ
2393 3048 2576 3122 ταύρῳ
2632 3050 2723 3103 καὶ
2766 3047 3122 3120 διασώζουσιν
3155 3051 3257 3115 ’ὲως
3297 3059 3404 3108 τῶν
3456 3054 3802 3128 ἀρτοπολίων

394 3162 612 3219 perque
640 3144 917 3200 excubias
938 3147 1075 3199 ante
1106 3146 1220 3198 tres
1242 3142 1568 3198 consistorii
1605 3148 1798 3213 portas
1838 3144 2038 3213 dispo-

2149 3140 2249 3202 τῆς
2303 3135 2596 3201 πολιτικῆς
2650 3142 2746 3192 τοῦ
2808 3138 3006 3212 μέρους
3046 3145 3153 3195 τῶν
3215 3142 3514 3216 Πρασίνων,
3572 3143 3661 3198 καὶ
3717 3141 3800 3198 δέ·

391 3214 534 3292 sitas
591 3234 709 3290 abit
766 3236 1065 3288 senatores
1106 3232 1294 3287 fausta
1340 3230 1676 3302 imperatori
1733 3236 2035 3304 precantes

2147 3227 2337 3282 χονται
2367 3228 2461 3281 τὸν
2497 3226 2723 3301 βασιλέα
2770 3226 2820 3281 έν
2866 3234 2946 3301 τῷ
2993 3230 3147 3306 qvipr
3179 3214 3286 3286 τῶν
3319 3233 3621 3307 περατικῶν
3652 3234 3800 3309 Πρα-

394 3324 766 3380 subsistunt:
810 3323 859 3377 is
889 3338 1023 3377 vero
1078 3321 1331 3376 mediam
1365 3325 1593 3392 portam
1646 3321 1716 3375 ad
1750 3321 2035 3392 templum

394 3412 627 3467 Domini
675 3411 981 3466 ducentem
1039 3409 1388 3480 ingreditur,
1423 3409 1518 3465 ubi
1552 3411 1772 3480 patricii
1802 3414 1859 3465 et
1890 3416 2037 3465 stra-

388 3501 529 3573 tegi,
562 3502 661 3571 qui
720 3504 777 3555 et
816 3499 929 3570 ipsi
985 3501 1177 3554 fausta
1233 3498 1571 3569 imperatori
1625 3503 2033 3571 apprecantur,

389 3590 623 3645 adsunt.
658 3590 777 3654 Quo
808 3603 1025 3644 aeneam
1062 3591 1287 3659 portam
1321 3587 1517 3656 templi
1554 3587 1778 3642 Domini
1811 3588 2035 3657 ingres-

388 3694 475 3742 so,
509 3675 847 3732 cubicularii
870 3676 1080 3746 januas
1110 3674 1307 3730 statim
1372 3674 1655 3732 claudunt
1694 3679 1751 3729 et
1782 3674 2033 3745 impera-

388 3766 500 3822 tori
531 3766 880 3833 acclamant,
914 3764 1014 3835 qui
1062 3767 1379 3835 postquam
1429 3763 1778 3836 praepositus
1838 3768 2030 3834 togam

389 3873 490 3913 seu
524 3857 733 3912 tiaram
764 3872 798 3911 a
836 3854 1027 3927 capite
1082 3855 1211 3924 ejus
1256 3854 1531 3925 dempsit,
1584 3852 1778 3921 intrat,
1812 3854 1905 3909 5|
1959 3854 2031 3909 ad

388 3952 621 4002 sanctas
646 3946 859 4016 januas
881 3944 1146 3999 subsistit
1176 3947 1231 3999 et
1262 3947 1549 4013 precatur.
1596 3942 1717 4006 Quo
1749 3942 1899 3998 facto
1933 3959 2034 4013 per

387 4035 675 4107 porticum
698 4032 903 4105 templi
940 4033 1032 4088 Dei
1067 4032 1456 4101 bemicyclum
1481 4030 1783 4087 triconchii
1820 4047 2031 4102 perque

385 4117 673 4188 porticum
735 4114 1125 4186 quadraginta
1172 4119 1508 4168 sanctorum
1568 4128 1807 4167 aureum
1863 4113 2032 4167 tricli-

386 4207 549 4262 nium
615 4207 814 4272 intrat,
877 4204 975 4257 ubi
1040 4200 1377 4257 cubicularii
1436 4216 1636 4256 omnes
1684 4205 1925 4257 stantes.
1965 4204 2030 4257 In

383 4297 564 4351 multa
601 4296 843 4363 bonaque
869 4300 1136 4362 tempora,
1171 4290 1501 4361 imperatori
1528 4288 1877 4359 acclamant,
1898 4306 2031 4347 mox

385 4383 790 4455 egrediuntur.

2148 3314 2327 3387 σίνων,
2360 3314 2411 3369 έν
2435 3319 2513 3386 τῷ
2547 3314 2827 3389 πλακωτῷ
2856 3319 2901 3354 ⁷9
2930 3321 3043 3391 (97)
3088 3324 3185 3374 τοῦ
3229 3319 3418 3394 μιλίου
3447 3329 3547 3391 τῆς
3578 3323 3796 3378 πολιτι-

2144 3406 2244 3472 κῆς
2281 3402 2479 3477 μέρους
2508 3408 2613 3459 τῶν
2677 3405 2975 3479 Πρασίνων,
3010 3404 3264 3477 δέξωνται
3324 3410 3414 3465 τὸν
3482 3410 3707 3484 βασιλέα
3739 3410 3790 3466 έν

2143 3493 2222 3564 τῷ
2254 3493 2527 3564 ζευξίππῳ
2572 3498 2681 3547 τῶν
2730 3499 3033 3569 περατικῶν
3085 3502 3262 3572 μερῶν
3306 3500 3564 3570 Βενέτων,
3599 3498 3794 3576 δέχον-

2141 3602 2228 3635 ται
2279 3582 2370 3636 τὸν
2423 3579 2650 3656 βασιλέα
2698 3581 2749 3637 ἔν
2798 3587 2868 3651 τῇ
2908 3583 3117 3660 χαλκῇ.
3172 3588 3268 3640 Καὶ
3310 3589 3510 3652 εὐθέως
3540 3590 3796 3659 πεζεύου-

2144 3689 2224 3722 σιν
2273 3670 2384 3741 (98)
2435 3671 2682 3738 ἅπαντες,
2737 3670 2825 3725 καὶ
2876 3673 3021 3746 μένει
3060 3666 3293 3752 ἔφιππος
3344 3697 3505 3748 μονος
3560 3678 3587 3731 6
3639 3680 3797 3752 βασι-

2143 3756 2292 3821 λεύς·
2326 3759 2568 3825 κάκεῖθεν
2601 3758 3024 3837 δηριγευόμενος
3068 3764 3171 3819 ὑπὸ
3221 3766 3460 3837 πάντων,
3494 3767 3567 3830 ὡς
3600 3766 3794 3842 προεί-

2143 3870 2326 3924 ρηται,
2370 3847 2643 3928 διέρχεται
2698 3848 2785 3906 διὰ
2827 3857 2936 3908 τῶν
2985 3855 3250 3929 κορτίνων
3301 3858 3464 3933 μέχρι
3509 3864 3609 3927 τῆς
3641 3856 3791 3913 ἔνδον

2146 3938 2394 4017 μεγάλης
2423 3939 2606 4010 πύλης
2636 3945 2744 3996 τῶν
2777 3939 3164 4016 έκσκουϐίτων,
3211 3944 3263 3999 ἐν
3378 3948 3585 4022 γίνεται
3620 3950 3654 4017 ἡ
3686 3952 3792 4002 τῶν

2142 4024 2439 4100 σκριϐόνων
2487 4024 2765 4104 προϐολὴ,
2806 4030 2897 4086 καὶ
2937 4032 3146 4102 πεζεύει
3178 4032 3349 4089 ἐκεῖσε
3385 4037 3477 4090 καὶ
3518 4033 3793 4111 διέρχεται

2142 4115 2232 4172 διὰ
2277 4122 2383 4171 τῶν
2434 4113 2799 4174 έκσκουϐίτων
2850 4113 3153 4195 ἔμπροσθεν
3205 4128 3319 4177 τῶν
3384 4128 3552 4197 τριῶν
3604 4124 3793 4180 πυλῶν

2139 4210 2235 4262 τοῦ
2266 4208 2678 4282 κονσιστωρίου,
2725 4208 2943 4281 μένουσι
2993 4207 3049 4264 δὲ
3099 4209 3208 4265 ἐκεῖ
3252 4212 3303 4265 οἱ
3355 4219 3455 4281 τῆς
3483 4212 3795 4287 συγκλήτου

2145 4297 2577 4370 ὑπερευχόμενοι
2626 4298 2718 4352 τὸν
2766 4295 3011 4370 βασιλέα,
3061 4297 3150 4352 καί
3200 4298 3505 4375 εῗσέρχεται
3555 4302 3583 4355 6
3639 4303 3797 4375 βασι-

2060 4371 2104 4436 Ῑ)
2137 4382 2263 4449 λεὺς
2291 4385 2390 4454 τὴν
2445 4386 2610 4457 μέσην
2657 4383 2837 4456 πύλην
2895 4388 2996 4456 τὴν
3053 4371 3444 4462 εἰσάγουσαννδο
3491 4371 3649 4464 πρὸς.
3685 4393 3789 4461 τὴν

383 4467 674 4540 ἐκκλησίαν
698 4470 794 4522 τοῦ
824 4464 1048 4541 Κυρίου,
1086 4465 1303 4539 μένουσι
1365 4460 1421 4517 δὲ
1479 4462 1649 4519 ἐκεῖσε
1705 4465 1757 4519 οἱ
1813 4468 2088 4543 πατρίκιοι
2144 4471 2235 4526 καὶ
2294 4473 2346 4527 οἱ
2406 4473 2700 4548 στρατηγοὶ
2762 4460 3191 4549 ὑπερευχόμενοι
3243 4476 3333 4531 καὶ
3384 4460 3544 4533 ιιιύτοὶ⁷
3577 4478 3670 4533 τὸν
3707 4460 3797 4555 βά-

385 4559 557 4616 σιλέα.
613 4559 707 4614 Καὶ
760 4553 1097 4617 εἰσελθόντος
1145 4557 1242 4609 τοῖ’)
1292 4552 1558 4630 βασίλέως
1614 4555 1687 4617 εἷς
1743 4557 1840 4626 τὴν
1900 4558 2117 4634 χαλκῆν
2172 4560 2353 4633 πύλην
2402 4566 2497 4618 τοῦ
2548 4563 2775 4637 Κυρίου,
2823 4562 3095 4620 κλείουσιν
3148 4564 3345 4631 εὐθέως
3396 4568 3492 4632 τὰς
3533 4552 3796 4644 θύρας-οἱ

1736 4714 1974 4772 VARle
2017 4717 2429 4777 LECTIONES.

455 4834 498 4869 ⁸⁸⁷
530 4826 846 4906 ἔμπρωσθεν
880 4831 973 4887 ed.
1050 4829 1095 4864 ⁷⁸
1126 4826 1293 4906 δοχῇ,
1328 4824 1468 4886 διασ.
1518 4850 1567 4888 τ.
1624 4828 1871 4903 βασιλέα.
1922 4827 2185 4910 Δέχονται
2235 4835 2330 4891 ed.
2412 4831 2462 4867 ⁷⁹
2508 4832 2706 4907 πλάκῳ
2757 4838 2837 4907 τῷ
2885 4837 2973 4893 ed.
3052 4835 3099 4874 8°
3129 4834 3310 4909 πύλην
3353 4838 3668 4915 εἰσάγουσαν
3700 4840 3791 4898 ed.

1439 4980 1644 5039 JOAN.
1676 4984 1817 5041 JAC.
1854 4984 2116 5042 REISKII
2150 4986 2731 5045 COMMENTARIUS.

460 5112 578 5183 (95)
635 5112 728 5167 Sic
778 5110 855 5165 M.
917 5126 1043 5183 quis
1125 5108 1559 5183 saepepexhibet
1616 5109 1783 5183 tales,
1815 5111 2035 5168 formas

390 5176 617 5255 absque
648 5200 700 5237 ν.
752 5176 973 5255 vocum
1019 5176 1323 5255 ἀπελατικᾷι
1353 5187 1411 5236 et
1458 5176 1697 5255 δρομικᾶ
1760 5182 1905 5255 fines
1936 5200 2035 5253 per

388 5251 802 5326 compendium
838 5254 1043 5326 litterae
1076 5251 1100 5320 ξ
1158 5253 1357 5326 simile
1377 5251 1624 5322 scriptas
1662 5251 2040 5326 exhibebant

390 5322 629 5393 caedem,
663 5332 729 5381 ut
759 5324 1004 5380 dubium
1038 5326 1133 5391 sit,
1167 5322 1504 5394 singularis,
1530 5340 1596 5378 an
1622 5322 1863 5394 pluralis
1896 5343 2036 5396 prae-

389 5400 524 5453 ferri
555 5399 778 5453 debeat.

463 5470 574 5540 (96)
607 5468 1007 5540 construenda
1048 5466 1128 5521 sic
1168 5469 1304 5540 sunt
1349 5465 1521 5520 verba
1580 5465 1749 5540 paulo
1780 5466 2041 5540 implica-

1440 5540 1574 5609 ερῶν
1632 5539 1741 5609 τῶν
1800 5537 2039 5593 Βενέτων

388 5615 497 5665 τῶν
528 5606 628 5664 to?)
681 5606 1303 5682 '<in)ia8a).<plou,'utque
1348 5606 1417 5663 ad
1468 5606 1750 5664 Peraticas
1809 5610 1934 5682 [seu
1965 5613 2037 5667 ri-

390 5630 497 5665 των
528 5631 628 5664 του
688 5629 934 5665 (praerosa
986 5629 1090 5677 ιου,
1128 5629 1303 5680 usque
1348 5629 1417 5663 aa
1469 5629 1750 5664 rcraucas
1809 5629 1934 5682 [seu
1965 5629 2033 5667 1⁵1·

390 5684 619 5759 penses]
647 5688 896 5739 catervas
941 5629 1280 5751 genuorum,
1324 5696 1446 5753 qua:
1476 5684 1623 5737 stant
1653 5682 1711 5735 in
1744 5681 2033 5739 Philadel-

2142 5114 2317 5197 phg'o'.“
2344 5116 2498 5197 Idem
2534 5129 2764 5197 quoque
2825 5118 3140 5173 tenendum
3190 5121 3271 5197 de
3316 5120 3571 5177 dictione
3622 5117 3789 5194 μέχρι

2144 5183 2514 5258 τοῦγΤοιύρου,
2547 5183 2687 5258 etc.;
2708 5204 2833 5257 quas
2866 5204 3000 5245 mox
3030 5192 3300 5247 occurrit.

2217 5256 2329 5333 (97)
2362 5254 2661 5311 Πλακωτὸν
2696 5254 2921 5315 videtur
2950 5261 3123 5317 solum
3166 5278 3292 5318 esse
3333 5266 3554 5333 magni:
3593 5262 3793 5333 tabulis

2145 5331 2331 5383 same-is
2353 5334 2466 5402 aut
2496 5334 2821 5386 marmoreis
2862 5332 3333 5402 (Quadersteincn)
3362 5331 3616 5391 stratum.
3652 5331 3796 5387 ιιλά-

2145 5418 2237 5478 ξξς
2274 5400 2430 5456 enim
2490 5405 2625 5478 sunt
2655 5400 3025 5478 tabulas'lataa
3058 5412 3111 5478 et
3159 5400 3332 5460 vastas
3374 5423 3581 5463 saxea.
3628 5409 3714 5463 Ita
3734 5423 3791 5478 p.

2143 5472 2261 5597 ἑδΞῶ
2296 5472 2686 5547 μαρμαρωτόν,
2756 5475 2927 5545 (0cm,
3010 5476 3185 5531 solum
3256 5494 3601 5535 marmorum
3653 5472 3796 5534 stra-

2214 5614 2330 5697 (ρᾷ)
2359 5616 2523 5697 Ante
2545 5615 2797 5673 Chalcen
2828 5631 2964 5697 ergo
3023 5616 3449 5697 descenderant
3472 5695 3477 5697 _
3503 5637 3572 5697 ex
3601 5621 3790 5692 equis,

2144 5690 2244 5756 qui
2284 5690 2694 5757 imperatorem
2730 5690 3137 5760 procedentem
3191 5691 3248 5747 in
3281 5693 3536 5763 equestri
3575 5690 3793 5765 pompa
