4108 6220
395 361 510 420 303

1445 349 1977 412 CONSTANTINI
2020 346 2726 409 PORPHYROGENITI

3675 348 3794 409 304

391 509 526 550 vero
568 507 667 548 seu
724 486 1074 546 monasterio
1123 484 1429 555 prefectus
1468 483 1603 539 thus
1641 486 1699 539 et
1737 485 2034 555 unguenta

2167 480 2237 534 τὸν
2273 477 2518 554 βασιλέα,
2551 479 2715 549 ἡνίκα
2750 476 2937 551 ἐξέλθῃ
2967 479 3046 534 τῶ
3085 473 3439 552 ἱπποδρόμῳ.
3490 476 3595 534 Καὶ
3643 476 3797 550 ἐξελ-

394 583 583 638 ferens
610 584 667 635 et
697 586 829 634 ante
859 578 1265 647 imperatorem
1298 573 1634 641 incensans,
1669 571 1903 643 excipit.
1926 569 2034 635 Qui

392 668 810 727 catechumena
826 665 1150 736 ingressus,
1166 662 1346 719 cereis
1364 665 1498 717 ante
1518 661 1843 716 sacrarium
1864 674 2038 730 super

396 746 779 819 imperatoriis
850 745 1033 815 portis
1089 744 1371 812 accensis,
1418 749 1721 814 precatur:
1774 746 2039 811 precatus

396 843 585 895 autem
637 836 696 891 in
749 835 998 891 oratorio
1046 834 1437 889 Sanctissimae
1491 832 1747 902 Deiparte
1779 831 1839 885 in
1888 834 2039 884 cate-

397 925 719 994 chumenis,
753 941 945 980 cereos
984 923 1241 979 accendit
1272 928 1330 977 et
1367 920 1446 976 ibi
1478 936 1710 992 quoque
1751 922 2039 991 precatur,

396 1020 595 1087 postea
624 1030 919 1085 egressus,
949 1012 1008 1067 in
1041 1010 1408 1069 eminentiori
1446 1016 1609 1082 parte
1640 1007 1902 1076 sacrarii,
1946 1007 2041 1063 ubi

397 1106 458 1160 in
473 1103 725 1174 singulis
742 1100 1379 1173 processionibusstare
1392 1098 1766 1170 divinumque
1784 1096 2040 1153 ofﬁcium

397 1200 686 1259 celebrare
748 1199 916 1268 solet,
978 1198 1265 1267 subsistit,
1326 1201 1383 1253 et
1432 1197 1512 1255 ibi
1563 1211 1793 1268 quoque
1850 1209 2044 1252 cereos

400 1290 681 1348 accendit.

2146 568 2253 632 θὼν
2285 568 2312 623 6
2348 566 2605 643 βασιλεὺς
2644 568 2694 623 ἐν
2726 572 2806 640 τῷ
2837 564 3193 641 ἱπποδρόμῳ,
3224 564 3655 645 δηριγευόμενος
3700 566 3798 621 ὑπὶ

2146 656 2323 711 αὐτῶν
2371 658 2585 713 πάντων
2623 656 2713 711 καὶ
2760 661 2873 711 τῶν
2917 655 3357 733 προειρημένων,
3392 653 3668 731 διέρχεται
3711 654 3802 709 διὰ

2147 750 2244 799 τοῦ
2273 743 2649 820 ἱπποδρόμου,
2673 747 2740 801 τὰ
2764 744 2819 801 ’ὁὶ
2849 746 3036 817 πλήθη
3068 751 3178 801 τῶν
3208 741 3402 820 ὄχλων
3444 742 3697 799 ’ίστανται
3747 743 3800 798 ἐν

2147 839 2226 907 τῷ
2258 833 2592 911 ἱπποδρόμω
2629 836 3066 915 ὑπερευχόμενοι
3097 835 3187 890 τὸν
3222 833 3469 910 βασιλέα.
3506 833 3611 891 Καὶ
3662 831 3807 888 διελ-

2151 925 2256 979 θὼν
2290 926 2317 979 ὁ
2369 925 2626 1001 βασιλεὺς
2665 922 3089 1001 δηριγευόμενος
3137 924 3240 980 ὑπὸ
3292 922 3527 995 πάντων,
3561 920 3649 978 διὰ
3697 927 3804 978 τῶν

2150 1011 2400 1068 παλαιῶν
2469 1014 2846 1086 ἆσηκρητειῶν
2914 1014 3210 1089 ἀπέρχεται
3285 1012 3339 1069 ἰν
3398 1017 3479 1086 τῷ
3554 1016 3668 1085 ναῷ
3707 1016 3802 1068 τοῦ

2150 1103 2338 1180 Ἀγίου
2372 1105 2619 1181 Σεργίου.
2649 1104 2963 1166 Μέλλοντος
3005 1102 3062 1160 δὲ
3091 1108 3187 1159 τοῦ
3241 1101 3511 1179 βασιλέως
3556 1102 3803 1179 εἱσέρχε-

2156 1196 2273 1247 σθαι
2326 1192 2378 1249 έν
2414 1199 2531 1255 τοῖς
2586 1192 3071 1269 κατηχουμενίοις,
3106 1193 3356 1266 μένουσιν
3413 1187 3515 1263 ἔξω
3563 1198 3663 1262 τῆς
3702 1191 3808 1247 πύ-

2155 1281 2261 1353 λης
2311 1284 2586 1358 πντρίκιοι
2652 1284 2741 1339 καὶ
2799 1283 3118 1358 στρατηγοὶ,
3152 1283 3180 1337 6
3244 1279 3301 1337 δὲ
3351 1283 3659 1357 ἡγούμενος
3710 1284 3809 1337 τοῦ

398 1380 563 1436 αὐτοῦ
592 1384 723 1434 ναοῦ
760 1377 973 1454 δέχεται
1009 1377 1178 1432 ἐκεῖσε
1205 1375 1295 1432 τὸν
1341 1373 1566 1451 βασιλέα
1617 1373 1721 1429 ἀπὸ
1771 1376 1871 1438 τῆς
1918 1373 2122 1444 πύλης,
2176 1372 2455 1447 βαστάζων
2514 1375 2777 1448 θυμιατὸν
2828 1374 2915 1429 καὶ
2988 1375 3199 1447 θυμιῶν
3238 1375 3318 1445 (7)
3350 1367 3655 1446 ἔμπροσθεν
3713 1375 3810 1427 τοῦ

406 1468 690 1544 βασιλέως.
744 1470 804 1526 Ὁ
864 1466 921 1522 δὲ
984 1464 1260 1541 βασιλεὺς,
1314 1462 1570 1518 εἱσελθὼν
1628 1460 1680 1516 ἐν
1730 1466 1847 1523 τοῖς
1900 1461 2387 1537 κατηχουμενίοις,
2448 1463 2601 1519 ἅπτει
2688 1464 2891 1537 κηροὺς
2958 1462 3212 1517 ἀπέναντι
3268 1458 3363 1516 τοῖ’)
3423 1460 3811 1538 θυσιαστηρίου

405 1560 627 1634 ὕπερθεν
684 1562 789 1612 τῶν
853 1556 1154 1631 βασιλικῶν
1213 1552 1402 1609 πυλῶν
1462 1554 1550 1606 καὶ
1613 1547 1829 1625 εὔχεται
1880 1548 2050 1605 ἐκεῖσε
2083 1572 2095 1584 ο
2156 1550 2443 1625 εὐξάμενος
2493 1550 2549 1607 δὲ
2616 1553 2666 1607 έν
2716 1557 2798 1625 τῷ
2862 1548 2974 1607 ὄντι
3038 1555 3146 1606 τῶν
3214 1553 3290 1625 (8)
3354 1549 3815 1625 κατηχουμενίων

402 1649 677 1720 εὐκτηρίῳ
731 1653 833 1715 τῆς
880 1644 1193 1719 Ὺπεραγίας
1242 1642 1531 1711 Θεοτόκου,
1579 1642 1715 1713 ἅψας
1770 1636 1827 1693 δὲ
1874 1638 2089 1694 κάκεῖσε
2136 1639 2340 1714 κηροὺς
2388 1642 2477 1695 καὶ
2536 1640 2823 1715 εὐξάμενος
2884 1638 3183 1719 ἐξέρχεται,
3226 1639 3318 1694 καὶ
3371 1637 3584 1694 ’ίσταται
3634 1637 3685 1693 ἐν
3730 1642 3811 1710 τῷ

400 1740 839 1813 παρακυμπτικῷ
874 1737 946 1807 (9)
978 1738 1074 1789 τοῦ
1107 1730 1518 1804 θυσιαστηρίου,
1550 1728 1603 1783 ἐν
1635 1730 1681 1801 ᾦ
1713 1727 1939 1792 εἴθισται
1972 1727 2117 1801 αὖτῷ
2148 1730 2265 1783 καθ’
2297 1730 2524 1801 ἑκάστην
2558 1729 2877 1805 προέλευσιν
2922 1728 3174 1793 ’ίστασθαι
3233 1728 3325 1783 καὶ
3374 1726 3611 1783 ἐκτελεῖν
3635 1728 3679 1764 ³⁸
3709 1727 3808 1795 τὴν

403 1825 543 1879 θείαν
580 1824 943 1896 λειτουργίαν,
978 1821 1134 1875 ἅπτει
1170 1818 1227 1874 δέ
1258 1819 1471 1874 κάκεῖσε
1502 1818 1733 1892 κηρούς.

476 1933 577 1989 53
608 1932 674 1986 II.
708 1932 989 2002 Tempore
1029 1934 1221 1985 autem
1264 1946 1439 1984 sacra:
1481 1925 1910 1983 communionis
1951 1942 2049 1981 sa-

2225 1927 2296 1982 B'.
2332 1929 2427 1999 Τῷ
2459 1923 2515 1981 δὲ
2543 1930 2718 2003 καιρῷ
2764 1932 2864 1996 τῆς
2916 1924 3060 1989 θείας
3102 1924 3394 1986 κοινωνίας
3447 1921 3737 1997 ἀνέρχεται
3787 1922 3815 1976 6

407 2023 610 2078 cerdos
625 2037 759 2078 cum
776 2020 1013 2091 reliquis
1029 2018 1256 2075 clericis
1282 2018 1522 2085 accedit,
1548 2017 1813 2072 divinum
1839 2031 2054 2071 munus

405 2112 671 2179 atterens,
716 2126 829 2181 quo
872 2108 1067 2177 allato,
1119 2108 1437 2178 imperator
1488 2107 1959 2163 communionem
1996 2106 2056 2159 in

408 2201 659 2256 oratorio
710 2199 941 2270 accipit,
992 2202 1050 2253 et
1102 2214 1371 2269 egressus
1426 2196 1801 2252 metatorium
1856 2194 2056 2250 intrat.

410 2293 723 2363 Postquam
762 2304 895 2344 vero
943 2286 1219 2343 omnibus
1278 2286 1653 2341 cubiculariis
1699 2300 1861 2340 sacra
1906 2298 2060 2340 com-

410 2382 611 2437 munio
653 2377 952 2450 impertita
994 2382 1102 2444 est,
1146 2376 1473 2431 sacerdotes
1512 2373 1748 2443 abeunt,
1781 2388 2058 2427 veneran-

412 2473 549 2526 dum
583 2469 804 2524 donum
844 2466 904 2519 in
946 2464 1321 2529 antimensio,
1360 2463 1515 2533 quod
1557 2467 1690 2517 ante
1738 2461 2057 2516 sacrarium

411 2575 587 2629 supra
620 2553 1019 2625 imperatorias
1042 2554 1261 2623 januas
1292 2556 1398 2619 est,
1430 2555 1741 2621 reponunt,
1774 2554 1832 2605 et
1872 2565 2060 2605 arces-

412 2646 509 2702 siti
557 2663 588 2699 a
636 2643 1051 2699 ceremoniario
1110 2640 1359 2711 patricii,
1411 2642 1647 2710 strategi
1698 2642 1753 2694 et
1801 2642 2060 2707 senatus,

413 2731 871 2797 communicant,
905 2729 1229 2785 sacerdotes
1260 2728 1331 2783 ad
1388 2727 1775 2799 peragendam
1808 2726 2062 2781 divinam

417 2822 712 2894 Iiturgiam
737 2820 969 2876 abeunt.
991 2817 1109 2881 Quo
1140 2818 1309 2882 facto,
1341 2816 1659 2887 imperator
1682 2832 1779 2888 per
1800 2814 2065 2871 catechu-

418 2927 588 2968 mena
609 2908 954 2981 digreditur,
988 2911 1044 2963 et
1064 2909 1371 2979 postquam
1396 2922 1455 2961 se
1477 2906 1547 2961 ad
1584 2903 1902 2960 triclinium
1925 2921 2065 2960 con-

418 2999 572 3069 tulit,
606 3014 738 3053 cum
766 2996 993 3064 amicis,
1027 3011 1169 3066 quos
1207 2994 1393 3050 vocari
1416 2994 1681 3065 jusserit,
1722 2994 2065 3049 venerandae

417 3106 630 3146 mensaa
664 3103 782 3144 suae
820 3085 1056 3142 assidet.
1093 3086 1158 3141 Ut
1188 3102 1222 3140 a
1251 3084 1512 3140 convivio
1557 3085 1822 3155 surrexit,
1863 3083 2062 3139 tzitza-

416 3180 573 3237 cium
615 3178 829 3247 induit,
872 3181 930 3232 et
969 3194 1001 3231 a
1040 3173 1307 3231 cubiculo
1349 3174 1656 3247 praefectis,
1700 3173 2065 3230 manclavitis

417 3286 483 3325 ac
532 3268 770 3339 reliquis
823 3266 1111 3321 ministris
1170 3266 1435 3337 stipatus,
1498 3281 1598 3335 per
1646 3264 2065 3321 catechumena

415 3357 645 3426 transit,
680 3356 1011 3425 hegumeno
1058 3356 1191 3407 ante
1248 3353 1657 3423 imperatorem
1700 3353 1771 3406 ad
1832 3356 2057 3423 portam

418 3461 603 3515 usque
633 3442 1183 3500 catechumenorum
1209 3443 1569 3496 incensante.
1595 3440 1909 3511 Egressum
1929 3440 2063 3495 inde

418 3536 836 3605 imperatorem
870 3531 1095 3601 patricii
1125 3535 1180 3587 et
1201 3531 1437 3602 strategi
1470 3532 1528 3585 in
1563 3547 1629 3585 ea
1660 3534 1845 3603 porta,
1869 3531 1928 3586 in
1952 3547 2065 3601 qua

418 3626 475 3680 in
529 3622 767 3678 introitu
816 3620 1191 3693 imperatoris
1236 3624 1662 3690 remanserant,
1712 3620 2005 3691 excipiunt
2048 3635 2061 3675 :

419 3713 515 3785 qui
558 3729 591 3767 a
632 3710 923 3783 praedictis
953 3711 1152 3766 eodem
1188 3710 1391 3765 ordine
1430 3709 1680 3781 stipatus
1714 3734 1727 3777 ,
1771 3725 1872 3780 per
1910 3709 2065 3764 anti-

418 3820 601 3875 quum
632 3811 919 3858 secretum
941 3807 994 3855 et
1017 3800 1233 3856 circum
1258 3799 1519 3863 discedit,
1548 3800 1802 3871 patriciis
1834 3800 2063 3856 interim

419 3896 487 3949 ad
515 3893 671 3964 scyla
694 3890 1152 3947 subsistentibus
1184 3890 1482 3961 faustaque
1513 3889 1564 3944 ei
1591 3890 2061 3961 apprecantibus.

419 3983 559 4039 Inde
608 4000 740 4038 cum
792 3980 1058 4037 cubicqu
1090 3979 1394 4052 praefectis,
1428 3979 1829 4035 cerimoniario
1878 3984 1934 4035 et
1985 3981 2066 4035 si-

416 4072 697 4130 lentiariis
710 4071 914 4127 transit
930 4070 1242 4126 triclinium
1256 4069 1284 4124 ,Ι
1298 4070 1550 4124 ustinian
1563 4070 1572 4122 i
1585 4110 1598 4123 .
1616 4068 2065 4125 Cerimoniarius

419 4168 614 4219 autem
646 4178 779 4216 cum
814 4159 1153 4215 silentiariis
1186 4164 1379 4214 manet
1408 4159 1467 4213 in
1509 4163 1675 4229 porta
1712 4157 1977 4227 lausiaci,
2010 4163 2068 4215 et

418 4253 612 4307 fausta
642 4252 1021 4321 apprecantes
1053 4246 1407 4303 comitantur
1434 4271 1448 4315 ;
1479 4251 1679 4317 postea
1710 4263 1742 4302 a
1776 4247 2067 4318 praefectis

418 4340 671 4395 cubiculi
697 4340 971 4408 stipatus,
988 4352 1091 4407 per
1124 4336 1466 4406 tripetonem
1488 4351 1725 4391 aureum
1750 4335 2067 4392 triclinium

418 4426 743 4499 Ingreditur
790 4430 864 4492 et,
899 4428 1071 4480 exuto
1104 4423 1388 4492 tzitzacio,
1420 4424 1761 4478 veneranda:
1793 4432 1845 4479 et
1875 4440 2064 4481 aureas

2169 2014 2341 2089 ἱερεὺς
2378 2015 2510 2090 μετὰ
2554 2016 2641 2070 καὶ
2677 2013 2890 2071 λοιπῶν
2924 2012 3482 2093 ἱερέων,προσφέρων
3521 2012 3585 2067 τὸ
3632 2010 3819 2084 τίμιον

2174 2100 2370 2180 δῶρον,
2410 2106 2500 2160 καὶ
2550 2103 2893 2170 εἰσελθόντος
2937 2108 3035 2160 τοῦ
3081 2103 3270 2178 ἱερέως
3324 2102 3458 2175 μετὰ
3487 2104 3583 2156 τοῦ
3630 2101 3817 2173 τιμίου

2169 2191 2375 2268 δώρου,
2434 2201 2687 2250 κοινωνεῖ
2743 2196 2771 2250 6
2835 2192 3088 2268 βασιλεὺς
3145 2192 3197 2248 ἐν
3245 2191 3324 2265 τῷ
3385 2191 3679 2265 εὐκτηρίῳ,
3727 2190 3816 2245 καὶ

2168 2280 2403 2351 ἐξελθὼν
2453 2283 2760 2359 εἰσέρχεται
2812 2283 2865 2338 έν
2922 2287 3000 2355 τῷ
3048 2282 3402 2356 μητατωρίῳ.
3440 2280 3820 2349 Κοινωνήσαν-

2168 2392 2254 2434 τες
2308 2370 2364 2427 δὲ
2404 2374 2491 2428 καὶ
2545 2375 2596 2428 οἱ
2635 2377 2730 2427 τοῦ
2778 2370 3175 2427 κουϐουκλείου
3205 2368 3452 2437 ἅπαντες,
3486 2363 3817 2443 ἀπέρχονται

2170 2462 2222 2514 οἱ
2252 2462 2417 2534 ἱερεῖς
2448 2464 2540 2517 καὶ
2571 2463 2885 2536 προτιθέασι
2917 2462 2977 2516 τὸ
3007 2461 3192 2534 τίμιον
3224 2459 3397 2535 δῶρον
3449 2457 3501 2514 ἐν
3550 2462 3629 2529 τῷ
3671 2457 3821 2511 ἀντι-

2175 2549 2339 2621 μισίῳ
2396 2554 2475 2622 τῷ
2526 2545 2638 2605 ὅντι
2687 2549 2937 2606 ἀπέναντι
2995 2554 3090 2605 τοῦ
3149 2546 3538 2622 θυσιαστηρίου
3591 2545 3815 2621 ὕπερθεν

2170 2642 2276 2692 τῶν
2314 2638 2611 2714 βασιλικῶν
2644 2640 2855 2709 πυλῶν,
2886 2640 2974 2696 καὶ
3026 2637 3461 2714 προσκληθέντες
3512 2638 3561 2692 οἱ
3621 2635 3819 2711 πατρί-

2170 2748 2304 2795 κιοι,
2352 2730 2650 2805 στρατηγοί
2699 2751 2757 2786 τε
2795 2731 2886 2785 καὶ
2934 2732 2968 2800 ἡ
3020 2727 3334 2805 σύγκλητὸς
3380 2727 3528 2802 παρᾶ
3573 2730 3670 2781 τοῦ
3717 2731 3818 2795 τῆς

2169 2817 2549 2883 καταστάσεως
2607 2824 2952 2888 κοινωνοῦσι,
3002 2820 3095 2874 καὶ
3144 2819 3245 2873 εἶθ’
3288 2816 3463 2880 οὕτως
3524 2815 3820 2890 κατέρχον-

2170 2928 2257 2961 ται
2308 2908 2357 2962 οἱ
2408 2908 2571 2983 ἱερεῖς
2610 2909 2747 2984 πρὸς
2794 2910 2856 2965 τὸ
2897 2907 3168 2964 ἐκτελέσαι
3217 2908 3317 2976 τήν
3366 2905 3510 2971 θείαν
3561 2904 3822 2980 λειτούρ-

2170 2996 2315 3073 γίαν.
2350 2998 2446 3054 Καὶ
2493 3001 2592 3067 τῆς
2650 2998 2794 3061 θείας
2846 2997 3191 3075 λειτουργίας
3246 2996 3619 3067 τελεσθείσης,
3675 2991 3819 3070 διέρ-

2174 3106 2329 3165 χεται
2362 3087 2389 3141 6
2426 3086 2680 3162 βασιλεὺς
2714 3085 2801 3143 διὰ
2830 3092 2937 3143 τῶν
2977 3087 3457 3163 κατηχουμενίων,
3488 3085 3579 3140 καὶ
3627 3083 3823 3140 κατελ-

2174 3177 2278 3229 θὼν
2314 3174 2366 3230 έν
2393 3180 2473 3248 τῷ
2495 3174 2780 3251 τρικλίνῳ,
2813 3175 3089 3246 καθέζεται
3123 3176 3211 3232 ἐπὶ
3265 3183 3367 3245 τῆς
3414 3174 3579 3230 αὐτοῦ
3633 3173 3825 3247 τιμίας

2172 3266 2447 3337 τραπέζης
2508 3265 2641 3337 μετὰ
2687 3265 2776 3320 καὶ
2829 3265 3030 3345 φίλων,
3075 3267 3149 3320 ὧν
3195 3262 3254 3321 ἂν
3328 3262 3524 3338 κελευῃ
3574 3261 3820 3319 καλέσαι.

2177 3355 2531 3428 Κραματίσας
2589 3352 2647 3409 δὲ
2703 3355 2795 3409 καὶ
2856 3356 3102 3419 ἀναστὰς,
3144 3349 3536 3429 περιϐάλλεται
3596 3354 3657 3408 τὸ
3712 3357 3827 3421 τζι·

2169 3444 2413 3513 τζάκιον,
2445 3444 2535 3498 καὶ
2579 3441 3010 3520 δηριγευόμενος
3075 3444 3178 3499 ὑπὸ
3232 3448 3343 3500 τῶν
3390 3441 3675 3518 ἀρχόντων
3730 3444 3830 3497 τοῦ

2171 3529 2585 3605 κουϐουκλείου,
2617 3529 2977 3609 μαγλαϐιτῶν
3028 3554 3087 3588 τε
3115 3532 3206 3589 καὶ
3253 3532 3467 3590 λοιπῶν
3517 3532 3825 3601 οίκειακῶν,

2176 3622 2458 3699 διέρχεται
2516 3622 2605 3677 διὰ
2648 3628 2757 3677 τῶν
2802 3623 3284 3697 κατηχουμενίων.
3317 3624 3377 3681 Ὀ
3420 3621 3477 3678 δὲ
3516 3622 3825 3698 ἡγούμενος

2176 3718 2344 3786 θυμιᾷ
2392 3708 2700 3789 ἔμπροσθεν
2754 3716 2851 3767 τοῦ
2904 3712 3175 3787 βασιλέως
3224 3714 3393 3790 μέχρι
3450 3718 3554 3780 τῆς
3613 3708 3830 3784 ἑξαγού·

2176 3824 2274 3875 σης
2305 3804 2351 3840 ⁸⁷
2381 3802 2562 3873 πύλης
2612 3808 2719 3858 τῶν
2766 3803 3224 3879 κατηχουμενίων
3269 3804 3335 3858 ⁸⁸.
3373 3801 3721 3873 Ἐξελθόντος
3770 3797 3827 3855 δὲ

2171 3896 2268 3948 τοῦ
2303 3890 2573 3969 βασιλέως
2604 3894 2703 3963 την
2755 3892 2922 3963 αὐτὴν
2977 3892 3182 3963 πύλην,
3217 3890 3473 3967 δέχονται
3522 3892 3682 3947 αὐτὸν
3730 3910 3827 3944 πα·

2173 3982 2371 4058 τρίκιοι
2420 3981 2510 4037 καὶ
2579 3981 2873 4056 στρατηγοὶ
2921 3980 2974 4035 έν
3023 3985 3091 4055 τῇ
3133 3982 3272 4055 αὐτῇ
3326 3980 3499 4055 πύλῃ,
3551 3979 3605 4035 έν
3738 3978 3826 4034 καὶ

2176 4070 2386 4147 ἔμειναν
2420 4072 2471 4126 έν
2499 4074 2568 4144 τῇ
2600 4070 2788 4143 είσόεῳ
2836 4074 2931 4125 τοῦ
2981 4068 3275 4145 βασιλέως,
3322 4070 3413 4125 καὶ
3465 4067 3827 4144 δηριγευόμε·

2174 4183 2265 4224 νος
2296 4163 2324 4217 6
2358 4160 2615 4236 βασιλεὺς
2648 4160 2750 4215 ὑπὸ
2778 4164 2886 4214 τῶν
2937 4160 3350 4233 προειρημένων
3397 4159 3533 4215 κατᾶ
3580 4160 3680 4227 τὴν
3730 4156 3828 4212 αὖ-

2175 4254 2273 4320 τήν
2319 4251 2491 4319 τάξιν,
2525 4246 2803 4325 διέρχεται
2844 4247 2933 4302 διὰ
2980 4252 3087 4302 τῶν
3135 4246 3385 4303 παλαιῶν
3448 4248 3826 4321 ἀσηκρητειῶν

2177 4341 2263 4395 καὶ
2294 4344 2393 4395 τοῦ
2424 4335 2795 4411 ἱπποδρόμου,
2829 4338 2881 4391 οἱ
2913 4335 2971 4391 δὲ
3007 4337 3283 4409 πατρίκιοι
3340 4334 3590 4409 μένουσιν
3640 4335 3715 4396 είς
3762 4333 3830 4390 τά

2178 4427 2370 4500 σκῦλα,
2432 4426 2857 4502 ὑπερευχόμενοι
2918 4427 3012 4481 τὸν
3078 4422 3322 4500 βασιλέα.
3380 4424 3485 4481 Καὶ
3545 4423 3651 4478 ἀπὸ
3716 4426 3828 4478 τῶν

419 4534 634 4575 mensa:
659 4534 777 4573 suae
799 4532 933 4573 cum
970 4514 1198 4582 amicis,
1232 4530 1373 4584 quos
1403 4530 1468 4569 eo
1495 4514 1591 4569 die
1613 4514 2057 4586 invitarijussit,

2170 4519 2348 4574 ’ἐκεῖσε
2400 4514 2831 4594 δηριγευόμενος
2879 4515 2906 4568 6
2968 4514 3223 4589 βασιλεὺς
3256 4513 3358 4568 ὑπὸ
3388 4516 3496 4569 τῶν
3542 4510 3830 4588 ἀρχόντων

417 4610 653 4665 assidet.
702 4609 767 4663 Et
809 4607 913 4662 hoc
954 4604 1378 4661 observandum
1421 4608 1528 4673 est,
1570 4604 1959 4677 patriarcbam
1998 4623 2065 4664 eo

2173 4612 2269 4664 τοῦ
2325 4601 2720 4663 κουϐουκλείου
2776 4603 2865 4659 καὶ
2912 4607 3009 4659 τοῦ
3059 4606 3160 4674 τῆς
3219 4604 3626 4675 καταστάκεως,
3690 4600 3828 4675 μετὰ

1782 4762 2015 4821 νΑΒΙιἘ
2055 4764 2459 4824 LECTIONES.

489 4909 536 4944 ⁸⁸
565 4908 654 4962 καὶ
691 4903 869 4962 τελεῖν
899 4907 990 4963 ed.
1066 4903 1113 4939 ⁸⁷
1144 4902 1376 4980 ἆγοὺσης
1400 4904 1489 4961 ed.
1566 4902 1616 4939 ⁸³
1651 4905 2086 4980 κατηχουμένων
2118 4909 2248 4967 cod.

1467 5067 1667 5125 JOAN.
1698 5067 1844 5124 JAC.
1880 5068 2146 5126 REISKII
2174 5066 2763 5126 COMMENTARIUS.

489 5218 563 5289 (7)
595 5214 798 5289 Latini
814 5211 1036 5289 condire
1072 5211 1499 5289 ecclesz’am_pro
1540 5212 1736 5289 θυμιᾷν
1764 5211 2057 5289 dicebant,

417 5282 609 5344 ut'e'st
658 5288 715 5343 in
766 5286 900 5341 0rd.
955 5286 1196 5340 Roman.
1248 5301 1305 5355 p.
1360 5284 1466 5338 217
1518 5293 1573 5338 et
1620 5282 1895 5355 deinceps
1945 5284 2062 5339 fre-

458 5366 675 5416 uenter.

414 5376 675 5432 quenter.

484 5433 557 5503 (8)
592 5432 672 5485 Ita
720 5430 794 5484 M.
824 5453 837 5497 ;
872 5428 920 5483 si
956 5428 1178 5503 integer
1207 5426 1394 5492 locus,
1427 5422 1912 5503 sunbintelllvtéc.

608 5505 718 5575 Ρτρ
774 5497 1187 5575 παρακύπτικῷ,
1258 5497 1801 5575 more-Graecorum
1857 5514 2057 5575 recen-

413 5570 581 5638 tium,
626 5572 722 5644 qui
766 5592 805 5642 μ
836 5570 1051 5642 tibique
1092 5574 1383 5644 ingerunt,
1427 5570 1484 5622 in
1523 5572 1783 5644 fenestra,
1824 5583 1949 5639 qua?
1994 5570 2054 5623 in

409 5639 874 5716 Sacri/iratorium
898 5639 1124 5715 άεξςμίειι
1161 5639 1192 5699 ἓ
1220 5640 1667 5716 allec/tumentis.
1704 5639 1846 5695 Nam
1886 5658 2056 5716 παρα-

410 5709 629 5774 κύπτειν
704 5722 792 5773 est
845 5709 1170 5789 prospicere.
1247 5717 1316 5769 Et
1375 5712 1553 5784 igitur
1617 5709 2051 5787 παρακυπτικόν,

2168 5212 2823 5298 ῃνοςιζιίςςονίιιηιηιοουξ
2871 5213 3026 5298 unde
3069 5212 3440 5298 prospicitur.
3503 5210 3823 5298 Pachgme:

2170 5280 2435 5350 res—11X,
2494 5284 2550 5346 9,
2603 5282 2699 5344 τὰς
2758 5286 2863 5337 τῶν
2925 5280 3249 5357 οἰκημάτων
3309 5282 3720 5355 παρακυπτικᾶς
3768 5280 3821 5350 ἐξ

2169 5353 2339 5415 ὀπτῆς
2404 5352 2634 5409 πλίνθου
2690 5354 2780 5409 καὶ
2828 5354 3047 5410 τιτάνου
3111 5350 3656 5415 παρῳκοδομημένας
3724 5353 3823 5408 ba-

2296 5373 2339 5424 λς
2404 5372 2634 5409 πΛινυου
2690 5375 2780 5409 και
2828 5372 3047 5410 τιτάνου
3111 5372 3656 5427 παρῳκοοομημενας

2167 5427 2284 5495 bet,
2330 5430 2598 5497 fenestras
2656 5427 2944 5483 domorum
2992 5444 3063 5483 ea:
3116 5436 3261 5483 cocto
3309 5427 3481 5481 latere
3534 5429 3589 5480 et
3652 5439 3821 5496 gypso

2165 5499 2496 5569 aediﬁcatus,
2543 5500 2697 5571 apud
2741 5499 2823 5554 Du
2865 5500 3055 5569 Cange
3082 5497 3221 5571 _CPIi
3261 5496 3472 5571 Christ.
3516 5495 3584 5559 II.
3631 5512 3686 5567 p.
3729 5495 3821 5562 68,

2163 5576 2435 5641 antepen.
2469 5570 2560 5625 Vel
2583 5568 2684 5627 est
2713 5571 2885 5627 etiam
2921 5568 3303 5641 mmnianum,
3337 5569 3661 5641 projectum
3685 5581 3818 5641 cum

2162 5638 2436 5770 Sergestus.
2471 5642 2594 5709 Yid,
2634 5644 2703 5697 ad
2747 5658 2804 5715 p.
2852 5641 2973 5712 H2,
3022 5639 3119 5696 ubi
3164 5638 3332 5712 plura
3374 5639 3445 5696 de
3488 5638 3596 5695 hoc
3642 5638 3818 5698 verbo

2206 5731 2219 5768 ι
2261 5731 2312 5770 o.
