4108 6220
397 385 514 447 307

1493 384 2013 447 CONSTANTINI
2054 386 2740 450 PORPHYROGENITI

3687 384 3805 446 308

407 517 469 575 in
504 519 691 578 fronte
735 518 1052 577 osculatur.
1084 520 1243 584 Quod
1284 522 1597 594 postquam
1629 525 1685 578 et
1721 522 1781 578 in
1814 521 2055 594 reliquis

2173 522 2493 600 φωτίσματα
2516 525 2581 592 θί,
2623 523 2713 578 καὶ
2761 522 3089 597 έκμάσσουσι
3138 523 3182 559 ⁹²
3218 519 3284 575 τά
3328 517 3532 574 τούτων
3586 520 3814 591 μέτωπα

406 609 465 665 fa
481 612 662 679 ctum,
694 613 751 666 et
781 607 1017 681 singula
1047 608 1365 682 imperator
1394 609 1688 667 osculatus
1718 618 1824 681 est,
1858 611 2060 667 statim

413 697 685 769 orphani,
710 702 774 756 ut
794 705 1053 764 mosest,
1074 704 1313 767 canunt,
1332 702 1391 755 et
1412 699 1773 756 solemnibus
1800 715 2063 771 apocom-

412 785 526 843 biis
569 789 642 844 ab
682 788 1035 861 imperatore
1066 787 1339 860 acceptis,
1372 788 1698 857 discedunt,
1738 793 2060 861 paratoque

409 878 696 946 convivio,
761 876 876 933 cibi
941 877 1264 933 aiieruntur
1312 895 1326 934 :
1377 878 1694 950 imperator
1745 894 1935 934 aureas
1993 894 2058 933 ac

410 967 755 1023 venerandae
784 982 999 1023 mensae
1029 983 1161 1023 cum
1195 968 1556 1039 proceribus,
1592 984 1738 1040 quos
1768 968 1956 1024 vocari
1989 984 2055 1024 eo

409 1054 504 1110 die
529 1056 733 1126 jussit,
767 1056 1079 1114 accumbit.

2172 605 2202 661 6'
2222 628 2280 662 τε
2309 603 2672 684 πρεσϐύτερος
2695 608 2743 644 9³
2775 609 2866 663 καὶ
2924 605 3350 687 ὀρφανοτρόφος,
3399 603 3489 658 καὶ
3521 604 3814 674 ἀσπάζεται

2168 697 2198 751 6
2232 696 2488 773 βασιλεὺς
2541 699 2605 752 τὸ
2644 698 2776 753 αὐτὸ
2826 698 3081 774 φώτισμα
3120 697 3170 752 έν
3227 699 3307 767 τῷ
3355 694 3611 767 μετώπῳ.
3651 692 3817 749 Τελε-

2168 786 2396 850 σθέντων
2429 783 2485 841 δὲ
2514 787 2719 842 τούτων
2771 786 2942 841 καὶέν
2986 791 3103 848 τοῖς
3154 784 3377 844 λοιποῖς
3427 782 3583 836 πέντε
3639 781 3815 859 φωτί-

2168 895 2335 948 σμασι
2377 874 2468 930 καὶ
2509 874 2888 949 ἀσπασαμένου
2935 874 3071 930 αὐτὰ
3122 877 3222 929 τοῦ
3276 869 3567 948 βασιλέως,
3618 868 3814 934 εὒθέως

2166 958 2546 1042 φωνοϐολοῦσι
2593 964 2659 1018 τὰ
2718 960 2921 1043 ὅρφανα
2976 964 3050 1025 ὼς
3096 962 3324 1026 εἷ’θισται
3371 960 3576 1026 αὺτοῖς,
3614 958 3705 1013 καὶ
3737 958 3812 1014 εἷ’-

2167 1052 2387 1131 ληφότα
2430 1048 2748 1126 ἀποκόμϐια
2808 1053 2954 1127 παρᾶ
2998 1056 3095 1107 τοῦ
3145 1049 3419 1126 βασιλέως
3475 1047 3807 1123 ἐξέρχονται,

410 1143 501 1197 καί
534 1144 926 1219 στοιχηθέντος
956 1147 1053 1199 τοῦ
1084 1142 1400 1218 κλητωρίου
1434 1146 1571 1219 (14),
1600 1143 1839 1221 γίνονται
1894 1146 2099 1218 μίνσαι,
2131 1144 2221 1199 καὶ
2263 1141 2538 1213 καθέζεται
2573 1144 2601 1198 6
2634 1141 2891 1217 βασιλεὺς
2919 1141 2978 1198 ἒν
3034 1145 3103 1215 τῇ
3144 1140 3305 1215 τιμίᾳ
3353 1142 3532 1214 χρυσῇ
3579 1138 3814 1212 τραπέζῃ

415 1230 551 1305 μετὰ
578 1232 669 1287 καὶ
700 1233 1010 1309 ἀρχόντων,
1044 1233 1133 1295 οῦς
1166 1228 1227 1287 ἀν
1256 1232 1462 1309 καλέσῃ
1537 1234 1587 1271 ⁹⁴
1620 1239 1691 1309 τῇ
1725 1237 1860 1309 αὐτῇ
1892 1233 2093 1308 ἡμέρᾳ.

1036 1326 1263 1384 CAPUT
1300 1327 1455 1383 XIII.

833 1416 904 1471 De
928 1415 1265 1487 patriarchas
1296 1417 1639 1472 invitatione.

487 1502 840 1575 Praepositae
872 1504 964 1560 die
995 1508 1210 1577 quartae
1245 1505 1395 1562 feriae
1426 1506 1566 1561 hora
1599 1507 1790 1576 prima
1818 1503 2063 1576 impera-

414 1594 599 1647 torem
633 1592 791 1649 adire
822 1596 879 1649 et
909 1610 1166 1665 quaerere
1194 1593 1381 1664 debet,
1405 1611 1478 1650 an
1504 1593 1889 1665 patriarcham
1921 1592 2063 1649 invi-

415 1680 527 1735 tari
568 1681 798 1752 jubeat,
834 1686 897 1737 ut
935 1686 1165 1753 postero
1196 1683 1287 1737 die
1316 1697 1451 1738 cum
1492 1681 1763 1737 omnibus
1791 1682 2067 1737 sacerdo-

2798 1326 3064 1381 ΚΕΦΑΛ.
3099 1324 3178 1378 Il‘.

2378 1414 2504 1487 Περὶ
2537 1416 2637 1478 τῆς
2679 1416 2777 1467 τοῦ
2808 1413 3152 1486 πατριάρχου
3184 1407 3608 1486 προσπλήσεως.

2240 1501 2357 1577 Χρὴ
2383 1502 2474 1556 τὸν
2523 1502 2883 1576 πρλλιπόσιτοο
2915 1504 2982 1575 τῇ
3024 1500 3206 1573 ἡμέρᾳ
3250 1502 3351 1571 τῇς
3399 1495 3656 1572 τετράδος
3701 1495 3819 1573 ὥρᾳ

2168 1592 2361 1665 πρώτῃ
2422 1588 2682 1654 εἰσελθεῖν
2745 1591 2881 1664 πρὸς
2931 1590 3025 1643 τὸν
3080 1586 3308 1664 βασιλέα
3344 1587 3433 1641 καὶ
3486 1587 3820 1658 ὑπομνῆσαι,

2170 1679 2214 1734 εἶ
2247 1677 2349 1753 ἄρα
2394 1678 2639 1735 κελεύσει
2669 1678 3086 1752 προσκληθῆναι
3119 1682 3212 1732 τὸν
3262 1676 3633 1750 πατριάρχην,
3667 1676 3817 1737 ὅπως

420 1770 601 1836 tibus,
633 1787 777 1841 quos
817 1786 1011 1827 secum
1054 1772 1338 1827 adducere
1377 1772 1541 1838 solet,
1585 1770 1657 1825 ad
1689 1787 1910 1843 agapen
1954 1770 2060 1826 im-

2175 1768 2349 1825 ἐλθὼν
2398 1774 2466 1844 τῇ
2516 1769 2768 1844 ἐπαύριον
2818 1771 2845 1823 6
2893 1767 3240 1844 πατριάρχης
3294 1766 3426 1840 μετὰ
3466 1766 3681 1820 πάντων
3707 1768 3817 1819 τῶν

418 1859 593 1913 ratori
637 1860 892 1915 dandam
933 1860 1121 1931 adque
1151 1860 1354 1932 epulas
1385 1876 1515 1917 cum
1554 1877 1620 1916 eo
1658 1860 1719 1915 in
1751 1859 2061 1932 splendida

417 1963 593 2003 aurea
624 1963 826 2004 mensa
854 1948 1233 2006 celebrandas
1262 1949 1505 2022 antiquo
1536 1952 1653 2009 ritu
1683 1960 1738 2009 et
1766 1968 1943 2024 supra
1972 1968 2063 2007 ac-

419 2043 614 2093 curate
653 2036 915 2109 exposito
954 2045 1164 2109 prazsto
1195 2038 1291 2095 sit.
1327 2041 1443 2096 Hoc
1479 2058 1610 2097 vero
1650 2041 1902 2115 singulis
1940 2041 2060 2097 die-

419 2124 550 2192 bus,
585 2125 804 2197 quibus
835 2126 1149 2199 imperator
1179 2129 1249 2184 ad
1293 2144 1518 2186 caenam
1550 2131 1779 2186 invitari
1819 2129 2063 2201 patriar-

418 2213 592 2269 cbam
618 2214 882 2285 jusserit,
915 2214 1253 2273 observatur
1287 2234 1301 2273 :
1332 2218 1520 2288 pridie
1550 2218 1706 2275 enim
1740 2217 1998 2275 invitatio
2030 2235 2063 2273 a

420 2304 694 2359 mandato
727 2304 809 2371 ﬁt,
842 2307 901 2359 et
934 2304 1282 2376 [repositus
1331 2306 1759 2364 cubicularium
1790 2324 1855 2364 ac
1886 2306 2060 2363 silen-

416 2392 651 2450 tiarium
693 2393 893 2463 mittit,
927 2394 1028 2466 qui
1072 2395 1468 2467 patriarcham
1503 2412 1637 2454 cum
1684 2397 1807 2455 suis
1844 2398 2062 2456 comiti-

420 2481 532 2539 bus
555 2483 627 2539 ad
660 2482 865 2553 epulas
895 2484 1200 2543 advocant.

1032 2801 1267 2860 CAPUT
1306 2804 1456 2860 XIV.

424 2885 895 2967 Observandardie
925 2890 1126 2967 quinta
1155 2893 1472 2964 septimana:
1501 2902 1896 2967 renovatwnis,
1927 2901 2060 2957 dum

647 2961 908 3017 salutatio
928 2961 987 3017 in
1016 2979 1182 3021 aureo
1210 2961 1457 3022 triclinio
1486 2970 1816 3027 instituitur.

490 3049 541 3103 1.
560 3048 889 3107 Procedunt
904 3068 1107 3110 omnes
1127 3052 1272 3110 albis
1290 3056 1503 3113 tunicis
1521 3059 1727 3130 induti,
1742 3060 1953 3135 singuli
1972 3081 2058 3119 or-

414 3137 549 3195 dine
568 3155 678 3196 suo
695 3143 757 3195 ut
773 3157 947 3213 supra
965 3141 1187 3198 dictum
1205 3150 1385 3213 est,et
1402 3116 2058 3219 ingrediturJusiiniani
2093 3116 2135 3184 Ο

410 3226 736 3284 triclinium
751 3229 1316 3301 processio.Mittitur
1328 3250 1459 3291 vero
1473 3252 1506 3290 a
1521 3238 1793 3293 mandato
1807 3255 1907 3310 per
1922 3257 2060 3312 prae-

413 3314 670 3386 positum
688 3317 1084 3375 cubicularius
1108 3337 1172 3375 ac
1194 3322 1572 3393 silentiarius,
1589 3330 1651 3380 ut
1666 3327 2058 3394 patriarcham

415 3404 713 3476 advocent,
738 3406 837 3477 qui
868 3423 999 3463 cum
1032 3410 1285 3481 advenit,
1310 3429 1411 3483 per
1430 3415 1691 3486 apsidem
1725 3418 1903 3473 intrat
1932 3435 2059 3489 per-

412 3507 525 3562 que
548 3493 833 3564 porticum
863 3496 1165 3555 triconchii
1198 3505 1255 3555 et
1277 3502 1520 3571 januam
1543 3505 1730 3561 aerarii
1751 3506 1820 3561 ad
1845 3508 2059 3578 gradus

412 3580 617 3652 pergit,
640 3582 739 3640 55
762 3598 1012 3657 eumque
1035 3603 1139 3659 per
1160 3590 1347 3647 scalas
1370 3590 1614 3649 lausiaci
1637 3594 2057 3653 descensurum

411 3669 755 3728 cubicularii
770 3689 972 3731 omnes
986 3677 1302 3750 excipiunt,
1319 3698 1535 3754 perque
1549 3684 1802 3741 medium
1818 3685 2057 3744 lausiaci

410 3767 636 3827 euntes,
660 3760 718 3817 in
752 3763 1099 3836 tripetonem
1130 3768 1372 3837 ducunt,
1399 3772 1496 3827 ubi
1529 3789 1723 3829 coram
1756 3773 2056 3849 horologio

409 3852 543 3905 stat.
577 3849 659 3906 Ibi
688 3867 1020 3925 scamnum,
1050 3857 1143 3912 cui
1183 3857 1434 3916 aulaeum
1476 3860 1809 3934 instratum,
1841 3865 2058 3928 reposi-

412 3947 533 3995 tum
564 3946 687 4011 est;
719 3944 793 4013 ei,
825 3950 1137 4020 postquam
1168 3949 1464 4021 ingressus
1496 3958 1604 4023 est,
1636 3954 1869 4012 insidet.
1902 3958 2051 4013 Pras-

411 4031 637 4100 positus
658 4048 790 4089 vero
832 4036 988 4092 venit
1017 4043 1072 4093 et
1101 4040 1434 4113 imperatori
1468 4044 1780 4101 adventum
1813 4045 2052 4116 patriar-

410 4119 530 4174 cha:
559 4123 808 4190 nuntiat,
844 4126 943 4195 qui
974 4128 1176 4184 statim
1209 4136 1444 4204 sumpto
1475 4133 1757 4191 dibetesio
1788 4151 1917 4201 suo,
1948 4135 2051 4191 tzi-

406 4212 656 4269 tzacium
689 4214 880 4271 induit
912 4235 925 4272 :
957 4217 1077 4287 ille,
1111 4227 1341 4294 accepto
1374 4226 1447 4279 ab
1481 4226 1827 4297 imperatore
1864 4228 2051 4299 signo,

2170 1858 2443 1923 εἰωθότων
2507 1858 2651 1930 αύτῷ
2697 1857 2886 1933 ἱερέων
2946 1858 3083 1932 πρὸς
3132 1858 3194 1911 τὸ
3254 1854 3444 1910 δοῦναι
3496 1854 3711 1930 ἀγάπην
3742 1856 3821 1924 τῷ

2170 1947 2389 2023 βασιλεῖ
2440 1947 2530 2003 καὶ
2582 1949 2870 2022 ἀριστῆσαι
2919 1946 2971 2001 ἔν
3024 1949 3092 2020 τῇ
3136 1944 3293 2019 τιμία
3339 1947 3521 2019 χρυσῇ
3573 1941 3814 2017 τραπέζῃ

2172 2038 2307 2110 μετᾶ
2356 2042 2452 2091 τοῦ
2514 2036 2781 2112 βασιλέως
2830 2036 2968 2092 κατὰ
3008 2037 3109 2105 τήν
3158 2035 3209 2105 ἐξ
3257 2036 3437 2110 ἀρχῆς
3486 2032 3577 2087 καὶ
3617 2031 3818 2087 ’ἀνωθεν

2166 2124 2611 2202 παραδεδομένην
2649 2122 2949 2200 ἀκρίϐειαν.
2997 2130 3171 2181 Τοῦτο
3222 2123 3279 2180 δὲ
3316 2123 3552 2180 τελεῖται
3613 2121 3664 2178 ἒν
3725 2120 3817 2194 οἵᾳ

2168 2214 2216 2271 δ’
2245 2214 2305 2271 ἂν
2346 2217 2528 2292 ἡμέρᾳ
2576 2214 2808 2290 κελεύσῃ
2856 2217 2884 2270 6
2936 2214 3190 2291 βασιλεὺς
3241 2215 3531 2289 ἀριστῆσαι
3575 2213 3692 2286 μετ’
3720 2211 3814 2266 αύ-

2165 2310 2262 2360 τοῦ
2310 2306 2402 2360 τὸν
2443 2306 2817 2384 πατριάρχην,
2866 2306 2978 2379 Πρὸ
3033 2306 3135 2379 γὰρ
3188 2307 3313 2378 μιᾶς
3351 2301 3564 2376 ἡμέρας
3611 2302 3816 2378 γίνεται

2165 2397 2199 2463 ἡ
2232 2394 2572 2467 πρόσκλησις
2604 2393 2710 2449 ἀπὸ
2742 2394 3066 2461 κελεύσοως,
3099 2394 3188 2449 καὶ
3225 2389 3552 2448 ἀποστέλλει
3593 2392 3621 2446 6
3664 2410 3817 2459 πραι-

2164 2486 2390 2547 πόσιτος
2430 2478 2890 2557 κουϐικουλάριον
2943 2485 3032 2536 καὶ
3087 2481 3473 2555 σιλεντιάριον,
3509 2482 3598 2536 καὶ
3645 2499 3818 2553 προσ-

2164 2571 2458 2628 καλοῦνται
2524 2572 2619 2628 τὸν
2688 2573 3026 2649 πατριάργην
3100 2573 3235 2645 μετά
3306 2576 3413 2627 τῶν
3504 2570 3594 2626 σὺν
3667 2568 3814 2641 αὐτῷ

2164 2678 2397 2733 προειρη
2410 2656 2606 2731 μένῶν.

2785 2747 3044 2803 ΚΕΦΔΑ.
3087 2747 3187 2803 ΙΔ’.

2165 2833 2420 2913 Οσανδεῖ.
2462 2833 2897 2913 παραφυλάττειν
2962 2842 3027 2913 τῆ
3108 2841 3297 2913 είτῇς
3367 2831 3813 2913 δεακαινησίμου,

2235 2912 2332 2984 τοῦ
2398 2904 2686 2983 ἀσπασμοῦ
2756 2904 3090 2982 τελουμένου
3156 2905 3243 2961 ἐπὶ
3344 2910 3440 2961 τοῦ
3515 2904 3814 2984 χρυσοτριὲ

2238 2979 2449 3036 κλίνου.

2236 3072 2313 3124 Λ”
2371 3070 2747 3145 [Ιροέρχονται
2793 3068 2988 3131 πάντες
3038 3067 3386 3143 ἡλλαγμένοι
3448 3065 3555 3123 διπὸ
3610 3064 3817 3123 λευκῶν

2168 3158 2493 3236 χλανιδίων,
2553 3158 2773 3222 ἕκαστος
2828 3160 2962 3233 μετὰ
2999 3161 3099 3230 τὴν
3142 3161 3255 3232 (15)
3294 3156 3458 3213 αὺτοῦ
3515 3158 3687 3230 τάξιν,
3746 3157 3819 3221 ὠς

2168 3249 2417 3322 ἀνωτέρω
2469 3246 2704 3324 εἷ’ρηται,
2755 3247 2846 3304 καὶ
2878 3245 3180 3322 εἶσέρχετάι
3213 3248 3247 3315 ἡ
3290 3243 3611 3320 προέλευσις
3643 3244 3694 3299 ἐν
3734 3249 3814 3316 τῷ

2170 3340 2533 3411 ,Ιουττινιανῷ
2579 3335 2866 3412 τρικλίνῳ·
2901 3332 3327 3393 Ἀποστέλλεται
3377 3331 3436 3389 δὲ
3482 3334 3587 3388 ἀπὸ
3631 3332 3813 3390 κελεῦ-

2170 3446 2303 3488 σεως
2336 3424 2423 3481 διὰ
2450 3431 2548 3481 τοῦ
2587 3427 2950 3501 πραιποσίτου
2998 3420 3456 3498 κουῧικουλάριος
3490 3424 3577 3479 καὶ
3630 3422 3811 3479 σιλεν-

2168 3516 2399 3588 τιάριος,
2431 3515 2521 3570 καὶ
2552 3513 2989 3591 προσκαλοῦνται
3029 3514 3120 3569 τὸν
3154 3514 3521 3589 πατρὶάρχηνο
3573 3512 3814 3568 καταλα-

2170 3599 2361 3667 ϐόντος
2412 3602 2468 3659 δὲ
2506 3610 2602 3659 τοῦ
2642 3604 3011 3679 πατριάρχου,
3062 3603 3368 3682 εἰσέρχεται
3416 3601 3505 3657 διὰ
3540 3609 3641 3672 τῆς
3684 3601 3812 3677 ἀψί-

2168 3689 2281 3763 δος,
2314 3693 2401 3748 καὶ
2436 3691 2672 3773 διελφὼν
2726 3690 2815 3747 διὰ
2850 3698 2956 3748 τῶν
2990 3688 3318 3748 διαϐατικῶν
3350 3696 3447 3747 τοῦ
3488 3691 3810 3768 τρικόγχου,

2167 3780 2471 3861 εἰσέρχεται
2507 3780 2595 3838 διὰ
2642 3787 2739 3838 τοῦ
2793 3782 3097 3858 μονοθύρου
3144 3786 3242 3837 τοῦ
3290 3779 3494 3837 εἰδικοῦ
3538 3782 3625 3836 καὶ
3687 3802 3817 3835 κατ-

2166 3871 2386 3947 έρχεται
2418 3873 2486 3927 τὰ
2541 3869 2828 3948 βασμίδια,
2860 3874 2949 3928 καὶ
2995 3870 3297 3945 μέλλοντος
3345 3872 3513 3926 αὐτοῦ
3551 3870 3813 3945 κατέρχε-

2165 3961 2380 4016 σθαιτά
2431 3961 2628 4018 σκαλία
2670 3967 2767 4017 τοῦ
2826 3961 3146 4031 λαυσιακοῦ,
3200 3959 3451 4036 δέχονται
3484 3962 3529 3997 9⁵
3571 3959 3729 4015 αὐτὸν
3762 3958 3814 4011 oi.

2161 4055 2258 4106 τοῦ
2306 4046 2698 4107 κουϐουκλείου
2739 4054 2988 4122 ἅπαντες,
3020 4050 3109 4106 καὶ
3162 4048 3466 4114 διελθόντες
3513 4048 3674 4123 μέσον
3722 4045 3812 4102 διὰ

2162 4143 2258 4195 τοῦ
2288 4138 2609 4211 λαυσιακοῦ,
2643 4141 2955 4215 εἲσάγουσιν
2977 4139 3136 4196 αὐτὸν
3172 4141 3224 4194 οἱ
3271 4143 3368 4193 τοῦ
3416 4134 3811 4195 κουϐουκλείου

2164 4229 2217 4282 έν
2244 4233 2325 4299 τῷ
2374 4230 2685 4303 τριπέτωνι,
2716 4228 2806 4283 καὶ
2844 4227 3064 4282 ἵσταται
3113 4221 3413 4301 ἔμπροσθεν
3458 4230 3554 4279 τοῦ
3603 4227 3814 4300 ὡρολο-

1782 4324 2021 4382 νΑΗΙιΕ
2062 4326 2482 4385 LECTIONES.

481 4414 524 4449 9‘
558 4421 1003 4493 παρακρατοῦντα
1046 4417 1365 4490 φωτίσματα
1411 4420 1561 4545 οοῠὲἱ.
1615 4420 1809 4479 Leicb.
1866 4422 2223 4497 παρακρατῶν
2276 4424 2531 4499 φώτισμα
2578 4425 2703 4481 cod.
2746 4429 2804 4481 et
2852 4425 2943 4481 ed.
2977 4423 3025 4458 ⁹²
3070 4420 3413 4494 ἐκμάσσωσιν
3446 4422 3571 4477 εοά-
3616 4422 3659 4457 ³³
3693 4420 3720 4475 ὁ
3752 4417 3811 4475 δὶ

488 4481 601 4541 εσϐ.
634 4490 725 4544 ed.
804 4489 851 4524 9⁸
877 4487 1106 4562 κελεύσῃ
1139 4493 1227 4546 ed.
1305 4490 1350 4526 ⁸⁵
1381 4489 1468 4543 καὶ
1534 4490 1751 4567 έχονται
1784 4496 1910 4549 cod.

408 4481 601 4559 πρεσϐ.
634 4481 749 4544 ὸά.’
804 4489 851 4524 9⁸
877 4481 1106 4562 κελεύσῃ
1139 4481 1235 4546 ed:
1305 4490 1350 4526 ⁸⁵
1381 4489 1468 4543 καὶ
1501 4481 1751 4562 δ’έχονται
1784 4496 1910 4549 cod.

1460 4588 1658 4645 JOAN.
1699 4592 1835 4646 JAC.
1880 4591 2138 4648 REISKII
2178 4592 2756 4650 COMMENTARIUS.

411 4687 717 4773 assentior
772 4688 883 4773 cl.“
907 4689 1139 4773 [.eighio
1210 4694 1654 4773 παρακρατοῦντα
1728 4693 2056 4773 emendant,
2091 4700 2138 4761 [)
2168 4698 2451 4773 notarium
2502 4696 2695 4767 ipsius.
2727 4697 3001 4773 Quorum
3050 4694 3399 4773 nominalut
3451 4693 3817 4773 impleuerunt

411 4760 529 4828 (pro
560 4762 967 4835 παρακρατῶν).
1002 4762 1171 4818 Redit
1199 4760 1353 4820 enim
1388 4760 1455 4820 ad
1491 4764 2055 4835 urpbanotropbum,

412 4846 529 4956 gon
569 4832 638 4886 ad
684 4832 1015 4890 ostiarium.
1062 4840 1197 4892 Post
1235 4836 1490 4913 φώτισμα
1531 4832 1762 4893 videtur
1796 4832 1863 4889 ἓν
1903 4836 2057 4892 exci-

455 4917 588 4956 isse.

455 4917 588 4960 1858.

487 4975 597 5047 (14)
626 4978 765 5049 Mos
787 4980 929 5045 erat,
964 4980 1024 5032 ut
1064 4977 1120 5033 in
1155 4985 1431 5047 cremato,
1463 4994 1564 5034 seu
1608 4978 2059 5049 dejejunationc,

415 5044 487 5099 de
536 5044 652 5117 qua
694 5047 846 5122 alias
879 5044 1022 5122 dixi,
1054 5044 1426 5106 ordinaretur
1450 5044 1763 5122 convivium
1798 5051 1928 5122 (hoc
1978 5055 2061 5105 est

417 5116 662 5193 στριχεῖν
693 5119 756 5173 τὸ
796 5116 1130 5193 κλητώριον)
1163 5139 1265 5177 seu
1300 5116 1813 5179 denominarenlur
1860 5126 1915 5176 et
1952 5136 2061 5176 no—

414 5187 681 5264 minatim
732 5187 1105 5264 domarentur
1142 5195 1228 5264 (ut
1259 5211 1377 5251 navo
1411 5194 1598 5250 medio
1629 5193 1924 5263 dicebant)
1954 5207 2059 5247 seu

412 5260 824 5346 invitarentur“
837 5260 1367 5346 aduprandeudum
1419 5269 1875 5346 cumnAugusto,
1907 5260 2057 5335 quos

410 5331 535 5401 ipse
566 5332 753 5388 vellet.
791 5331 979 5390 Simili
1014 5338 1207 5405 modo,
1242 5344 1303 5391 ut
1343 5336 1517 5391 tradit
1550 5331 1713 5390 Ordo
1737 5331 2055 5401 Romanus,

410 5408 717 5476 postquam
752 5407 1006 5476 pontifex
1046 5406 1392 5463 celebrasset
1422 5408 1663 5462 missam
1714 5413 1771 5462 et
1817 5406 2058 5462 dixisset

411 5475 597 5542 Agnus
640 5475 767 5549 Dei,
787 5477 1183 5535 nomenclator
1222 5484 1399 5549 atque
1437 5494 1570 5533 cum
1611 5494 1676 5533 eo
1718 5477 2054 5533 sacellarius

412 5550 469 5599 et
516 5548 781 5603 notarius
819 5550 1165 5605 vicedomini
1211 5548 1574 5605 ascendebant
1616 5550 1686 5604 ad
1723 5551 1903 5604 altare
1930 5555 2057 5603 ante

409 5618 608 5680 faciem
658 5620 955 5690 pontiﬁcis,
1006 5626 1069 5675 ut
1114 5628 1383 5678 annuerat
1432 5623 1509 5677 eis
1544 5621 1781 5676 scribere
1826 5623 2057 5675 nomina

411 5702 623 5759 eorum,
658 5694 754 5762 qui
791 5692 1070 5748 invitandi
1108 5698 1268 5750 erant
1309 5696 1424 5749 sive
1451 5692 1523 5749 ad
1552 5708 1793 5750 mensam
1833 5692 2053 5761 pontiﬁ-

410 5762 487 5817 cis
551 5778 652 5835 per
721 5765 1200 5835 nomenclatorem,
1254 5767 1367 5823 sive
1427 5764 1496 5821 ad
1570 5765 1916 5835 vicedomini,
1972 5765 2056 5819 vet

2168 4762 2535 4838 ἐπλήρωσαν.-
2582 4762 2791 4821 omnia
2834 4765 3352 4838 perscripserunt],
3424 4765 3819 4821 descendebant

2168 4837 2237 4891 ad
2269 4836 2635 4903 incitandum,
2668 4842 2719 4893 et
2750 4837 3004 4893 redibant
3034 4839 3108 4891 ad
3136 4836 3331 4892 sedem}

2240 4910 2361 4979 (t5)
2403 4909 2603 4964 Posset
2649 4909 2826 4964 videri
2873 4908 3007 4962 κατά
3051 4908 3149 4978 τήν
3182 4907 3294 4980 leg.
3338 4924 3467 4964 esse
3516 4915 3575 4962 ut
3627 4925 3681 4979 p.
3722 4907 3815 4976 55,

2170 4983 2270 5034 sed
2309 4979 2441 5052 μετά
2472 4997 2604 5036 cum
2651 4980 2981 5037 accusativo
3026 4995 3177 5050 stupe
3217 4979 3381 5052 novis
3420 4979 3651 5052 Graecis
3675 4995 3814 5052 co_n-

2175 5050 2445 5121 struitur,
2481 5052 2577 5106 ubi
2629 5053 2875 5121 debebat
2922 5067 3053 5121 cum
3103 5051 3355 5121 genitivo
3397 5050 3676 5106 construi.
3729 5050 3813 5106 Ita

2170 5122 2322 5178 intra
2374 5118 2439 5194 ρ(
2480 5125 2604 5189 162,
2658 5124 2794 5194 μετὰ
2829 5120 2893 5177 τὸ
2932 5118 3301 5194 κωδικέλλιον
3332 5130 3419 5178 est
3452 5124 3511 5177 in
3558 5125 3655 5189 M.,
3687 5138 3810 5176 cum

2170 5192 2474 5269 codicitZo;
2533 5212 2607 5269 p._
2644 5192 2764 5250 162.
2823 5193 2956 5267 μετὰ
3001 5192 3229 5269 φατλία,
3276 5211 3398 5249 cum
3437 5194 3691 5263 facibus;
3753 5209 3810 5264 p.

2170 5267 2297 5341 171,
2348 5266 2502 5341 μετὰΔ
2531 5264 2657 5329 τοὺς
2704 5264 2832 5341 τῷν
2861 5264 3035 5341 μερῶν
3091 5265 3459 5341 προῦχοντας,
3508 5280 3629 5319 cum
3669 5279 3811 5334 prce-

2163 5340 2325 5405 ]ectis
2348 5337 2620 5408 partium.
2644 5339 2771 5396 Pari
2804 5337 2975 5394 medo
3004 5337 3191 5395 Latini
3224 5337 3453 5407 quoque
3483 5351 3611 5389 cum
3647 5350 3813 5408 accu-

2166 5405 2662 5481 sativo‘jungunt.
2718 5409 2851 5464 Cum
2880 5422 3090 5465 sanctos
3128 5405 3315 5481 estin
3357 5405 3493 5481 satio
3524 5405 3675 5481 apud
3710 5405 3811 5459 Fa-

2165 5476 2445 5552 brottum.
2496 5476 2627 5552 pag.
2673 5481 2802 5547 329,
2842 5487 2899 5536 et
2945 5481 3167 5552 Corsin.
3208 5478 3477 5552 _Appe_nd,
3509 5479 3578 5552 a_d
3630 5476 3811 5552 N_0t_as

2165 5546 2510 5623 graecorum
2538 5546 2734 5623 p134,
2765 5552 2868 5623 ubi
2909 5568 3010 5621 pro
3063 5546 3330 5623 Luto/mia
3370 5548 3483 5623 leg.
3516 5546 3808 5623 [inte/cuia.

2164 5621 2266 5677 Est
2295 5623 2480 5694 igitur
2516 5618 2651 5694 μετά
2678 5618 2777 5691 τῆν
2812 5618 2973 5676 αὐτοῦ
3015 5620 3161 5692 τάξιν
3197 5635 3323 5678 cum
3362 5618 3469 5691 (vel
3500 5620 3587 5690 in)
3617 5618 3814 5676 ordine

2161 5696 2389 5767 quisque
2416 5710 2531 5751 suo.
