4108 6220
337 377 456 438 3l3
1177 375 1280 435 DE
1324 373 1779 434 CERIMONIIS
1821 373 2058 434 AUL/E
2102 374 2574 436 BYZANTIN/E
2616 377 2772 436 LIB.
2819 377 2868 436 Ι.
3628 379 3747 442 314

335 505 713 584 προειρημένῃ
762 507 908 579 τάξει
993 508 1084 563 καὶ
1145 506 1520 579 ἀσπασάμενοι
1586 507 1677 562 τὸν
1743 504 1986 582 βασιλέα,

2107 509 2471 566 monasteriis
2511 510 2805 582 praafectos
2833 511 3091 569 adducit.
3125 513 3232 578 Qui
3265 517 3321 571 et
3349 515 3460 588 ipsi
3491 515 3747 589 ingressi

343 599 676 674 ἀπέρχονται
730 597 820 652 καὶ
867 595 1110 653 ἵστανται
1160 594 1214 650 έν
1264 600 1344 668 τῷ
1391 595 1655 672 ἀριστερῷ
1701 595 1852 670 μέρει
1898 594 1986 650 toi

2103 603 2162 656 et
2199 603 2287 655 ter
2327 599 2736 673 imperatorem
2781 602 3060 669 venerati,
3101 619 3236 659 eum
3288 605 3544 662 salutant
3590 623 3749 664 more

335 687 503 743 αὐτοῦ
549 684 854 761 τρικλίνου,
903 685 992 742 καὶ
1043 684 1200 742 αὐτοὶ
1249 685 1356 740 ἀπὸ
1403 690 1511 740 τῶν
1569 685 1854 763 ἀρχόντων
1895 688 1986 739 τοῦ

2102 692 2462 751 ceterorum.
2497 689 2597 762 qui
2629 695 2762 746 ante
2803 690 2966 762 ipsos
3005 692 3376 762 advenerant,
3409 700 3657 762 servato,
3689 699 3747 752 et

334 772 751 834 κουὸουκλείου.
823 777 920 832 Καὶ
975 775 1202 847 ἐξελθὼν
1251 775 1414 832 πάλιν
1475 776 1503 830 6
1562 774 1838 852 ὁστιάριος
1885 776 1986 830 ἀπὸ

2102 778 2168 833 ad
2202 778 2466 834 dextrum
2500 777 2654 834 latus
2686 778 2956 851 digressi,
2980 784 3114 852 post
3134 783 3535 856 metropolitas
3558 789 3614 840 et
3634 783 3752 857 epi-

333 865 637 928 κελεύσεως
696 864 785 922 διὰ
843 867 1112 941 νεύματος
1178 869 1274 921 τοῦ
1344 867 1730 940 πραιποσίτου,
1791 866 1986 942 εἰσάγει

2102 883 2306 938 scopos
2337 871 2515 923 stant.

335 955 427 1013 διὰ
480 961 577 1012 τοῦ
634 956 919 1034 ἀριστεροῦ
979 957 1177 1032 μέρους
1240 955 1413 1032 βῆλον
1475 963 1544 1032 γ’,
1603 955 1970 1032 ἡγουμένουςο
2031 953 2359 1018 εἴσελθόντες
2419 953 2474 1012 δὲ
2530 955 2619 1012 καὶ
2679 957 2837 1013 αὐτοὶ
2893 956 2983 1013 καὶ
3043 961 3514 1033 προσκυνήσαντες
3573 958 3632 1016 ἐκ
3679 960 3748 1037 γ’,

337 1047 667 1119 ἀσπάζονται
704 1047 796 1104 τὸν
843 1047 1070 1123 βασιλέα
1109 1047 1168 1104 ὅν
1207 1049 1410 1124 τρόπον
1451 1049 1540 1103 καὶ
1600 1049 1651 1104 οἱ
1700 1050 1807 1124 πρὸ
1863 1047 2068 1117 αὐτῶν,
2127 1047 2216 1102 καὶ
2270 1043 2572 1110 διελθόντες
2615 1044 2703 1102 διὰ
2738 1051 2835 1102 τοῦ
2877 1047 3049 1122 δεξιοῦ
3091 1049 3312 1124 μέρους,
3358 1048 3600 1106 ἳστανται
3639 1049 3746 1106 άπὸ

327 1143 438 1194 τῶν
479 1136 909 1215 μητροπολιτῶν
946 1139 1037 1193 καὶ
1077 1138 1409 1194 ἐπισκόπων.

413 1230 486 1286 Γ’.
518 1229 622 1285 Καὶ
655 1229 754 1294 εἶθ’
811 1228 984 1290 οὕτως
1033 1223 1217 1284 λαϐὼν
1278 1229 1305 1283 6
1359 1234 1458 1299 τῆς
1495 1215 1871 1289 καταστάσεως
1900 1228 1992 1283 τὸν

337 1315 772 1396 ῥεφερενδάριον,
826 1316 1008 1394 ῥίπτει
1071 1317 1228 1373 αὐτὸν
1295 1318 1436 1392 πρὸς
1483 1318 1612 1380 τοὺς
1659 1313 1830 1378 πόδας
1888 1319 1989 1371 τοῦ

339 1404 637 1484 βασιλέως
707 1406 1090 1480 ἀσπασάμενος
1157 1403 1214 1461 δὲ
1259 1410 1388 1470 τοὺς
1445 1426 1503 1461 τε
1549 1403 1721 1468 πόδας
1776 1406 1867 1460 καὶ
1923 1403 1990 1459 τὰ

335 1496 541 1573 γόνατα
588 1495 784 1565 αὐτοῦ,
832 1493 1064 1557 ἀναστὰς
1113 1493 1405 1564 ἀσπάζεται
1453 1494 1546 1550 τὸν
1599 1491 1846 1569 βασιλέα,
1896 1492 1987 1547 καὶ

337 1584 610 1655 ἀπελθὼν,
680 1583 731 1640 ἐν
787 1589 868 1657 τῷ
927 1584 1199 1660 ἀριστερῷ
1249 1585 1398 1660 μέρει
1445 1584 1660 1639 ’ἰσταται
1713 1583 1846 1656 μετὰ
1891 1586 1987 1636 τοῦ

336 1675 550 1751 κλήρου
593 1681 694 1746 τῆς
734 1673 1028 1747 ἐκκλησίας
1078 1675 1133 1730 ἐν
1185 1679 1262 1747 τῷ
1312 1672 1477 1730 αὐτοῦ
1530 1675 1747 1750 βαθμῷ,
1780 1674 1869 1728 καὶ
1901 1671 1987 1728 εὐ-

2171 1229 2272 1284 ΙΙΙ.
2306 1228 2400 1284 Sic
2437 1228 2656 1300 pariter
2698 1228 3137 1286 cerimoniarius
3178 1229 3633 1287 referendarium
3673 1231 3746 1288 ad

2098 1318 2279 1390 pedes
2330 1318 2689 1390 imperatoris
2737 1319 3092 1390 prosternit:
3129 1320 3179 1376 is
3218 1336 3412 1393 genua
3455 1320 3748 1393 pedesque

2098 1406 2436 1474 osculatur;
2471 1423 2585 1478 quo
2617 1408 2762 1463 facto
2793 1408 2970 1478 surgit
3000 1413 3056 1464 et
3086 1409 3493 1480 imperatorem
3523 1407 3747 1466 oscula-

2097 1499 2225 1552 tur:
2259 1513 2393 1554 mox
2424 1501 2486 1553 ut
2517 1497 2678 1568 abiit,
2713 1498 2772 1553 in
2812 1498 3049 1554 sinislro
3082 1499 3259 1556 latere
3286 1500 3346 1555 in
3377 1499 3580 1556 eodem
3611 1516 3742 1556 cum

2097 1585 2250 1642 clero
2307 1587 2491 1658 gradu
2545 1591 2681 1656 stat,
2737 1591 2794 1643 et
2850 1587 3048 1644 statim
3105 1588 3547 1645 cerimoniarius
3602 1589 3740 1658 exit,

2096 1677 2415 1750 imperator
2441 1680 2638 1733 autem
2669 1677 2977 1749 praeposito
3009 1677 3244 1750 signum
3275 1679 3396 1748 dat,
3429 1679 3532 1750 qui
3562 1677 3740 1735 dicit:

339 1765 475 1828 θέως
505 1767 531 1820 6
575 1772 678 1834 τῆς
726 1765 1104 1826 καταστάσεως
1151 1762 1446 1840 ἐξέρχεται·
1497 1764 1662 1818 νεύων
1715 1760 1771 1817 δὲ
1814 1764 1842 1818 6
1889 1764 1986 1837 βα-

2137 1766 2369 1823 Jubete.
2406 1787 2435 1816 ››
2478 1766 2548 1822 Ει
2608 1773 2920 1838 postquam
2977 1783 3180 1822 omnes
3237 1768 3298 1823 in
3357 1767 3541 1822 tribus
3599 1766 3741 1824 velis

339 1854 523 1917 σιλεὺς
568 1858 648 1925 τῷ
697 1853 1069 1928 πραιποσίτῳ,
1124 1851 1294 1927 λέγει’
1350 1876 1380 1904 ιι
1425 1849 1748 1910 Κελεύσατε.
1800 1875 1828 1902 ››
1880 1850 1984 1908 Καὶ

335 1941 668 2008 ἀπελθόντες
729 1943 918 2004 πάντες
991 1943 1043 1996 o't
1120 1939 1452 2002 εἰσελθόντες
1514 1938 1602 1994 διὰ
1651 1943 1758 1995 τῶν
1818 1944 1983 2014 τριῶν

337 2033 559 2109 βήλων,
586 2030 836 2088 ’ίστανται
885 2029 1094 2105 ὁμαδὸν
1151 2030 1204 2086 ἐν
1249 2036 1330 2102 τῷ
1367 2030 1656 2105 κατωτέρῳ
1707 2029 1857 2105 μέρει
1885 2036 1986 2098 τῆς

335 2128 556 2196 χρυσῆς
599 2121 893 2195 τραπέζης.
942 2121 1003 2178 Ὁ
1049 2117 1108 2174 δὲ
1159 2117 1414 2195 βασιλεὺς
1459 2118 1607 2174 καὶὸ
1638 2119 1988 2196 πατριάρχης

331 2209 685 2280 ἀναστάντες,
733 2211 981 2265 ἳστανται
1025 2208 1078 2264 ἐν
1126 2215 1206 2282 τῷ
1257 2208 1512 2284 ἀνωτέρω
1561 2207 1711 2284 μέρει
1759 2215 1860 2276 τῆς
1892 2208 1989 2262 αὐ-

331 2305 436 2368 τῆς
496 2301 710 2374 χρυσῆς
777 2299 1073 2373 τραπέζης,
1156 2296 1451 2374 βλέποντες
1500 2297 1634 2372 πρὸς
1695 2296 1987 2364 ἀνατολὰς,

330 2386 423 2443 καὶ
449 2392 600 2442 ποιεῖ
648 2388 676 2443 6
726 2387 1078 2462 πατριάρχης
1128 2387 1302 2463 εὐχήν
1351 2387 1624 2456 συναπτὴν
1654 2386 1702 2423 ⁹⁹
1732 2387 1865 2459 (20),
1898 2387 1988 2440 καὶ

336 2477 686 2549 τελεσθείσης
727 2479 828 2545 τῆς
884 2475 1080 2550 εὐχῆς,
1133 2474 1277 2550 Λέγει
1327 2475 1355 2529 ὁ
1402 2476 1783 2550 πραιπόσιτος·
1832 2499 1852 2526 ιι
1889 2482 1990 2530 Κε-

334 2565 580 2624 λεύσατε.
615 2591 644 2619 ››
693 2567 796 2624 Καὶ
845 2562 1160 2642 ἐξέρχονται
1210 2567 1438 2628 ἅπαντες
1489 2566 1540 2621 o't
1590 2566 1753 2641 ἱερεῖς
1790 2586 1848 2620 τε
1895 2566 1984 2620 καὶ

330 2657 648 2732 ἡγούμενοι,
694 2657 784 2712 καὶ
841 2657 1230 2732 ὑπερεύχονται
1280 2657 1370 2711 τὸν
1425 2655 1670 2731 βασιλέα.
1704 2657 1765 2714 Ὀ
1797 2653 1854 2711 δὲ
1889 2657 1985 2730 βα-

336 2744 520 2808 σιλεὺς
581 2745 716 2820 μετά
768 2749 866 2801 τοῦ
925 2746 1270 2821 πατριάρχου
1324 2743 1660 2822 εἰσέρχονται
1708 2751 1724 2783 ί
1776 2746 1852 2806 εἷς
1892 2744 1983 2800 τὸν

337 2827 464 2890 ναὸν
512 2842 612 2905 τῆς
658 2833 977 2912 Ὑπεραγίας
1036 2834 1306 2891 Θεοτόκου
1365 2840 1462 2892 τού
1525 2835 1720 2910 φάρου,
1771 2835 1986 2891 κάκεῖσε

336 2924 556 2984 τελοῦσι
585 2925 683 2994 τήν
730 2924 877 2990 θείαν
927 2924 1290 3000 λειτουργίαν,
1341 2925 1431 2980 καὶ
1472 2925 1861 3002 στοιχηθέντος
1888 2931 1984 2982 τοῦ

332 3013 673 3090 κλητωρίου,
719 3015 958 3091 γίνονται
1012 3015 1217 3088 μίνσαι,
1265 3015 1356 3070 καὶ
1417 3015 1468 3071 οἱ
1539 3016 1633 3089 μὶν
1692 3015 1984 3088 κληθέντες

2097 1857 2347 1928 ingressi
2387 1855 2599 1925 abiere,
2633 1855 2688 1910 in
2743 1854 3005 1911 inferiori
3054 1855 3231 1912 latere
3285 1873 3472 1912 aureas
3520 1872 3741 1913 mensa

2098 1964 2212 2004 una
2242 1949 2494 2004 adstant.
2528 1948 2853 2018 Imperator
2881 1963 3014 2003 vero
3042 1951 3098 2002 et
3123 1947 3458 2019 patriarcha
3486 1953 3742 2020 surgunt

2097 2041 2156 2092 et
2206 2036 2266 2091 in
2316 2035 2604 2107 superiori
2663 2039 2822 2106 parte
2855 2052 3042 2091 aurea:
3079 2052 3291 2092 mensae
3341 2036 3416 2092 ad
3457 2036 3737 2092 orientem

2097 2125 2250 2179 versi
2295 2127 2474 2190 stant,
2515 2123 2759 2193 jubente
2803 2123 3150 2194 patriarcha,
3195 2128 3256 2180 ut
3293 2123 3533 2180 collecta
3569 2124 3740 2180 insti-

2102 2216 2321 2282 tuatur,
2346 2211 2560 2284 quibus
2591 2211 2797 2281 (initis,
2830 2213 3174 2283 praepositus
3201 2212 3380 2269 dicit:
3408 2234 3436 2263 ι(
3456 2213 3682 2270 Jubete.
3710 2234 3740 2263 ιο

2097 2301 2168 2356 Ει
2199 2300 2580 2373 egrediuntur
2609 2300 2936 2357 sacerdotes
2966 2304 3023 2356 et
3050 2301 3363 2373 hegumeni
3393 2317 3595 2358 omnes
3624 2302 3739 2357 im-

2098 2388 2351 2462 peratori
2381 2388 2568 2445 felicia
2606 2389 2916 2460 precaturi.
2950 2389 3165 2446 Deinde
3207 2390 3525 2462 imperator
3553 2397 3606 2446 et
3637 2407 3744 2463 pa-

2098 2479 2352 2534 triarcha
2374 2479 2445 2533 ad
2469 2477 2754 2550 templum
2775 2479 2996 2535 Sancta
3019 2478 3279 2552 Deiparaa
3301 2479 3358 2536 in
3383 2479 3566 2552 pharo
3589 2479 3739 2535 divi-

2098 2584 2232 2624 nam
2274 2567 2574 2640 liturgiam
2613 2566 2959 2624 celebraturi
2999 2569 3318 2641 procedunt
3356 2573 3414 2624 et
3451 2568 3738 2624 instructo

2095 2656 2379 2726 convivio,
2404 2656 2625 2712 fercula
2656 2660 3056 2728 apponuntur,
3083 2657 3386 2729 vocatique
3413 2657 3739 2714 sacerdotes

2095 2752 2153 2802 et
2181 2745 2494 2817 hegumeni
2523 2744 2583 2800 in
2615 2743 2826 2816 palatio
2859 2753 3096 2802 manent
3128 2764 3142 2803 :
3175 2746 3360 2802 caeteri
3394 2762 3547 2817 vero,
3583 2751 3738 2816 post-

2094 2851 2270 2908 quam
2313 2850 2556 2890 munera
2592 2850 2884 2906 accepere,
2926 2839 2982 2891 et
3021 2834 3132 2907 ipsi
3173 2837 3362 2892 fausta
3401 2835 3740 2908 imperatori

2095 2923 2313 2998 precati
2337 2923 2571 2980 abeunt.
2593 2923 2827 2980 Peracto
2851 2923 3045 2980 divino
3063 2923 3275 2990 ofﬁcio,
3291 2924 3603 2996 imperator
3623 2939 3741 2980 una

2095 3030 2228 3072 cum
2262 3012 2592 3084 patriarcha
2621 3028 2690 3067 ex
2719 3010 2964 3068 ecclesia
2990 3013 3137 3068 redit
3163 3029 3524 3085 aureumque
3552 3012 3737 3070 tricli-

330 3106 497 3180 ἱερεῖς
527 3123 585 3158 τε
613 3103 703 3159 καὶ
750 3103 1053 3179 ἡγούμενοι
1107 3105 1357 3178 μένουσιν
1394 3103 1445 3160 έν
1495 3109 1575 3178 τῷ
1624 3103 1898 3178 παλατίῳο
1931 3108 1982 3161 o't

2102 3107 2260 3161 nium
2283 3118 2416 3158 cum
2439 3101 2854 3171 sacerdotibus,
2871 3101 2969 3172 qui
2995 3100 3250 3156 stichum
3272 3101 3733 3166 faciunt,intrat:

333 3189 393 3248 δὲ
423 3192 617 3248 λοιποὶ
649 3190 939 3269 εἰληφότες
970 3195 1242 3270 χρήματα
1289 3193 1634 3270 ἀναχωροῦσι
1682 3194 1778 3250 κπί
1828 3193 1978 3251 αὐτοῖ

332 3281 768 3362 ὑπερευχόμενοι
797 3283 888 3339 τὸν
937 3282 1181 3359 βασιλέα.
1215 3282 1581 3356 Τελεσθείσης
1611 3282 1668 3340 δὲ
1697 3293 1798 3355 τῆς
1843 3285 1986 3349 θείας

324 3373 690 3450 λειτουργίας,
751 3371 1029 3453 ἐξέρχεται
1079 3375 1107 3428 6
1167 3372 1425 3449 βασιλεὺς
1473 3373 1580 3431 ὰπὸ
1631 3383 1731 3446 τῆς
1781 3375 1986 3450 ἐκκλη-

335 3461 460 3524 σίας
517 3461 652 3535 μετά
704 3466 801 3517 τοῦ
879 3462 1222 3539 πατριάρχου
1283 3463 1373 3518 καὶ
1431 3463 1729 3540 εἰσέρχεται
1788 3464 1842 3520 ἐν
1907 3471 1986 3538 τῷ

335 3550 798 3626 χρυσοτρικλίνῳ·
848 3550 1186 3627 εἰσέρχονται
1240 3549 1297 3607 δὲ
1327 3553 1415 3607 καὶ
1456 3553 1508 3608 οἱ
1537 3556 1672 3610 κατὰ
1703 3557 1986 3626 συνήθειαν

2097 3191 2449 3267 patriarcha,
2469 3193 2774 3262 postquam
2796 3203 3013 3245 mensa.-
3034 3188 3349 3257 benedixit,
3370 3189 3493 3243 abit
3511 3193 3568 3244 et
3589 3188 3739 3244 intra

2096 3284 2288 3341 velum
2310 3282 2370 3338 in
2392 3298 2625 3338 camera
2647 3281 2690 3337 5
2705 3281 2744 3335 7
2773 3280 2841 3336 ad
2866 3280 3131 3335 dextrum
3156 3278 3312 3335 latus
3334 3281 3737 3349 argentearum

2097 3380 2398 3450 portarum
2427 3371 2591 3428 aurei
2621 3369 2862 3426 triclinii
2894 3370 3008 3425 sita
3037 3368 3443 3442 omophorium
3476 3369 3735 3441 deponit,

2095 3467 2251 3539 quod
2302 3470 2608 3536 postquam
2654 3461 2984 3517 sacerdotes
3028 3475 3132 3517 seu
3183 3458 3528 3516 cubicularii
3572 3475 3736 3516 acce-

2097 3573 2250 3631 pere,
2282 3551 2677 3626 egrediuntur.

332 3643 498 3716 ἱερεῖς
557 3643 661 3696 ἀπὸ
727 3641 1028 3703 κελεύσεως
1074 3643 1165 3696 καὶ
1218 3647 1439 3698 ποιοῦσι
1493 3645 1588 3700 τὸν
1645 3645 1857 3722 στίχον,
1926 3650 2016 3703 καὶ
2085 3645 2385 3722 εὐλογήσας
2436 3643 2536 3710 τήν
2602 3641 2868 3714 τράπεζαν
2930 3639 2957 3694 6
3015 3639 3383 3715 πατριάρχης,
3442 3640 3740 3714 ἀπέρχεται

331 3732 425 3785 καὶ
473 3727 692 3787 ’ίσταται
753 3725 904 3786 ἔνδον
958 3736 1058 3786 τοῦ
1121 3731 1297 3806 βήλου
1350 3731 1402 3788 έν
1454 3737 1523 3807 τῇ
1575 3735 1796 3808 καμάρᾳ
1846 3741 1915 3812 τῇ
1975 3736 2108 3811 οὔσῃ
2164 3735 2225 3791 ἐκ
2273 3731 2460 3803 δεξιῶν
2492 3734 2599 3786 τῶν
2637 3730 2888 3805 ἀργυρῶν
2925 3728 3115 3784 πυλῶν
3145 3730 3258 3801 (21)
3295 3731 3392 3782 τοῦ
3443 3747 3740 3802 χρυσοτρι-

330 3819 548 3894 κλίνου,
603 3821 694 3876 καὶ
756 3815 1018 3876 ἐκϐάλλει
1063 3821 1126 3877 τὸ
1187 3822 1504 3899 ὠμοφόριον
1564 3827 1584 3860 ²
1635 3824 1821 3897 αὐτοῦ,
1881 3827 1972 3882 καὶ
2029 3822 2290 3886 λαϐόντες
2330 3821 2383 3876 o't
2418 3821 2604 3894 ἱερεῖς,
2643 3819 2816 3894 ἤγουν
2859 3819 2909 3873 οἱ
2948 3813 3388 3873 κουϐουκλείσιοι
3426 3818 3562 3886 (22),
3606 3813 3746 3890 ἐξέρ-

379 3929 504 3966 οντα
511 3931 526 3964 ι
534 3953 548 3966 .

379 3931 548 3966 ονται.

331 3931 377 3988 χ
406 3999 480 4056 Δ’.
526 3994 886 4063 Ἐκϐαλόνιες
933 3998 991 4056 δὲ
1030 4004 1128 4080 τοῦ
1184 3999 1453 4076 βασιλέως
1501 4003 1564 4057 τὸ
1611 4003 1818 4076 σαγίον,
1853 4003 1986 4080 ὅπερ

335 4086 515 4155 φορεῖ,
570 4083 886 4153 καθέζονται
945 4079 1249 4161 ἀμφότεροι
1306 4083 1336 4140 6'
1391 4104 1451 4140 τε
1506 4086 1762 4163 βασιλεὺς
1817 4089 1907 4142 καὶ
1955 4079 1984 4144 6

336 4170 684 4249 πατριάρχης
728 4172 780 4229 ἐν
838 4177 906 4248 τῇ
966 4174 1278 4250 άποκοπτῇ,
1335 4175 1599 4252 τραπέζῃ,
1648 4177 1983 4255 εἷ’σενεγκάν-

2168 4003 2260 4058 IV.
2311 4002 2634 4070 Imperator
2682 4000 2900 4066 autem,
2951 3999 3264 4069 postquam
3313 4009 3540 4066 sagum,
3583 3995 3737 4066 quod

2094 4095 2304 4166 gestat,
2328 4089 2504 4156 exuit,
2530 4087 2784 4159 utrique,
2806 4087 3114 4157 imperator
3129 4089 3186 4141 et
3207 4083 3558 4157 patriarcha,
3581 4098 3742 4139 men-

2096 4197 2169 4237 sae
2193 4195 2420 4253 magna:
2448 4177 2803 4235 accumbunt
2824 4179 2881 4232 et
2902 4174 3100 4246 semel,
3115 4169 3740 4232 allatisacubiculariis

1688 4301 1935 4359 VARle
1980 4303 2398 4363 LECTIONES.

406 4409 454 4446 '9
482 4409 752 4480 συναπτήν
789 4411 882 4482 R.,
921 4417 1200 4468 συναπτεῖν
1240 4415 1366 4472 cod.
1406 4419 1465 4470 et
1501 4415 1589 4472 ed.
1672 4416 1686 4450 ¹
1728 4413 2030 4490 εἰσέρχεται
2069 4419 2160 4474 ed.
2238 4417 2261 4453 ³
2301 4415 2594 4493 ὠμόφορον
2635 4413 2761 4470 cod.

1366 4540 1569 4599 JOAN.
1610 4541 1758 4599 JAC.
1808 4543 2063 4601 REISKII
2104 4541 2688 4603 COMMENTARIUS.

408 4655 676 4735 (29)‘Est_
715 4671 783 4713 ex
820 4656 1212 4735 Aidiographia
1259 4657 1482 4735 librarii
1535 4660 1815 4735 (edebatur
1872 4680 1982 4715 συν·
2010 4668 2058 4734 D
2162 4656 2979 4735 (21)Jamal_iquotiesm_entio
3002 4657 3152 4713 facta
3173 4656 3742 4735 portaeargenteaﬁd

334 4730 548 4800 απτεῖν)
580 4728 682 4805 qui
704 4749 745 4805 7;
779 4733 838 4784 et
865 4747 910 4782 ει
943 4728 1272 4805 promiscue
1298 4729 1514 4805 habere
1543 4728 1865 4805 consuevit.
1902 4736 1984 4789 Ita
2010 4728 2048 4734 ’
2093 4728 2178 4789 est
2192 4728 2701 4805 argentealamina
2720 4728 3319 4805 obducteeﬁuccurrit
3336 4745 3492 4805 nunc
3510 4729 3742 4805 hocan-

334 4798 621 4873 supra—pl
652 4801 744 4855 54.
773 4817 899 4872 cap.
934 4801 1070 4873 Xlll
1116 4818 1220 4873 pro
1269 4798 1529 4864 εἰσελθεῖν
1575 4804 1659 4873 (ut
1706 4803 1786 4873 ibi
1833 4813 1984 4860 recte

335 4869 428 4926 est
467 4869 716 4956 editum)
755 4869 991 4956 dederat
1021 4869 1652 4956 .eiaéleﬁv..Eslnau‘tem
1686 4872 1824 4956 εὐχὴ
1858 4894 1976 4928 συν-

335 4942 480 5018 απτή
517 4941 602 4998 vel
625 4941 990 5018 simpliciter
1011 4944 1046 5012 ἡ
1081 4943 1320 5012 συναπτή
1352 4944 1600 5018 collecta,
1624 4941 1830 5012 oratio,
1853 4962 1979 5018 qua:

336 5013 489 5069 inter
518 5013 772 5089 psalmos
813 5021 912 5071 aut
943 5016 1087 5089 alias
1118 5018 1358 5089 quasvis
1388 5015 1732 5089 prolixiores
1764 5013 1976 5074 oratio-

335 5100 438 5140 nes
468 5102 502 5141 a
531 5086 772 5174 diacono
819 5086 1618 5174 pronuntiatur,etpsalmos
1648 5097 1980 5174 autpre'ce‘s

334 5157 650 5232 connectit,
692 5157 988 5232 συνάπτει,
1041 5161 1195 5217 unde
1250 5157 1379 5232 ipsi
1423 5175 1658 5215 nomen.
1709 5157 1834 5216 Vid.
1867 5161 1976 5218 DC.

335 5227 527 5302 gloss.
558 5227 656 5302 (ἓν.
692 5229 752 5302 h._
779 5246 880 5302 v.7;
914 5234 1148 5286 vertunt
1187 5227 1441 5302 quoque,
1464 5232 1816 5288 exclamatio.
1852 5232 1977 5290 Vid.

337 5298 522 5374 Nicol.
565 5298 1041 5374 Rayaei_dissert.
1082 5303 1153 5374 ad
1194 5298 1552 5374 acolulhiam,
1589 5302 1765 5374 officii
1810 5303 1979 5374 graeci

335 5375 372 5426 ι
422 5370 729 5445 ll,__Actor.
764 5371 858 5428 SS.
893 5389 1078 5428 mens.
1111 5373 1269 5445 Junii
1313 5389 1369 5445 p.
1403 5372 1578 5445 XXX,
1611 5370 1844 5445 Heinec'.
1882 5375 1978 5439 IlI,

335 5458 394 5515 ρ,
437 5443 564 5510 278,
611 5444 860 5515 Gretser.
905 5445 977 5498 ad
1017 5443 1218 5500 Codin.
1266 5443 1331 5515 p.‘
1368 5444 1490 5500 172.
1535 5444 1632 5500 Vel
1672 5445 1848 5501 etiam
1897 5446 1982 5501 sic

336 5513 494 5589 dicta
525 5515 634 5569 fuit
663 5513 782 5589 haec
812 5515 1177 5589 oratio,ﬂquia
1204 5513 1424 5589 absque
1447 5532 1632 5586 pausa
1652 5522 1709 5572 et
1731 5517 1982 5589 interpo-

336 5582 550 5642 latione
589 5586 962 5644 recitabatur.
995 5582 1158 5644 Certe
1197 5582 1475 5640 συνάπτειν
1514 5603 1616 5658 pro
1656 5603 1764 5642 uno
1801 5582 1980 5643 conti-

336 5672 446 5712 nuo
475 5659 680 5727 spiritu
708 5659 905 5714 seriem
945 5661 1231 5717 verborum
1271 5659 1565 5716 odarumve
1604 5660 1836 5716 recitare
1875 5659 1980 5716 ha-

338 5727 437 5782 bet
465 5727 770 5786 Polvasnus
801 5747 857 5786 ι).
889 5730 1016 5786 537.

511 5745 770 5787 οινωιιιιε
801 5747 857 5802 p.
889 5745 1016 5787 031.

2094 4799 2314 4871 notare,
2333 4810 2558 4876 portam
2577 4801 2736 4876 illam
2752 4809 3082 4876 argenteam
3105 4800 3532 4876 chrysotriclini
3561 4799 3739 4876 fuisse

2092 4892 2243 4952 Opus
2255 4871 2621 4952 QOAnstantini
2635 4871 3738 4952 nostrAiAPorphyrogenneti.Vidﬁcript.

2092 4942 2225 5018 post
2278 4947 2619 5017 Theophan.
2677 4961 2732 5015 p.
2787 4944 2911 4998 281.
2971 4942 3309 5018 [ει-ιιιίοξὶω
3356 4943 3452 5018 _in_
3489 4942 3741 5018 Basilica

2086 5012 2144 5075 ὲ.
2179 5018 2332 5072 Pctri
2368 5012 2534 5086 porta
2565 5012 2856 5087 argentea.
2883 5012 3176 5070 Mabillon.
3212 5016 3325 5069 lter
3355 5012 3560 5087 ltal._p.
3582 5013 3734 5087 246.]

2161 5090 2273 5161 (22)
2294 5085 2611 5161 Gu’buclisii
2639 5085 2904 5161 dignitas
2931 5095 3022 5161 est
3055 5086 3468 5161 ecclesiastica.
3493 5085 3624 5161 Vid.
3655 5086 3734 5139 Du

2089 5156 2282 5231 Gange
2311 5159 2496 5215 Gloss.
2528 5162 2624 5214 Gr.
2650 5156 2824 5231 h.’v.,
2844 5157 2946 5228 qui
2976 5163 3172 5231 tamen
3203 5157 3416 5231 fatetur
3442 5173 3572 5231 non,
3591 5156 3738 5211 bene

2091 5227 2264 5287 noss'e
2293 5232 2584 5302 quodnam
2619 5229 2742 5300 ejus
2775 5227 3215 5302 tuunustuerit.
3239 5227 3517 5302 [Joannes
3546 5229 3741 5284 Came-

2090 5303 2270 5375 niata,
2303 5300 2405 5375 qui
2443 5303 2514 5358 de
2547 5300 2860 5375 Thessaliae
2905 5300 3126 5375 excidio
3163 5300 3410 5375 scripsit,
3445 5305 3568 5354 erat
3611 5318 3739 5375 xcu-

2089 5367 2454 5440 ϐουκλείᾶιος,
2475 5373 2612 5429 utin
2635 5370 2804 5427 titulo
2837 5371 3186 5443 appellatur,
3209 5367 3362 5443 qu'od
3388 5373 3444 5425 in
3472 5371 3736 5443 margine

2089 5447 2224 5500 edit.
2260 5445 2696 5513 Combefisianaa
2733 5459 2790 5512 p.
2832 5442 2956 5513 3_l7,
2992 5443 3100 5499 hoc
3130 5442 3351 5513 scholio
3380 5442 3736 5513 exponitur:

2091 5515 2364 5588 Κληρικὸς
2401 5519 2508 5570 τῶν
2549 5512 2602 5569 έν
2646 5511 2764 5573 τοῖς
2804 5511 2980 5588 οἷ’κοις
3019 5518 3125 5588 τῶν
3172 5511 3737 5588 βασιλέωναεταγμέ-

2087 5584 2364 5658 νων*εἴς.]¹
2385 5589 2640 5644 Obscure
2662 5592 2932 5711 etgrave.
2955 5587 3018 5643 lu
3051 5584 3376 5642 ﬁne'libelli
3407 5584 3736 5656 appellatur

2089 5659 2187 5711 ille
2243 5660 2574 5711 Cameniata
2628 5677 2727 5711 κου
2770 5655 3076 5711 ουκλείσιος
3119 5662 3220 5711 τῆς
3270 5655 3581 5711 ἁγιωτάτης
3634 5674 3736 5711 μη·-

2089 5659 2187 5715 ille
2243 5655 2574 5728 Cameniata
2617 5655 3076 5728 _xou60ox).stcto;
3119 5662 3220 5725 τῆς
3270 5655 3581 5728 ἁγιωτάτης
3634 5674 3736 5725 μη·-

2088 5727 2410 5807 τροπόλεως
2443 5724 2865 5798 Θεσσαλονίκης.
