4108 6220
1461 381 1990 445 CONSTANTINI
2034 383 2729 446 PORPHYROGENITI
3671 383 3791 444 316

388 392 507 455 315

390 525 464 582 iis
485 524 662 591 vasis,
686 538 814 595 quas
838 519 1173 579 cucumaria
1203 520 1505 591 vocantur,
1531 521 1730 591 potum
1764 520 2002 575 sumunt

2114 536 2258 586 _1mv
2316 512 2372 570 δὶ
2435 519 2545 571 τῶν
2598 510 3069 591 κουὸικουλαρίων
3117 515 3183 570 τὰ
3231 515 3605 590 κουκουμάρια
3652 518 3787 591 (23),

388 619 513 671 Mos
551 612 708 669 enim
749 614 860 678 est,
899 614 963 665 ut
1000 611 1139 665 dum
1182 609 1497 680 imperator
1536 624 1668 664 cum
1702 605 2002 680 patriarch:

2140 606 2359 660 πίνουσι
2389 604 2525 680 πρὸς
2564 606 2719 675 ἅπαξ.
2771 607 2855 679 Τῇ
2903 605 3006 681 γὰρ
3054 605 3198 675 τάξει
3237 604 3405 680 ταύτῃ
3443 603 3784 681 εἰσέρχονται

388 701 715 759 convivium
746 698 1018 767 celebrat,
1040 697 1377 754 cubicularii
1405 698 1741 755 cucumaria
1761 697 2002 753 afferant

2134 694 2201 749 τὰ
2256 693 2632 769 κουκουμάρια
2686 691 2777 749 διὰ
2826 699 2932 748 τῶν
2990 689 3493 769 κουϐικουλαρίων,
3552 694 3708 764 ἡνίκα
3758 696 3786 750 6

387 791 500 859 Sic,
534 788 617 845 uti
656 789 873 845 dictum
914 792 1021 856 est,
1065 803 1275 843 mensae
1316 787 1621 859 praefectus
1660 786 1837 841 intrat
1875 788 1932 840 et
1968 784 2002 839 i1

2140 781 2396 858 βασιλεὺς
2446 784 2583 857 μετὰ
2628 786 2728 837 106
2771 785 3123 861 πατριάρχου
3166 785 3377 859 ἀριστᾷ·
3430 781 3529 837 Καὶ
3561 783 3661 837 εἶθ’
3692 781 3788 838 06-

385 879 590 935 limine
620 886 915 950 portarum
943 880 1347 949 argontearum
1379 875 1670 932 subsistit.
1695 875 1825 931 Mox
1847 873 2002 946 impe

2134 893 2266 941 τως,
2324 873 2398 934 ὡς
2455 873 2806 947 προείρηται,
2886 872 3187 947 εἰσέρχεται
3250 874 3277 927 6
3334 878 3433 941 τῆς
3488 871 3783 947 τραπέζης,

386 976 540 1026 rator
572 967 906 1040 praeposito,
939 967 1031 1022 hic
1070 982 1283 1022 mensa:
1315 965 1606 1036 praefecto,
1638 965 1873 1036 signum
1905 963 2002 1019 dat

2132 961 2223 1016 καὶ
2249 959 2463 1017 ’ίσταται
2497 960 2552 1016 ἐν
2582 966 2661 1033 τῷ
2710 959 2856 1033 οὐδῷ
2897 963 2918 997 ³
2966 966 3075 1016 τῶν
3126 962 3372 1037 ἀργυρῶν
3402 959 3616 1019 πυλῶν.
3649 962 3784 1018 Εἶτα

385 1058 487 1129 qui
505 1063 811 1130 postquam
831 1056 1021 1113 velum
1049 1073 1224 1111 manu
1248 1054 1521 1127 pulsavit,
1544 1053 1846 1111 silentiarii
1876 1052 2002 1108 illuc

2129 1051 2264 1105 νεύει
2324 1051 2351 1105 6
2413 1048 2668 1126 βασιλεὺς
2726 1055 2807 1123 τῷ
2864 1050 3237 1124 πραιποσίτῳ,
3287 1052 3535 1113 κάκεῖνος
3574 1055 3654 1123 τῷ
3682 1053 3780 1119 τῆς

384 1163 617 1205 sursum
661 1145 891 1212 tollunt,
931 1150 987 1200 et
1029 1144 1204 1201 amici
1248 1144 1691 1216 ingrediuntur;
1736 1158 1834 1213 per
1870 1141 2002 1197 ham

2128 1140 2423 1217 τραπέζης.
2475 1143 2589 1198 T06
2637 1138 2693 1195 δὲ
2740 1147 2842 1210 τῆς
2889 1140 3163 1213 τραπέζης
3211 1140 3462 1210 νύξαντος
3503 1139 3567 1196 τὸ
3610 1141 3784 1217 βῆλον

383 1235 770 1307 septimanam
812 1234 966 1290 enim
1009 1234 1066 1288 in
1112 1248 1466 1304 unoquoque
1502 1232 1746 1287 introitu
1778 1235 1836 1287 et
1864 1230 2002 1287 exiti

2135 1230 2270 1303 μετὰ
2313 1236 2413 1299 τῆς
2459 1230 2672 1306 χειρὸς,
2737 1229 2981 1304 αἴρουσιν
3031 1229 3161 1286 αὐτὸ
3208 1228 3559 1304 σιλεντιάριοι
3617 1228 3782 1305 ὕπερ-

383 1325 643 1396 ejusdem
676 1322 785 1379 veli
815 1340 848 1378 a
877 1321 1216 1379 silentiariis
1240 1327 1525 1393 portatur.
1549 1320 1802 1394 Ingressi
1827 1329 2002 1375 auten

2130 1322 2237 1389 Θεν,
2268 1320 2359 1373 καὶ
2393 1318 2729 1394 εῒσέρχονται
2781 1320 2833 1374 οἱ
2882 1317 3056 1397 φίλον
3092 1316 3183 1374 διὰ
3211 1318 3311 1395 γάρ
3339 1328 3439 1388 τῆς
3472 1314 3779 1393 ἑϐδομάδος

382 1413 555 1469 amici
597 1412 934 1469 venerandae
972 1427 1159 1467 aurea:
1205 1427 1418 1468 mensae
1461 1409 1830 1482 imperatoris
1860 1424 2002 1480 aeque

2128 1405 2179 1462 ἒν
2206 1409 2404 1483 ἑκάστῃ
2439 1406 2634 1481 εἰσόδῳ
2665 1407 2756 1463 καὶ
2791 1404 2959 1481 ἐξόδῳ
2990 1412 3088 1464 106
3130 1407 3299 1463 αὐτοῦ
3334 1406 3510 1482 βήλου
3545 1410 3650 1463 ὑπὸ
3681 1406 3777 1464 δύο

385 1519 451 1558 ac
490 1501 773 1574 appositis
820 1500 1056 1567 tabulis,
1101 1500 1360 1572 dumque
1405 1499 1622 1555 missus
1663 1502 1721 1554 et
1758 1498 2002 1570 reliquus

2126 1496 2497 1573 σιλεντιαρίων
2560 1498 2900 1573 βαστάζεται.
2959 1496 3314 1560 Εἶσελθόντες
3369 1494 3426 1551 δὲ
3488 1498 3540 1552 οἱ
3589 1495 3771 1574 φίλοι,

380 1594 697 1663 apparatus
719 1590 778 1646 in
801 1588 1166 1646 caenaculum
1192 1590 1535 1658 afferuntur,
1552 1588 1830 1655 assident,
1854 1587 2002 1643 dum

2126 1585 2438 1655 καθέζονται
2469 1585 2519 1641 ἐν
2547 1589 2616 1660 τῇ
2661 1586 2824 1660 τιμία
2871 1589 3053 1662 χρυσῇ
3084 1585 3324 1662 τραπέζῃ
3348 1590 3445 1641 τοῦ
3479 1584 3775 1660 βασιλέως,

383 1696 495 1753 que
526 1678 742 1751 singuli
773 1679 993 1735 missus
1026 1678 1233 1733 tabulae
1272 1679 1677 1750 imponuntur,
1702 1677 2002 1749 imperator

2125 1674 2383 1738 ὡσαύτως
2436 1675 2528 1731 καὶ
2586 1674 2637 1731 έν
2694 1681 2811 1738 τοῖς
2870 1675 3352 1751 παρατραπεζίοις,
3395 1675 3653 1737 ὡσαύτως
3683 1675 3774 1730 καὶ

380 1769 768 1842 patriarcham
816 1768 884 1823 ad
932 1783 1130 1823 eorum
1178 1767 1638 1823 benedictionem
1688 1764 1910 1821 invitat.
1962 1766 2002 1821 Ιε

2126 1762 2177 1819 έν
2222 1769 2342 1827 ταῖς
2382 1770 2491 1819 τῶν
2537 1762 2867 1838 κλητωρίων
2912 1761 3293 1835 εἷσοδιεξόδοις
3346 1763 3552 1838 μίνσων
3595 1783 3654 1817 τε
3685 1762 3775 1818 καὶ

379 1858 559 1930 igitur
598 1858 914 1929 unicuique
954 1856 1450 1929 metropolitarum
1484 1873 1585 1929 pro
1625 1872 1734 1912 sua
1771 1855 2002 1928 praecol-

2128 1850 2338 1907 λοιπῶν
2383 1856 2586 1928 χρειῶν
2617 1854 2756 1927 (24)·
2808 1852 2860 1907 έν
2907 1850 2965 1908 δὲ
3010 1856 3080 1927 τῇ
3126 1849 3323 1925 εἰσόδῳ
3368 1858 3466 1908 106
3515 1853 3628 1914 ἑνὸς
3660 1852 3779 1906 ἱκά-

377 1947 555 2003 lentia
576 1952 633 2004 et
653 1947 934 2020 dignitate
956 1947 1013 2003 id
1036 1947 1294 2019 injungit
1325 1964 1389 2002 ac
1423 1946 1727 2013 benedicit,
1748 1946 2002 2017 omniqut

2132 1962 2259 1997 στου
2321 1942 2514 2017 μίνσου
2568 1941 2622 1997 ἐν
2677 1947 2747 2017 τῇ
2806 1945 3046 2018 τραπέζῃ
3105 1943 3251 2017 ἀξιοῖ
3304 1944 3332 1998 6
3394 1942 3650 2019 βασιλεὺς
3681 1943 3773 1997 τὸν

378 2053 590 2092 mensa
630 2036 744 2092 ritu
780 2040 1034 2107 peracto,
1067 2040 1317 2109 surgunt
1353 2039 1411 2092 et
1439 2035 1778 2108 imperatori
1825 2036 2002 2091 fausta

2129 2033 2477 2108 πατριάρχην
2527 2033 2662 2106 πρὸς
2708 2033 2769 2087 τὸ
2819 2029 3145 2107 εὐλογῆσαι.
3195 2036 3257 2091 Ὁ
3319 2029 3376 2088 δὶ
3427 2030 3774 2107 πατριάρχης

376 2124 594 2199 precati
628 2125 877 2182 abeunt:
902 2125 1062 2182 solus
1091 2125 1404 2196 imperator
1424 2140 1557 2180 cum
1580 2124 1913 2196 patriarcha
1944 2125 2002 2180 ad

2127 2119 2488 2197 προτρέπεται
2535 2121 2671 2175 κατὰ
2732 2120 2921 2194 μίνσον
2985 2121 3066 2177 lvi
3122 2122 3331 2195 ἑκάστῳ
3385 2119 3771 2196 μητροπολίτῃ

378 2230 635 2270 mensam
668 2219 944 2271 remanet.
971 2215 1288 2286 Postquam
1320 2231 1455 2270 vero
1486 2213 1679 2269 adhuc
1710 2213 1889 2270 semel
1924 2230 2002 2285 pot

2125 2212 2263 2267 κατὰ
2291 2212 2391 2280 τήν
2442 2212 2632 2267 ἑαυτοῦ
2687 2209 3080 2287 προκαθεδρίαν
3119 2211 3211 2267 καὶ
3259 2210 3501 2287 εὖλογεῖ,
3546 2212 3635 2267 καὶ
3666 2212 3773 2267 πά·

375 2312 499 2362 tum
515 2324 839 2379 sumpsere,
856 2307 1159 2379 imperator
1180 2323 1385 2379 sagum
1403 2322 1577 2361 suum
1592 2304 1784 2360 induit
1800 2320 1813 2360 :
1832 2306 2002 2360 vocati

2123 2321 2223 2371 σης
2270 2303 2369 2370 τῆς
2416 2305 2513 2356 106
2559 2302 2852 2376 τραπεζίου
2900 2300 3224 2365 ἀκολουθίας
3274 2300 3641 2372 τελεσθείσης,
3681 2302 3775 2356 ἆν-

375 2396 707 2452 sacerdotes
751 2396 992 2464 intrant,
1039 2401 1095 2452 et
1143 2394 1471 2468 patriarcha
1520 2392 1861 2466 omOphorio
1907 2408 2013 2448 suo

373 2483 435 2540 in
478 2485 633 2541 diota
673 2501 906 2541 camera
954 2501 1055 2557 per
1097 2485 1429 2541 sacerdotes
1470 2482 1736 2548 indutus,
1768 2481 1909 2538 abit.
1944 2480 2012 2536 Hi

371 2573 630 2629 stichum
673 2574 915 2639 faciunt,
957 2574 1167 2631 deinde
1207 2572 1539 2646 patriarcha
1578 2587 1788 2642 panem
1840 2570 2012 2627 bene-

373 2661 596 2719 dictum
636 2662 973 2733 imperatori
1010 2663 1208 2731 tradit,
1250 2662 1581 2719 sacerdotes
1610 2659 2009 2733 egrediuntur,

371 2759 423 2807 et
455 2760 765 2825 postquam
806 2753 1125 2824 imperator
1151 2756 1209 2808 et
1239 2750 1569 2824 patriarcha
1600 2766 1662 2805 se
1693 2750 2009 2805 adorarunt

371 2844 428 2897 et
495 2842 844 2910 salutarunt,
912 2842 1009 2899 ille
1073 2843 1145 2898 ad
1213 2858 1384 2898 suum
1460 2838 1797 2897 cubiculum
1865 2838 2005 2905 abit,

370 2930 764 3002 patriarcham
804 2947 936 2987 vero
974 2931 1227 3004 praefecti
1265 2929 1533 2988 cubiculo
1572 2937 1623 2986 et
1663 2926 2006 2984 cubicularii

368 3021 667 3092 excipiunt
703 3020 1016 3095 ipsumque
1056 3036 1238 3095 usque
1278 3022 1350 3077 ad
1392 3017 1731 3092 spatharicii
1781 3022 2005 3089 portam

367 3110 733 3166 comitantur.

2126 2390 2385 2461 ίστανται,
2434 2390 2525 2444 καὶ
2569 2390 2988 2463 ὑπερευξάμενοι
3034 2391 3125 2446 τὸν
3180 2388 3407 2467 βασιλέα
3435 2390 3770 2467 ἐξέρχονται,

2119 2479 2211 2534 καί
2245 2478 2393 2550 μένει
2425 2479 2453 2533 6
2488 2476 2744 2554 βασιλεὺς
2796 2478 2933 2552 μετᾶ
2982 2479 3150 2552 μόνου
3199 2484 3297 2536 τοῦ
3335 2482 3683 2556 πατριάρχου
3715 2478 3770 2535 ἐν

2116 2571 2186 2641 τῇ
2237 2568 2495 2642 τραπέζῃ.
2560 2568 2781 2630 Πιόντες
2829 2567 2888 2624 δὶ
2934 2567 3101 2624 πάλιν
3152 2572 3287 2645 πρὸς
3334 2571 3469 2641 ἅπαξ
3524 2569 3768 2625 ἀνίσταν-

2114 2677 2227 2726 ται,
2270 2655 2362 2711 καὶ
2417 2654 2611 2719 εὐθέως
2652 2657 2681 2711 6
2728 2655 2988 2731 βασιλεὺς
3035 2655 3431 2734 περιϐάλλεται
3478 2659 3541 2714 τὸ
3582 2658 3765 2734 σαγίον

2116 2745 2304 2815 αὐτοῦ,
2361 2744 2799 2821 προσκληθέντες
2847 2743 2905 2802 δὲ
2951 2749 3042 2803 καὶ
3087 2750 3139 2803 οἱ
3186 2750 3351 2824 ἱερεῖς
3400 2747 3765 2824 εἰσέρχονται,

2113 2835 2205 2890 καὶ
2235 2829 2712 2911 περιϐαλλόμενος
2745 2836 2773 2889 6
2803 2838 3153 2913 πατριάρχης
3203 2838 3265 2894 τὸ
3314 2837 3631 2915 ὠμοφόριον
3665 2838 3766 2894 αὖ·

2112 2928 2209 2980 τοῦ
2256 2923 2308 2978 έν
2357 2929 2426 2999 τῇ
2476 2923 2848 3001 προλεχθείσῃ
2894 2926 3115 3000 καμάρᾳ
3163 2923 3252 2981 διὰ
3298 2924 3405 2982 τῶν
3436 2928 3645 3003 ἱερέων,
3676 2927 3763 2999 ἐξ·

2115 3011 2356 3091 ἔρχεται.
2406 3013 2511 3069 Καὶ
2557 3017 2775 3069 ποιοῦσι
2824 3013 2918 3068 16v
2967 3014 3177 3089 στίχον,
3210 3015 3300 3069 καὶ
3347 3017 3481 3088 μετὰ
3518 3017 3609 3071 τὸν
3644 3016 3764 3071 στί-

2115 3122 2220 3180 χον
2269 3098 2585 3157 έπιδίδωσιν
2636 3103 2665 3157 6
2714 3103 3066 3179 πατριάρχης
3117 3108 3196 3177 τῷ
3237 3103 3453 3179 βασιλεῖ
3480 3103 3760 3183 εὐλογίας,

363 3199 453 3253 καὶ
510 3199 801 3276 ἐξέρχονται
857 3202 907 3257 oi
967 3202 1150 3275 ἱερεῖς,
1208 3202 1299 3256 καὶ
1356 3200 1821 3275 προσκυνήσαντες
1888 3194 2187 3275 ἀμφότεροι
2244 3190 2674 3262 ἀλλήλουςὸτε
2733 3192 2987 3267 βασιλεὺς
3036 3195 3125 3250 καὶ
3183 3196 3212 3250 6
3267 3194 3614 3271 πατριάρχης
3667 3196 3760 3251 καὶ

364 3286 758 3361 ἂσπασάμενοι,
804 3291 831 3343 ὁ
884 3291 977 3362 μὶν
1024 3288 1277 3364 βασιλεὺς
1327 3288 1631 3367 εἰσέρχεται
1679 3285 1729 3341 ἐν
1773 3290 1853 3357 τῷ
1895 3286 2120 3339 κοιτῶνι
2167 3279 2355 3352 αὐτοῦ,
2396 3281 2489 3336 τὸν
2522 3278 2580 3335 δὲ
2608 3282 2956 3357 πατριάρχην
2989 3278 3249 3344 λαϐόντες
3280 3283 3332 3338 ol
3372 3282 3636 3359 ἄρχοντες
3665 3286 3762 3339 106

362 3372 753 3431 κουϐουκλείου
783 3376 872 3431 καί
903 3379 955 3431 οἱ
981 3373 1457 3452 κουϐικουλάριοι,
1490 3374 1846 3445 διασώζουσιν
1873 3371 2031 3427 αὐτὸν
2067 3368 2234 3445 μέχρι
2261 3375 2362 3439 τῆς
2393 3368 2575 3441 πύλης
2605 3373 2702 3425 106
2730 3371 3089 3448 σπαθαρικίου
3129 3375 3265 3445 (25).

976 3467 1210 3524 CAPUT
1250 3467 1369 3524 XV.

460 3571 805 3631 Obseruando
842 3574 903 3630 in
931 3574 1128 3646 vigilia
1155 3574 1480 3647 septimanae
1509 3574 1903 3632 renovationis.

428 3699 643 3757 Omnes
675 3700 893 3756 tunicis
918 3699 1067 3757 albis
1099 3701 1310 3771 induti,
1335 3704 1399 3757 ut
1429 3701 1650 3758 dictum
1682 3707 1790 3770 est,
1815 3702 1873 3758 in
1907 3718 2002 3775 pa-

360 3789 559 3846 latium
624 3788 999 3859 conveniunt,
1076 3807 1192 3863 quo
1257 3796 1478 3865 aperto,
1536 3792 1637 3849 58
1706 3791 2001 3865 processio

358 3896 573 3937 novum
606 3879 952 3951 triclinium,
976 3882 1133 3953 quod
1162 3881 1478 3939 Justiniani
1510 3891 1764 3954 vocatur,
1796 3882 1998 3938 intrat.

358 3972 507 4027 Hora
538 3976 733 4028 autem
767 3972 1127 4042 adveniente,
1151 3973 1516 4031 cmuaculum
1548 3978 1787 4046 paratur
1816 3975 2002 4031 fercu-

354 4059 525 4131 laque
560 4067 954 4134 apponuntur.
992 4062 1183 4119 Vocati
1207 4064 1275 4119 ad
1307 4064 1635 4120 convivium
1668 4064 1840 4121 amici
1872 4080 2000 4119 ma-

355 4159 518 4216 nent,
582 4151 766 4206 creteri
826 4167 1033 4207 omnes
1089 4152 1331 4207 domum
1391 4156 1617 4224 petunt.
1680 4154 2000 4225 Imperator

355 4252 648 4309 egressus,
704 4256 889 4295 aureae
949 4256 1162 4296 mensa:
1213 4240 1271 4295 in
1320 4257 1496 4297 aureo
1556 4240 1804 4298 triclinio
1860 4258 1995 4297 cum

354 4328 577 4394 amicis,
625 4343 773 4398 quos
822 4330 1013 4385 vocari
1050 4328 1254 4399 jussit,
1308 4329 1524 4385 assidet
1570 4329 1629 4384 hi
1680 4334 1799 4387 toto
1857 4347 1995 4387 con-

352 4414 488 4469 vivii
536 4415 740 4469 ordine
798 4424 1048 4486 peracto,
1100 4422 1349 4488 surgunt
1398 4422 1454 4473 et
1500 4434 1704 4475 omnes
1754 4419 1993 4475 domum

352 4502 587 4559 abeunt.
612 4502 926 4559 Sciendum
949 4512 1057 4575 est,
1082 4505 1356 4560 eumdem
1391 4522 1609 4562 morem
1643 4512 1701 4563 et
1730 4508 1994 4579 sequenti

353 4591 445 4648 die
476 4608 576 4648 seu
610 4591 863 4648 Sabbato
894 4594 1020 4663 ejus
1051 4593 1393 4664 septimana
1424 4594 1706 4652 obtinere.

2732 3462 2993 3517 ΚΕΦΔΛ.
3036 3462 3140 3519 ΙΕ“.

2252 3547 2392 3604 ’Ὀσα
2441 3543 2525 3602 δεῖ
2574 3545 3024 3625 παραςυλάττειν,
3061 3554 3131 3625 τῇ
3180 3553 3496 3625 παρασκευῇ
3523 3556 3623 3619 τῆς

2721 3618 3159 3695 διακαινησίμου.

2180 3707 2551 3783 Προέρχονται
2600 3707 2831 3771 ἃπαντες
2876 3708 2929 3765 έν
2981 3714 3062 3783 τῷ
3112 3710 3366 3785 παλατίῳ
3414 3711 3763 3788 ἠλλαγμένοι

2109 3796 2208 3852 ἆοὸ
2267 3793 2478 3851 λευκῶν
2538 3794 2865 3872 χλανιδίων,
2921 3800 2995 3854 ὡς
3065 3800 3409 3875 προείρηται·
3462 3799 3763 3873 ἀνοίξαντος

2111 3880 2169 3940 δὲ
2206 3888 2304 3940 106
2353 3882 2626 3941 παλατίου
2678 3886 2982 3963 εἰσέρχεται
3030 3889 3065 3958 ἡ
3107 3887 3430 3962 προέλευσις
3462 3886 3514 3944 έν
3545 3894 3625 3962 τῷ
3654 3888 3760 3963 νέῳ

2106 3975 2374 4051 τρικλίνῳ
2406 3982 2486 4050 τῷ
2532 3975 2862 4052 καλουμένῳ
2894 3980 3275 4052 ἰουστινιανῷ.
3330 3975 3758 4050 Καταλαϐούσης

2109 4060 2166 4118 δὲ
2194 4071 2297 4134 τῆς
2352 4062 2521 4140 ὥρας,
2573 4069 2920 4143 στοιχεῖται⁴
2966 4069 3029 4123 τὸ
3072 4068 3409 4142 κλητώριον,
3451 4068 3550 4132 εἶθ’
3581 4069 3757 4131 οὕτως

2108 4157 2353 4233 γίνονται
2406 4157 2607 4231 μίνσαι.
2652 4159 2753 4215 Καὶ
2804 4160 2855 4213 οἱ
2908 4160 3001 4232 μὶν
3052 4158 3345 4229 κληθέντες
3374 4158 3527 4239 φίλοι
3557 4159 3752 4215 πένου-

2106 4267 2211 4315 σιν,
2263 4248 2315 4301 οἱ
2365 4244 2423 4301 δὶ
2473 4245 2659 4303 λοιποὶ
2713 4243 2941 4309 ἅπαντες
2989 4248 3322 4323 ἀπέρχονται
3353 4247 3406 4303 έν
3439 4252 3552 4310 τοῖς
3585 4248 3759 4311 οἲκοις

2105 4333 2307 4389 αὐτῶν.
2365 4339 2423 4391 Ὁ
2471 4331 2529 4388 δὲ
2590 4334 2845 4409 βασιλεὺς
2903 4332 3135 4405 ἐξελθὼν
3180 4337 3460 4405 καθέζεται
3518 4335 3604 4391 ἐπὶ
3658 4343 3759 4405 τῆς

2106 4425 2317 4497 χρυσῆς
2348 4422 2619 4496 τραπέζης
2669 4421 2723 4477 έν
2772 4428 2851 4496 τῷ
2893 4425 3337 4503 χρυσοτρικλίνῳ
3370 4427 3504 4499 μετὰ
3532 4429 3639 4481 τῶν
3664 4428 3759 4505 φί-

2106 4520 2238 4579 λων,
2269 4511 2346 4564 ὧν
2378 4508 2625 4566 ἐκέλευσε
2653 4519 2952 4582 κληθῆναι,
2998 4514 3088 4568 καὶ
3137 4516 3315 4585 πάσης
3358 4521 3459 4585 τῆς
3501 4519 3600 4571 106
3627 4536 3757 4592 τρα-

2103 4597 2292 4667 πεζίου
2350 4598 2677 4664 ἀκολουθίας
2744 4599 3112 4675 τελεσθείσης,
3160 4602 3469 4660 ἀνίστανται
3516 4606 3605 4660 καὶ
3650 4605 3760 4661 ἀπ-

354 4673 610 4753 έρχονται
640 4674 865 4771 ἕκαστος
898 4677 948 4734 έν
980 4684 1096 4740 τοῖς
1127 4678 1529 4771 οἷ’κοιςᾼαύτῶν.
1564 4684 1756 4741 Ἰστέον
1789 4680 1847 4738 δὲ
1893 4684 1983 4739 καὶ
2021 4689 2206 4755 τοῦτο,
2237 4686 2321 4741 ὅτι
2350 4688 2385 4757 ἡ
2418 4686 2554 4756 αὐτὴ
2584 4689 2734 4760 τάξις
2765 4673 3171 4766 παρακολουθεῖ
3199 4691 3289 4748 καὶ
3320 4691 3407 4748 ἐπὶ
3436 4698 3505 4769 τῇ
3545 4690 3753 4771 αὔριον,

351 4766 517 4843 ἤγουν
543 4768 607 4823 τὸ
640 4762 921 4823 Σάϐϐατον
948 4775 1047 4839 τῆς
1077 4769 1247 4840 αὐσῆς
1278 4764 1608 4846 ἑϐδομάδος.

1706 4873 1945 4931 VARUS
1984 4874 2398 4934 LEGTIONES.

422 4936 445 4971 ³
465 4934 517 4992 ἐν
546 4940 616 5013 τῇ
648 4934 758 5011 ὁδῷ
787 4940 879 4998 ed.
956 4942 979 4976 ⁴
1006 4939 1275 5017 στείχεται
1307 4943 1400 5002 ed.

1377 5043 1577 5099 JOAN.
1618 5043 1760 5101 JAC.
1815 5043 2070 5102 REISKII
2122 5043 2714 5103 COMMENTARIUS.

420 5143 878 5243 ιχξάξηξξξξ
910 5147 1386 5243 ἑξέξξξξιεαιξξξξί,
1422 5151 1996 5243 χφξξιίίερβίξ-ξξὶξξας
2024 5156 2071 5221 D
2101 5168 2363 5242 singulos
2394 5170 2614 5228 missus
2642 5189 2674 5226 a
2703 5172 3051 5243 patriarcha,
3086 5178 3183 5231 aut
3212 5191 3299 5243 eo,
3328 5176 3419 5233 cui
3445 5176 3497 5231 is
3528 5175 3584 5231 id
3620 5193 3747 5232 mu-

350 5214 743 5303 cpmb'alorpm
770 5223 877 5300 aut
908 5219 1202 5301 dimidiati
1234 5214 1389 5303 globi
1422 5223 1626 5303 tuisse,
1649 5227 1937 5303 et‘nomen
1962 5240 1996 5278 a

349 5286 906 5366 cucumistraxisse,
932 5290 1085 5366 vasis
1111 5286 1286 5366 aeneis
1311 5286 1672 5366 ventricosis,
1700 5297 1757 5350 in
1783 5294 1995 5366 quibus

348 5373 503 5439 aqua
552 5358 775 5439 solebat
822 5361 1091 5439 calefieri.
1140 5363 1271 5439 _Lin.
1320 5365 1406 5435 12,
1453 5382 1555 5439 pro
1597 5362 1709 5437 ὁδῷ
1753 5358 1862 5439 leg.
1905 5371 1993 5422 est

348 5425 500 5497 οόδῷ
530 5445 559 5484 e
591 5432 803 5497 codice,
838 5436 900 5487 ut
930 5450 1107 5502 supra
1132 5434 1251 5502 jam
1284 5425 1506 5491 monui.

418 5502 687 5578 (24)}laec
718 5504 891 5559 verba
922 5511 1023 5559 aut
1048 5504 1160 5561 huc
1183 5522 1297 5578 non
1322 5509 1634 5578 pertinent,
1658 5514 1759 5565 aut
1780 5507 1988 5565 mutila

346 5576 652 5648 suntLEgo
674 5578 827 5629 certe
858 5592 974 5630 non
1007 5576 1259 5648 percipio
1289 5576 1420 5648 quid
1455 5580 1562 5635 sibi
1595 5576 1790 5636 velint.
1824 5581 1984 5636 Είσο-

348 5638 613 5724 διέξοδοί
635 5649 720 5701 est
767 5661 871 5724 vox
924 5638 1336 5724 nova;__grmcaa
1367 5652 1844 5724 compositionis,
1894 5655 1983 5710 in-

347 5714 555 5774 troitus
592 5725 646 5773 et
686 5717 887 5775 exitus.
934 5714 1323 5795 Intellig'imus
1364 5714 1544 5796 igitur
1580 5740 1649 5781 ex
1687 5723 1796 5783 hoc
1832 5714 1981 5793 loco,

2105 5243 2263 5319 neris
2303 5242 2579 5313 deputare
2616 5242 2917 5312 voluisset,
2966 5246 3130 5319 prius
3171 5242 3507 5319 benedictae
3546 5247 3748 5313 fuisse,

2102 5316 2420 5390 antequam
2465 5316 2983 5390 consumerentur,
2999 5322 3054 5373 et
3085 5316 3469 5390 patriarcham
3503 5334 3747 5390 consue-

2099 5382 2249 5459 visse
2264 5382 2659 5459 'metropolritis
2677 5387 2732 5459 id
2750 5382 3036 5457 delegare,
3050 5382 3108 5444 et
3123 5405 3301 5444 unum
3326 5394 3456 5459 post
3476 5387 3745 5456 alterum,

2099 5402 2249 5438 Vlsse
2274 5402 2659 5512 metrocpouus
2677 5402 2732 5441 ια
2750 5402 3108 5457 aetegare,et
3123 5405 3301 5444 unum
3326 5402 3456 5459 post
3476 5402 3738 5456 alterum,

2099 5453 2366 5542 gingulos
2406 5474 2437 5512 a
2521 5458 2781 5542 singulos
2827 5461 3065 5542 missus,
3107 5459 3431 5542 secundum
3472 5460 3738 5517 ordinem

2095 5525 2509 5601 Ecclesiarum,
2542 5525 2752 5601 quibus
2782 5525 3083 5601 praeerant,
3112 5530 3411 5588 excitasse.

2166 5598 2275 5669 (25)
2321 5598 2744 5669 Spatharicium
2784 5598 3036 5657 ‘videtur
3070 5598 3254 5657 statio
3302 5606 3406 5657 aut
3450 5600 3732 5659 habitatio

2090 5668 2523 5746 spatharicii-um
2584 5671 2787 5741 fuisse,
2837 5687 3013 5746 prope
3066 5671 3319 5744 Circum,
3369 5677 3436 5730 ut
3483 5689 3549 5730 ex
3598 5672 3730 5733 aliis

2088 5738 2280 5798 Nostri
2309 5740 2453 5800 locis
2481 5746 2657 5816 patet.
