4108 6220
357 339 476 399 325

1202 339 1304 402 DE
1345 337 1796 401 CERIMONIIS
1839 334 2085 399 AULE
2123 333 2603 397 BYZANTIN/E
2647 333 2794 396 LIB.
2841 336 2892 396 Ι.

3654 339 3771 400 326

353 474 482 538 τῶν,
543 473 832 547 φοροῦντες
888 467 978 525 καὶ
1037 470 1106 526 τὰ
1161 471 1360 526 σπαθία
1435 470 1636 543 αὐτῶν,
1691 467 1997 545 διέρχονται

2113 469 2505 541 imperatoriis
2535 467 2717 540 portis
2749 467 3038 539 ingresso,
3067 467 3374 524 vestitores
3406 468 3632 528 intrant
3665 476 3767 525 tu-

353 558 576 614 ὄπισθεν
609 563 709 613 τοῦ
753 557 1049 634 βασιλέως,
1094 559 1169 621 ὡς
1216 559 1443 616 εἴθισται
1473 559 1680 616 αὐτοῖς.
1711 559 1773 616 Ὀ
1814 555 1872 613 δέ
1907 564 2008 627 τῆς

356 648 733 708 καταστάσεως
776 647 1035 712 εἰσελθὼν
1073 645 1240 718 δηλοῖ
1284 654 1364 722 τῷ
1410 645 1779 723 πραιποσίτῳ,
1820 646 1895 707 ὡς
1925 646 2010 701 ’ὁτι

356 735 576 813 ἤγγισεν
619 737 648 790 6
699 735 892 811 καιρὸς
937 738 1036 802 τῆς
1086 733 1250 807 λιτῆς
1300 738 1438 811 μετᾶ
1491 741 1590 793 τοῦ
1641 736 2010 811 πατριάρχου,

361 827 390 882 6
421 823 478 881 δὶ
504 824 865 902 πραιπόσιτος
904 824 1163 891 εἰσελθὼν
1211 824 1378 898 δηλοῖ
1406 832 1485 900 τῷ
1534 824 1770 902 βασιλεῖ.
1811 826 1924 882 Τοῦ
1955 819 2012 878 δὶ

364 913 638 993 βασιλέως
674 913 989 989 ἐξελθόντος
1032 912 1094 971 ἐκ
1127 919 1227 972 τοῦ
1277 920 1540 977 κοιτῶνος
1586 912 1758 969 αῦτοῦ
1799 913 1850 968 έν
1892 916 2010 974 τοῖς

359 1005 825 1082 κακηχουμενίοις
873 1005 1100 1081 ὕπερθεν
1149 1010 1258 1061 τῶν
1311 1003 1620 1080 βασιλικῶν
1659 1000 1871 1073 πυλῶν,
1902 1001 2006 1056 εἱσ-

361 1096 620 1172 ἔρχονται
666 1096 719 1150 οἱ
766 1097 1095 1172 βεστήτορες
1141 1095 1232 1151 καὶ
1281 1093 1699 1151 ὑπαλλάσσουσι
1735 1095 1836 1162 την
1866 1089 2012 1166 χλα-

360 1183 484 1240 νίδα
529 1185 626 1241 τὸν
681 1183 932 1260 βασιλέα,
971 1184 1039 1240 τὰ
1088 1181 1146 1240 δὶ
1195 1183 1367 1240 ίκεῖσε
1412 1184 1728 1261 κρεμάμενα
1778 1180 1925 1255 βῆλα
1955 1177 2008 1234 έν

359 1278 479 1338 τοῖς
520 1273 990 1348 κατηχουμενίοις
1035 1268 1486 1350 κουϐικουλάριοι
1517 1276 1790 1329 ποιοῦσιν.
1823 1267 2008 1340 Ἐξελ-

361 1362 521 1428 θόντα
553 1360 610 1418 δὶ
636 1364 730 1418 τὸν
770 1361 998 1438 βασιλέα
1023 1361 1084 1418 ἐκ
1119 1366 1228 1418 τῶν
1274 1361 1464 1438 βήλων
1509 1361 1602 1418 καὶ
1635 1357 2006 1436 δηριγευόμε-

357 1472 446 1508 νον
471 1453 515 1489 ίί
548 1452 652 1508 ὑπὸ
679 1455 788 1506 τῶν
820 1450 1106 1526 ἀρχόντων
1157 1455 1255 1507 τοῦ
1302 1447 1720 1521 κουόουκλείου,
1754 1446 2006 1524 δέχονται

357 1540 530 1597 ἰκεῖσε
579 1536 681 1612 ἔξω
731 1543 830 1596 τοῦ
888 1539 1068 1615 βήλου
1118 1539 1398 1615 πατρίκιοί
1444 1561 1504 1596 τε
1554 1539 1645 1594 καὶ
1688 1537 2005 1613 στρατηγοὶ,

353 1634 442 1688 καὶ
491 1632 743 1695 πεσόντες
801 1628 1184 1708 προσκυνοῦσι,
1247 1631 1338 1686 καὶ
1385 1632 1528 1687 νεύει
1572 1631 1600 1685 6
1643 1627 2007 1706 πραιπόσιτος

352 1720 458 1777 άπὸ
487 1720 789 1785 κελεύσεως
817 1721 907 1777 τὸν
958 1727 1058 1791 τῆς
1099 1719 1496 1789 καταστάσεως,
1544 1719 1792 1780 κάκεῖνος
1827 1716 2000 1793 λέγει’

352 1835 380 1863 ‹‹
415 1810 710 1868 Κελεύσατε
732 1831 745 1846 ·
781 1836 809 1865 ‹‹

2121 557 2433 630 nicamque
2461 555 2899 628 imperatoriam
2933 559 3182 624 mutant,
3210 555 3330 612 vela
3361 561 3553 614 autem
3586 557 3645 612 in
3677 574 3767 614 ca-

2119 647 2484 704 techumenis
2512 645 2854 702 cubicularii
2883 647 3254 718 suspendunt
3293 663 3714 721 egressumque
3735 663 3766 705 ο

2121 737 2264 793 velis
2293 737 2702 810 imperatorem
2735 739 2793 792 et
2824 753 2858 791 a
2886 736 3172 808 praefectis
3194 735 3462 793 cubiculo
3484 737 3765 809 stipatum

2121 826 2347 898 patricii
2380 831 2437 882 et
2475 825 2709 896 strategi
2751 832 2909 880 extra
2939 823 3127 880 velum
3169 825 3470 898 excipiunt
3497 831 3556 882 et
3585 843 3766 898 prono

2119 914 2179 970 in
2230 919 2448 971 terram
2489 913 2652 969 vultu
2697 912 2945 969 adorant
2979 930 2991 968 :
3028 916 3374 986 praepositus
3413 932 3447 971 a
3487 917 3764 972 mandato

2120 1003 2528 1060 cerimoniario
2562 1003 2794 1074 signum
2831 1003 2928 1058 dat
2957 1005 3013 1057 et
3043 1003 3184 1058 dicit
3217 1020 3230 1059 :
3261 1024 3288 1054 α
3318 1003 3591 1072 ἆυδειεςι
3628 1004 3713 1060 illi
3748 1023 3762 1062 :

2119 1117 2148 1144 ‹‹
2179 1093 2244 1150 In
2274 1092 2460 1149 multa
2501 1093 2769 1165 bonaque
2805 1096 3090 1163 tempora,
3118 1115 3144 1146 ιι
3177 1091 3524 1149 acclamant.
3559 1095 3651 1150 Sic
3692 1094 3763 1150 ab

2117 1183 2392 1240 omnibus
2421 1182 2651 1238 tunicas
2681 1181 2872 1238 aureis
2905 1184 3224 1254 segmentis
3254 1182 3623 1254 gestantibus
3653 1185 3764 1239 sti-

2118 1277 2312 1345 patus,
2352 1288 2456 1345 per
2495 1271 2786 1328 cochleam
2828 1271 3146 1341 descendit,
3180 1272 3281 1327 ubi
3324 1273 3514 1344 ipsum
3557 1289 3761 1330 rursus

2118 1363 2177 1418 in
2211 1361 2570 1433 plenitudine
2597 1362 2726 1432 ejus
2749 1361 2976 1432 patricii
3001 1365 3057 1416 et
3072 1360 3305 1432 strategi
3328 1376 3463 1418 cum
3488 1361 3760 1420 universo

2116 1454 2326 1508 senatu
2376 1451 2690 1522 excipiunt,
2735 1454 2791 1505 et
2831 1452 3135 1520 postquam
3191 1465 3394 1506 omnes
3432 1449 3491 1505 in
3540 1455 3758 1508 terram

2114 1538 2510 1611 prociderunt,
2552 1535 2895 1608 praepositus
2937 1553 2971 1591 a
3017 1537 3284 1592 mandato
3328 1537 3646 1594 silentiario
3677 1538 3759 1594 si-

2112 1643 2290 1698 gnum
2339 1627 2476 1693 dat;
2528 1625 2622 1681 hic
2666 1625 2810 1680 dicit
2850 1641 2864 1680 :
2915 1643 2937 1673 ι
2979 1624 3226 1694 Jubete;
3281 1648 3309 1676 »
3358 1625 3469 1698 ipsi
3519 1626 3754 1699 pariter.

2114 1736 2143 1767 ‹‹
2177 1717 2241 1771 In
2272 1713 2456 1770 multa
2488 1714 2755 1786 bonaque
2784 1718 3053 1786 tempora,
3080 1736 3108 1765 »
3145 1716 3193 1771 ei
3227 1716 3576 1774 acclamant.

855 1812 1010 1867 αὐτοὶ
1063 1809 1122 1866 δὲ
1167 1811 1560 1888 ὑπερεύχονται
1607 1810 1692 1880 τὸ,
1748 1831 1776 1860 α
1822 1807 1917 1869 Εἷς
1966 1803 2214 1867 πολλοὺς
2263 1804 2353 1860 καὶ
2403 1802 2643 1881 ἀγαθοὺς
2674 1803 2924 1879 χρόνους.
2963 1827 2988 1856 ε
3024 1803 3121 1861 Καὶ
3167 1801 3593 1882 δηφιγευόμενος
3652 1808 3756 1864 61:6

349 1901 561 1958 πάντων
591 1902 903 1981 φορούντων
933 1901 1003 1955 τὰ
1030 1895 1386 1976 χρυσόταϐλα
1423 1900 1602 1954 αύοῶν
1637 1894 1918 1976 χλανίδια,
1949 1895 2272 1974 κατέρχεται
2310 1894 2402 1950 τὸν
2455 1891 2715 1972 κοχλιᾶν,
2748 1893 2838 1948 καὶ
2889 1891 3143 1972 δέχοντάι
3193 1895 3353 1950 αὐτὸν
3399 1895 3565 1952 πάλιν
3615 1897 3758 1951 έκεῖ-

352 2011 432 2062 σε,
474 1992 650 2067 ἤγουν
698 1990 750 2044 έν
797 1995 878 2062 τῷ
923 1990 1262 2066 πληρώματι
1305 1989 1402 2043 τοῦ
1447 1983 1714 2064 κοχλιοῦ,
1744 1985 2024 2060 πατρίκιοι
2073 2004 2132 2040 τε
2177 1983 2266 2038 καὶ
2327 1982 2624 2058 στρατηγοὶ
2671 1985 2762 2038 σὺν
2815 1984 2958 2057 πάσῃ
2997 1986 3068 2058 τῇ
3133 1981 3448 2058 συγκλήτῳ,
3487 1985 3578 2040 καὶ
3617 1987 3757 2040 πάν-

345 2102 458 2138 των
513 2081 806 2152 πεσόντων,
845 2077 985 2134 νεύει
1027 2080 1055 2134 6
1103 2078 1465 2152 πραιπόσιτος
1511 2077 1619 2132 ἀπὸ
1665 2075 1964 2137 κελεύσεως
2009 2078 2090 2147 τῷ
2133 2075 2504 2150 σιλεντιαρίῳ,
2532 2073 2781 2137 κάκεῖνος
2831 2073 3003 2149 λέγει’
3041 2099 3069 2128 ι(
3124 2074 3422 2132 Κελεύσατε
3455 2096 3468 2109 ·
3520 2103 3548 2131 ››
3600 2078 3754 2135 αὐτοὶ

349 2166 410 2224 δὶ
437 2167 831 2247 ὑπερεύχονται
858 2185 872 2200 ο
909 2189 938 2220 α
972 2167 1066 2229 Εἷς
1096 2165 1350 2228 πολλοὺς
1381 2165 1471 2220 καὶ
1501 2163 1740 2241 ἂγαθοὺς
1766 2165 2023 2240 χρόνους.
2060 2186 2089 2214 ››

423 2259 495 2313 1".
549 2255 984 2332 Δηριγευόμενος
1031 2253 1087 2311 δὲ
1134 2257 1163 2310 6
1208 2253 1462 2331 βασιλεὺς
1510 2253 1619 2309 ἀπὸ
1665 2258 1775 2309 τῶν
1806 2251 1999 2326 ἔκεῖσε,

2183 2252 2280 2308 ΙΙΙ.
2319 2252 2422 2308 His
2471 2252 2885 2310 comitantibus
2925 2253 3244 2326 imperator
3283 2272 3384 2327 per
3413 2258 3755 2316 narthecem

349 2345 630 2423 διέρχεται
679 2343 767 2402 διὰ
813 2350 910 2400 τοῦ
959 2343 1253 2420 νάρθηκος,
1301 2346 1390 2398 καὶ
1439 2341 1669 2414 ἐξελθὼν
1709 2344 1810 2413 τήν
1842 2340 2002 2398 οὖσαν

2109 2342 2342 2407 transit,
2365 2349 2420 2398 et
2449 2357 2479 2398 ο
2509 2349 2674 2415 porta
2703 2342 2899 2414 magni
2923 2342 3124 2416 templi
3147 2343 3532 2415 imperatoriis
3562 2349 3756 2403 obver-

349 2435 574 2511 ἄντικρυ
633 2440 743 2491 τῶν
811 2433 1112 2510 βασιλικῶν
1173 2431 1365 2488 πυλῶν
1421 2435 1521 2486 τοῦ
1581 2430 1823 2508 μεγάλου
1870 2433 2000 2485 ναοῦ

2109 2448 2175 2487 ea
2205 2431 2502 2503 prodiens,
2536 2447 2638 2504 per
2673 2432 2884 2500 gradus
2915 2432 3232 2503 descendit,
3270 2438 3328 2489 et
3357 2435 3425 2489 ad
3459 2435 3752 2492 sinistram

347 2525 555 2596 πύλην,
620 2522 943 2598 κατέρχεται
1000 2523 1068 2578 τά
1113 2519 1411 2596 γραδήλια,
1477 2519 1570 2575 καὶ
1629 2519 1878 2582 ἐκκλίνας
1945 2519 1995 2588 ἐξ

344 2616 651 2688 ἄριστερᾶς,
693 2611 972 2688 ἐξέρχεται
998 2613 1098 2682 τήν
1130 2609 1336 2682 πύλην,
1385 2607 1456 2664 δι’
1484 2609 1552 2679 ἧς
1581 2607 1814 2672 εἴθισται
1845 2608 1994 2680 αύτῷ

344 2706 461 2761 καθ’
511 2704 738 2773 ἑκάστην
783 2699 1108 2776 προέλευσιν
1155 2697 1488 2776 διέρχεσθαι,
1535 2697 1626 2753 καὶ
1659 2698 1866 2768 ἀπαντᾷ
1892 2697 1993 2766 τήν

346 2793 506 2863 λιτὴν
555 2790 608 2847 έν
653 2793 723 2864 τῇ
772 2792 936 2866 μέσῃ,
986 2789 1074 2846 καὶ
1113 2788 1254 2865 ἅψας
1302 2786 1508 2863 γηροὺς
1544 2786 1635 2843 καὶ
1676 2784 1989 2860 εὓξάμενος,

341 2886 636 2958 προσκυνεῖ
677 2881 770 2936 τὸν
819 2881 1006 2954 τίμιον
1056 2879 1147 2936 καὶ
1204 2878 1475 2948 ζωοποιὸν
1519 2878 1748 2953 σταυρὸν
1793 2875 1883 2930 καὶ
1929 2875 1992 2931 τὸ

342 2971 610 3047 ἄχραντον
661 2968 1016 3046 Εὐαγγέλιον,
1061 2968 1176 3024 εἶτα
1230 2968 1700 3042 προσκυνήσαντες
1757 2964 1993 3041 ἀμφότε-

343 3046 453 3138 ροι,
499 3059 530 3116 6'
580 3080 639 3116 τε
673 3058 930 3136 βασιλεὺς
955 3055 1048 3113 καὶ
1097 3057 1125 3112 6
1172 3056 1542 3130 πατριάρχης,
1576 3051 1852 3129 διέρχεται
1890 3046 1992 3126 ἔμ-

340 3151 574 3224 προσθεν
630 3154 730 3218 τῆς
799 3145 981 3216 λιτῆς,
1043 3142 1474 3220 δηριγευόμενος
1532 3141 1636 3197 ὕπὸ
1690 3145 1798 3198 τῶι
1854 3141 1992 3196 κατὰ

343 3241 650 3310 συνήθειαν,
695 3235 784 3293 διὰ
827 3240 926 3293 τοῦ
973 3233 1265 3309 λουτῆρος,
1322 3233 1414 3289 καὶ
1474 3230 1719 3288 ἀνελθὼν
1761 3233 1830 3286 τὰ
1875 3229 1990 3285 εἷσ-

342 3329 544 3403 άγοντα
587 3323 862 3404 γραδήλια
909 3324 963 3379 έν
1003 3328 1083 3396 τῷ
1125 3323 1378 3398 νάρθηκι,
1420 3321 1721 3397 εἰσέρχεται
1770 3317 1846 3383 εἷς
1894 3318 1987 3374 τὸν

342 3417 503 3473 αὐτὸν
550 3417 793 3492 νάρθηκα
839 3415 930 3470 καὶ
976 3411 1256 3483 καθέζεται
1301 3411 1388 3467 ἐπὶ
1429 3409 1654 3466 σελλίου
1694 3413 1904 3485 χρυσοῦ
1935 3407 1986 3478 ἐξ

343 3510 624 3586 ἀριστερᾶς
681 3515 780 3578 τῆς
829 3506 1156 3582 εἷσαγούσης
1212 3504 1320 3560 άπὸ
1385 3508 1494 3559 τῶν
1544 3503 1758 3579 βάθρων
1815 3502 1987 3576 μέσης

2105 2519 2430 2589 declinans,
2474 2535 2574 2592 per
2602 2525 2849 2592 portam,
2885 2537 2986 2592 per
3016 2538 3189 2592 quam
3235 2523 3431 2594 egredi
3461 2523 3519 2578 in
3561 2529 3753 2580 omni-

2103 2609 2218 2664 bus
2240 2608 2708 2679 processionibus
2729 2609 2895 2673 solet,
2920 2607 3056 2675 exit,
3086 2609 3146 2664 in
3175 2611 3363 2666 media
3393 2612 3750 2682 processioni

2103 2699 2375 2765 occurrit,
2419 2702 2475 2754 et
2505 2713 2637 2753 cum
2671 2697 2850 2754 cereis
2880 2697 3228 2754 ardentibus
3259 2705 3546 2771 precatus,
3578 2719 3751 2758 vene-

2101 2788 2342 2844 randam
2385 2791 2441 2843 et
2470 2785 2759 2843 viviticam
2802 2802 3027 2844 crucem
3071 2792 3454 2861 sanctumque
3491 2793 3748 2864 Evange-

2102 2876 2245 2932 lium
2277 2875 2501 2933 adorat.
2537 2873 2850 2946 Postquam
2890 2892 3022 2932 vero
3063 2875 3380 2950 imperator
3418 2881 3476 2934 et
3505 2881 3748 2952 patriar-

2101 2964 2212 3021 cha
2241 2980 2304 3020 se
2335 2963 2582 3023 invicem
2613 2965 2954 3031 adorarunt,
2988 2963 3083 3020 ille
3115 2982 3246 3021 cum
3282 2966 3527 3023 solemni
3561 2969 3743 3025 comi-

2100 3061 2221 3111 tatu
2272 3069 2374 3124 per
2404 3052 2808 3124 baptisterium
2858 3059 2994 3109 ante
3034 3054 3459 3124 processionem
3515 3059 3742 3125 transit,

2099 3146 2156 3198 et
2202 3148 2510 3213 postquam
2561 3157 2663 3212 per
2711 3139 2923 3196 scalam
2973 3142 3264 3197 narthecia
3313 3143 3594 3212 ascendit,
3641 3146 3737 3200 Ol

2095 3231 2291 3303 ipsum
2325 3229 2659 3286 narthecem
2690 3227 2870 3285 intrat
2898 3228 3096 3300 ibique
3119 3229 3188 3286 ad
3212 3229 3513 3286 sinistram
3538 3232 3741 3288 media

2099 3322 2297 3390 portze,
2342 3333 2470 3388 qua:
2518 3333 2552 3372 a
2598 3313 2775 3371 scalis
2822 3315 3001 3384 ducit,
3048 3315 3106 3372 in
3158 3315 3296 3372 sella
3345 3333 3522 3373 aurea
3559 3318 3741 3390 sedet,

2097 3424 2286 3480 usque
2316 3407 2456 3461 dum
2488 3404 2820 3479 patriarcha
2856 3421 2989 3461 cum
3024 3405 3394 3478 processione
3422 3408 3737 3480 advenerit,

2096 3501 2461 3570 exspectans.
2512 3497 2632 3561 Quo
2678 3495 2846 3563 facto,
2897 3495 3038 3552 dum
3086 3497 3414 3553 veneranda
3460 3513 3595 3554 crux
3641 3514 3742 3570 per

340 3583 548 3669 πύλης,
577 3595 942 3672 ἐκδεχόμενος
991 3594 1189 3670 μέχρις
1239 3592 1300 3648 ἃν
1348 3587 1630 3667 καταλάϐῃ
1661 3593 1690 3647 6
1719 3591 1982 3667 πατριάρ-

2105 3587 2399 3643 sinistram
2433 3590 2658 3656 portam
2698 3584 2864 3641 scala:
2905 3583 3244 3658 ingressura
3273 3593 3381 3654 est,
3413 3587 3603 3659 surgit
3630 3586 3740 3645 im-

2387 3678 2432 3695 _.
2476 3674 2814 3695 ---μμ-ι-
2849 3676 3164 3695 μιξεηᾼ-
3217 3692 3298 3695 -μ
3363 3693 3408 3695 η
3457 3677 3470 3695 ι
3631 3679 3642 3690 .

342 3709 452 3767 χης
481 3687 614 3762 μετὰ
643 3686 824 3756 λιτῆς.
854 3685 956 3742 Καὶ
999 3683 1194 3739 τούτου
1233 3681 1526 3759 γινομένου
1556 3681 1644 3736 καὶ
1679 3680 1986 3754 μέλλοντος

340 3782 438 3834 τοῦ
493 3776 678 3849 τιμίου
734 3778 968 3848 σταυροῦ
1027 3773 1366 3848 εἷσέρχεσθαι
1413 3774 1513 3842 τὴν
1562 3770 1841 3845 εὐώνυμον
1879 3775 1989 3826 τῶν

341 3863 657 3944 γραδηλίων
713 3862 915 3935 πύλην,
969 3862 1245 3918 ἀνίσταται
1295 3862 1323 3917 6
1379 3858 1655 3937 βασιλεὺς,
1690 3861 1782 3914 καὶ
1831 3858 1988 3914 ἀνελ-

343 3955 528 4018 θόντος
556 3960 654 4010 τοῦ
685 3953 1030 4029 πατριάρχου
1059 3952 1127 4007 τὰ
1153 3947 1453 4028 γραδήλια,
1485 3950 1782 4023 ἀπέρχεται
1825 3949 1854 4003 6
1889 3948 1989 4023 βα-

344 4043 526 4106 σιΑεὺς
565 4044 700 4116 μετὰ
743 4046 843 4098 τοῦ
889 4041 1258 4116 πατριάρχου,
1303 4039 1394 4094 καὶ
1445 4039 1488 4077 ¹²
1529 4035 1777 4092 ’ίστανται
1807 4035 1989 4116 ἀμφόο

339 4153 492 4209 τεροι
522 4132 574 4188 έν
606 4137 686 4206 τῷ
716 4129 862 4204 ούδῷ
896 4134 942 4168 ¹³
982 4134 1091 4187 τῶν
1145 4126 1444 4205 βασιλικῶν
1471 4126 1684 4195 πυλῶν,
1716 4126 1806 4180 καὶ
1837 4126 1865 4180 6
1897 4125 1990 4199 μὲν

345 4222 602 4300 βασιλεὺς
634 4223 772 4298 ἅψας
797 4220 1003 4297 κηροὺς
1035 4217 1278 4294 εὔχεται,
1310 4219 1338 4274 6
1371 4215 1430 4274 δὶ
1461 4215 1811 4294 πατριάρχης
1841 4212 1992 4271 τελεῖ

339 4315 440 4384 τῆν
489 4311 658 4388 εύχὴν
712 4317 814 4382 τῆς
871 4306 1085 4366 εἰσόδου
1139 4314 1240 4378 τῆς
1291 4308 1438 4372 θείας
1485 4305 1850 4382 λειτουργίας,
1898 4305 1988 4359 καὶ

341 4402 630 4476 εὐξάμενος
662 4403 690 4456 6
724 4398 981 4477 βασιλεὺς
1009 4395 1292 4455 ἐπιδίδωσι
1331 4397 1400 4454 τά
1446 4396 1614 4472 κηρία
1640 4397 1720 4470 τῷ
1750 4415 1990 4471 πραιπο-

342 4493 496 4565 σίτῳ·
529 4490 875 4560 τελεσθείσης
908 4486 967 4544 δὶ
993 4487 1084 4544 καὶ
1129 4495 1230 4558 τῆς
1281 4487 1458 4562 εὐχῆς
1493 4489 1557 4558 ³⁸,
1608 4490 1900 4560 προσκυνεῖ
1925 4484 1988 4540 :6

341 4583 612 4657 ἄχραντον
665 4575 1002 4655 Εὖαγγέλιον
1062 4575 1153 4632 καὶ
1199 4575 1292 4632 τὸν
1346 4574 1531 4649 τίμιον
1586 4576 1834 4650 σταυρόν.
1884 4573 1988 4631 Καὶ

339 4663 749 4741 ἐπιλαϐομένου
776 4671 874 4722 τοῦ
911 4664 1182 4740 βασιλέως
1210 4671 1311 4735 τῆς
1360 4665 1550 4740 χειρὸς
1588 4664 1686 4720 τοῦ
1725 4663 1989 4739 πατριάρ-

342 4780 468 4833 χου,
501 4756 816 4832 διέρχονται
864 4755 1025 4828 μέσον
1073 4758 1170 4810 τοῦ
1215 4758 1347 4809 ναοῦ
1394 4754 1484 4809 καὶ
1533 4750 1622 4808 διὰ
1668 4755 1766 4822 τῆς
1815 4749 1987 4821 δεξιᾶς

2101 3681 2346 3748 perator,
2379 3678 2436 3729 et
2468 3674 2817 3730 ascendente
2849 3676 3175 3744 patriarcha
3215 3692 3317 3748 per
3353 3677 3594 3743 scalam,
3629 3679 3740 3734 im—

2099 3769 2326 3835 perator
2354 3779 2487 3818 cum
2522 3763 2852 3834 patriarcha
2884 3765 3120 3829 recedit,
3153 3769 3210 3819 et
3239 3767 3409 3820 ambo
3442 3767 3498 3820 in
3539 3765 3743 3823 limine

2096 3851 2599 3927 imperatoriarum
2636 3856 2929 3920 portarum
2973 3852 3321 3920 subsistunt,
3353 3852 3450 3907 ubi
3491 3854 3744 3924 impera-

2095 3947 2188 4000 tor
2215 3941 2450 4014 quidem
2497 3955 2631 3994 cum
2663 3939 2926 3996 accensis
2957 3940 3138 3995 cereis
3175 3946 3461 4012 precatur,
3495 3941 3741 4013 patriar-

2096 4031 2209 4088 cha
2249 4038 2442 4085 autem
2471 4041 2670 4098 preces
2709 4026 2982 4082 introitus
3012 4027 3192 4082 divini
3222 4029 3395 4084 ofﬁcii
3430 4030 3653 4096 recitat,
3685 4036 3742 4086 et

2097 4127 2364 4192 precatus
2413 4115 2729 4187 imperator
2757 4131 2949 4171 cereos
2980 4117 3288 4188 praeposito
3320 4118 3496 4173 tradit
3528 4135 3541 4173 :
3578 4119 3742 4174 finita

2097 4207 2450 4283 precatione,
2495 4207 2762 4260 sanctum
2809 4204 3184 4276 Evangelium
3233 4223 3296 4262 ac
3347 4209 3740 4264 venerandam

2098 4314 2327 4356 crucem
2367 4295 2590 4352 adorat.
2623 4291 2756 4349 Mox
2787 4293 3172 4366 patriarcham
3207 4311 3381 4351 manu
3436 4295 3743 4368 prehendit

2097 4403 2333 4461 unaque
2363 4401 2494 4442 cum
2526 4399 2592 4438 co
2633 4397 2734 4454 per
2785 4383 3038 4440 medium
3070 4384 3353 4458 templum
3386 4389 3444 4442 et
3473 4387 3740 4444 dextrum

2097 4477 2366 4536 ambonis
2409 4473 2565 4530 latus
2609 4473 2826 4530 soleam
2877 4473 3076 4541 intrat,
3110 4478 3168 4530 et
3197 4476 3268 4530 ad
3300 4492 3490 4532 sacras
3527 4475 3740 4547 januas

2099 4567 2408 4638 progressi,
2441 4565 2770 4639 patriarcha
2809 4561 3156 4629 sacrarium,
3201 4581 3363 4637 seque
3392 4582 3458 4621 ac
3488 4567 3741 4638 impera-

2097 4664 2208 4728 tor,
2260 4661 2568 4728 postquam
2621 4657 2892 4726 precatus
2945 4656 3035 4708 est
3082 4657 3140 4708 et
3188 4668 3384 4710 cereos
3433 4654 3739 4726 praeposito

2102 4746 2283 4812 dedit,
2328 4745 2675 4816 ingreditur.
2726 4741 3060 4798 Sacrarium
3118 4741 3477 4813 ingressuro,
3527 4747 3741 4798 metro-

337 4830 702 4922 πλαγίας-τοῦ
753 4839 1011 4919 ἅμὸωνος
1057 4843 1399 4922 εἰσέρχονται
1447 4845 1502 4897 ἐν
1549 4845 1620 4916 τῇ
1665 4840 1870 4912 σωλέᾳ,
1898 4839 1989 4896 καὶ

2105 4836 2292 4913 politae
2323 4839 2560 4890 sanctas
2583 4832 2796 4902 juanas
2832 4846 2932 4900 pro
2968 4845 3124 4886 more
3156 4830 3460 4899 inclinant,
3494 4835 3550 4887 et
3581 4835 3740 4902 post-

340 4935 687 4992 ἀπελθόντων
723 4932 891 5013 μέχρι
936 4937 1044 4989 τῶν
1093 4933 1230 5010 άγίω
1262 4934 1462 5008 θυρῶν,
1509 4933 1538 4987 6
1592 4931 1685 5006 μὲν
1719 4929 1983 5006 πατριάρ-

2095 4941 2272 5001 quam
2305 4939 2504 4978 cruces
2533 4921 2617 4977 eis
2648 4919 2852 4975 affixas
2876 4919 3158 4988 adoravit,
3185 4921 3504 4976 sacrarium
3541 4920 3737 4987 intrat,

1696 5079 1939 5136 VARl/E
1977 5071 2388 5134 LECTIONES.

416 5216 456 5252 ¹¹
487 5209 922 5288 δηριγευομένων
956 5209 1108 5288 οοᾲη
1141 5213 1195 5268 et
1227 5225 1358 5267 mox
1390 5203 1642 5286 δέχονται
1673 5205 1832 5262 αὑτὸν
1866 5203 1944 5261 ἐκ.
2024 5204 2070 5242 ¹²
2098 5202 2165 5258 τὰ
2196 5195 2560 5276 γραδήΛια-
2589 5191 2956 5268 πατριάρχου,
2987 5193 3076 5248 καὶ
3108 5211 3224 5252 om.
3257 5195 3348 5252 ed.
3427 5195 3470 5232 ¹³
3512 5197 3580 5270 τῇ
3631 5191 3742 5269 ὁδῷ

337 5287 427 5344 ed.
509 5281 642 5339 ιδ’δὲ
671 5281 770 5354 τῆς
801 5281 971 5358 εύχῆς
1001 5286 1090 5340 ed.

1363 5429 1565 5486 JOAN.
1606 5428 1754 5485 JAC.
1796 5425 2067 5483 REISKII
2105 5415 2700 5480 COMMENTARIUS.

332 5562 622 5616 deserere.
659 5555 835 5614 Paulo
876 5559 1011 5613 ante
1049 5557 1246 5626 tamen
1281 5569 1337 5626 p.
1378 5551 1585 5626 59,_ait
1631 5549 1984 5626 βασταζοντεξ

333 5627 650 5706 διστράλια,
707 5630 1002 5706 φοροῦντι-ς
1049 5622 1139 5679 κωὶ
1188 5624 1256 5706 τᾷ
1281 5620 1596 5706 ξσκουτάρια
1632 5620 1987 5706 aliain-ubi

339 5693 859 5778 βαστάζεινρὸίὶὶιε
890 5700 1156 5753 videatur
1186 5695 1296 5752 dici
1345 5693 1616 5752 debuisse
1656 5694 1726 5750 de
1757 5693 1940 5750 scutis
1973 5709 1988 5760 ;

2097 5546 2212 5605 nisi
2242 5546 2388 5602 forte
2409 5556 2734 5616 non_manu
2767 5556 2834 5596 ea
2857 5539 3226 5616 libraverint,
3235 5545 3293 5598 et
3312 5541 3524 5616 librata
3552 5545 3742 5616 gesta-

2098 5619 2306 5686 verint,
2341 5615 2438 5672 sed
2471 5631 2500 5670 e
2530 5611 2670 5669 loris
2697 5611 3087 5684 dependentia
3116 5629 3183 5670 ex
3213 5613 3497 5672 humeris.
