4108 6220
339 345 453 403 327

1412 335 1941 397 CONSTANTINI
1987 335 2681 397 PORPHYROGENITI

3627 328 3747 389 323

336 475 722 546 precatusque
750 471 1060 526 instratum
1086 468 1238 524 sacri
1265 466 1485 535 altaris,
1515 471 1579 522 ut
1600 468 1769 536 solet,
1788 470 1976 523 mutat

2090 485 2200 542 χης
2234 465 2537 540 εἰσέρχεται
2583 461 2658 524 είς
2706 462 2769 516 τὸ
2824 458 3233 533 θυσιαστήριον,
3295 457 3323 510 6
3382 454 3439 511 δὶ
3481 456 3742 533 βασιλεὺς

336 562 504 634 eique
535 559 944 631 apocombium
975 556 1239 627 imponit,
1272 560 1330 613 et
1355 572 1481 612 cum
1517 555 1845 627 patriarcha
1877 572 1979 627 per

340 651 606 706 dextrum
638 646 875 703 sacrarii
916 645 1067 701 latus
1098 646 1168 701 ad
1210 650 1440 702 sanctas
1473 646 1690 717 januas
1728 645 1977 701 bematis

340 738 607 795 discedit.
642 740 864 794 Interea
912 736 1237 807 patriarcha
1284 736 1357 791 ad
1388 736 1800 793 celebrandum
1832 735 1976 791 divi-

338 846 480 886 num
514 826 769 883 ofticium
811 826 870 885 in
903 826 1157 883 sacrario
1189 830 1406 895 manet,
1437 825 1753 899 imperator
1782 829 1976 881 autem

336 918 471 973 inde
528 933 823 989 egressus,
878 932 976 988 per
1035 916 1187 973 latus
1232 916 1488 989 gynaecei
1546 916 1777 985 transit,
1837 916 1977 971 dum

338 1006 565 1063 interim
617 1006 846 1078 patricii
891 1016 1050 1062 extra
1093 1010 1318 1078 portam
1353 1005 1600 1062 cochleae
1645 1021 1779 1061 cum
1829 1009 1979 1061 stra-

336 1096 503 1170 tegis,
537 1096 966 1163 cerimoniario,
1009 1095 1348 1151 silentiariis
1406 1104 1459 1152 et
1515 1099 1743 1165 senatu,
1790 1096 1981 1150 fausta

338 1183 673 1254 imperatori
704 1182 1176 1254 apprecantibus,
1208 1183 1466 1240 adstant.

2090 554 2379 628 εὐξάμενος
2422 556 2512 611 καὶ
2561 552 2782 616 ἐπιδοὺς
2831 551 2910 623 τῷ
2958 548 3306 625 πραιποσίτῳ
3348 546 3475 612 τοὺς
3505 552 3733 623 κηροὺς,

2088 643 2409 719 εἰσέρχεται·
2460 642 2649 700 Ἡνίκα
2696 640 2753 695 δέ
2806 639 2997 713 μέλλει
3053 638 3390 714 εἱσέρχεσθαι
3426 637 3500 699 εἰς
3542 639 3605 692 τὸ
3638 640 3732 692 θυ-

2089 737 2427 810 σιαστήριον,
2478 732 2856 810 ἐπιρῥέπουσιν
2917 731 2968 785 οἱ
3030 728 3435 803 μητροπολῖται
3483 730 3620 783 κατᾶ
3671 729 3734 784 τὸ

2086 817 2205 886 ἔθος
2234 824 2299 879 τὰ
2331 825 2457 898 ’ἁγια
2490 822 2647 897 θύρια
2699 822 2835 896 πρὸς
2886 820 2977 875 τὸν
3028 817 3276 895 βασιλέα,
3310 818 3396 873 καὶ
3428 820 3737 893 προσκυνή-

2087 934 2181 975 σας
2233 914 2259 967 ὁ
2315 912 2568 988 βασιλεὺς
2610 912 2737 975 τοὺς
2786 910 2866 965 ἐπ’
2916 908 3104 970 αὐταῖς
3144 908 3530 983 πεπαρμένους
3577 927 3739 961 σταυ-

2090 1001 2239 1075 ροὺς,
2289 1002 2592 1077 εἰσέρχεται
2638 1001 2712 1064 εἷς
2766 1002 2827 1055 τὸ
2868 1001 3274 1073 θυσιαστήριον,
3318 997 3406 1053 καὶ
3452 996 3744 1071 εὐξάμενος

2090 1089 2404 1161 ὑπαλλάξας
2456 1092 2554 1161 τὴν
2600 1090 2757 1165 ἁγίαν
2809 1088 3100 1162 τράπεζαν,
3150 1088 3225 1149 ὡς
3290 1086 3515 1143 εἴθισται
3568 1086 3737 1159 αὐτῷ,

2086 1180 2297 1251 τίθησιν
2331 1179 2415 1236 ἐπ’
2446 1180 2584 1254 αὐτῇ
2632 1173 2981 1252 ἀποκόμϐιον
3028 1178 3119 1232 γαὶ
3164 1174 3437 1252 διέρχεται
3475 1175 3611 1249 μετᾶ
3637 1181 3735 1231 τοῦ

336 1268 678 1347 πατριάρχου
718 1267 807 1324 διὰ
852 1277 951 1339 τῆς
1001 1268 1242 1346 πλαγίας
1290 1275 1387 1324 106
1437 1268 1822 1341 θυσιαστηρίου
1872 1268 1931 1323 ἐκ
1979 1267 2167 1341 δεξιῶν
2221 1272 2388 1346 μέχρι
2436 1274 2543 1325 τῶν
2606 1269 2774 1347 ἁγίων
2842 1271 3019 1342 θυρῶν
3071 1272 3167 1323 106
3236 1268 3510 1341 βήματος.
3562 1267 3659 1320 Καὶ
3706 1267 3734 1320 6

337 1361 433 1433 μέν
477 1358 826 1433 πατριάρχης
878 1357 1023 1432 μένει
1074 1358 1123 1412 ἐν
1169 1363 1247 1429 τῷ
1296 1358 1665 1433 θυσιαστηρίῳ
1710 1358 1847 1432 πρὸς
1897 1357 1958 1412 16
2005 1356 2281 1413 ἐκτελέσαι
2326 1359 2428 1428 τὴν
2480 1357 2624 1422 θείαν
2675 1357 3042 1432 Λειτουργίαν,
3094 1357 3122 1409 ὁ
3172 1352 3228 1409 δὲ
3282 1353 3536 1429 βασιλεὺς
3584 1352 3737 1424 ἐξελ-

332 1450 436 1512 θὼν
494 1447 553 1503 ἐκ
594 1452 690 1503 106
741 1447 1128 1521 θυσιαστηρίου
1176 1444 1449 1523 διέρχεται
1503 1444 1591 1501 διὰ
1638 1452 1737 1514 τῆς
1788 1444 2027 1522 πλαγίας
2072 1451 2168 1501 106
2224 1447 2555 1521 γυναικίτου,
2588 1447 2641 1501 οἱ
2692 1444 2749 1500 δὲ
2796 1446 3074 1521 πατρίκιοι
3103 1442 3353 1498 τίστανται
3399 1438 3593 1515 ἔξωθεν
3638 1449 3740 1512 τῆς

329 1536 507 1605 πύλης
559 1539 655 1599 τῆς
711 1536 1031 1612 εἶσαγοόσης
1073 1537 1149 1599 εἷς
1197 1537 1289 1591 τὸν
1339 1534 1575 1610 κοχλιᾶν
1632 1537 1765 1610 μετᾶ
1812 1540 2157 1613 στρατηγῶν,
2207 1544 2306 1606 τῆς
2353 1537 2727 1596 καταστάσεώς
2779 1555 2835 1590 τε
2882 1535 2973 1589 καὶ
3025 1531 3421 1606 σιλεντιαρίων,
3457 1532 3591 1605 μετᾶ
3636 1539 3738 1601 τῆς

331 1626 638 1703 συγκλήτου
671 1627 1101 1701 ὕπερευχόμενοι
1132 1625 1223 1679 τὸν
1259 1623 1507 1699 βασιλέα.

402 1718 495 1772 IV.
529 1717 651 1782 Hic,
689 1735 722 1772 a
752 1717 1035 1789 praefectis
1068 1716 1322 1772 cubiculi
1355 1720 1411 1771 et
1441 1714 1833 1787 imperatoriis
1864 1713 1975 1769 mi-

2154 1714 2227 1770 A'.
2276 1716 2335 1771 Ὁ
2384 1712 2441 1769 δὲ
2488 1714 2764 1790 βασιλεὺς,
2812 1711 3233 1789 δηριγευόμενος
3268 1711 3371 1766 ὑπὸ
3399 1731 3456 1766 τε
3493 1716 3602 1767 τῶν
3632 1710 3731 1787 ἀρ-

332 1807 537 1862 nistris
586 1806 862 1877 stipatus,
897 1822 994 1876 per
1038 1810 1323 1861 secretam
1374 1803 1669 1860 cochleam
1715 1804 1977 1861 ascendit

328 1900 385 1951 et
415 1894 722 1967 capellam,
755 1894 851 1949 ubi
883 1897 938 1950 et
968 1894 1225 1950 divinam
1254 1893 1554 1967 liturgiam
1586 1892 1855 1963 celebrat,
1888 1891 1979 1948 in-

328 1984 611 2057 greditur,
644 1983 865 2055 ibique,
889 1984 939 2040 si
970 1983 1081 2055 ipsi
1114 1983 1319 2054 placet,
1345 1982 1763 2055 patriarcham,
1790 1997 1979 2054 usque

331 2076 473 2130 dum
497 2077 751 2145 tempus,
770 2090 884 2144 quo
908 2090 1118 2129 mensa:
1143 2070 1977 2144 accumbit,appropinquavit,

331 2167 629 2236 exspectat
664 2180 677 2219 :
709 2163 800 2218 sin
834 2162 1052 2231 minus,
1084 2178 1188 2234 per
1226 2160 1691 2228 catechumenia,
1724 2178 1758 2217 a
1805 2160 1979 2216 dictis

331 2253 602 2325 stipatus,
635 2252 847 2308 transit
872 2268 1167 2323 suumque
1203 2250 1535 2307 cubiculum
1570 2250 1732 2322 petit.
1759 2255 1981 2322 Appro-

328 2341 653 2415 pinquante
702 2341 945 2398 convivii
980 2345 1265 2413 tempore,
1302 2340 1508 2395 iisdem
1542 2338 1977 2405 comitantibus,

325 2449 357 2489 e
387 2432 660 2489 cubiculo
682 2433 755 2489 ad
779 2432 1241 2499 catechumenia,
1265 2431 1368 2486 ubi
1396 2439 1450 2486 et
1468 2430 1803 2486 veneranda
1825 2446 1983 2485 men-

331 2538 395 2577 sa
424 2539 531 2578 sua
563 2526 702 2591 stat,
741 2521 1023 2593 procedit.
1051 2521 1152 2577 θα
1190 2519 1498 2575 Invitatum
1550 2521 1620 2575 ad
1655 2519 1980 2575 convivium

333 2610 726 2681 patriarcham
777 2610 1026 2682 praefecti
1058 2608 1325 2665 cubiculo
1366 2625 1498 2663 cum
1539 2608 1909 2664 cubiculariis
1950 2624 1983 2663 a

337 2699 613 2753 mandato
643 2697 703 2754 in
736 2698 986 2763 cochlea,
1014 2714 1114 2767 per
1142 2713 1318 2769 quam
1354 2697 1608 2767 primum
1643 2696 1979 2768 imperator,

339 2792 649 2857 antequam
700 2787 1088 2859 processionis
1136 2792 1372 2857 tempus
1410 2790 1668 2856 venerat,
1702 2789 1981 2841 ascende-

338 2881 451 2946 rat,
473 2876 769 2948 excipiunt
790 2890 1042 2947 eumque
1065 2890 1169 2949 per
1194 2875 1615 2932 catechumena
1644 2875 1939 2931 adducunt
1967 2891 1980 2929 :

338 2966 641 3039 ingressus
689 2981 821 3022 cum
854 2966 1204 3037 imperatore
1234 2969 1525 3021 versatur.
1559 2964 1779 3020 lntrant
1808 2963 1982 3020 etiam

334 3055 666 3112 sacerdotes
697 3061 749 3110 et
782 3053 1039 3110 stichum
1081 3054 1326 3121 faciunt,
1359 3057 1708 3127 acceptoque
1731 3052 1980 3125 patriar-

333 3146 453 3204 cha
502 3146 861 3220 omophorio,
907 3149 1159 3215 exeunt;
1208 3145 1521 3217 imperator
1559 3150 1617 3201 et
1660 3144 1982 3216 patriarcha

331 3252 545 3293 mensa:
576 3237 857 3292 assident.
883 3235 989 3302 Qui
1021 3238 1331 3306 postquam
1363 3234 1564 3302 semel,
1588 3238 1652 3290 ut
1680 3234 1822 3305 ipsis
1854 3250 1979 3289 mos

331 3329 440 3392 est,
472 3328 676 3397 potum
721 3338 1048 3394 sumpsere,
1084 3322 1302 3378 intrant
1351 3321 1544 3389 amici,
1591 3321 1979 3393 omnibusque

333 3428 549 3468 mensaa
597 3412 809 3467 ritibus
857 3410 1117 3479 servatis,
1166 3413 1412 3481 surgunt
1459 3413 1516 3465 et
1557 3410 1975 3481 egrediuntur;

332 3518 465 3557 mox
506 3501 823 3572 imperator
860 3515 1089 3570 quoque
1138 3502 1194 3553 et
1224 3497 1571 3568 patriarcha,
1603 3498 1703 3569 qui
1753 3513 1979 3553 reman-

330 3592 547 3656 serant,
570 3605 603 3644 a
624 3588 905 3656 convivio,
930 3591 1230 3658 postquam
1256 3587 1447 3641 adhuc
1470 3586 1648 3642 semel
1674 3587 1970 3655 biberunt,

328 3682 597 3750 surgunt.
648 3677 744 3733 Sic
802 3680 1179 3749 posteaquam
1231 3691 1293 3731 se
1339 3675 1585 3731 invicem
1636 3676 1970 3742 adorarunt,

326 3766 657 3839 patriarcha
709 3765 1022 3837 egreditur,
1051 3781 1225 3836 quem
1282 3763 1355 3819 ad
1405 3764 1619 3820 dictam
1679 3763 1971 3821 cochleam

328 3856 585 3929 praefecti
614 3855 877 3911 cubiculo
908 3854 1263 3910 conducunt.
1290 3853 1613 3926 Imperator
1642 3870 1674 3909 a
1705 3852 1972 3909 cubiculo

326 3944 611 4017 praefectis
665 3948 722 4000 et
778 3943 1168 4014 imperatoriis
1227 3942 1514 3999 ministris
1572 3942 1845 4015 stipatus,
1898 3942 1969 3998 ad

328 4050 500 4090 suum
546 4032 883 4090 cubiculum
916 4032 1050 4101 abit,
1084 4040 1314 4104 tempus
1354 4032 1740 4104 processionis
1771 4048 1971 4103 exspe-

326 4128 511 4181 ctans.
562 4126 683 4190 Quo
736 4122 1258 4195 appropinquante,
1308 4139 1339 4178 e
1397 4122 1663 4179 cubiculo
1732 4140 1839 4179 suo
1899 4123 1969 4178 ad

325 4214 743 4271 catechumena
764 4228 943 4284 super
962 4212 1368 4282 imperatorias
1391 4216 1584 4282 portas
1607 4211 1748 4280 abit,
1773 4212 1972 4283 ibique

324 4309 561 4371 vestem,
590 4318 765 4373 quam
798 4302 903 4357 hoc
934 4301 1174 4357 induere
1207 4300 1349 4356 festo
1381 4300 1542 4369 solet,
1577 4301 1793 4355 sumit:
1829 4318 1969 4372 pra:-

327 4390 552 4461 positus
582 4392 787 4445 tiaram
822 4389 999 4461 capiti
1031 4390 1155 4459 ejus
1183 4387 1454 4459 imponit,
1485 4388 1609 4460 ipse
1637 4405 1669 4443 a
1701 4389 1968 4446 cubiculo

2092 1804 2307 1878 χόντων
2349 1808 2445 1859 106
2474 1799 2866 1859 κουϐουκλείου
2913 1804 2999 1858 καὶ
3051 1808 3159 1857 τῶν
3214 1799 3509 1877 βασιλικῶν
3539 1801 3736 1856 οἰκεια-

2090 1897 2223 1963 κῶν,
2256 1892 2541 1969 ἀνέρχεται
2572 1890 2662 1948 διὰ
2706 1898 2801 1948 106
2839 1896 3106 1966 μυστικοῦ
3152 1890 3391 1969 κοχλιοῦ
3443 1890 3532 1945 καὶ
3563 1888 3735 1963 εἰσερ-

2090 2002 2246 2058 χεται
2279 1983 2355 2047 εἷς
2399 1983 2462 2038 τὸ
2509 1983 2926 2058 παρακυπτικὸν
2988 1985 3124 2056 (36),
3184 1977 3309 2045 ἔνθα
3336 1980 3425 2035 καὶ
3464 1981 3563 2049 τὴν
3596 1979 3740 2035 θείαν

2091 2069 2436 2148 λειτουργίαν
2493 2070 2662 2127 τελεῖ·
2724 2070 2813 2126 καὶ
2871 2072 2917 2126 εἰ
2978 2072 3073 2145 μὶν
3130 2069 3341 2126 κελεύει
3381 2071 3409 2125 6
3458 2066 3735 2144 βασιλεὺς,

2091 2158 2372 2236 ἐκδέχεται
2424 2159 2593 2215 ἐκεῖσε
2640 2162 2731 2216 τὸν
2780 2160 3151 2236 πατριάρχην,
3207 2156 3404 2234 μέχρις
3454 2157 3513 2213 ἃν
3570 2177 3735 2214 κατα-

2092 2244 2235 2323 λάϐῃ
2268 2252 2364 2304 106
2396 2244 2723 2322 ἆκουμϐίσαι
2756 2251 2871 2322 (37)
2901 2248 3060 2303 αὐτὸν
3108 2248 3160 2303 έν
3212 2252 3278 2321 τῇ
3310 2245 3566 2321 τραπέζῃ,
3600 2245 3649 2301 εἷ’
3681 2242 3734 2299 δὲ

2095 2339 2169 2411 μή
2204 2358 2288 2414 γε,
2318 2335 2592 2415 διέρχεται
2616 2335 2705 2393 διὰ
2732 2343 2841 2393 τῶν
2870 2336 3352 2413 κατηχουμενίων,
3378 2333 3731 2412 δηριγευόμε-

2090 2446 2182 2488 νος
2239 2426 2341 2480 ὑπὸ
2412 2430 2519 2481 τῶν
2578 2428 2983 2502 πρειρημένων,
3044 2426 3135 2482 καὶ
3194 2425 3484 2499 ἀπέρχεται
3546 2422 3596 2477 ἐν
3654 2427 3733 2495 τῷ

2091 2520 2313 2569 κοιτῶνι
2347 2514 2529 2570 αὐτοῦ.
2571 2514 2760 2572 Ἠνίκα
2810 2512 2867 2570 ὃὶ
2912 2509 3195 2588 καταλάϐῃ
3226 2515 3253 2569 ὁ
3280 2517 3377 2569 106
3418 2512 3737 2585 κλητωρίου

2091 2603 2298 2678 καιρὸς,
2347 2601 2622 2678 ἐξέρχεται
2663 2605 2690 2657 ὁ
2744 2602 3002 2678 βασιλεὺς
3052 2602 3158 2658 ἀπὸ
3204 2606 3300 2657 106
3347 2605 3609 2664 κοιτῶνος
3638 2600 3733 2654 αὖ·

2090 2695 2208 2760 106,
2243 2689 2671 2767 δηριγευόμενος
2704 2692 2791 2747 ὑπ’
2824 2690 3018 2762 αὐτῶν,
3065 2691 3156 2746 καὶ
3203 2691 3502 2769 ἀπέρχεται
3534 2688 3586 2745 ἒν
3617 2694 3733 2750 τοῖς

2091 2782 2575 2855 κατηχουμενίοις,
2626 2778 2678 2835 έν
2721 2782 2803 2843 οἷς
2847 2780 2935 2835 καὶ
2984 2783 3018 2850 ἡ
3070 2782 3230 2854 τιμία
3260 2781 3497 2855 τράπεζα
3520 2776 3737 2834 ’ίσταται

2093 2870 2281 2925 αὐτοῦ.
2343 2873 2441 2924 Καὶ
2500 2867 2567 2937 δὴ
2625 2864 3032 2932 καταλαϐόντος
3090 2874 3187 2925 106
3244 2869 3591 2944 πατριάρχου
3630 2867 3737 2922 ἀπὸ

2091 2957 2510 3033 προσκλήσεως,
2556 2955 2805 3033 δέχονται
2857 2956 3014 3012 αὐτὸν
3060 2955 3328 3033 ἄρχοντες
3358 2961 3456 3012 106
3491 2950 3731 3011 κουϐου-

2093 3045 2283 3101 κλείου
2328 3047 2464 3120 μετά
2504 3042 2978 3123 κουϐικουλαρίων
3014 3048 3057 3083 ¹⁵
3096 3047 3201 3101 ἀπὸ
3247 3044 3547 3106 κελεύσεως
3577 3044 3629 3101 έν
3658 3049 3737 3118 τῷ

2092 3135 2320 3212 κοχλιᾷ,
2368 3134 2437 3191 δι’
2487 3138 2549 3191 06
2590 3136 2823 3207 ἀνῆλθεν
2867 3139 2894 3193 ὁ
2940 3136 3198 3214 βασιλεὺς
3241 3136 3293 3192 ἐν
3345 3137 3587 3213 πρώτοις
3634 3137 3740 3212 πρὸ

2088 3231 2185 3282 106
2236 3224 2562 3282 καταλαϐεῖν
2615 3229 2713 3297 τήν
2783 3226 2967 3299 λιτὴν,
3022 3228 3112 3283 καὶ
3161 3228 3526 3308 ἀποφέρουσιν
3576 3227 3737 3283 αὐτὸν

2087 3313 2175 3371 διὰ
2206 3318 2311 3371 τῶν
2342 3318 2799 3396 κατηχουμένων,
2830 3320 2919 3372 καὶ
2963 3315 3219 3373 εἰσελθὼν
3254 3319 3461 3373 ἑνοῦται
3508 3322 3587 3389 τῷ
3635 3318 3731 3393 βα-

2086 3403 2251 3461 σιλεῖ.
2284 3404 2642 3480 Εἷσέρχονται
2693 3402 2749 3460 δὲ
2804 3406 2894 3460 καὶ
2945 3406 2997 3460 οἳ
3046 3407 3207 3482 ἱερεῖς
3254 3406 3342 3461 καὶ
3382 3410 3603 3461 ποιοῦσι
3638 3407 3733 3461 τὸν

2086 3494 2299 3569 στίχον,
2326 3494 2415 3549 καὶ
2449 3490 2705 3557 λαϐόντες
2756 3494 2807 3550 οἰ
2846 3495 2999 3550 αὐτοὶ
3048 3497 3212 3570 ἱερεῖς
3242 3500 3341 3551 106
3382 3496 3731 3573 πατριάρχου

2083 3584 2144 3640 16
2175 3584 2518 3663 ὠμοφόριον,
2546 3582 2883 3660 ἐξέρχονται,
2915 3585 3005 3638 καὶ
3044 3585 3361 3654 καθέζονται
3404 3584 3729 3663 ἀμφότεροι,

2083 3671 2113 3727 ὅ
2169 3694 2226 3727 τε
2288 3672 2540 3747 βασιλεὺς
2589 3672 2677 3727 καὶ
2738 3674 2765 3727 ὁ
2817 3677 3191 3749 πατριάρχης,
3246 3672 3298 3729 ἒν
3346 3677 3414 3749 τῇ
3460 3673 3725 3750 τραπέζῃ.

2084 3763 2325 3817 Πιόντων
2357 3759 2413 3816 δὲ
2444 3762 2517 3822 ὡς
2566 3758 2793 3817 εἷ’θισται
2832 3762 3015 3825 αὐτοῖς
3065 3763 3199 3837 πρὸς
3250 3764 3406 3835 ἅπαξ,
3455 3762 3735 3842 εἰσέρχον-

2077 3872 2166 3907 ται
2200 3851 2251 3906 oi
2284 3849 2457 3931 φίλοι,
2510 3852 2601 3905 καὶ
2648 3851 2825 3922 πάσης
2875 3859 2977 3921 τῆς
3025 3856 3120 3907 106
3167 3856 3461 3927 τραπεζίου
3504 3852 3733 3909 ἀκολου·

2081 3940 2197 4005 θίας
2269 3940 2632 4011 τελεσθείσης.
2701 3940 3014 3997 ἀνίσταντάι
3074 3943 3161 3998 καὶ
3241 3941 3576 4022 ἐξέρχονται,
3634 3943 3723 3999 καὶ

2083 4032 2229 4105 μένει
2262 4032 2289 4086 6
2325 4030 2578 4105 βασιλεὺς
2612 4030 2746 4104 μὲτᾶ
2791 4036 2888 4087 106
2936 4034 3282 4107 πατριάρχου
3312 4032 3364 4088 έν
3398 4038 3477 4105 τῷ
3506 4032 3737 4104 κλητω-

2081 4120 2201 4195 ρίῳ,
2232 4121 2449 4183 πιόντες
2492 4118 2547 4175 δὲ
2594 4120 2763 4176 πάλιν
2799 4120 3098 4200 ἀμφότεροι
3129 4123 3264 4196 πρὸς
3295 4121 3452 4192 ἅπαξ,
3484 4122 3732 4178 ἀνίσταν-

2077 4230 2185 4267 ται.
2227 4210 2367 4267 Εἶτα
2411 4212 2879 4285 προσκυνήσαντες
2925 4208 3213 4281 ἀλλήλους
3246 4210 3276 4265 6'
3303 4231 3361 4265 τε
3387 4212 3434 4246 ¹⁶³
3476 4212 3730 4287 βασιλεὺς

2076 4298 2217 4354 καὶὸ
2246 4299 2616 4375 πατριάρχης,
2650 4300 2677 4354 6
2725 4300 2819 4372 μὲν
2868 4300 3217 4378 πατριάρχης
3264 4298 3566 4375 ἐξέρχεται,
3613 4297 3733 4354 δια-

2078 4389 2314 4458 σώζουσι
2366 4387 2423 4444 δὲ
2454 4388 2617 4444 αὐτὸν
2664 4390 2926 4467 ἄρχοντες
2977 4393 3074 4443 106
3131 4384 3526 4444 κουϐουκλείου
3561 4390 3727 4465 μέχρι

327 4480 600 4550 stipatus,
623 4476 837 4533 dictam
861 4476 1279 4532 occidentalem
1314 4476 1609 4532 cochleam
1643 4478 1821 4548 subit,
1854 4495 1974 4534 om-

2086 4483 2176 4533 τοῦ
2206 4476 2613 4553 προειρημένου
2656 4477 2921 4552 κοχθλιοῦ.
2968 4482 3029 4535 Ὀ
3080 4475 3135 4533 δὲ
3169 4476 3421 4553 βασιλεὺς
3453 4475 3733 4554 δηριγευό·

325 4584 427 4624 nes
484 4582 615 4623 vero
672 4566 731 4621 in
792 4566 947 4637 sagis
1007 4566 1316 4638 purpureis
1374 4566 1433 4620 in
1491 4566 1765 4622 narthece
1812 4575 1967 4623 extra

321 4655 573 4714 cochleae
604 4659 829 4729 portam
872 4671 991 4710 una
1030 4671 1163 4710 cum
1204 4654 1487 4727 praefectis
1527 4654 1798 4713 cubiculo
1830 4672 1964 4714 eum

2081 4589 2239 4641 μενος
2270 4568 2373 4623 ὑπὸ
2401 4572 2510 4623 τῶν
2554 4567 2837 4643 ἀρχόντων
2881 4572 2979 4622 106
3010 4563 3403 4623 κουϐουκλείου
3441 4570 3529 4623 καὶ
3569 4570 3728 4644 βασι-

2077 4654 2247 4712 λικῶν
2297 4656 2613 4731 οἶκειακῶν,
2662 4655 2957 4732 ἀπέρχεται
3026 4656 3079 4712 ἐν
3126 4662 3210 4730 κῷ
3251 4662 3478 4713 κοιτῶνι
3531 4658 3723 4729 αὐτοῦ,

1665 4821 1905 4879 νΑΒΙᾹσ]
1946 4823 2247 4881 LECTION
2254 4824 2361 4882 ES.

394 4947 439 4983 ¹⁵
466 4940 941 5022 κουϐικουλαρίων
972 4948 1039 5006 R.
1072 4964 1140 5006 ex
1170 4948 1511 5021 compendio
1544 4948 1693 5019 cod.,
1724 4942 2188 5023 κουϐικουλαρίου
2221 4951 2313 5006 ed.
2392 4947 2438 4983 ¹⁶
2466 4967 2523 5003 τε
2554 4963 2672 5006 om.
2706 4949 2797 5006 ed.

1329 5092 1529 5150 JOAN.
1568 5093 1710 5151 JAC.
1753 5093 2024 5151 REISKII
2066 5092 2660 5151 COMMENTARIUS.

393 5254 505 5326 (36)
554 5256 741 5327 supra
781 5256 906 5327 jam
947 5256 1033 5327 egi
1078 5257 1147 5313 de
1186 5254 1296 5311 hac
1342 5271 1497 5312 voce.
1550 5255 1633 5313 Cl.
1684 5255 1975 5326 interpres

325 5325 418 5400 hic
445 5325 733 5399 capellam
760 5325 949 5396 vertit,
983 5325 1138 5400 quod
1172 5344 1286 5400 non
1318 5327 1664 5399 improbem.
1698 5325 1974 5400 Quamvis

326 5398 480 5454 enim
512 5397 767 5471 ’prOprie
808 5397 1123 5471 fenestram,
1173 5398 1318 5471 unde
1371 5397 1637 5471 prospici,
1670 5406 1721 5471 et
1770 5397 1975 5471 despici

327 5478 506 5541 queat,
538 5469 844 5539 signiticet,
897 5472 1095 5541 procul
1146 5470 1323 5525 dubio
1372 5469 1564 5541 tamen
1605 5469 1684 5524 ibi
1729 5470 1969 5541 capella,

326 5540 647 5597 oratorium
677 5546 823 5614 erat,
857 5540 914 5598 in
948 5558 1061 5614 quo
1092 5542 1410 5613 imperator
1440 5540 1634 5614 divino
1662 5540 1843 5596 cultui
1876 5557 1971 5596 va-

320 5620 499 5669 caret.
538 5613 726 5670 Facile
760 5614 868 5671 hoc
898 5613 1207 5685 intelligat,
1240 5614 1341 5684 qui
1383 5613 1710 5685 Lipsienses
1742 5616 1971 5685 nostras

322 5701 521 5743 sacras
543 5687 694 5743 aedes
726 5695 775 5742 et
810 5687 866 5742 in
900 5687 970 5743 iis
1001 5683 1345 5743 numerosas
1363 5683 1615 5757 capellas
1634 5683 1863 5742 viderit.
1892 5684 1971 5740 De

2085 5255 2323 5327 capellis
2350 5255 2467 5329 vid.
2492 5254 2578 5329 Du
2609 5255 2802 5329 Cange
2829 5257 3017 5329 Gloss.
3052 5257 3173 5329 Lat.
3207 5256 3264 5313 h.
3299 5273 3354 5312 v.

2155 5323 2276 5401 (37)_
2308 5325 2520 5401 Scil._l_6
2568 5323 2895 5401 xutp6§7106
2938 5323 3504 5401 ἀκουμϐίσαιηαυιο
3544 5328 3732 5401 καιρὸς

2084 5394 2223 5471 ᾤστε
2254 5394 2607 5469 ἀκουμϐίσαι.
2642 5394 2709 5442 '—
2741 5394 3096 5471 Frequenter
3126 5401 3256 5456 novi
3280 5394 3470 5455 Grmci
3501 5402 3598 5453 106
3628 5394 3731 5471 pro

2082 5466 2221 5543 ὥστε
2244 5466 2467 5542 ponunt
2501 5472 2572 5526 ad
2608 5487 2828 5527 morem
2863 5466 3196 5527 sanctorum
3224 5466 3733 5543 evangelistarum,
3769 5480 3775 5487 '

2080 5542 2200 5598 imo
2236 5544 2430 5614 potius
2450 5544 2985 5615 vetustissimorum
3006 5548 3064 5615 et
3085 5542 3437 5615 optimorum
3462 5558 3733 5615 quorum-

2080 5630 2193 5685 que
2225 5610 2555 5683 auctorum,
2576 5616 2677 5685 qui
2708 5610 2846 5668 ὥστε
2876 5618 2980 5671 aut
3006 5610 3161 5668 ἕνεκα
3182 5613 3733 5685 subintelligendum

2080 5686 2385 5742 omittunt.
