4108 6220
331 337 451 399 329
1160 335 1266 394 DE
1312 329 1775 394 CERIMONIIS
1815 330 2051 393 AULAS
2091 330 2562 395 BYZAN'I‘lNzE
2604 336 2753 397 LIB.
2799 337 2847 398 1.
3622 349 3741 412 330

332 464 699 543 ἐκδεχόμενος
725 465 817 520 τὸν
846 463 1058 539 καιρόν.
1089 459 1501 525 Καταλαϐόντος
1542 460 1600 517 δὲ
1644 465 1741 517 τοῦ
1788 463 1982 534 καιροῦ

2102 462 2409 536 excipiunt.
2457 466 2831 540 Praepositus,
2871 470 3037 542 signo
3077 473 3150 530 ab
3189 475 3537 547 imperatore
3579 480 3737 549 dato,

328 562 431 623 τῆς
461 555 863 630 προελεύσεως,
905 553 1180 633 ἐξέρχεται
1223 553 1329 608 ἀπὸ
1366 557 1463 608 τοῦ
1510 555 1773 612 κοιτῶνος
1819 551 1986 606 αὐτοῦ

2102 552 2504 611 cerimoniario
2527 558 2752 627 annuit,
2784 559 2837 616 is
2868 560 3012 617 dicit
3044 579 3057 617 :
3092 585 3120 612 «
3151 564 3373 620 Jubete.
3405 588 3434 617 ι»

332 647 530 710 ἕντοῖς
575 644 1041 722 κατηχουμενίοις
1085 646 1311 720 ὕπερθεν
1355 651 1455 714 τῆς
1505 648 1615 698 τῶν
1664 640 1967 717 βασιλικῶν
2010 638 2203 697 πυλῶν
2250 644 2339 698 καὶ
2387 644 2725 704 δπαλλάσσει
2774 650 2872 717 τὴν
2931 651 3155 721 στολὴν,
3200 650 3267 721 ἤν
3308 654 3533 711 ε’ἰθισται
3586 660 3735 731 αύτῷ

334 739 384 792 έν
425 735 597 811 ταύτῃ
652 740 722 809 τῇ
776 737 946 809 ἑορτῇ
1002 728 1457 810 περιϐεϐλῆσθαι.
1517 733 1613 786 Καὶ
1672 726 1859 786 λαϐὼν
1917 732 1946 784 6
2000 730 2363 805 πραιπόσιτος
2409 735 2509 804 τήν
2559 738 2747 813 τιάραν
2799 741 2865 811 ιτ,
2919 738 3224 811 ἐπιτίθησιν
3277 742 3443 813 αὐτὴν
3491 743 3582 800 ἐπὶ
3637 726 3739 818 τῆς,

332 824 574 911 κεφαλὴν
606 828 702 911 τοῦ
735 822 1028 899 βασιλέως,
1050 823 1150 911 ,καὶ
1182 820 1609 911 δηριγευόμενος
1643 821 1681 911 ὁ⁸
1703 820 1958 911 βασιλεὺς
1994 818 2099 874 ὑπὸ
2126 821 2410 911 Δ(38)]τοῦ
2458 821 2883 897 κουϐουκλείου,
2934 827 3255 905 κατέρχεται
3305 831 3407 887 ὑπὸ
3456 839 3559 889 τοῦ
3603 856 3744 911 προ-

334 910 630 990 ειρημένου
667 910 888 968 δυτὶκσῦ
934 910 1195 988 κοχλιοῦ,
1243 909 1474 973 ἅπαντες
1522 908 1578 965 δὲ
1626 908 1803 963 αὐτῶν
1850 908 1957 962 ἀπὸ
2014 908 2215 984 σαγίων
2267 910 2570 983 ἀληθινῶν,
2620 915 2709 970 καὶ
2761 914 3018 993 δέχονται
3076 918 3238 974 αὐτὸν
3287 918 3339 975 ἒν
3390 927 3472 995 τῷ
3516 908 3742 998 νάρθηκι

330 1002 523 1074 ἔξωθεν
565 1009 666 1072 τῆς
713 1000 898 1072 πύλης
940 1005 1037 1056 τοῦ
1088 1000 1252 1056 αὐτοῦ
1299 998 1539 1074 κοχλιοῦ
1584 998 1844 1059 ὡσαύτως
1893 996 1985 1051 καὶ
2037 996 2089 1050 οἱ
2138 1001 2236 1051 τοῦ
2282 996 2682 1057 κουϐουκλείου
2753 1002 3042 1081 ἄρχοντες.
3111 1008 3210 1062 Καὶ
3261 1005 3449 1065 λαϐὼν
3498 996 3667 1085 νεῦμα
3698 1015 3743 1069 ’ὁ

335 1091 695 1167 πραιπόσιτος
725 1091 871 1165 παρᾶ
892 1095 990 1146 τοῦ
1020 1088 1314 1166 βασιλέως,
1341 1088 1481 1145 νεύει
1510 1092 1590 1161 τῷ
1621 1094 1721 1157 τῆς
1752 1087 2151 1154 καταστάσεως,
2173 1087 2418 1151 κάκεῖνος
2453 1089 2623 1167 λέγει·
2662 1114 2688 1147 α
2721 1091 3039 1153 Κελεύσατε.
3074 1119 3103 1148 ››

408 1183 491 1240 Ε’.
525 1181 623 1237 Καὶ
666 1178 1089 1257 δηριγευόμενος
1132 1180 1221 1235 ὑπ’
1271 1178 1445 1234 αότῶν
1478 1180 1507 1233 6
1542 1176 1797 1253 βασιλεὺς
1839 1175 1988 1249 ἐξέρ-

340 1291 497 1348 χεται
522 1272 624 1341 τήν
656 1271 815 1325 οὖσαν
847 1270 985 1342 πρὸς
1014 1269 1083 1325 τὰ
1124 1266 1402 1343 γραδήλια
1447 1268 1614 1341 μέσην
1656 1264 1840 1335 πύλην
1890 1267 1987 1321 τοῦ

338 1364 610 1436 νάρθηκος
640 1361 731 1416 καὶ
763 1359 977 1415 ἱππεύει
1006 1357 1178 1414 ἐκεῖσε
1208 1357 1291 1435 ἐφ’
1315 1355 1490 1411 ἵππου
1540 1354 1736 1411 λευκοῦ
1781 1353 1987 1428 ἐστρω-

342 1453 504 1527 μένου
546 1451 651 1508 ὑπὸ
691 1448 1063 1527 σελοχα).ίνου
1114 1446 1323 1524 χρυσοῦ
1367 1444 1619 1502 διαλίθου
1668 1446 1986 1521 χειμευτοῦ,

339 1540 718 1619 ἠμφιεσμένοι)
757 1540 865 1596 ἀπὸ
917 1539 1237 1616 μαργαρων,
1285 1538 1339 1593 οἱ
1380 1533 1439 1590 δὲ
1487 1533 1673 1590 λοιποὶ
1725 1534 1987 1609 ἄρχοντες

338 1630 654 1686 ἱππεύουσιν
688 1625 790 1703 ἔξω
831 1636 931 1700 τῆς
986 1626 1190 1699 πύλης.
1239 1628 1329 1684 Ἐν
1373 1623 1431 1680 δὲ
1477 1626 1547 1698 τῇ
1595 1619 1836 1695 περιόδῳ
1888 1621 1986 1677 τοῦ

342 1718 614 1795 βασιλέως
649 1718 885 1775 τελεῖται
927 1719 962 1787 ἡ
1010 1723 1110 1785 τῆς
1159 1712 1532 1791 προελεύσεως
1580 1713 1725 1786 τάξις
1776 1710 1880 1767 ὑπό
1931 1730 1987 1766 τε

337 1813 447 1865 τῶν
504 1807 753 1888 ἐφίππων
811 1807 903 1862 καὶ
946 1811 1125 1875 πεζῶν
1176 1803 1435 1867 ὡσαύτως
1483 1799 1575 1857 καὶ
1620 1806 1727 1856 τῶν
1782 1805 1984 1875 μερῶν,

339 1898 398 1955 ὅν
445 1898 647 1974 τρόπον
691 1898 948 1971 ἀνωτέρω
997 1899 1067 1969 τῇ
1117 1892 1342 1970 δευτέρᾳ
1385 1899 1486 1962 τῆς
1566 1889 1986 1963 διακαινησίμου

336 1992 447 2043 τῶν
479 1987 671 2062 Ἀγίων
705 1981 1057 2043 Ἀποστόλων
1087 1981 1178 2038 ἐπὶ
1218 1981 1403 2053 λεπτῷ
1444 1977 1746 2053 έξεθέμεθα.
1797 1979 1988 2049 Ἐξελ-

339 2079 536 2142 θόντος
570 2073 629 2130 δὲ
658 2078 755 2130 τοῦ
789 2072 1059 2148 βασιλέως
1100 2070 1151 2126 έν
1197 2073 1267 2144 τῇ
1316 2068 1481 2142 πύλῃ,
1533 2066 1585 2123 έν
1714 2066 1987 2145 διέρχεται

341 2164 398 2220 έν
434 2165 634 2239 ἑκάστῃ
683 2160 1026 2238 προελεύσει,
1071 2161 1243 2235 ἤγουν
1290 2161 1359 2232 τῇ
1411 2156 1543 2232 οὔσῃ
1588 2158 1723 2233 πρὸς
1771 2157 1989 2230 ἄρκτον,

340 2251 596 2328 δέχονται
629 2251 791 2307 αὐτὸν
836 2248 1009 2305 ἒιεῖσε
1056 2247 1108 2304 ἒν
1153 2249 1393 2323 πρώτοις
1441 2247 1469 2300 ὁ
1519 2243 1838 2319 δομέστικος
1881 2248 1990 2299 τῶν

340 2340 569 2416 σγολῶν
619 2342 753 2414 μετά
800 2344 899 2395 τοῦ
962 2342 1257 2413 περατικοῦ
1307 2334 1490 2409 δήμου
1554 2341 1663 2390 τῶν
1731 2332 1989 2403 Βενέτων,

340 2428 627 2487 ἐπιδίδωσι
661 2428 720 2485 δὲ
750 2423 1108 2502 λιϐελλάριον
1137 2430 1218 2497 τῷ
1268 2422 1507 2499 βασιλεῖ,
1560 2428 1742 2498 φορῶν
1791 2422 1988 2499 χλανί-

342 2520 459 2576 διον
490 2520 534 2557 ¹⁸
564 2519 781 2575 Βένετον
817 2528 1247 2593 χρυσοϋφαντον,
1279 2512 1367 2569 καὶ
1400 2509 1655 2582 διασώζει
1684 2512 1777 2566 τὸν
1831 2512 1989 2587 βασι-

342 2612 440 2669 λέα
469 2612 531 2667 τὸ
562 2610 693 2667 αὐτὸ
728 2610 891 2684 μέρος
928 2609 1095 2683 μέχρι
1122 2610 1219 2661 τοῦ
1263 2605 1579 2676 έξακιονίου.
1615 2605 1677 2661 Ὀ
1718 2601 1777 2658 δὲ
1824 2600 1989 2674 δομέ-

342 2721 527 2763 στικος
555 2704 661 2755 τῶν
712 2693 1083 2753 ἐκσκουϐίτωγ
1136 2695 1270 2769 μετὰ
1314 2698 1413 2749 τοῦ
1463 2696 1771 2767 περατικοῦη
1806 2688 1987 2764 δήμου

340 2797 451 2845 τῶν
484 2790 767 2863 Πρασίνων
800 2784 1051 2863 δέχονται
1077 2785 1169 2840 τὸν
1203 2780 1435 2859 βασιλέα
1462 2780 1515 2837 ἐν
1560 2786 1639 2854 τῷ
1685 2780 1987 2853 ἓξακιονίῳ,

341 2881 432 2935 καὶ
469 2875 802 2940 ἐπιδιδόντος
831 2881 929 2932 τοῦ
973 2872 1324 2949 δημοκράτου
1369 2866 1751 2944 λιϐελλάριον,
1785 2867 1991 2925 διασώ-

345 2976 527 3040 ζουσιν
556 2967 716 3022 αὐτὸν
750 2964 916 3041 μέχρι
948 2971 1049 3034 τῆς
1087 2963 1343 3037 μονήτας·
1388 2964 1548 3040 φορεῖ
1587 2957 1646 3015 δὲ
1687 2960 1775 3015 καὶ
1818 2960 1846 3014 6
1887 2956 1986 3029 δησ

345 3057 628 3133 μοκράτης
670 3052 911 3133 χλανίδα
951 3051 1211 3127 Πράσινον
1260 3061 1668 3129 χρυσοϋφαντον
1717 3046 1855 3103 κατα
1890 3049 1989 3117 τήν

344 3145 642 3221 ἀναλογίαν
673 3146 786 3217 (39)
817 3146 914 3199 τοῦ
958 3142 1153 3218 μέρους
1184 3142 1229 3177 ¹⁹
1256 3138 1450 3196 αὐτοῦ.
1493 3137 1589 3192 Καὶ
1620 3140 1718 3207 τῆς
1768 3134 1990 3191 πολιτι-

341 3243 446 3305 κῆς
474 3236 537 3290 τὸ
572 3233 734 3309 μέρος
765 3237 874 3289 τῶν
907 3230 1186 3306 Πρασίνων
1229 3224 1482 3303 δέχονται
1521 3227 1612 3282 τὸν
1660 3223 1891 3300 βασίλέα
1934 3224 1987 3279 έν

339 3323 667 3399 τῇμονήτῃ,
714 3321 802 3376 καὶ
854 3316 1167 3375 ἐπιδίδωσιν
1220 3318 1248 3372 6
1300 3314 1599 3390 δήμαρχος
1647 3319 1726 3386 τῷ
1773 3312 1989 3388 βασιλεῖ

341 3409 697 3488 λιϐελλάριον
729 3410 819 3467 καὶ
851 3408 1105 3479 διασώζει
1135 3409 1228 3463 τὸν
1267 3404 1496 3481 βασιλέα
1539 3405 1602 3460 τὸ
1651 3401 1781 3459 αὐτὸ
1824 3403 1989 3478 μέρος

342 3498 512 3578 μέχρι
541 3508 640 3571 τῆς
671 3502 899 3576 πρώτης
936 3498 1186 3571 καμάρας
1228 3500 1326 3552 τοῦ
1375 3494 1711 3573 ξηρὸλόιρου,
1760 3496 1992 3570 φοροῦν-

340 3612 436 3654 τος
465 3594 561 3646 τοῦ
593 3587 892 3664 δημάρχου
921 3583 1161 3663 χλανίδα
1186 3585 1479 3661 Ηράσινον.
1512 3582 1618 3639 Καὶ
1651 3588 1750 3652 τῆς
1771 3579 1991 3637 πολιτι-

340 3686 446 3749 κῆς
471 3680 534 3735 τὸ
566 3680 731 3755 μέρος
774 3679 821 3714 ²⁰
861 3680 972 3733 τῶν
1023 3674 1260 3732 Βενέτων
1310 3671 1565 3749 δέχονται
1614 3671 1709 3727 τὸν
1764 3669 1994 3746 βασιλέα

344 3769 397 3825 έν
430 3775 498 3844 τῇ
528 3769 748 3843 καμάρᾳ
774 3772 873 3822 τοῦ
923 3763 1237 3841 ξηρολόφου
1285 3765 1356 3834 ²¹,
1405 3765 1705 3841 φοροῦντος
1747 3764 1845 3815 τοῦ
1893 3756 1996 3829 δη-

347 3863 570 3935 μάρχου
608 3856 846 3936 χλανίδα
900 3853 1152 3927 Βέτετον,
1212 3850 1499 3910 ἐπιδίδωσι
1545 3850 1603 3907 δὲ
1648 3853 1728 3923 τῷ
1779 3848 1997 3925 βασιλεῖ

345 3944 731 4025 λιϐελλάριον,
762 3948 853 4003 καὶ
889 3944 1248 4014 διασώζουσιν
1274 3942 1327 3997 oi
1354 3944 1452 3996 τοῦ
1487 3941 1683 4013 μέρους
1711 3939 1804 3994 τὸν
1840 3940 1996 4014 βασι-

345 4037 444 4096 λέα
478 4042 649 4115 μέχρι
677 4044 780 4107 τῆς
813 4037 984 4111 μέσης
1030 4037 1128 4089 τοῦ
1178 4029 1517 4109 ξηρολόφουο
1560 4035 1660 4099 τῆς
1702 4026 1999 4097 πολιτικῆς

342 4130 406 4185 τὸ
440 4127 603 4206 μέρος
633 4130 682 4166 ³³
706 4132 814 4183 τῶν
843 4124 1132 4200 Πρασίνων
1167 4119 1418 4196 δέχονται
1442 4119 1535 4174 τὸν
1569 4116 1794 4194 βασιλέα
1841 4115 1894 4172 ἐν
1926 4120 1995 4190 τῇ

347 4218 485 4294 μέσῃ
542 4222 640 4273 τοῦ
685 4215 999 4293 ξηρολόφου
1046 4212 1135 4268 καὶ
1186 4208 1543 4279 διασώζουσιν
1609 4208 1774 4263 αὐτὸν
1809 4206 1997 4294 Δμέχρι

342 4291 440 4363 τοῦ
460 4291 625 4383 βοός.
655 4291 768 4376 Τῆς
794 4291 1095 4371 πολιτικῆς
1124 4301 1188 4357 τὸ
1213 4300 1382 4376 μέρος
1407 4302 1515 4353 τῶν
1543 4296 1778 4353 Βενέτων
1803 4291 1998 4374 δέχον-

344 4418 436 4453 ται
461 4397 554 4452 τὸν
591 4393 819 4472 βασιλέα
848 4393 900 4449 ἐν
930 4396 1011 4464 τῷ
1045 4389 1138 4466 βοΐ
1172 4389 1263 4445 καὶ
1309 4385 1637 4456 διασώζουσι
1677 4385 1858 4472 ⁸μέχρι
1903 4387 2001 4440 τοῦ

344 4469 737 4559 ἆμαστριανοῦ,
770 4483 864 4539 καὶ
907 4480 1123 4557 δέχεται
1167 4479 1339 4535 έκεῖσε
1386 4477 1414 4531 ὁ
1463 4469 1816 4538 έκσκούϐιτος
1865 4472 2001 4544 μετᾶ

342 4579 442 4630 τοῦ
470 4579 766 4648 περατικοῦ
802 4572 999 4647 μέρους
1034 4576 1143 4625 τῶν
1200 4566 1508 4643 Πρασίνων,
1557 4565 1647 4621 καὶ
1696 4562 2001 4634 διασώζου-

2168 1179 2236 1237 V.
2269 1181 2527 1253 Stipstus
2558 1184 2631 1241 ab
2656 1185 2804 1257 ipsis
2834 1187 3172 1260 imperator,
3202 1207 3306 1262 per
3333 1192 3584 1249 mediam
3618 1209 3746 1251 nar-

2098 1267 2284 1326 thecis
2309 1276 2557 1342 portam,
2585 1274 2761 1331 scalis
2794 1279 3141 1349 proximam,
3163 1279 3302 1347 exit.
3333 1287 3388 1339 et
3418 1281 3497 1338 ibi
3527 1298 3741 1354 equum

2097 1356 2321 1428 album,
2357 1377 2553 1429 aureo,
2593 1365 2845 1434 gemmis
2874 1370 2933 1421 et
2958 1369 3296 1440 margaritis
3342 1375 3547 1427 ornato
3579 1372 3744 1428 albo-

2098 1463 2211 1517 que
2239 1448 2514 1522 ephippio
2543 1450 2919 1521 instructum,
2958 1457 3297 1514 conscendit
3323 1475 3337 1514 :
3370 1458 3578 1532 reliqui
3602 1476 3743 1532 prm-

2097 1536 2229 1593 fecti
2260 1543 2422 1595 extra
2451 1546 2674 1613 portam
2715 1544 2884 1617 equis
2907 1546 3220 1605 vehuntur.
3253 1552 3481 1606 Interea
3509 1567 3742 1621 proces-

2097 1626 2279 1684 sionis
2306 1629 2447 1687 ordo
2493 1635 2616 1688 tum
2648 1634 2720 1689 ab
2761 1635 2834 1691 iis
2878 1636 2979 1707 qui
3012 1638 3201 1710 equis,
3241 1643 3365 1696 tum
3415 1641 3488 1696 ab
3526 1640 3595 1697 iis
3639 1640 3739 1713 qui

2095 1717 2344 1790 pedibus
2375 1722 2714 1791 procedunt,
2735 1740 2900 1796 asque
2930 1741 2996 1781 ac
3017 1744 3049 1781 a
3080 1726 3452 1799 factionibus,
3480 1730 3742 1786 observa-

2095 1813 2209 1875 tur,
2243 1812 2308 1864 ut
2335 1825 2511 1881 supra
2539 1811 2612 1869 de
2646 1813 2903 1870 secunda
2939 1814 3033 1871 die
3058 1816 3396 1888 septimanis
3427 1820 3746 1875 renovatio-

2096 1896 2187 1952 nis
2227 1903 2563 1956 sanctorum
2612 1903 3011 1974 apostolorum
3041 1903 3298 1963 breviter
3339 1909 3740 1980 exposuimus.

2098 1984 2509 2056 Imperatorem
2551 1990 2777 2048 scilicet
2813 1993 2885 2048 ad
2931 2001 3151 2062 portam
3184 2011 3287 2067 per
3316 2012 3492 2069 quam
3524 1996 3585 2053 in
3617 1998 3745 2053 sin-

2097 2072 2249 2144 gulis
2286 2077 2759 2147 processionibus
2790 2081 3019 2150 prodire
3049 2082 3217 2152 solet,
3249 2100 3352 2140 seu
3389 2087 3744 2157 septentrio-

2099 2159 2313 2226 nalem,
2345 2163 2446 2218 68
2486 2179 2813 2235 egressum,
2853 2165 3149 2239 imprimis
3188 2170 3519 2227 scholarum
3554 2173 3747 2229 dome-

2097 2249 2302 2320 sticus,
2346 2251 2606 2309 tunicam
2633 2258 2929 2325 gVenetam
2973 2273 3115 2313 auro
3158 2257 3441 2315 intextam
3482 2265 3743 2333 gestans,

2098 2352 2233 2394 cum
2274 2341 2614 2398 transitoria
2644 2343 2989 2401 Venetorum
3029 2346 3204 2403 turba
3231 2348 3466 2420 excipit,
3497 2351 3549 2406 ei
3579 2348 3746 2406 libel-

2098 2424 2223 2482 lum
2255 2427 2452 2498 tradit,
2483 2433 2541 2486 et
2581 2430 2753 2488 factio
2783 2433 2984 2489 eadem
3018 2435 3089 2490 ad
3122 2435 3529 2494 hexacionium
3560 2439 3745 2511 impe-

2098 2521 2345 2571 ratorem
2385 2517 2718 2575 comitatur.
2764 2520 3128 2579 Domesticus
3163 2523 3566 2581 excubitorum
3611 2542 3743 2582 cum

2097 2602 2430 2660 transitoria
2461 2605 2834 2665 Prssinorum
2874 2610 3044 2667 turba
3088 2611 3502 2683 imperatorem
3543 2614 3603 2669 in
3643 2614 3747 2669 be—

2094 2690 2360 2749 xacionio
2389 2693 2620 2766 excipit,
2651 2704 2706 2754 et
2743 2703 3055 2772 postquam
3086 2700 3138 2758 ei
3177 2701 3449 2758 tribunus
3478 2702 3743 2759 libellum

2096 2779 2356 2848 tradidit,
2388 2781 2587 2854 ipsum
2618 2785 2689 2841 ad
2732 2792 3027 2845 monetam
3060 2804 3247 2862 usque
3276 2791 3602 2848 comitatur.
3626 2792 3748 2848 Tri-

2096 2866 2292 2924 bunus
2352 2870 2480 2944 ipse
2543 2874 2803 2933 tunicam
2868 2877 3170 2935 Prasinam
3236 2896 3378 2935 auro
3442 2880 3745 2948 intextam,

2098 2962 2358 3029 respectu
2390 2961 2462 3017 ad
2495 2978 2663 3019 suam
2697 2964 3005 3022 factionem
3030 2967 3252 3034 habito,
3278 2972 3487 3040 gestat.
3516 2968 3747 3024 Politici

2097 3045 2369 3104 factionis
2415 3048 2675 3108 Prasinm
2722 3054 3136 3126 imperatorem
3187 3055 3248 3111 in
3307 3061 3547 3112 moneta
3591 3058 3747 3114 exci-

2099 3134 2284 3206 piunt,
2336 3138 2439 3195 ubi
2479 3140 2830 3198 demarchus
2876 3144 3141 3200 libellum
3190 3144 3527 3217 imperatori
3558 3147 3745 3214 otl'ert,

2100 3238 2353 3298 eumque
2376 3227 2551 3286 factio
2581 3231 2785 3287 eadem
2816 3233 2887 3288 ad
2921 3233 3171 3305 primam
3202 3248 3495 3291 cameram
3525 3233 3747 3290 xerolo-

2028 3293 2073 3364 (ἶ
2102 3313 2202 3383 phi
2234 3293 2519 3389 perducit,
2552 3318 2787 3377 tribuno
2830 3293 3093 3378 tunicam
3126 3322 3427 3379 Prasinam
3462 3326 3745 3395 gestante.

2100 3400 2327 3460 Politici
2374 3405 2596 3464 Venetis
2645 3409 2938 3479 factionis,
2992 3412 3159 3483 cujus
3218 3411 3492 3486 princeps
3542 3412 3745 3470 habitu

2100 3492 2325 3553 Veneto
2362 3496 2614 3570 insignis
2642 3504 2751 3571 est,
2783 3500 3191 3572 imperatorem
3222 3500 3283 3558 in
3323 3519 3553 3560 camera
3580 3518 3746 3559 xero-

2100 3587 2262 3663 lopbi
2290 3587 2527 3659 excipit,
2558 3588 2611 3643 ei
2650 3587 2914 3646 libellum
2944 3590 3143 3659 tradit,
3187 3591 3509 3649 factionarii
3548 3596 3744 3648 autem

2102 3677 2179 3735 ad
2206 3677 2466 3734 medium
2492 3677 2793 3750 xerolophi
2825 3679 3200 3735 comitantur.
3238 3680 3460 3737 Politici
3489 3680 3744 3738 Prasinsa

2104 3768 2164 3823 in
2203 3766 2395 3823 media
2430 3766 2729 3837 xerolophi
2766 3775 3070 3839 exceptum
3106 3768 3177 3821 ad
3209 3767 3397 3823 forum
3439 3769 3605 3823 bovis
3644 3770 3743 3824 de-

2105 3857 2349 3913 ducunt.
2393 3853 2477 3908 Ibi
2523 3868 2655 3910 sum
2702 3854 2922 3927 politici
2960 3855 3318 3911 Venetorum
3357 3855 3655 3924 excipiunt
3689 3860 3747 3911 et

2105 3945 2177 4002 ad
2210 3940 2633 3999 amastrianum
2664 3958 2854 4013 usque
2882 3941 3125 4012 ducunt,
3159 3943 3256 3998 ubi
3283 3959 3419 3999 eum
3447 3943 3748 3999 excubitor

2105 4045 2238 4087 cum
2277 4026 2619 4084 transitoria
2666 4027 3044 4083 Prasinorum
3092 4028 3263 4085 turba
3308 4028 3524 4100 excipit
3576 4034 3633 4086 et
3680 4031 3749 4085 ad

2107 4116 2580 4192 pbiladelphium
2610 4132 2793 4189 usque
2825 4117 3219 4189 prosequitur.
3252 4117 3609 4174 Transitoria
3639 4117 3752 4174 Ve-

2108 4212 2243 4266 neta
2293 4207 2709 4279 imperatorem
2757 4205 2817 4261 in
2867 4204 3265 4278 philadelphio
3310 4206 3527 4279 excipit
3575 4210 3634 4263 et
3678 4205 3750 4263 ad

2108 4296 2370 4354 modium
2402 4294 2584 4365 ducit,
2616 4295 2717 4352 ubi
2749 4310 2884 4351 eum
2916 4295 3138 4367 politici
3166 4295 3423 4352 Prasinm
3458 4293 3755 4368 excipiunt

2108 4390 2166 4443 et
2210 4386 2282 4442 ad
2321 4388 2552 4442 taurum
2607 4384 2857 4451 ducunt,
2917 4385 3074 4440 unde
3117 4384 3353 4458 politica
3402 4383 3754 4442 Venetorum

2109 4474 2287 4532 factio
2327 4474 2399 4530 ad
2443 4474 2717 4530 tabernas
2762 4473 3042 4546 pistorum
3086 4474 3419 4531 comitatur.
3479 4474 3575 4531 Sic
3621 4489 3756 4530 eum

2109 4581 2278 4637 porro
2324 4554 2572 4621 Prasina
2625 4563 2797 4620 factio
2856 4564 2927 4619 ad
2979 4565 3193 4632 forum,
3252 4563 3492 4635 politica
3536 4563 3758 4619 Veneta

347 4685 429 4719 σιν
478 4664 641 4720 αὐτὸν
703 4662 872 4737 μέχρι
927 4664 1025 4716 τοῦ
1081 4655 1465 4738 φιλαδελφίουο
1519 4658 1626 4710 τῶν
1688 4657 1991 4729 περατικῶν

2104 4657 2179 4714 ad
2209 4656 2543 4730 pratorium
2565 4659 2623 4712 et
2644 4672 2847 4713 rursus
2878 4656 2951 4712 ad
2982 4656 3257 4727 millium,
3279 4656 3497 4713 Veneta
3522 4655 3759 4727 politica

350 4758 532 4828 μερῶν
565 4754 613 4790 ³³
643 4751 882 4811 Βενέτων
927 4748 1179 4825 δέχονται
1226 4748 1318 4803 τὸν
1373 4743 1601 4813 βασιλέα
1648 4742 1701 4799 ἐν
1749 4747 1829 4816 τῷ
1872 4744 1999 4820 φιλ-

346 4838 595 4919 αδελφίῳ
631 4843 722 4898 καὶ
753 4839 1083 4909 διασώζουσι
1118 4838 1284 4911 μέχρι
1329 4837 1428 4889 τοῦ
1483 4829 1706 4906 μοδίου·
1754 4834 1857 4902 τῆς
1904 4853 2001 4888 πο-

348 4932 570 5004 λιτικῆς
598 4934 663 4990 τὸ
698 4931 864 5009 μέρος
892 4934 1000 4988 τῶν
1030 4926 1309 5005 Πρασίνων
1344 4921 1599 4999 δέχονται
1634 4922 1726 4978 τὸν
1773 4922 2001 4998 βασιλέα

2111 4747 2184 4805 ad
2252 4762 2541 4803 cameram
2605 4744 2753 4801 milii
2812 4746 3203 4818 prosequitur.
3254 4744 3481 4801 Politici
3553 4744 3760 4801 Veneti

2109 4834 2523 4906 imperatorem
2553 4832 2615 4889 in
2660 4832 2822 4889 milio
2854 4848 2956 4889 seu
2996 4833 3056 4888 in
3093 4849 3322 4889 camera
3366 4832 3665 4906 excipiunt
3701 4836 3760 4888 et

2110 4939 2300 4996 usque
2336 4923 2409 4979 ad
2469 4921 2664 4979 locum
2712 4937 3000 4979 marmore
3045 4920 3439 4979 incrustatum
3486 4924 3703 4979 ducunt
3739 4937 3754 4977 :

1699 5067 1951 5125 VARIIE
1991 5067 2405 5128 LEGTIONES.

428 5204 471 5280 ἔτ
506 5204 700 5280 στιάρα
741 5205 871 5280 cod.

965 5202 1012 5274 if
1040 5195 1331 5274 χλανίδιον
1353 5199 1425 5274 _R.
1458 5211 1527 5274 ea
1547 5209 1737 5274 comp:
1753 5265 1757 5270 ν
1772 5194 1927 5263 cod.,
1950 5189 2205 5274 χλανίδα,
2226 5194 2316 5251 ed.

2412 5190 2459 5229 “
2481 5189 2820 5267 106p§p00<
2868 5194 2958 5250 ed.
3056 5194 3105 5229 ²⁰
3132 5192 3195 5249 τὸ
3244 5192 3408 5267 μέρος
3455 5192 3610 5265 conj.
3659 5197 3752 5261 R.,

350 5278 449 5330 τοῦ
482 5262 682 5350 μέρούς
713 5278 804 5334 ed.
880 5275 922 5310 ²¹
954 5262 1120 5328 αὐτόῦ
1150 5271 1272 5345 ξηρ.
1303 5269 1397 5327 ed.
1474 5267 1521 5302 ²²
1546 5266 1644 5319 τοῦ
1670 5262 1867 5341 μέρους
1897 5262 2000 5322 ed"
2067 5265 2114 5301 ³³
2147 5263 2312 5339 μέρος
2342 5267 2452 5318 τῶν
2484 5262 2639 5336 conj.
2676 5262 2739 5321 Β.

1400 5409 1603 5469 JOAN.
1644 5408 1772 5466 JAC
1810 5408 2076 5467 REISKII
2113 5408 2704 5467 COMMENTARIUS.

428 5554 544 5627 (58)
575 5553 671 5627 Sic
718 5554 779 5627 in
823 5552 1023 5627 codice
1069 5553 1203 5609 est:
1239 5546 1473 5627 mallem
1519 5548 1721 5627 tamen
1765 5539 2012 5627 .&n6,'ut

355 5613 495 5684 mox
525 5613 699 5683 infra.
733 5624 1053 5700 sequentia
1080 5638 1199 5680 non
1239 5618 1384 5700 satis
1414 5632 1559 5700 sane
1584 5614 1878 5700 videntur.
1911 5613 2008 5672 Ja-

355 5702 495 5756 cent
523 5705 723 5757 tamen
753 5684 1043 5755 in'codice
1071 5708 1302 5769 quoque
1332 5690 1486 5748 sicut
1512 5687 1576 5744 in
1605 5684 1882 5745 editione.

649 5828 919 5891 Paraoa.
963 5823 1075 5887 Gs.
1120 5820 1300 5886 CXII.

2192 5543 2306 5617 (39)
2334 5541 2593 5615 Respicit
2621 5542 2733 5617 hoc
2761 5541 2836 5617 ad
2861 5540 3152 5617 Πράσινον.
3170 5542 3475 5617 AHa‘bebat,
3505 5541 3762 5617 tunicam

2118 5613 2387 5743 virt'idem,
2417 5613 2482 5671 ut
2509 5614 2697 5687 quoad
2729 5613 2983 5673 colorem
3014 5631 3133 5672 sua
3162 5614 3401 5672 factioni
3432 5614 3644 5672 similis
3674 5628 3768 5668 es—

2121 5702 2184 5744 se
2213 5726 2229 5743 .

3413 5814 3481 5872 11
