4108 6220
343 366 455 428 331
1415 352 1933 416 CONSTANTINI
1974 353 2675 418 PORPHYHOGENITI
3630 343 3749 405 332

344 497 443 554 ubi
491 508 627 551 eum
675 486 1012 547 transitoria
1048 485 1425 543 Prasinorum
1467 485 1641 541 factio
1693 486 1965 559 excipite

2129 507 2154 540 ν
2186 492 2265 559 τῷ
2301 484 2479 561 μοδίῳ
2516 484 2605 539 καὶ
2656 483 2985 552 διασώζουσι
3042 482 3206 557 μέχρι
3250 482 3344 533 τοῦ
3387 476 3610 551 ταύρου,
3650 477 3749 531 κά-

342 587 415 643 ad
445 581 797 654 zeuxippum
841 576 1178 637 comitatur.
1222 574 1447 631 Politici
1478 573 1705 630 Prasini
1754 574 1815 632 in
1858 594 1959 633 seu

2126 581 2275 639 ιεῖθεν
2303 577 2363 630 τὸ
2399 573 2559 649 μέρος
2586 576 2685 642 τῆς
2718 571 3011 640 πολιτικῆς
3046 574 3154 626 τῶν
3205 568 3441 624 Βενέτων
3492 564 3748 636 διασώζει

342 676 519 748 xippo
548 675 850 743 exceptum
889 668 961 723 ad
993 665 1228 722 chalcen
1260 665 1503 732 ducunt,
1537 663 1637 720 ubi
1667 681 1800 721 eum
1831 670 1961 721 tran

2125 666 2274 741 ιέχρι
2315 672 2423 722 τῶν
2475 662 2841 743 ἀρτοπολίων.
2902 664 3021 719 Εἴθ’
3064 661 3237 723 οὕτως
3290 659 3355 716 τὸ
3417 668 3580 748 μέρος
3637 662 3747 712 τῶν

344 746 543 821 δὶίοτίει
599 763 951 819 Venetorum
1003 754 1237 826 excipit,
1287 761 1341 809 et
1398 753 1482 809 sie
1532 757 1731 825 postea
1788 771 1966 812 omne:

2127 756 2387 831 Ῑρασίνων
2426 754 2676 825 διασώζει
2722 754 2887 829 μέχρι
2928 758 3025 808 τοῦ
3085 753 3275 830 φόρουο
3327 749 3422 812 εἴθ’
3472 746 3644 809 οὕτως
3688 749 3749 802 τὸ

343 853 593 926 pedibus
631 846 972 920 procedunt,
1006 843 1168 901 solus
1206 842 1522 914 imperator
1551 859 1704 913 equo
1738 843 1965 900 vehitur

2129 847 2272 920 ιέρος
2306 850 2413 902 τῶν
2453 844 2685 903 Βενέτων
2725 850 2827 915 τῆς
2874 841 3167 911 πολιτικῆς
3222 838 3387 914 μέχρι
3437 841 3535 892 τοῦ
3586 856 3751 911 πραι-

342 941 547 1013 τωρίου
603 938 691 993 καὶ
740 936 903 991 πάλιν
960 937 1057 993 τοῦ
1121 930 1331 1005 μιλίου·
1396 932 1561 1006 μέρος
1618 933 1857 987 Βενέτων
1929 942 2032 1005 τῆς
2113 934 2408 1005 πολιτικῆς
2482 935 2649 1011 μέχρι
2717 942 2819 1005 τῆς
2892 934 3140 1009 καμάρας
3212 935 3309 987 τοῦ
3375 928 3588 1002 μιλίου·
3652 935 3752 999 τῆς

344 1030 639 1100 πολιτικῆς
689 1028 751 1083 τὸ
801 1026 964 1098 μέρος
1009 1027 1118 1079 τῶν
1169 1021 1394 1077 Βενέτων
1443 1018 1697 1096 δέχονται
1745 1024 1835 1077 τὸν
1909 1023 2135 1099 βασιλέα
2200 1026 2251 1080 έν
2308 1030 2387 1097 τῷ
2455 1024 2648 1097 μιλίῳ,
2699 1025 2871 1101 ἤγουν
2909 1022 2960 1079 έν
3010 1028 3078 1097 τῇ
3124 1020 3361 1095 καμάρᾳ,
3406 1019 3497 1073 καὶ
3554 1015 3755 1073 διασώ-

350 1127 500 1190 ζουσι
554 1120 721 1191 μέχρι
760 1117 857 1169 τοῦ
911 1114 1301 1187 μαρμαρωτοῦ·
1351 1114 1458 1164 τῶν
1504 1116 1812 1185 περατικῶν
1865 1117 2045 1187 μερῶν
2096 1114 2374 1189 Πρασίνων
2426 1111 2675 1189 δέχονται
2723 1112 2815 1166 τὸν
2881 1109 3107 1186 βασιλέα
3161 1108 3211 1163 ἐν
3263 1112 3341 1180 τῷ
3403 1106 3755 1182 μαρμαίρωτῷ

342 1210 437 1265 καὶ
469 1206 797 1275 διασώζουσι
832 1202 997 1275 μέχρι
1040 1203 1138 1253 τοῦ
1188 1198 1500 1268 ζιυξίππουο
1552 1206 1653 1269 τῆς
1700 1198 1996 1271 πολιτικῆς
2049 1203 2113 1256 τὸ
2172 1202 2335 1277 μέρος
2378 1207 2484 1257 τῶν
2529 1201 2809 1275 Πρασίνων
2863 1198 3116 1277 δέχονται
3162 1198 3253 1254 τὸν
3306 1195 3533 1273 βασιλέα
3581 1195 3634 1251 έν
3682 1199 3759 1265 τῷ

348 1295 625 1367 ζευξίππῳ
655 1291 744 1347 καὶ
797 1288 1123 1358 διασώζουσι
1178 1283 1345 1361 μέχρι
1392 1290 1492 1352 τῆς
1541 1286 1782 1362 χαλκῆς,
1826 1295 1934 1345 τιῖν
1986 1296 2295 1365 περατικῶν
2352 1293 2532 1366 μερῶν
2584 1291 2823 1346 Βενέτων
2872 1285 3125 1362 δέχονται
3171 1287 3265 1342 τὸν
3318 1286 3543 1363 βασιλέα
3593 1282 3645 1339 ἐν
3695 1286 3762 1357 τῇ

360 1384 571 1461 χαλκῇ,
602 1382 692 1437 καὶ
724 1378 821 1435 εἷθ’
849 1376 1020 1439 οὕτως
1052 1376 1366 1445 πεζεύουσιν
1404 1374 1651 1446 ἅπαντες,
1685 1375 1775 1431 καὶ
1810 1378 1963 1451 μένει
1987 1372 2225 1454 ἔφιππος
2260 1379 2430 1453 μόνος
2460 1379 2487 1432 6
2521 1377 2803 1453 βασιλεύς.

415 1474 512 1529 Vl.
556 1470 869 1529 Sciendum
910 1474 1015 1538 est,
1061 1483 1537 1537 unamquamque
1587 1468 1901 1524 factionem
1946 1469 2003 1525 in

2192 1471 2252 1537 ζ’.
2306 1467 2507 1524 Ἰστέον
2558 1465 2636 1536 δὲ,
2682 1466 2766 1523 ὅτι
2817 1464 2872 1521 ἓν
2925 1463 3148 1521 ἕκαστον
3226 1466 3387 1539 μέρος
3447 1462 3498 1518 ἐν
3570 1462 3762 1535 ἑκάστῃ

346 1562 553 1637 quavis
602 1558 933 1631 receptione
978 1559 1104 1613 acta
1152 1554 1415 1611 solenuia
1460 1556 1726 1626 recitare,
1775 1558 1834 1612 in
1868 1573 1968 1628 pro

2140 1558 2294 1613 ιύτῶν
2327 1554 2472 1632 δοχῇ
2505 1553 2655 1633 λέγει
2701 1558 2769 1610 τὰ
2817 1556 2954 1611 κατὰ
2996 1557 3281 1625 συνήθειαν
3333 1553 3488 1625 ἐίκτα,
3523 1551 3575 1607 ἐν
3608 1553 3665 1605 δὲ
3695 1556 3762 1624 τῇ

344 1669 517 1710 cessu
592 1665 727 1706 vero
795 1648 1048 1716 hymnos
1109 1642 1425 1711 dromicos,
1477 1649 1534 1700 et
1585 1644 1635 1700 si
1692 1645 1966 1716 imperato

2140 1648 2422 1721 ιροπομπῇ
2466 1642 2614 1721 λέγει
2672 1638 2977 1718 ἔμπροσθεν
3040 1640 3297 1717 δρομικὰ,
3358 1640 3402 1695 εἰ
3458 1646 3605 1715 τύχῃ
3658 1639 3762 1693 ἀπὸ

347 1741 617 1815 jusserit,
653 1737 827 1794 etiam
873 1734 1207 1807 apelaticos,
1240 1748 1465 1789 cauere.
1500 1734 1638 1790 Inde
1666 1734 1969 1807 imperator

2139 1734 2438 1807 ιελεύσεως,
2497 1730 2644 1808 λέγει
2699 1734 2790 1788 καὶ
2839 1732 3223 1794 ἀπελατικούς.
3282 1732 3534 1787 Κάκεῖθεν
3604 1726 3761 1803 δηρι-

471 1797 765 1896 omnibus,
796 1797 996 1881 θαύι
1026 1840 1205 1895 supra
1236 1824 1566 1894 expositum
1594 1828 1703 1894 est,
1736 1797 1979 1896 stipatus

2139 1827 2413 1902 (secusve;
2453 1827 2481 1880 6
2524 1825 2778 1902 βασιλεὺς
2821 1826 2924 1881 ὑπὸ
2980 1827 3219 1897 πάντων,
3284 1825 3359 1888 ὡς
3414 1822 3761 1899 προείρηται,

353 1939 456 1995 per
503 1918 760 1977 cortinas
799 1915 869 1971 ad
913 1912 1253 1969 interiorem
1304 1912 1710 1970 excubitorum
1762 1919 1975 1986 portam

2144 1918 2401 1997 ἰιέρχεται
2443 1914 2534 1971 διὰ
2569 1922 2677 1972 τῶν
2719 1921 2982 1993 κορτινῶν
3037 1916 3203 1991 μέχρι
3233 1921 3333 1984 τῆς
3385 1912 3533 1969 ἔνδον
3583 1911 3766 1983 πύλης

357 2010 457 2066 ubi
493 2008 833 2065 scribonum
861 2001 1148 2077 promotio
1180 2000 1532 2072 instituitur,
1565 2002 1892 2075 digreditur
1922 2007 1979 2060 at

2144 1996 2663 2077 :E'ovizcxou6i1wv,
2714 2006 2767 2060 έν
2912 2006 3121 2081 γίνεται
3188 2006 3223 2073 ἠ
3282 2008 3391 2059 τῶν
3448 1996 3766 2076 σκριϐώνων

353 2117 465 2171 quo
512 2100 570 2155 in
618 2096 822 2152 eadem
854 2093 1107 2169 pedibus
1148 2108 1333 2163 usque
1380 2091 1454 2148 ad
1511 2094 1631 2149 tres
1684 2093 1975 2151 consistor‘

2144 2091 2399 2171 προϐολὴ,
2440 2095 2493 2150 ἐν
2538 2093 2593 2149 δὲ
2630 2098 2699 2169 τῇ
2742 2094 2877 2169 αὐτῇ
2925 2092 3075 2168 πύλῃ
3128 2092 3337 2163 πεζεύει
3406 2094 3434 2147 6
3495 2090 3766 2168 βασιλεὺς,

356 2198 573 2262 portas.
619 2185 721 2242 ubi
752 2200 886 2241 eum
927 2189 1221 2241 senatores
1252 2182 1463 2239 fauetis
1495 2182 1978 2240 acclamationibu

2143 2184 2359 2247 Ξιελθὼν
2393 2182 2561 2258 μέχρι
2606 2188 2715 2238 τῶν
2759 2188 2924 2257 τριῶν
2972 2181 3163 2237 πυλῶν
3210 2186 3307 2237 τοῦ
3357 2180 3765 2254 κονσιστωρίου·

361 2278 679 2349 excipiunt,
734 2273 1017 2346 procedit.
1067 2273 1390 2343 Imperator
1450 2273 1707 2329 mediam
1768 2277 1983 2345 portam

2149 2272 2349 2328 ιένουσι
2381 2269 2437 2327 δὲ
2481 2271 2652 2327 ἐκεῖσε
2702 2273 2753 2325 οἱ
2802 2275 2906 2336 τῆς
2956 2270 3286 2345 συγκλήτου,
3349 2271 3771 2346 ὑπερευχόμενοι

360 2370 433 2424 ad
488 2364 775 2439 templum
832 2361 1064 2419 Domini
1122 2362 1449 2432 ducentem,
1503 2360 1853 2434 ingreditur,
1917 2363 1982 2419 ut

2151 2363 2219 2415 :6v
2276 2359 2522 2436 βασιλέα,
2573 2362 2634 2418 Ὁ
2689 2358 2745 2415 δὲ
2790 2358 3048 2435 βασιλεὺς
3105 2358 3407 2435 εἰσέρχεται
3462 2361 3561 2428 τὴν
3606 2358 3773 2431 μέσην

366 2475 400 2528 p
422 2456 595 2513 ttricii
623 2457 683 2511 et
706 2451 966 2523 strategi,
993 2450 1199 2509 faustis
1235 2450 1673 2523 precationibus
1701 2468 1835 2507 eum
1861 2467 1988 2508 exce

2154 2450 2313 2520 τύλην
2347 2452 2482 2524 πρὸς
2514 2450 2604 2504 τὸν
2654 2450 2779 2504 ναὸν
2823 2454 2921 2504 τοῦ
2961 2449 3179 2525 Κυρίου,
3230 2449 3320 2504 καὶ
3373 2448 3620 2523 μένουσιν
3669 2446 3776 2501 ἐκεῖ

367 2546 544 2616 pturi,
595 2545 829 2601 adsunt.
882 2544 1238 2613 Imperatore
1280 2557 1495 2596 ansam
1550 2546 1777 2612 portam
1818 2541 1989 2612 templ

2154 2537 2412 2615 πατρίκιοι
2471 2539 2560 2592 γαὶ
2620 2539 2941 2614 στρατηγοί,
2994 2539 3426 2614 ὑπερευχόμενοι
3483 2536 3571 2591 καὶ
3626 2535 3776 2591 αὐτοὶ

369 2633 599 2688 Dzmini
644 2632 930 2702 ingresso,
982 2628 1324 2685 cubicularii
1364 2629 1582 2699 jauuas
1630 2629 1914 2685 claudunt
1966 2646 1991 2685 e

2154 2626 2364 2699 ιμοίως.
2406 2629 2512 2682 Τοῦ
2554 2624 2610 2681 δὲ
2665 2626 2935 2702 βασιλέως
2993 2625 3331 2691 εἰσελθόντος
3396 2626 3495 2696 τῆν
3561 2622 3776 2699 χαλκῆν

370 2723 564 2776 fausta
592 2720 645 2774 ei
674 2723 1081 2790 apprecantur,
1117 2716 1237 2787 qui,
1280 2721 1592 2788 postquam
1624 2718 1834 2774 tiaram
1867 2736 1900 2774 a
1929 2735 1992 2775 ca

2155 2716 2317 2786 τύλην
2344 2721 2441 2771 τοῦ
2475 2716 2701 2792 Κυρίου,
2736 2716 2933 2781 εὐθέως
2964 2714 3213 2771 κλείουσι
3255 2716 3350 2779 τὰς
3386 2714 3551 2791 θύρας
3593 2714 3645 2769 ot
3682 2718 3777 2768 τοῦ

373 2810 491 2883 pite
505 2810 632 2880 ejus
654 2805 1002 2880 praepositus
1023 2805 1492 2877 dempsit,intrat
1511 2807 1813 2880 sacrisque
1830 2810 1991 2880 janui

2158 2800 2530 2861 ιουϐουκλείου
2562 2806 2651 2860 καὶ
2696 2804 3087 2882 ὗπερεύχονται
3121 2806 3211 2861 τὸν
3256 2805 3504 2879 βασιλέα,
3553 2803 3643 2859 καὶ
3688 2812 3780 2858 λα-

373 2898 589 2966 adstat,
651 2911 786 2953 cum
831 2893 1015 2952 cereis
1064 2910 1196 2951 vero
1256 2893 1519 2950 accensis
1573 2900 1866 2966 precatus,
1926 2914 1995 2970 pe

2158 2890 2324 2957 ἰόντος
2354 2899 2451 2950 τοῦ
2480 2895 2842 2971 πραιποσίτου
2875 2896 2973 2964 τήν
3002 2895 3189 2971 τιάραν
3238 2897 3285 2931 ¹⁴
3324 2894 3430 2949 ἀπὸ
3468 2900 3568 2963 τῆς
3616 2913 3780 2969 κεφα-

374 2984 607 3043 Ποωίιιὶ
648 2983 905 3057 porticus
952 2982 1163 3041 transit
1200 2986 1258 3038 et
1296 2982 1685 3055 hemicyclum
1719 2984 1996 3042 triconcbi

2168 2988 2242 3055 ,ἧς
2268 2989 2365 3041 τοῦ
2400 2985 2691 3061 βασιλέως,
2725 2985 3028 3062 εἰσέρχεται
3060 2986 3087 3040 6
3126 2984 3383 3065 βασιλεὺς
3431 2984 3524 3039 καὶ
3571 2984 3790 3039 ἳσταται

374 3074 721 3149 ingreditur.
755 3072 863 3129 Per
892 3075 1231 3131 sanctorum
1262 3075 1453 3129 autem
1487 3072 1880 3146 quadraginta
1906 3092 1996 3147 pou

2173 3078 2442 3149 μπροσθεν
2495 3080 2600 3129 τῶν
2653 3076 2823 3151 ἁγίων
2878 3079 3076 3150 θυρῶν,
3133 3074 3273 3151 ’ἅψας
3322 3072 3379 3130 δὲ
3429 3075 3634 3150 κηροὺς
3700 3072 3788 3127 καὶ

374 3167 528 3222 ticus
578 3168 1001 3235 transgressus,
1047 3177 1289 3218 aureum
1331 3160 1652 3217 triclinium
1699 3162 1898 3231 intrat,
1931 3165 1996 3220 ut

2172 3164 2455 3238 ὖξάμενος,
2488 3162 2767 3240 διέρχεται
2802 3162 2890 3221 διὰ
2927 3169 3035 3220 τῶν
3071 3159 3400 3220 διαϐατικῶν
3441 3167 3543 3220 τοῦ
3582 3162 3793 3238 Κυρίου

374 3254 722 3314 cubicularii
750 3268 955 3311 omnes
985 3252 1289 3311 adstantes
1308 3250 1646 3323 imperatori
1670 3254 1996 3310 acclamant

2175 3254 2237 3309 ιαὶ
2298 3254 2598 3329 εἰσέρχεται
2666 3254 2717 3308 ἐν
2783 3259 2863 3327 τῷ
2929 3254 3249 3328 ἡμικυκλίῳ
3312 3258 3409 3310 τοῦ
3475 3252 3797 3327 τρικόγχου.

384 3368 414 3396 ι(
452 3346 509 3399 In
557 3342 738 3400 multa
778 3343 1049 3412 bonaque
1080 3348 1347 3411 tempore
1386 3341 1751 3411 majestatem
1782 3348 2006 3399 vestran

2179 3344 2390 3400 ιιελθὼν
2423 3344 2480 3400 δὲ
2511 3343 2600 3401 διὰ
2627 3350 2736 3401 τῶν
2770 3341 3096 3401 διαϐατικῶν
3126 3350 3233 3400 τῶν
3280 3343 3450 3420 ἁγίων
3504 3345 3578 3419 μ’,
3628 3343 3801 3419 εἰσέρ-

380 3434 535 3490 Deus
566 3432 827 3498 inducat,
860 3451 889 3479 ››
920 3433 978 3484 et
1005 3428 1411 3500 egrediuntur.

2178 3453 2304 3509 ίεται
2336 3432 2495 3507 ἐντῷ
2528 3434 2991 3511 χρυσοτρικλίνῳ,
3034 3434 3123 3489 καὶ
3166 3435 3386 3496 στάντες
3437 3434 3490 3489 οἱ
3536 3437 3634 3489 τοῦ
3681 3454 3800 3491 κου.

393 3516 686 3576 ϐουκλείου
718 3519 948 3580 ἅπαντες
978 3514 1031 3571 ἰν
1062 3520 1142 3587 νῷ
1171 3514 1615 3591 χρυσοτρικλίνῳ
1647 3517 2041 3597 ὑπιρεύχονται
2067 3523 2162 3578 τὸν
2198 3522 2445 3599 βασιλέαο
2483 3546 2507 3580 α
2541 3524 2635 3586 Εἰς
2686 3523 2932 3586 πὸλλοὺς
2963 3524 3052 3579 καὶ
3080 3523 3311 3600 ἀγαθοὺς
3343 3522 3576 3600 χρόνους
3608 3524 3635 3577 6
3673 3522 3805 3583 Θεὸς

387 3608 588 3684 ἀγάγοι
620 3608 720 3677 τήν
755 3603 1038 3681 βασιλείαν
1071 3604 1248 3678 ὑμῶν,
1281 3629 1309 3658 ››
1342 3606 1431 3661 καὶ
1462 3605 1798 3682 ἐξέρχονται.

450 3699 571 3761 Vll.
622 3699 797 3755 Porro
848 3696 1174 3756 notandum
1220 3700 1329 3765 est,
1382 3702 1523 3769 quot
1574 3700 1937 3771 reoeptioues
1985 3703 2043 3759 in

2229 3705 2299 3761 Ζ’.
2336 3710 2426 3759 Δεῖ
2455 3702 2648 3760 εἰδέναι
2678 3704 2767 3759 καὶ
2798 3708 2979 3775 τοῦτο,
3012 3704 3112 3759 ἀνὰ
3141 3703 3326 3760 πόσων
3368 3700 3557 3779 δοχῶν
3608 3699 3801 3777 δέχον-

394 3789 505 3846 hac
536 3788 907 3860 processioue
946 3804 981 3842 a
1023 3784 1374 3842 factionibus
1420 3786 1822 3846 instituantur.
1875 3792 2016 3846 Prin

2175 3814 2243 3848 ται
2276 3794 2342 3849 τὰ
2377 3793 2512 3869 μέρη
2547 3793 2599 3849 ἐν
2632 3795 2798 3869 ταύτῃ
2826 3798 2893 3868 τῇ
2944 3792 3282 3867 προελεύσει.
3334 3794 3395 3849 Ὀ
3444 3789 3797 3868 δημοκρατης

397 3895 530 3950 ceps
566 3878 918 3935 Venetorum
958 3892 1065 3934 ceu
1122 3875 1480 3933 domesticus
1529 3878 1861 3936 scholarum
1912 3898 2019 3936 cun

2180 3889 2262 3937 τῶν
2292 3882 2547 3952 Βενέτων,
2580 3883 2750 3958 ἤγουν
2780 3884 2807 3937 6
2840 3880 3159 3956 δομέστικος
3207 3888 3317 3937 τῶν
3368 3879 3618 3957 σχολῶν,
3670 3879 3802 3955 μετὰ

395 3968 730 4027 transitoria
779 3966 1025 4023 factione
1062 3965 1281 4023 Veneta
1321 3970 1439 4023 tres
1471 3967 1828 4039 reoeptioues
1858 3970 1997 4025 facit

2174 3977 2251 4026 ποῦ
2282 3976 2573 4048 περατικοῦ
2602 3974 2768 4028 αὐτου
2799 3969 2979 4045 δήμου
3005 3977 3111 4027 τῶν
3146 3970 3384 4028 Βενέτων
3437 3968 3654 4046 δέχεται
3708 3967 3796 4025 δο-

395 4056 668 4128 princeps
705 4056 1084 4113 Prasinorum
1126 4072 1230 4113 seu
1262 4055 1562 4111 excubitor
1601 4073 1733 4113 cum
1765 4059 2011 4115 transito

2174 4061 2260 4136 (ἃς
2308 4068 2473 4136 τρεῖςο
2526 4063 2553 4116 6
2608 4060 2963 4136 δημοκρατης
3020 4066 3129 4116 τῶν
3186 4061 3489 4135 Ιῐρασίνων,
3545 4056 3717 4134 ἤγουν
3770 4060 3796 4112 6

397 4145 480 4203 ria
520 4161 626 4202 sua
665 4144 913 4203 factione
952 4144 1101 4200 duas
1134 4160 1148 4211 ;
1191 4143 1467 4201 tribunus
1508 4144 1859 4202 Venetorum
1913 4164 2019 4204 cun

2173 4147 2527 4218 ὶκσκούϐιτος,
2565 4152 2699 4224 μετὰ
2730 4154 2824 4205 τοῦ
2856 4154 3148 4225 περατικοῦ
3198 4149 3364 4205 αὐτοῦ
3410 4146 3591 4223 δήμου
3642 4146 3795 4227 δέχε-

394 4234 610 4306 populo
638 4233 770 4291 albo
801 4234 1161 4305 receptioues
1192 4238 1411 4303 septem
1442 4232 1721 4289 instituit.
1753 4236 2012 4292 Tribunu

2180 4260 2243 4293 ται
2278 4236 2448 4314 δοχας
2490 4237 2606 4295 δύο.
2657 4241 2716 4296 Ὁ
2762 4236 3054 4315 δήμαρχος
3089 4243 3197 4293 τῶν
3239 4238 3475 4296 Βενέτων
3533 4237 3668 4310 μετὰ
3707 4240 3802 4291 τοῦ

391 4323 753 4379 Prasinorum
778 4337 913 4377 cum
947 4320 1159 4392 populo
1192 4337 1361 4377 russo
1384 4321 1740 4390 reoeptioues
1761 4324 2013 4396 quinque

2180 4329 2340 4399 ἱήμου
2366 4333 2463 4383 τοῦ
2494 4332 2689 4382 λευκοῦ
2722 4325 2937 4403 δέχεται
2989 4326 3159 4404 δοχάς
3206 4328 3358 4383 ἑπτά.
3409 4328 3469 4384 Ὁ
3511 4323 3802 4401 δήμαρχος

392 4410 682 4469 Numerus
712 4410 979 4469 omnium
1012 4410 1413 4481 receptionum
1440 4409 1614 4466 XVII.

2180 4421 2263 4471 :ch
2298 4416 2576 4492 ΙΙρασίνων
2621 4416 2754 4489 μετὰ
2792 4422 2889 4472 τοῦ
2940 4415 3123 4491 δήμου
3177 4421 3269 4471 τοῦ
3318 4415 3539 4493 ῥουσίου
3585 4412 3802 4489 δέχεται

2160 4502 2329 4579 δοχὰς
2362 4506 2418 4566 ε’.
2452 4506 2628 4579 Ὁμοῦ
2662 4502 2849 4581 δοχῶν
2885 4508 2971 4576 ιζ“.

988 4568 1221 4627 CAPUT
1260 4570 1466 4627 XVIII.
2228 4568 2266 4579 "
2524 4568 2533 4579 '

2228 4568 2266 4579 ”
2524 4568 2533 4579 ’
2736 4568 3031 4653 "men.
3072 4596 3181 4653 IH‘.

399 4659 749 4722 Obseruantia
792 4662 856 4718 in
872 4665 1041 4744 “festo
1082 4662 1764 4744 cyprocrsrionasancla:
1814 4664 2047 4733 Christi,
2081 4665 2128 4730 D
2158 4688 2295 4744 Ὅσα
2356 4684 2437 4741 δεῖ
2491 4706 2634 4744 παρα

901 4683 1041 4743 [sfw
1082 4683 1521 4743 aypraccsuqna
1561 4683 1764 4723 rancus
1814 4683 2047 4733 unum,
2081 4683 2128 4730 υ
2158 4688 2295 4744 "om
2356 4684 2437 4741 δεῖ

863 4734 959 4789 De:
988 4737 1183 4798 nostri,
1216 4734 1585 4791 Ascemtom's.
2254 4766 2354 4798 ηςρ
2387 4759 2485 4798 est.

2182 4688 2295 4744 Οσα
2356 4684 2437 4741 δεῖ
2491 4684 2928 4798 παραφυλάττειν
2978 4689 3047 4760 τῇ
3106 4687 3269 4761 ἑορτῇ
3329 4686 3416 4740 καῖ
3487 4683 3804 4760 προελεύσει

2254 4766 2354 4798 an?»
2387 4759 2536 4798 rip-uinu-
2622 4763 2806 4798 nun-n71
2835 4763 2933 4798 ττιῗῖ
2961 4763 3096 4798 nam”;
3126 4760 3288 4798 ’λι-πω
3325 4756 3684 4798 ’Δυηὶπίιίηηιρ

2254 4766 2354 4829 τῆς
2387 4759 2536 4833 ἁγίας
2568 4756 2806 4833 Χριστοῦ
2835 4763 2933 4813 τοῦ
2961 4756 3096 4813 Θεόὕ
3126 4756 3288 4833 ἡμῶν
3325 4756 3702 4831 Ἀναλῆψεως.

464 4844 759 4903 Prodeunt
802 4856 1007 4899 omnes
1040 4838 1297 4897 ministri
1337 4846 1623 4899 nocturno
1670 4845 1931 4915 tempore
1983 4846 2043 4904 in

2230 4848 2310 4904 A‘.
2349 4846 2721 4923 ΙΙροέρχονται
2769 4846 2997 4908 ἅπαντες
3049 4848 3100 4902 οἱ
3151 4844 3415 4921 ἄρχοντες
3463 4844 3704 4920 ἐννύχιοι
3753 4842 3804 4898 ὲν

397 4935 682 5008 palatium
704 4929 1127 5003 scaramangiis
1144 4928 1355 4999 induti,
1374 4934 1433 4986 et
1453 4931 1504 4989 si
1517 4931 1685 5003 jubet
1703 4932 2019 5006 imperator

2180 4942 2235 5010 ῖῷ
2266 4936 2516 5009 παλατίῳ
2545 4936 2651 4992 ἀπὸ
2684 4937 3136 5012 σκαραμαγγίων,
3169 4936 3261 4991 καὶ
3312 4934 3357 4990 εί
3404 4934 3615 4993 κελεύει
3648 4935 3675 4988 6
3707 4935 3802 5008 βα-

399 5025 645 5082 navibus
667 5039 771 5095 pro
797 5037 957 5077 more
974 5019 1153 5091 abire,
1177 5020 1375 5076 statim
1402 5035 1537 5076 cum
1567 5019 1661 5091 iis,
1688 5037 1836 5094 quos
1854 5025 2021 5099 jubet

2180 5026 2339 5089 τιλεὺς
2366 5028 2615 5083 ἀπελθεῖν
2650 5024 2739 5081 διὰ
2778 5031 2873 5082 τοῦ
2918 5025 3091 5089 πλοὸς
3142 5028 3255 5099 (41)
3307 5026 3443 5081 κατὰ
3492 5025 3802 5094 συνήθειαν,

1746 5169 1989 5230 VARUS
2032 5175 2450 5238 LEGTIONES.

469 5291 516 5326 ²⁴
548 5287 766 5364 στιάραν
799 5287 930 5347 00d.

1449 5412 1644 5473 JOAN.
1684 5414 1816 5474 JAC
1856 5418 2112 5479 BElSKII
2152 5423 2742 5483 COMMENTARIUS.

438 5555 575 5638 .(tO)
607 5552 739 5611 Jam
777 5547 1095 5638 habuitque
1139 5546 1226 5638 bis
1254 5545 1357 5632 vel_
1392 5550 1480 5604 ter
1510 5547 1853 5638 peiliptica‘m‘
1885 5554 2037 5638 banc
2146 5559 2414 5638 urbanam
2461 5564 2679 5636 partem
2738 5560 3001 5632 factionis
3046 5558 3431 5627 Prau'norum,
3467 5557 3803 5612 Venetorum

395 5615 715 5703 ἀίᾴιίόρρῑη
742 5638 844 5696 pro
876 5620 927 5703 οῖ
964 5621 1065 5703 τῆς
1096 5615 1398 5703 πολιτικῆς
1428 5615 1671 5703 μερίδος,
1702 5624 1793 5703 uel
1828 5623 2035 5703 ἀγέλης
2143 5615 2453 5703 "ninam,

396 5700 486 5757 vel
534 5688 781 5766 πλήθύός
832 5695 929 5747 τοῦ
990 5688 1185 5765 μέρους
1212 5694 1320 5744 τῶν
1354 5688 1656 5765 Πρασίνων,
1690 5696 1781 5751 illi
1810 5688 1907 5769 qu'i
1961 5688 2036 5757 ad
2143 5688 2155 5703 ”
2216 5704 2328 5775 (41)
2372 5704 2469 5761 Sic
2501 5720 2707 5779 nempe
2737 5706 2994 5764 formant
3024 5702 3157 5762 novi
3192 5699 3372 5759 αι·ωοί
3401 5698 3740 5774 genitivum
3772 5718 3807 5757 a
