4108 6220
323 363 445 423 335

1400 354 1925 417 CONSTANTINI
1970 353 2674 416 PORPHYROGENITI

3630 350 3748 408 336

326 500 607 555 mandato
628 496 862 568 signum
887 492 1293 551 cerimoniario
1315 492 1416 549 dat
1446 496 1503 547 et
1523 491 1668 547 dicit
1697 508 1710 545 :
1745 513 1773 540 ι(
1806 488 1986 545 Jube-

2114 487 2191 541 mi
2225 483 2476 561 δέχονται
2509 486 2671 540 αὐτὸν
2697 483 2867 541 ἐκεῖσε
2897 483 2955 538 οἵ
2986 504 3045 538 τε
3085 482 3366 555 πατρίκιοι
3415 481 3503 535 καὶ
3552 488 3750 556 στρατ-

325 590 385 642 te
410 605 423 654 ;
453 609 480 637 »
496 587 578 641 illi
598 603 611 640 :
632 605 657 637 ι
673 583 930 641 lnmulta
942 584 1494 654 bonaquelempora.
1514 602 1541 631 ››
1558 582 1719 645 Inde,
1735 577 1989 635 cubiculi

337 675 627 745 praefectis
648 678 706 729 et
736 677 938 728 senatu
970 670 1405 739 comitantibus,
1430 686 1532 743 per
1552 670 1874 733 cochleam,
1892 684 1994 739 per

327 779 509 834 quam
562 763 927 829 ascenderat,
990 777 1192 817 rursus
1250 759 1571 826 descendit,
1631 759 1807 829 inque
1864 757 1993 827 ejus

326 851 597 907 inferiori
629 855 792 923 parte
824 849 1051 921 patricii
1081 854 1137 905 et
1175 848 1416 920 strategi
1450 864 1570 903 una
1609 863 1743 903 cum
1787 853 1991 901 senatu

325 956 465 995 eum
498 940 815 1011 excipiunt,
838 943 894 995 et
917 955 1121 994 rursus
1154 938 1324 1010 signo
1358 938 1429 993 ab
1452 936 1804 1008 imperatore
1837 952 1992 1005 pra:-

328 1028 527 1098 posito
562 1030 716 1095 dato,
752 1028 802 1084 is
833 1026 1150 1083 silentiario
1180 1026 1405 1086 annuit.
1443 1026 1543 1097 qui
1605 1024 1748 1081 dicit
1782 1040 1796 1078 :
1831 1045 1859 1073 «
1898 1023 2003 1078 Ju-

325 1117 463 1173 bete
486 1138 502 1186 ;
528 1140 556 1168 ››
581 1117 735 1174 atilli
765 1134 777 1172 :
804 1117 903 1172 60
943 1138 970 1167 ‹‹
1005 1119 1067 1171 In
1100 1115 1288 1171 multa
1325 1115 1597 1185 bonaque
1634 1117 1923 1185 tempora,
1965 1136 1994 1161 η

328 1206 669 1277 imperatori
711 1206 1055 1261 acclamant.
1099 1203 1225 1271 Qui,
1286 1203 1430 1275 ipsis
1479 1201 1926 1267 comitantibus,
1968 1216 1999 1256 e

333 1300 510 1366 porta
534 1294 859 1366 baptisterii
890 1292 1207 1364 egreditur,
1240 1293 1382 1347 dum
1415 1289 1859 1347 cerimoniarius
1891 1305 1993 1361 pro

333 1401 501 1441 more
523 1385 632 1456 ipsi
656 1384 941 1440 acclamat
966 1399 979 1437 :
1008 1402 1032 1434 α
1058 1381 1314 1452 Caplate,
1338 1380 1593 1448 Domini,
1620 1401 1648 1430 ››
1682 1379 2000 1450 statimque

334 1489 473 1530 eum
497 1473 773 1528 tribunus
801 1471 1151 1526 Venetorum
1182 1486 1281 1524 seu
1314 1470 1669 1525 domesticus
1699 1469 1992 1523 sbolarum

338 1579 475 1618 cum
518 1561 642 1618 suis
682 1559 915 1632 excipit,
947 1560 1119 1629 eique
1158 1575 1191 1613 a
1229 1557 1631 1613 cerimoniario
1685 1557 1995 1623 adductus,

338 1666 543 1708 cruces
565 1665 595 1705 e
625 1650 774 1706 rosis
804 1652 1101 1705 contextae
1134 1647 1335 1702 tradit:
1370 1646 1542 1717 paulo
1566 1648 1695 1716 post
1726 1646 1999 1716 princeps

340 1739 699 1795 Venetorum
722 1743 780 1793 et
811 1738 936 1807 ipse
958 1752 990 1789 a
1010 1733 1413 1791 cerimoniario
1444 1734 1755 1798 adductus,
1797 1748 1997 1789 cruces

344 1830 393 1885 ei
412 1834 469 1885 et
484 1827 797 1883 fasciculos
814 1826 1045 1893 ﬂorum,
1064 1829 1129 1921 ut
1143 1824 1365 1878 dictum
1379 1822 1689 1921 est,oﬂ‘ert,
1712 1838 1828 1893 quo
1846 1822 1996 1877 facto
2028 1855 2077 1921 Β

345 1917 606 1973 notarius
632 1914 903 1969 factionis
917 1913 965 1982 ej
978 1929 1045 1967 us
1070 1911 1297 1967 iambos
1322 1912 1449 1965 festi
1473 1910 1716 1966 orditur.
1736 1911 1799 1965 In
1828 1915 1995 1968 exte-

342 2007 481 2065 riori
507 2010 670 2076 porta
693 2005 964 2061 tribunus
985 2003 1357 2058 Prasinorum
1382 2018 1485 2057 seu
1509 2000 1875 2056 domesticus
1906 2016 1999 2056 ex-

345 2096 679 2155 cubitorum
712 2094 894 2157 adest,
921 2092 1018 2163 qui
1050 2108 1082 2145 a
1112 2089 1517 2147 cerimoniario
1550 2090 1859 2159 adductus,
1891 2088 1998 2144 im-

346 2182 597 2256 peratori
620 2198 821 2238 cruces
842 2197 871 2236 e
896 2178 1042 2235 rosis
1067 2182 1362 2235 contextae
1388 2182 1445 2233 et
1468 2177 1639 2234 ﬂores
1669 2179 1879 2233 odoros
1912 2179 1996 2234 of-

346 2276 474 2331 fert.
488 2274 781 2328 Postremo
794 2270 1067 2326 tribunus
1082 2268 1456 2323 Prasinorum
1473 2267 1884 2339 imperatorem
1901 2283 1995 2323 ex-

347 2363 511 2434 cipit,
536 2361 859 2431 eademque
892 2375 1018 2429 quae
1049 2356 1238 2412 caeteri
1272 2355 1627 2410 munuscula
1658 2356 1770 2426 ipsi
1791 2357 1989 2411 tradit.

2102 575 2227 648 ηγοὶ
2304 576 2407 629 ἀπὸ
2483 570 2886 649 χρυσοτάὸλων
2967 569 3290 647 χλανιδίων,
3346 569 3437 623 καὶ
3476 568 3750 638 πέσόντες,

2101 664 2235 719 νεύει
2272 667 2300 719 6
2330 664 2690 739 πραιπόσιτος
2720 664 2823 718 ἀπὸ
2871 662 3171 722 κελεύσεως
3213 664 3293 731 τῷ
3340 665 3438 728 τῆς
3484 660 3753 713 καταστά-

2104 774 2237 815 σεως
2268 754 2357 807 καὶ
2389 752 2554 828 λέγει·
2595 778 2622 805 ι(
2654 751 2975 809 Κελεύσατε·
3022 776 3049 802 ››
3102 749 3257 804 αὐτοὶ
3310 745 3366 802 δὲ
3418 747 3753 824 ὑπερεύχον-

2102 864 2211 899 ται·
2241 869 2267 896 ‹‹
2301 843 2394 905 Εἷς
2440 844 2685 904 πολλοὺς
2734 843 2823 897 καὶ
2868 842 3101 918 ἀγαθοὺς
3144 842 3401 917 χρόνους.
3440 864 3466 890 ››
3518 838 3621 896 Καὶ
3655 836 3753 907 δη-

2106 935 2458 1011 ριγευὸμενος
2487 934 2593 989 ἀπὸ
2621 936 2729 989 τῶν
2767 934 2937 989 ἐκεῖσε
2972 934 3075 989 ὑπό
3113 953 3172 987 τε
3196 938 3304 987 τῶν
3334 930 3620 1006 ἀρχόντων
3657 934 3752 983 τοῦ

2105 1020 2497 1080 κουϐουκλείου
2540 1026 2628 1079 καὶ
2680 1033 2781 1094 τῆς
2828 1022 3161 1099 συγκλήτου,
3209 1020 3531 1096 κατέρχεται
3572 1017 3641 1073 δι’
3694 1019 3753 1073 οὗ

2106 1114 2196 1169 καὶ
2222 1112 2424 1183 ἀνῆλθε
2453 1113 2716 1188 κοχλιοῦ,
2748 1114 2834 1167 καὶ
2874 1110 3128 1187 δέχονται
3175 1111 3342 1166 πάλιν
3399 1109 3452 1165 ἐν
3480 1114 3560 1181 τῷ
3598 1106 3756 1178 πλη-

2109 1202 2325 1275 ρώματι
2363 1205 2459 1256 τοῦ
2498 1198 2736 1275 κοχλιοῦ
2777 1201 2828 1255 οἳ
2889 1220 2947 1254 τε
2997 1197 3278 1273 πατρίκιοι
3318 1196 3409 1251 καὶ
3460 1195 3761 1270 στρατηγοὶ

2109 1290 2222 1363 ἅμα
2260 1293 2328 1363 τῇ
2371 1288 2686 1364 συγκλήτῳ,
2747 1288 2838 1343 καὶ
2897 1286 3065 1342 πάλιν
3122 1282 3305 1342 λαϐὼν
3348 1290 3518 1357 νεῦμα
3560 1286 3587 1339 6
3619 1304 3760 1357 πρα-

2109 1380 2336 1439 πὸσιτος
2385 1380 2531 1451 ποιρᾶ
2577 1382 2675 1432 τοῦ
2731 1374 3021 1451 βασιλέως,
3071 1378 3209 1430 νεύει
3258 1380 3338 1447 τῷ
3388 1373 3763 1448 σιλεντιαρίῳ,

2108 1466 2353 1528 κάκεῖνος
2390 1464 2559 1539 λέγει’
2611 1490 2638 1518 ‹‹
2675 1464 2997 1522 Κελεύσατε·
3035 1489 3064 1516 ››
3110 1464 3265 1519 αὐτοὶ
3316 1461 3375 1518 δὲ
3422 1463 3766 1537 νὺπερεύχον-

2106 1575 2193 1608 ται
2232 1555 2324 1609 τὸν
2371 1549 2616 1609 ϐασιλέα·
2676 1578 2703 1604 ‹‹
2746 1553 2842 1614 Εἷς
2894 1552 3146 1614 πολλοὺς
3188 1552 3278 1606 καὶ
3333 1551 3568 1626 ἀγαθοὺς
3625 1551 3765 1626 χρό-

2107 1663 2254 1703 νους,
2304 1668 2333 1694 ››
2393 1644 2497 1698 Καὶ
2560 1640 2986 1718 δηριγευόμενος
3046 1641 3137 1695 ὑπ’
3188 1642 3366 1695 αὐτῶν
3409 1642 3437 1694 6
3480 1640 3759 1715 βασιλεὺς,

2108 1728 2383 1808 ἐξέρχεται
2421 1732 2520 1801 τήν
2556 1729 2739 1800 πύλην
2784 1735 2881 1785 τοῦ
2928 1729 3222 1804 λουτῆρος,
3269 1733 3575 1807 φωνοῦντος
3625 1729 3762 1783 κατὰ

2106 1819 2168 1874 τὸ
2200 1819 2428 1890 σύνηθες
2460 1824 2557 1875 τοῦ
2582 1826 2683 1889 τῆς
2722 1820 3102 1881 καταπάσεῶς
3143 1820 3228 1888 τὸ,
3282 1842 3308 1870 ‹‹
3342 1818 3616 1887 Καπλάτε,
3666 1816 3765 1872 Δύ-

2114 1930 2268 1981 μηνι,
2306 1908 2447 1962 »καὶ
2481 1906 2699 1982 δέχεται
2740 1906 2935 1969 εὐθέως
2988 1907 3016 1961 6
3067 1904 3427 1982 δημοκράτης
3468 1911 3577 1961 τῶν
3612 1904 3765 1961 Βενέ-

2106 2021 2237 2070 των,
2270 2002 2442 2075 ἤγουν
2476 2001 2503 2055 6
2536 1997 2857 2073 δομέστικος
2884 2004 2992 2055 τῶν
3041 1998 3289 2074 σχολῶν,
3339 1999 3431 2055 καὶ
3474 1996 3765 2054 ἐπιδίδωσι

2106 2094 2185 2160 τῷ
2218 2088 2436 2164 βασιλεῖ
2476 2089 2845 2164 κρατούμενος
2882 2091 2925 2125 ²⁸
2969 2088 3073 2143 61:6
3103 2092 3203 2143 τοῦ
3252 2090 3298 2125 ³ο
3344 2092 3444 2153 τῆς
3493 2090 3762 2144 καταστά-

2111 2198 2268 2247 σεως,
2302 2177 2565 2252 σταυροὺς
2600 2173 3001 2250 ῥοδοπλόκους,
3033 2175 3125 2230 καὶ
3160 2176 3275 2248 μετ’
3310 2174 3499 2252 ὀλίγον
3544 2174 3763 2251 δέγεται

2108 2266 2136 2320 6
2164 2264 2457 2341 δήμαρχος
2490 2270 2595 2321 τῶν
2632 2264 2888 2332 Βενέτων,
2941 2262 3316 2337 κρατούμενος
3361 2261 3417 2319 δὲ
3464 2265 3555 2319 καὶ
3605 2264 3763 2325 αὐτὸς

2106 2356 2207 2411 ὑπὸ
2272 2360 2370 2409 τοῦ
2436 2361 2535 2424 τῆς
2600 2354 3001 2421 καταστάσεως,
3062 2349 3346 2407 ἐπιδίδωσι
3402 2358 3484 2425 τῷ
3544 2352 3765 2427 βασιλεῖ

349 2448 612 2520 σταυροὺς
662 2446 749 2500 καὶ
796 2442 1061 2519 ὀσφράδια
1111 2445 1245 2515 (46),
1297 2442 1372 2503 ὡς
1418 2441 1762 2516 προείρηται,
1812 2442 1902 2496 καὶ
1974 2443 2171 2508 εύθέως
2231 2444 2457 2516 ἄρχεται
2508 2444 2537 2497 6
2603 2442 2855 2517 νοτὰριος
2914 2446 3013 2496 τοῦ
3081 2442 3248 2499 αὐτοῦ
3318 2440 3514 2515 μέρους
3581 2440 3763 2516 λέγειν

346 2536 475 2596 τοὺς
518 2529 753 2603 ἰάμϐους
782 2541 881 2601 τῆς
912 2531 1242 2603 ἐορτῆς.Ἐν
1296 2528 1353 2581 ὀὶ
1398 2532 1466 2600 τῇ
1516 2523 1615 2601 ἔξω
1670 2529 1816 2603 πύλῃ
1872 2528 2090 2604 δέχεται
2142 2534 2170 2585 6
2216 2528 2571 2605 δημοκράτης
2617 2536 2726 2585 τῶν
2778 2530 3083 2606 Πρασίνων,
3132 2528 3305 2606 ἤγουν
3358 2532 3386 2585 6
3436 2527 3755 2604 δομέστικος

346 2628 454 2676 τῶν
506 2616 898 2688 ἐκσκουϐίτων,
958 2614 1243 2670 ἐπιδίδωσι
1289 2612 1345 2669 δὲ
1394 2616 1485 2668 καὶ
1535 2616 1693 2677 αὐτὸς
1741 2622 1820 2687 τῷ
1871 2619 2089 2692 βασιλεῖ
2135 2619 2502 2693 κρατούμενος
2554 2620 2658 2674 ὑπὸ
2703 2623 2800 2674 τοῦ
2859 2626 2957 2687 τῆς
3026 2618 3425 2688 καταστάσεως,
3494 2622 3754 2693 σταυροὺς

352 2705 735 2783 ῥοόοπλύκους
766 2707 855 2761 καὶ
890 2701 1178 2781 ὀσφράδια.
1213 2703 1345 2758 Εἶτα
1370 2700 1589 2776 δέχεται
1635 2704 1663 2757 6
1714 2701 2005 2780 δήμαρχος
2053 2710 2162 2761 τῶν
2213 2708 2513 2779 Πρασίνων,
2561 2705 2847 2763 ἐπιδίδωσι
2887 2706 2944 2763 δὲ
2992 2709 3084 2763 καὶ
3129 2708 3290 2771 αὐτὸς
3338 2714 3418 2781 τῷ
3450 2707 3668 2783 βασιλεῖ
3687 2731 3761 2771 ως

356 2797 448 2851 καὶ
481 2796 533 2850 οἱ
565 2796 672 2869 πρὸ
703 2794 886 2851 αὐτοῦ.

428 2888 529 2942 III.
555 2887 610 2941 Is
633 2883 937 2957 paululum
962 2899 994 2938 a
1015 2882 1393 2939 Prasinorum
1418 2881 1667 2939 factione
1690 2883 2005 2952 digressus,

356 2995 390 3034 a
429 2991 609 3047 supra
647 2972 986 3029 memoratis
1011 2973 1284 3042 stipatus,
1319 2972 1746 3043 processionem
1792 2974 2007 3045 excipit

355 3078 612 3135 cumque
661 3062 841 3121 cereis
893 3062 1155 3119 accensis
1210 3077 1406 3117 coram
1457 3062 1784 3117 veneranda
1833 3079 2007 3122 cruce

353 3157 626 3227 precatur
646 3158 703 3208 et
724 3155 990 3209 sanctum
1014 3149 1394 3222 Evangelium
1417 3164 1483 3206 ac
1503 3148 1692 3221 ipsam
1723 3166 2002 3207 veneran-

354 3205 616 3227 την-ηπ
1016 3205 1024 3206 κ
1104 3205 1127 3207 ν
1178 3205 1211 3222 υ
1467 3205 1470 3206 ν
1526 3205 1544 3221 .
1771 3205 1806 3207 ρ
1857 3205 1976 3207 ηκ-

354 3247 491 3302 dam
535 3258 765 3299 crucem
809 3242 1031 3297 adorat.
1064 3241 1130 3296 Et
1169 3239 1273 3307 sic,
1307 3243 1615 3309 postquam
1659 3256 1721 3295 se
1754 3239 2002 3299 invicem
2038 3205 2080 3272 Ο

356 3336 675 3390 adorarunt
719 3330 1084 3400 osculatique
1123 3333 1276 3396 sunt,
1319 3328 1631 3398 imperator
1677 3328 2004 3397 revertitur,

358 3428 415 3479 et
436 3439 469 3477 a
493 3419 781 3491 praefectis
805 3418 1092 3487 cubiculo,
1119 3416 1401 3489 patriciis,
1426 3415 1692 3486 strategis
1714 3425 1767 3473 et
1798 3423 2004 3475 senatu

361 3512 633 3581 stipatus,
678 3507 1103 3579 processionern
1154 3506 1442 3578 precedit,
1489 3521 1705 3576 perque
1754 3508 2007 3564 mediam

360 3596 689 3670 baptisterii
732 3601 955 3669 portam
996 3597 1312 3667 digressus,
1354 3595 1691 3650 nartbecem
1733 3595 1916 3652 intrat
1953 3602 2010 3654 et

362 3689 423 3745 in
454 3685 595 3743 sella
623 3686 809 3756 sedet,
833 3701 1019 3757 usque
1039 3686 1179 3741 dum
1202 3682 1492 3756 precessio
1516 3698 1647 3739 cum
1682 3684 2011 3757 patriarcha

361 3777 577 3845 veniat,
605 3778 965 3849 exspectans.
993 3777 1117 3842 Qua
1146 3774 1434 3841 veniente,
1468 3774 1776 3846 imperator
1805 3776 2008 3849 surgit,

363 3877 416 3926 et
437 3870 744 3939 postquam
775 3881 838 3922 se
859 3864 1104 3922 invicem
1130 3868 1447 3923 adorarunt
1468 3864 1832 3936 osculatique
1852 3870 2010 3937 sunt,

364 3958 577 4014 abeunt
622 3960 680 4013 et
723 3956 782 4012 in
831 3954 923 4011 via
953 3954 1457 4028 imperatoriarum
1490 3958 1791 4026 portarum
1822 3955 2016 4012 subsi-

2190 2887 2262 2943 I“.
2296 2888 2401 2942 Καὶ
2437 2888 2628 2959 μικρὸν
2668 2884 2973 2956 ὑπεξελθὼν
3023 2888 3050 2942 6
3095 2887 3352 2962 βασιλεὺς
3387 2888 3493 2943 ἀπὸ
3528 2891 3625 2957 τῆς
3674 2886 3764 2945 δο-

2120 2975 2227 3047 χῆς
2255 2976 2363 3029 τῶν
2397 2975 2707 3050 ΙΙρασῖνων,
2732 2974 3164 3051 δηριγευόμενος
3198 2977 3301 3032 ὑπὸ
3354 2983 3465 3033 τῶν
3516 2977 3772 3054 ἀνωτέρω

2119 3062 2443 3137 εἰρημένων,
2499 3062 2717 3140 δέχεται
2775 3067 2875 3135 τήν
2927 3068 3112 3137 Λιτὴν,
3174 3068 3264 3121 καὶ
3322 3066 3463 3141 ἃψας
3547 3069 3774 3143 κηροὺς,

2119 3148 2339 3227 εὔχεται
2387 3151 2441 3208 ἒν
2488 3159 2567 3227 τῷ
2615 3154 2785 3227 τιμίῳ
2834 3159 3048 3229 στατρῷ
3117 3156 3204 3210 καὶ
3268 3161 3559 3231 προσκυνεῖ
3606 3158 3669 3212 τό
3716 3179 3773 3211 τε

2118 3241 2390 3319 ἄχραντον
2424 3241 2758 3319 Εὐαγγέλιον
2800 3244 2890 3299 καὶ
2944 3243 3103 3299 αὐτὸν
3152 3244 3243 3299 τὸν
3286 3246 3474 3318 τίμιον
3517 3248 3767 3321 σταυρόν.

2118 3329 2217 3383 Καὶ
2275 3329 2370 3383 εἶθ’
2426 3332 2598 3392 οὕτως
2647 3336 3045 3404 προσκυνοῦσιν
3102 3332 3399 3410 ἀμφότεροι
3459 3331 3767 3404 ἀλλήλους,

2119 3417 2210 3472 καὶ
2260 3418 2653 3492 ἀσπασάμενοι,
2690 3418 3011 3498 ὑποστρέφει
3064 3422 3092 3475 6
3148 3420 3428 3495 βασιλεὺς,
3474 3422 3565 3476 καὶ
3617 3419 3777 3497 δηρι-

2120 3505 2415 3582 γευόμενος
2446 3508 2547 3562 61:6
2570 3512 2681 3563 τῶν
2713 3508 2997 3583 ἀρχόντων
3046 3514 3146 3565 τοῦ
3193 3505 3616 3583 κουϐουκλείου,
3663 3532 3777 3566 πα-

2121 3596 2344 3671 τρικίων
2376 3616 2435 3651 τε
2458 3594 2549 3651 καί
2579 3601 2904 3673 στρατηγῶν
2946 3599 3036 3653 καὶ
3086 3606 3186 3668 τῆς
3241 3598 3579 3676 συγκλήτου,
3631 3597 3777 3673 διέρ-

2124 3706 2281 3762 χεται
2324 3683 2625 3759 ἔμπροσθεν
2662 3693 2765 3755 τῆς
2821 3685 3003 3757 λιτῆς,
3062 3688 3150 3742 καὶ
3216 3687 3474 3753 εἰσελθὼν
3531 3686 3619 3743 διὰ
3674 3696 3775 3757 τῆς

2130 3774 2297 3848 μέσης
2329 3772 2510 3845 πύλης
2540 3780 2636 3831 τοῦ
2668 3775 2965 3850 λουτῆρος,
3001 3776 3305 3853 εἰσέρχεται
3338 3778 3389 3833 ἐν
3417 3782 3495 3849 τῷ
3541 3778 3773 3853 νάρθηκι

2126 3864 2215 3920 καὶ
2262 3862 2537 3933 καθέζεται
2610 3863 2696 3919 ἐπὶ
2764 3862 2990 3920 σελλίου
3040 3868 3392 3940 προσμένων,
3456 3865 3652 3941 μέχρις
3711 3864 3772 3919 ἄν

2128 3945 2408 4025 καταλάϐῃ
2437 3953 2472 4020 ἡ
2505 3948 2633 4019 λιτὴ
2668 3951 2804 4025 μετᾶ
2829 3956 2927 4007 τοῦ
2973 3954 3335 4027 πατριάρχου.
3390 3953 3485 4006 Καὶ
3536 3950 3772 4007 καταλα-

1732 4081 1966 4138 VARle
2004 4079 2417 4137 LECTIONES.

434 4175 482 4211 ²³
510 4168 795 4229 ἐπιδίδωσι
827 4204 895 4213 --
925 4172 1292 4247 κρατούμενος
1331 4171 1483 4242 conj.
1520 4171 1739 4240 Leicb.,
1780 4167 2087 4225 ἐπιδιδοῦσι
2117 4201 2185 4213 -
2214 4168 2573 4243 κρατούμενοι
2605 4170 2732 4227 cod.
2809 4169 2855 4204 ³³
2889 4168 2991 4223 ὑπὸ
3018 4172 3117 4222 τοῦ
3149 4169 3305 4241 conj.
3342 4168 3433 4238 R.,
3476 4167 3563 4222 61:’
3603 4164 3769 4221 αὐτοῦ

367 4249 495 4305 cod.
528 4252 587 4304 et
615 4247 708 4303 ed.

1399 4350 1604 4407 JOAN.
1644 4350 1789 4409 JAC.
1833 4350 2100 4408 REISKII
2143 4349 2736 4408 COMMENTARIUS.

441 4480 553 4551 (46)
599 4472 930 4553 Ὀσφράδιαη
968 4476 1092 4553 Mos
1135 4474 1639 4553 _bic_imperat9ri
1690 4476 1766 4553 in_
1804 4477 2012 4553 diebus

370 4546 889 4621 festis'procedenti
913 4546 1463 4621 tasciculosﬁorum
1495 4547 1769 4621 efferendi
1801 4566 1835 4603 a
1864 4548 2017 4621 Grai-

371 4622 457 4678 cis
497 4618 576 4677 ad
609 4621 859 4677 Venetos
898 4621 1174 4688 manavit,
1215 4618 1545 4673 Graecorum
1584 4618 1723 4674 olim
1766 4620 2018 4676 vasallos

371 4702 425 4749 et
456 4693 666 4762 socios,
691 4698 746 4749 et
767 4692 921 4763 apud
945 4707 1043 4747 eos
1066 4691 1256 4763 adhuc
1282 4688 1523 4747 obtinet.
1542 4689 1650 4763 Die
1672 4706 1881 4763 nempe
1912 4696 2020 4746 As-

372 4766 659 4847 censionis
702 4761 950 4847 Cbristi,
981 4779 1094 4847 quo
1139 4762 1483 4846 Venetorum
1524 4761 1660 4847 dux,
1703 4767 1768 4818 ut
1810 4761 2016 4847 notum

372 4843 481 4905 est,
515 4838 692 4893 maris
732 4832 1015 4891 Adriatici
1050 4834 1360 4906 imperium
1400 4832 1731 4906 reipublicsa
1762 4851 1882 4891 suae
1919 4837 2019 4891 de-

373 4904 634 4981 spOnsat,
670 4905 1001 4981 patriarcha
1029 4904 1343 4981 Gre—densis
1382 4904 1515 4961 duci
1546 4906 1606 4962 in
1639 4922 1796 4963 mare
1828 4911 2019 4964 evecto

373 4978 687 5037 fasciculos
711 4980 944 5047 ﬂorum,
968 4978 1071 5035 sed
1100 4982 1221 5033 orte
1251 4978 1559 5043 factorum,
1583 4994 1697 5034 non
1729 4984 1885 5035 terra
1911 4995 2023 5033 na-

373 5058 586 5123 torum,
612 5122 619 5124 λ
646 5056 1006 5124 praesentat,
1040 5049 1352 5124 Keyslerus_
1398 5051 1456 5103 in
1516 5048 1817 5124 Itinerario
1854 5065 2016 5124 pag.

377 5125 536 5187 1098,
573 5119 663 5179 sic
698 5130 929 5178 narrat:
967 5119 1297 5191 Unter’weges
1335 5119 1534 5174 kommt
1570 5120 1669 5176 der
1710 5119 2015 5187 Ραιήᾱνσῆ,

372 5197 613 5252 welcher
634 5212 708 5251 an
728 5193 935 5249 diesem
956 5199 1181 5261 Morgen
1201 5193 1342 5247 παεή
1364 5194 1542 5246 ginem
1562 5193 1709 5246 allen
1743 5192 2021 5248 Gebrauch

375 5268 474 5322 der
513 5267 601 5322 die
644 5268 897 5334 maeuige
934 5265 1231 5319 Lebensart
1268 5264 1366 5317 der
1406 5262 1736 5334 Geistlichen
1766 5280 1869 5319 von
1898 5278 2020 5317 ver-

374 5354 663 5409 gaugenen
704 5333 889 5394 Zeiten
936 5336 1072 5390 noch
1114 5337 1171 5389 in
1218 5333 1857 5409 A’ndenkcnsrhfrlgja
1898 5336 2021 5409 dcm

375 5404 594 5466 Kloster
630 5411 727 5465 der
773 5406 1311 5465 Olivetanermdnche
1348 5408 1453 5475 auf
1497 5404 1593 5460 der
1636 5406 1778 5461 Iusct
1816 5405 1869 5460 S.
1916 5407 2021 5461 Ηε-

378 5484 501 5537 lena
550 5482 650 5538 mi!
693 5480 991 5536 Castanicn
1036 5477 1147 5532 und
1194 5479 1426 5531 Wasser
1472 5476 1723 5531 tractiret
1769 5477 2018 5546 worden,

375 5554 529 5611 nebst
557 5556 735 5610 eincm
766 5553 957 5609 Theile
984 5549 1082 5605 der
1110 5548 1351 5619 Clerisey
1382 5550 1600 5616 aufdas
1629 5550 2017 5619 Bucentorum,

376 5628 490 5682 und
519 5624 805 5683 beschenki
822 5624 927 5681 den
948 5624 1087 5695 Doge
1106 5620 1260 5695 nebat
1282 5618 1378 5695 de;
1406 5618 1671 5693 διακονία
1697 5621 1800 5695 mit
1827 5618 2019 5695 lenas:-

377 5699 490 5757 lz'ch
524 5698 876 5770 ver/‘ertigten
908 5691 1139 5753 Bluinen
1165 5692 1295 5751 oder
1320 5691 1611 5765 Bouqam,
1642 5692 1843 5750 welohe
1868 5691 2018 5750 dies:

2046 4481 2092 4547 1)
2123 4478 2363 4550 hernach
2417 4480 2513 4550 bey
2572 4477 2732 4550 ihrer
2786 4474 3163 4547 Zurﬁckkunft
3219 4491 3293 4550 ar}
3347 4475 3473 4544 gute
3528 4472 3775 4550 Ereugde

2128 4549 2398 4606 schicken.
2422 4544 2587 4605 Ferte
2617 4549 2752 4605 inde
2782 4544 3450 4631 quoquemanavitmos
3472 4544 3627 4600 sedis
3658 4544 3773 4600 Ro-

2132 4637 2319 4677 manas
2337 4637 2527 4677 rosam
2545 4636 2780 4676 auream
2800 4618 2860 4675 in
2879 4618 3181 4675 Dominica
3202 4620 3412 4673 Latere
3426 4632 3772 4671 consecran-

2131 4693 2210 4761 di,
2244 4710 2417 4764 quam
2459 4708 2609 4763 papa
2650 4693 2778 4759 fert,
2810 4689 3189 4764 et_cardinali
3225 4690 3300 4764 de
3326 4688 3632 4764 comitatu
3654 4688 3777 4764 cui-

2130 4758 2279 4819 dam'
2299 4758 2490 4835 ι’οείνό
2518 4758 2615 4818 aut
2647 4758 2894 4835 principi
2916 4763 3075 4835 dono_
3092 4759 3288 4835 mittit,
3310 4760 3393 4835 de
3404 4775 3521 4830 qua
3539 4758 3657 4835 vid.
3676 4760 3769 4835 ρο

2130 4835 2321 4907 Gange
2360 4830 2551 4891 Gloss.
2595 4830 2718 4890 Lat.
2760 4830 3012 4907 vaqsg.
3037 4830 3312 4907 _Libe_llus
3336 4830 3630 4907 ‘Fasconis
3669 4830 3775 4885 Co-

2132 4901 2292 4962 mitis
2311 4907 2747 4977 Andegavensis
2767 4906 2924 4977 apud
2946 4903 3310 4960 Holstenium
3328 4901 3562 4977 Collept.
3584 4902 3771 4957 Rom.:

2134 4979 2233 5035 Ubi
2263 4978 2405 5035 mihi
2433 4973 2623 5049 ﬁerem
2656 4973 2912 5045 aureum,
2948 4991 3109 5047 quem
3136 4992 3309 5049 manu
3341 4973 3580 5049 gerebat,
3615 4986 3775 5049 quem

2131 5065 2225 5120 ego
2280 5049 2343 5106 ob
2390 5043 2715 5105 memoriam
2760 5055 2814 5104 et
2860 5043 3108 5104 umbram
3160 5046 3316 5120 illius
3376 5045 3593 5120 Osanna
3646 5043 3773 5114 [seu

2135 5116 2430 5178 Dominica
2462 5120 2815 5192 Palmarum]
2846 5119 3272 5192 δεηιρινν-,ηιίνιξΔ
3294 5116 3538 5192 meisque
3565 5130 3774 5192 ,ξιέσεεδτ

2130 5193 2343 5248 scribus
2414 5191 2767 5263 deferendum
2797 5185 3133 5263 'consiitui.‘
3169 5189 3311 5244 Vide
3370 5185 3522 5263 infra
3577 5185 3773 5263 Nostri

2131 5280 2188 5335 p.
2218 5264 2336 5331 100,
2362 5264 2462 5320 ubi
2481 5257 2807 5335 imperator
2836 5263 3085 5335 Sabbalo
3110 5261 3169 5317 S.
3194 5259 3412 5335 Lazari,
3434 5274 3537 5313 seu
3568 5258 3665 5328 qui
3700 5257 3775 5312 fe-

2131 5334 2675 5408 stumAPalmarum
2722 5335 3014 5408 praa_cedit,
3059 5334 3274 5388 dicitur
3311 5334 3464 5408 inter
3505 5344 3773 5408 prpceres

2130 5406 2389 5493 singulos
2434 5405 2534 5493 ἆνᾲ
2576 5396 2912 5493 Ξνὸίβσξὶου
2956 5396 3184 5493 ἔχοχτος
3224 5396 3771 5493 τ(ροιρρικιῦιρύλλαικαὶ

2129 5470 2394 5561 σάμνᾴέυχα
2422 5478 2529 5561 ,καὶ
2556 5470 2946 5561 grape-£6166};
2989 5470 3147 5543 ἕνθη,
3192 5470 3287 5561 οίά
3316 5472 3344 5526 6
3379 5470 3502 5561 τύτε
3540 5470 3771 5561 παρέχει

2128 5545 2628 5623 καιρός”.ςίηρυὶο.ς
2667 5545 2978 5634 ’Ῑαεείοιιιοε
3025 5563 3054 5603 c
3099 5548 3275 5630 ramis
3340 5545 3679 5623 palmarum,
3728 5550 3779 5598 ct

2130 5622 2300 5680 herba
2339 5626 2633 5695 maiorana
2660 5628 2712 5679 et
2740 5622 2877 5678 alits
2913 5617 3372 5688 suaveolennbus,
3414 5615 3606 5689 quaha
3635 5621 3775 5670 tem-

2125 5711 2229 5769 pus
2254 5699 2428 5770 ferat,
2451 5695 2798 5753 distribuere.
