4108 6220
353 411 472 471 337

1228 411 1330 472 DE
1373 413 1828 475 CERIMONIlS
1871 413 2108 475 AUL/E
2151 413 2626 475 ΒΥΖΑΝΤΙΝιΕ
2670 415 2816 475 LIB.
2863 415 2909 475 l.

3647 419 3765 477 338

352 537 563 611 ὄούσης
611 545 714 611 τῆς
761 540 944 611 λιτῆς,
997 540 1270 597 ἀνίσταται
1318 543 1346 597 6
1399 542 1674 616 βασιλεὺς,
1705 545 1795 599 καὶ
1827 564 1999 616 προσ-

2079 605 2080 610 η
2108 549 2292 616 stunt,
2317 546 2411 602 ubi
2445 547 2776 618 imperator,
2808 551 3118 618 postquam
3148 563 3342 603 cereos
3373 565 3406 604 a
3437 549 3746 622 praeposito

355 632 682 702 κυνήσαντες
739 629 1040 707 ἀμφότεροι
1096 631 1187 686 καὶ
1245 630 1613 705 ἀσπασάμενοι
1674 633 2004 708 ἀπέρχονται

351 722 443 777 καὶ
493 720 735 776 ’ίστανται
785 719 836 774 ἐν
883 724 963 792 τῷ
1012 717 1158 793 ούδῷ
1194 722 1242 758 ³ο
1285 725 1392 775 τῶν
1438 721 1736 794 βασιλικῶν
1789 721 1996 790 πυλῶν,

349 811 444 866 καὶ
477 806 663 866 λαϐὼν
695 809 904 884 κηροὺς
935 811 1080 886 παρὰ
1123 815 1221 866 τοῦ
1268 811 1626 887 πραιποσίτου
1659 813 1686 866 ὁ
1721 810 1998 886 βασιλεὺς,

349 901 571 975 εὔχεται
622 899 816 964 ἐκεῖσε,
867 900 894 952 6
944 896 1001 954 δὲ
1046 899 1393 974 πατριάρχης
1441 897 1650 955 ἐκτελεῖ
1693 901 1792 968 τὴν
1827 899 1997 975 εὐχὴν

347 996 449 1059 τῆς
498 985 712 1043 εἰσόδου
757 994 860 1056 τῆς
907 986 1051 1049 θείας
1099 987 1462 1062 λειτουργίας.
1515 989 1821 1062 Εὐξάμενος
1869 985 1925 1042 δὲ
1969 989 1997 1043 6

353 1076 634 1155 βασιλεὺς,
693 1073 978 1131 ἐπιδίδωσι
1037 1077 1164 1140 τοὺς
1218 1076 1424 1152 κηροὺς
1483 1081 1562 1149 τῷ
1627 1078 1994 1150 πραιποσίτῳ,

345 1169 591 1228 κάκεῖνος
647 1170 724 1237 τῷ
787 1172 889 1235 τῆς
937 1165 1337 1235 καταστάσεως,
1386 1165 1476 1220 καὶ
1523 1165 1840 1226 τελέσαντος
1899 1171 1995 1221 τοῦ

345 1257 690 1332 πατριάρχου
743 1255 846 1324 τὴν
905 1255 1096 1330 εύχήν,
1175 1261 1470 1328 προσκυνεῖ
1527 1256 1555 1309 6
1620 1253 1873 1329 βασιλεὺς
1929 1257 1992 1310 τὸ

344 1346 617 1421 ἄχραντον
678 1341 1015 1421 Εὐαγγέλιον
1071 1345 1162 1400 καὶ
1217 1345 1308 1399 τὸν
1362 1343 1546 1416 τίμιον
1605 1345 1852 1420 σταυρὸν,
1901 1343 1990 1400 καί

343 1432 744 1508 ἐπιλαϐόμενος
788 1438 890 1500 τῆς
939 1435 1126 1510 χειρὸς
1173 1435 1270 1489 τοῦ
1317 1434 1662 1509 πατριάρχου
1709 1437 1798 1489 καὶ
1831 1431 1991 1510 δηρι-

341 1525 633 1600 γευόμενος
692 1524 794 1578 ὑπὸ
842 1529 949 1580 τῶν
995 1524 1408 1598 προειρημένων
1452 1526 1690 1591 πάντων,
1737 1520 1988 1602 διέρχον-

2117 635 2360 706 accepit,
2381 640 2670 706 precatur,
2688 635 3020 707 patriarcha
3042 652 3239 708 preces
3261 637 3530 694 introitus
3551 637 3757 696 divina:

2111 721 2364 796 liturgiaa
2399 725 2611 781 fundit.
2648 726 2983 796 Imperator,
3016 730 3327 796 postquam
3351 730 3620 797 precatus
3652 733 3756 792 est,

2111 829 2308 868 cereos
2369 813 2694 884 preposito,
2757 812 2851 868 hic
2917 813 3368 871 cerimoniarum
3445 816 3758 887 magistro,

2109 900 2306 969 tradit,
2337 904 2396 957 et
2426 905 2735 972 postquam
2759 901 3092 973 patriarcha
3115 917 3315 974 preces
3346 903 3553 971 ﬁnivit,
3579 905 3760 976 impe-

2108 993 2266 1045 rator
2296 997 2735 1046 sacrosanctum
2802 989 3180 1062 Evangelium
3247 1007 3313 1047 ac
3369 993 3754 1048 venerandam

2105 1093 2338 1134 crucem
2372 1079 2578 1134 adorat
2611 1094 2624 1133 :
2661 1094 2955 1150 manuque
2986 1079 3329 1150 patriarcha
3363 1080 3674 1152 prehensa,
3698 1087 3756 1136 et

2104 1167 2178 1223 ab
2200 1167 2475 1223 omnibus
2497 1175 2629 1223 ante
2646 1167 2817 1224 dictis
2838 1167 3052 1238 stipati,
3069 1183 3172 1239 per
3194 1168 3447 1224 medium
3471 1169 3751 1240 templum

2103 1261 2159 1312 et
2190 1256 2460 1312 dextrum
2494 1256 2761 1312 ambonis
2790 1255 2944 1312 latus
2976 1256 3245 1329 digressi,
3279 1257 3534 1329 utrique,
3567 1259 3751 1329 impe-

2103 1353 2258 1402 rator
2316 1349 2373 1401 et
2429 1345 2783 1416 patriarcha,
2842 1344 3058 1402 soleam
3117 1347 3342 1402 intrant
3401 1363 3416 1404 :
3479 1347 3749 1403 cubiculo

2101 1440 2294 1492 autem
2331 1435 2582 1508 praefecti
2631 1452 2698 1491 ac
2746 1435 2949 1508 reliqui
2995 1440 3154 1492 extra
3201 1437 3420 1493 soleam
3475 1437 3749 1509 utrinque

2098 1526 2418 1593 adstantes,
2461 1528 2720 1580 manent.
2765 1526 2860 1580 67
2910 1526 3228 1598 Postquam
3276 1542 3410 1584 vero
3443 1527 3514 1582 ad
3555 1542 3749 1582 sacras

341 1635 428 1668 ται
461 1612 761 1689 ἀμφότεροι
798 1613 960 1686 μέσον
991 1610 1080 1667 διὰ
1123 1617 1220 1667 τοῦ
1267 1617 1396 1667 ναοῦ
1445 1611 1534 1667 καὶ
1568 1609 1656 1667 διὰ
1680 1619 1780 1682 τῆς
1813 1609 1986 1682 δεξιᾶς

2087 1615 2308 1685 januas
2339 1629 2670 1686 pervenere,
2694 1613 3024 1686 patriarcha
3057 1615 3376 1670 sacrarium
3407 1615 3606 1682 intrat,
3641 1615 3746 1670 im-

342 1703 578 1777 πλαγίας
624 1706 722 1756 τοῦ
770 1697 1048 1775 ἄμϐωνος,
1099 1700 1436 1777 εἰσέρχονται
1493 1700 1816 1779 ἀμφότεροι,
1858 1702 1888 1756 ὅ
1926 1723 1984 1757 τε

2095 1707 2324 1776 perator
2354 1704 2426 1759 ad
2470 1705 2704 1759 sanctas
2746 1703 2964 1774 januas
3006 1704 3304 1772 subsistit,
3333 1704 3432 1760 ubi
3475 1720 3606 1760 cum
3647 1720 3741 1760 ac-

346 1791 601 1867 βασιλεῦς
645 1791 734 1846 καὶ
793 1792 821 1846 6
877 1789 1244 1866 πατριάρχης,
1277 1789 1328 1846 ἕν
1366 1794 1436 1864 τῇ
1469 1789 1648 1862 σωλέᾳ
1675 1791 1766 1846 καὶ
1797 1792 1852 1845 οἱ
1884 1790 1984 1866 ἄρ-

2093 1793 2287 1849 censis
2334 1792 2514 1849 cereis
2559 1799 2848 1864 precatur,
2885 1792 3088 1864 eisque
3123 1793 3432 1864 praeposito
3471 1792 3738 1862 redditis,

342 1901 536 1956 χοντες
575 1885 671 1936 τοῦ
717 1875 1133 1950 κουὸουκλείου,
1177 1881 1230 1934 οἱ
1280 1878 1337 1934 δὲ
1384 1879 1572 1935 λοιποὶ
1607 1879 1852 1952 μένουσιν
1884 1878 1983 1950 ἔξω

2093 1899 2290 1940 sacras
2315 1883 2530 1952 januas
2559 1882 2784 1952 adorat,
2809 1886 3006 1952 postea
3037 1881 3357 1938 sacrarium
3380 1882 3550 1938 intrat
3572 1881 3740 1936 ﬂexo;

337 1975 440 2038 τῆς
506 1968 715 2031 σωλέας
781 1968 1006 2031 ἑστῶτες
1073 1967 1214 2033 ἔνθεν
1281 1968 1518 2026 κάκεῖσε.
1585 1967 1865 2031 Ἐλθόντες
1927 1967 1984 2024 δὲ

2094 1987 2206 2040 que
2238 1987 2388 2043 genu
2428 1973 2688 2026 sanctam
2729 1970 2988 2027 tabulam
3021 1974 3347 2038 veneratus,
3383 1970 3436 2026 ei
3467 1985 3736 2042 apocom-

337 2057 510 2133 μέχρι
541 2063 648 2112 τῶν
695 2059 860 2133 ἁγίων
909 2061 1109 2134 θυρῶν,
1142 2058 1169 2112 6
1204 2058 1299 2128 μὶν
1349 2056 1696 2134 πατριάρχης
1728 2057 1980 2132 εἰσέρχε-

2091 2058 2256 2114 bium
2286 2057 2558 2129 imponit,
2587 2061 2644 2112 et
2674 2073 2705 2114 e
2734 2059 2990 2115 sacrario
3019 2074 3310 2131 egressus,
3341 2072 3474 2115 cum
3506 2057 3736 2113 solenni

314 2167 414 2201 ται
448 2144 524 2207 εἷς
569 2145 632 2199 τὸ
689 2150 1099 2220 θυσιαστήριον,
1154 2143 1184 2199 6'
1237 2166 1295 2199 τε
1355 2144 1608 2221 βασιλεὺς
1633 2142 1978 2218 ’ίσταταιέμ-

2090 2148 2369 2204 comitatu
2400 2163 2503 2219 per
2532 2147 2800 2203 dextrum
2831 2147 3038 2220 templi
3065 2147 3219 2204 latus
3257 2147 3576 2217 digreditur
3605 2163 3733 2218 per-

314 2245 559 2309 προσθεν
593 2237 697 2289 τῶν
745 2234 916 2310 ἁγίων
970 2236 1169 2309 θυρῶν,
1218 2233 1307 2288 καὶ
1355 2233 1492 2308 ἅψας
1523 2234 1727 2308 κηροὺς
1754 2232 1975 2308 εὔχεται

2087 2250 2202 2308 que
2230 2236 2444 2291 dictam
2467 2233 2762 2291 cochleam
2791 2234 2865 2289 ad
2885 2234 3325 2292 catechumenia
3345 2233 3467 2291 abit
3487 2239 3544 2290 et
3563 2234 3734 2290 solito

311 2323 407 2377 καὶ
456 2319 776 2377 ἐπιδίδωσιν
823 2321 1019 2384 αὐτοὺς
1066 2327 1146 2395 τῷ
1194 2324 1565 2398 πραιποσίτῳ,
1595 2322 1686 2378 καὶ
1733 2341 1976 2396 προσκυ-

2083 2323 2210 2381 loco
2233 2327 2498 2380 sanctam
2530 2322 2828 2394 liturgiam
2855 2321 3130 2380 celebrat.

309 2415 479 2484 νήσας
532 2413 631 2474 τὰς
690 2413 846 2488 ἁγίας
907 2414 1094 2489 θύρας,
1152 2414 1458 2488 εἰσέρχεται
1509 2415 1585 2476 εἰς
1639 2413 1703 2470 τὸ
1761 2415 2144 2489 θυσιαστήριον
2201 2413 2294 2468 καὶ
2350 2417 2647 2488 προσκυνεῖ
2691 2418 2792 2482 τῆν
2849 2412 3002 2487 ἁγίαν
3056 2413 3322 2487 τράπεζαν
3365 2413 3454 2466 καὶ
3485 2410 3733 2483 ἐπιτίθη-

306 2525 390 2558 σιν
443 2502 527 2559 ἐπ⁹
576 2504 718 2578 αὖτῇ
771 2499 1140 2577 ἀποκόμϐιον,
1199 2505 1290 2560 καὶ
1343 2504 1579 2576 ἐξελθὼν
1633 2504 1695 2560 ἐκ
1741 2510 1839 2560 τοῦ
1889 2505 2298 2579 θυσιαστηρίου,
2352 2501 2785 2578 δηριγευόμενος
2826 2503 2930 2558 ὑπὸ
2976 2507 3082 2558 τῶν
3136 2502 3188 2574 ἐξ
3235 2499 3412 2576 ἔθους,
3454 2500 3729 2579 διέρχεται

312 2593 404 2649 διὰ
450 2599 547 2650 τοῦ
587 2591 764 2665 δεξιοῦ
813 2596 1012 2670 μέρους
1051 2600 1149 2651 τοῦ
1192 2600 1322 2652 ναοῦ
1372 2597 1463 2651 καὶ
1513 2594 1800 2671 ἀνέρχεται
1849 2593 1937 2650 διὰ
1985 2599 2082 2651 τοῦ
2125 2595 2532 2668 προειρημένου
2583 2592 2821 2668 κοχλιοῦ
2868 2593 2920 2647 ἐν
2963 2599 3078 2656 τοῖς
3120 2592 3608 2668 κατηχουμενίοις,
3639 2595 3730 2650 καὶ

309 2685 560 2741 ἀπελθὼν
588 2685 738 2742 τελεῖ
768 2686 822 2741 ἐν
851 2690 932 2758 τῷ
965 2686 1258 2761 εἰθισμένῳ
1285 2689 1441 2760 τόπῳ
1469 2688 1568 2756 τὴν
1599 2686 1743 2750 θείαν
1776 2685 2146 2762 λειτουργίαν.

387 2777 458 2832 Δ’.
491 2777 595 2833 Καὶ
635 2775 686 2832 έν
723 2781 802 2849 τῷ
830 2782 1007 2853 καιρῷ
1049 2785 1149 2848 τῆς
1200 2777 1343 2843 θείας
1373 2779 1659 2840 κοινωνίας
1689 2776 1961 2832 ἀποστέλ-

2141 2795 2238 2852 IV.
2279 2795 2565 2866 Tempore
2604 2810 2779 2850 sacra
2823 2793 3254 2850 communionis
3303 2796 3652 2867 praepositus
3689 2813 3725 2853 ιι

307 2863 394 2920 λει
446 2865 474 2919 6
522 2867 881 2940 πραιπόσιτος
922 2866 1029 2922 ἀπὸ
1074 2865 1374 2923 κελεύσεως
1423 2865 1840 2941 σιλεντιαρίους,
1871 2866 1961 2920 καὶ

2079 2883 2346 2940 mandato
2377 2863 2730 2940 silentiarios
2764 2883 2966 2953 mittit,
2997 2883 3096 2954 qui
3128 2863 3514 2954 patriarcham
3547 2883 3721 2941 advo-

305 2954 750 3028 προσκαλοῦνται
803 2957 894 3010 τὸν
958 2956 1326 3031 πατριάρχην,
1378 2955 1469 3011 καὶ
1526 2954 1812 3033 ἀνέρχεται
1872 2952 1962 3009 διὰ

2079 2977 2244 3041 iant;
2278 2972 2329 3028 is
2377 2989 2479 3042 per
2527 2973 2789 3028 eamdem
2821 2952 3143 3028 cochleam—
3180 2974 3465 3037 ascendit,
3500 2988 3720 3046 perque

305 3047 404 3098 τοῦ
434 3043 601 3099 αὐτοῦ
630 3049 890 3119 κοχλιοῦ,
923 3044 1016 3099 καὶ
1069 3042 1301 3110 διελθὼν
1347 3042 1436 3099 διὰ
1469 3048 1578 3100 τῶν
1604 3063 1961 3118 κατηχουμε-

2079 3059 2510 3116 catechumenia
2539 3059 2862 3132 digressus,
2894 3062 2966 3115 ad
2995 3058 3190 3116 locum
3223 3042 3588 3132 consuetum,
3622 3042 3720 3117 ubi

305 3133 460 3203 νίων,
520 3133 818 3210 ἀπέρχεται
877 3133 929 3188 ἐν
985 3139 1066 3207 τῷ
1121 3136 1339 3205 συνήθει
1377 3135 1555 3207 τόπῳ,
1593 3129 1719 3189 ἔνθα
1763 3135 1854 3188 καὶ
1895 3134 1958 3188 τὸ

2079 3149 2487 3206 intimensium
2517 3129 2974 3221 rep—ositumest,
3001 3147 3279 3220 procedit,
3302 3151 3400 3204 ubi
3423 3165 3455 3204 e
3479 3129 3722 3220 patriar-

307 3223 647 3296 ἀντιμίσιον,
679 3224 768 3278 καὶ
821 3229 1075 3279 κοινωνεῖ
1120 3225 1148 3278 ό
1198 3223 1460 3286 Βασιλεὺς
1507 3223 1566 3279 ἐκ
1593 3227 1701 3278 τῶν
1728 3227 1826 3279 τοῦ
1855 3243 1956 3278 πα-

2079 3237 2186 3292 zhaa
2219 3237 2490 3293 manibus
2517 3238 2826 3309 imperator
2856 3236 3290 3304 communicat;
3323 3253 3458 3292 mox
3479 3238 3724 3309 patriar-

308 3313 584 3388 τριάρχου
613 3317 841 3388 χειρῶν,
891 3313 982 3369 καὶ
1033 3314 1135 3378 εἷθ’
1182 3313 1356 3376 οὕτως
1387 3311 1685 3387 ἀπέρχεται
1713 3314 1742 3368 6
1767 3333 1962 3386 πατρι-
1994 3327 1999 3369 1

2079 3324 2173 3380 :ha
2204 3325 2345 3392 abit,
2372 3332 2427 3382 et
2459 3326 2692 3398 utrique
2721 3325 2783 3381 in
2815 3325 3169 3382 antimensio
3191 3329 3325 3381 ante
3348 3334 3595 3396 portam,
3621 3326 3719 3382 ubi

310 3403 518 3477 άρχης,
550 3402 639 3456 καὶ
673 3401 919 3458 ἳστανται
966 3403 1011 3438 ³1
1057 3402 1109 3457 έν
1159 3405 1239 3474 τῷ
1287 3401 1575 3474 ἆντιμισίῳ
1603 3405 1682 3474 τῷ
1711 3396 1824 3456 ὄντι
1857 3400 1960 3455 άπ-

308 3489 488 3545 έναντι
531 3497 632 3560 τῆς
674 3489 879 3562 πύλης,
929 3489 981 3546 ἐν
1027 3492 1073 3563 ᾧ
1122 3493 1233 3562 (47)
1288 3491 1481 3565 ἀριστᾷ
1507 3493 1576 3564 τῇ
1607 3490 1745 3564 αὐτῇ
1779 3488 1960 3564 ἡμέρᾳ

307 3580 337 3633 6
382 3578 660 3654 βασιλεὺς,
710 3579 799 3635 καὶ
848 3584 1194 3635 κοινωνοῦσιν
1248 3579 1421 3635 ἐκεῖσε
1468 3580 1519 3633 ο¹ι
1568 3580 1812 3650 συνήθεις
1861 3577 1962 3651 ἅρ-

307 3687 523 3743 χοντες,
577 3669 668 3723 καὶ
723 3669 820 3723 εἷθ’
878 3669 1051 3731 οὕτως
1099 3672 1422 3744 κατέρχεται
1469 3669 1498 3722 6
1538 3668 1886 3743 πατριάρχης
1915 3670 1961 3704 ³³

305 3761 449 3830 πρὸς
497 3759 558 3812 τὸ
599 3755 878 3813 ’ἐκτελέσαι
929 3760 1030 3828 τὴν
1080 3757 1223 3822 θείαν
1273 3755 1633 3832 λειτουργίαν.
1665 3757 1727 3813 Ὀ
1767 3755 1825 3810 δὲ
1857 3758 1960 3830 βα-

312 3844 501 3908 σιλεὺς
557 3847 857 3922 ἀπέρχεται
907 3844 996 3902 διὰ
1041 3852 1139 3902 τοῦ
1189 3845 1495 3920 τρικλίνου,
1545 3844 1596 3900 έν
1641 3845 1688 3916 ᾧ
1747 3845 1958 3918 ἀριστᾷ,

311 3938 405 3990 καὶ
456 3936 763 4012 εἰσέρχεται
811 3936 862 3992 ἐν
907 3937 986 4009 τῷ
1029 3941 1248 3992 κοιτῶνι
1287 3935 1475 3991 αὐτοῦ.
1519 3933 1872 4004 Τελεσθείσης
1905 3930 1961 3988 δὶ

308 4031 412 4093 τῆς
479 4024 622 4088 θείας
698 4023 1065 4101 λειτουργίας,
1125 4023 1554 4080 ἀποστέλλονται
1609 4021 1958 4096 σιλεντιάριοι

307 4112 460 4188 παρὰ
494 4117 594 4168 τοῦ
634 4113 1002 4189 πραιποσίτου
1060 4113 1166 4169 ἀπὸ
1212 4112 1534 4183 κελεύσεως,
1583 4112 1674 4168 καὶ
1713 4131 1960 4187 προσκα-

305 4201 532 4257 λοῦνται
583 4203 677 4257 τὸν
727 4204 1098 4278 πατριάρχην.
1142 4206 1202 4260 Ὁ
1249 4200 1306 4258 δὲ
1353 4202 1702 4278 πατριάρχης
1733 4201 1961 4276 ἀνέρχε-

303 4313 416 4362 ται,
473 4293 846 4366 κρατούμενος
910 4293 1014 4348 ὑπὸ
1078 4296 1188 4348 τῶν
1256 4290 1655 4367 σιλεντιαρίων,
1716 4288 1806 4345 διὰ
1860 4294 1958 4345 τοῦ

301 4379 714 4456 προειρημένου
764 4379 1006 4459 κοχλιοῦ
1053 4381 1143 4436 καὶ
1193 4380 1496 4456 εἰσέρχεται
1557 4380 1608 4435 έν
1669 4385 1786 4442 τοῖς
1827 4399 1957 4434 κατ-

306 4470 691 4544 ηχουμενίοις,
723 4469 939 4525 κάκεῖσε
980 4469 1175 4544 μικρὸν
1225 4469 1682 4545 προσμείναντος,
1711 4467 1958 4543 εἰσέρχε-

303 4579 396 4613 ται
428 4561 455 4614 ὁ
479 4559 838 4632 πραιπόσιτος
893 4560 982 4614 καὶ
1033 4556 1306 4631 δηλοῖτῷ
1362 4558 1600 4635 βασιλεῖ,
1628 4560 1718 4613 καὶ
1766 4552 1953 4612 λαϐὼν

299 4653 473 4721 νεῦμα
515 4648 662 4724 παρά
705 4653 803 4703 τοῦ
846 4648 1144 4746 ἓασιλέως,
1198 4646 1470 4727 ἐξέρχεται
1523 4649 1657 4746 μετὰ
1701 4652 1808 4704 τῶν
1858 4646 1954 4718 ἀρ·
1986 4680 2034 4746 D

295 4737 517 4810 χόντων
573 4740 673 4791 τοῦ
736 4731 1156 4804 κουϐουκλείου,
1223 4737 1312 4791 καὶ
1370 4734 1806 4810 προσκαλοῦνται
1860 4738 1953 4794 τὸν

296 4825 676 4900 πατριάρχην,
707 4825 798 4879 καὶ
829 4823 1040 4880 ἑνοῦται
1084 4829 1163 4896 τῷ
1209 4823 1427 4899 βασιλεῖ
1467 4823 1518 4878 ἐν
1549 4830 1629 4898 τῷ
1657 4825 1946 4901 τρικλίνῳ,

294 4911 350 4968 ἐν
387 4913 434 4985 ᾧ
462 4914 553 4968 καὶ
582 4914 645 4968 τὸ
676 4912 992 4989 κλητώριον
1021 4915 1375 4987 ἡτοίμασται,
1418 4915 1508 4968 καὶ
1553 4914 1814 4970 εἰπόντων
1854 4917 1948 4972 τὸν

298 5001 514 5077 στίχον,
550 5003 907 5078 ὑπεξέρχεται
962 5002 1162 5079 μιλρὸν
1197 5005 1224 5058 6
1255 5002 1602 5080 πατριάρχης
1630 5003 1718 5059 καὶ
1750 5000 1951 5061 ἐκϐάλ-

298 5089 384 5146 λει
427 5091 491 5146 τὸ
551 5092 876 5167 ὠμοφόριον
933 5091 1120 5162 αὐτοῦ,
1177 5093 1434 5155 ὡσαύτως
1491 5093 1639 5148 καὶὸ
1699 5091 1953 5168 βασιλεὺς

301 5175 564 5237 ἐκϐάλλει
601 5183 665 5237 τὸ
724 5180 907 5256 σαγίον
966 5180 1151 5238 αὐτοῦ.
1204 5181 1301 5237 Καὶ
1357 5181 1669 5253 καθέζονται
1718 5183 1952 5261 ἀμφότε-

2071 3413 2181 3470 hoc
2248 3414 2342 3471 die
2405 3414 2720 3488 imperator
2775 3415 3106 3471 convivium
3164 3414 3304 3486 agit,
3362 3415 3719 3483 subsistunt,

2069 3507 2127 3559 et
2175 3519 2278 3575 pro
2326 3518 2486 3560 more
2516 3503 2772 3576 prafeeti
2817 3501 3073 3559 cubiculi
3113 3502 3574 3573 communicant,
3604 3520 3719 3575 quo

2067 3591 2239 3660 facto,
2263 3591 2592 3663 patriarcha
2613 3593 2683 3648 ad
2705 3591 2963 3648 divinam
2983 3591 3283 3664 liturgiam
3309 3593 3718 3663 perficiendam

2069 3697 2132 3737 se
2179 3681 2482 3738 convertit.
2526 3681 2846 3752 Imperator
2893 3687 3084 3737 autem
3133 3697 3232 3749 per
3281 3680 3628 3749 triclinium,
3660 3682 3720 3737 in

2069 3785 2186 3840 quo
2217 3775 2500 3837 canatur,
2532 3770 2847 3841 egreditur,
2881 3774 2938 3825 et
2971 3784 3147 3824 suum
3188 3769 3522 3823 cubiculum
3555 3770 3720 3839 petit.

2068 3856 2276 3913 Divina
2325 3857 2569 3929 liturgia
2624 3859 2808 3926 finita,
2859 3855 3216 3913 silentiarios
3277 3855 3627 3927 praepositus
3686 3874 3719 3911 a

2070 3945 2344 4001 mandato
2397 3945 2596 4014 mittit,
2645 3946 2747 4016 qui
2797 3944 3188 4014 patriarcham
3240 3947 3560 4000 arcessant.
3600 3946 3656 3999 Is
3687 3961 3721 4000 a

2069 4033 2410 4090 silentiariis
2451 4032 2686 4097 ductus,
2727 4049 2828 4105 per
2860 4033 3072 4088 dictam
3118 4030 3418 4087 cochleam
3452 4034 3720 4089 ascendit

2069 4127 2126 4179 et
2173 4123 2595 4179 catechumena
2638 4123 2839 4189 intrat,
2895 4121 2993 4177 ubi
3043 4127 3356 4192 postquam
3407 4118 3714 4192 paululum

2068 4213 2441 4283 exspectavit,
2466 4210 2833 4283 praepositus,
2857 4209 3190 4281 imperatori
3220 4207 3281 4263 id
3312 4209 3715 4276 nuntiaturus,

2072 4299 2420 4371 ingreditur,
2469 4298 2754 4370 signoque
2783 4297 2854 4352 ab
2885 4298 3230 4368 imperatore
3267 4295 3422 4362 dato,
3453 4310 3587 4351 cum
3617 4310 3712 4351 cu-

2067 4387 2248 4444 biculi
2273 4386 2560 4459 prafectis
2581 4386 2890 4458 egreditur,
2913 4389 2979 4440 ut
2999 4385 3387 4456 patriarcham
3412 4385 3710 4450 advocent,

2064 4476 2166 4548 qui
2196 4474 2266 4530 ad
2297 4475 2708 4546 imperatorem
2739 4474 2799 4529 in
2821 4489 2887 4530 eo
2918 4472 3196 4539 triclinio,
3233 4472 3331 4527 ubi
3363 4471 3539 4529 etiam
3569 4489 3711 4528 con-

2063 4563 2284 4619 vivium
2328 4567 2598 4635 paratum
2633 4571 2740 4632 est,
2773 4562 3014 4629 accedit,
3056 4561 3153 4617 ubi
3185 4561 3367 4617 slicbo
3399 4562 3578 4630 dicto,
3610 4579 3711 4633 pa-

2064 4652 2322 4709 triarcha
2354 4651 2658 4722 paululum
2689 4651 2940 4706 discedit
2969 4665 3262 4720 suumque
3300 4650 3709 4722 om0phorium

2067 4758 2170 4797 seu
2218 4741 2538 4811 humerale,
2570 4755 2731 4812 eque
2779 4753 2846 4795 ac
2888 4739 3207 4810 imperator
3254 4754 3463 4810 sagum
3511 4756 3711 4809 suum,

2059 4830 2317 4901 deponit.
2333 4829 2497 4885 Tunc
2516 4828 2689 4884 ambo
2711 4842 2922 4883 mensas
2946 4827 3318 4894 accumbunt,
3333 4832 3390 4882 et
3411 4831 3711 4898 postquam

2059 4917 2240 4975 semel
2271 4917 2568 4981 biberunt,
2599 4915 2770 4972 amici
2804 4915 3048 4980 intrant,
3071 4919 3129 4970 et
3163 4913 3246 4969 sic
3277 4930 3509 4988 quoque
3539 4916 3711 4972 factio

2061 5011 2301 5077 utraque
2340 5005 2400 5060 in
2443 5004 2854 5077 baptisterium
2895 5002 3217 5068 descendit,
3258 5007 3334 5073 et,
3367 5004 3712 5075 imperatore

2059 5093 2388 5152 convivium
2411 5093 2760 5160 celebrante,
2784 5093 2897 5163 ipsi
2914 5096 3226 5148 consuetas
3261 5091 3710 5149 acclamationes

2061 5184 2398 5250 ordiuntur,
2436 5182 2704 5255 cibisque
2741 5179 2958 5250 allatis,
3009 5179 3323 5252 imperator
3369 5181 3711 5253 apocombia

1628 5284 1866 5342 νΑΒιΔι
1905 5283 2201 5341 LECTION
2208 5284 2308 5340 ES.

360 5382 409 5419 3°
447 5380 501 5436 ἐν
531 5385 600 5457 τῇ
644 5379 756 5458 ὁδῷ
787 5385 880 5441 ed.
957 5382 1000 5418 ³¹
1025 5380 1238 5437 ’ίσταται
1271 5381 1399 5438 cod.
1475 5380 1524 5416 ³³
1554 5383 1777 5439 Verba:
1830 5381 1859 5436 6
1909 5379 2258 5455 πατριάρχης
2309 5410 2381 5424 —-
2423 5375 2516 5435 καὶ
2561 5376 2869 5456 εἰσέρχεται
2919 5377 3138 5436 absunt
3183 5376 3256 5435 ab
3295 5377 3414 5447 ed.,
3445 5378 3580 5435 add.
3614 5379 3706 5448 R.,

285 5475 349 5531 in
384 5481 507 5533 not.

1330 5563 1530 5620 JOAN.
1571 5564 1722 5618 JAC.
1767 5563 2035 5619 REISKII
2074 5561 2672 5620 COMMENTARIUS.

371 5662 482 5730 (47)
515 5665 601 5720 Ita
631 5662 709 5721 M.
743 5666 800 5720 et
820 5665 1008 5737 potest
1036 5659 1333 5736 explicari.
1373 5659 1460 5715 ’Ev
1486 5655 1532 5728 ᾧ
1563 5662 1726 5716 notat
1755 5659 1852 5714 ubi
1879 5658 2159 5732 temporis
2187 5657 2276 5715 vel
2307 5657 2442 5716 loci.
2475 5656 2874 5715 Nihilominus
2905 5659 3100 5713 tamen
3121 5655 3290 5712 credo
3309 5655 3405 5708 τοῦ
3424 5650 3703 5725 τρικλίνου

295 5752 604 5810 excidisse.
