4108 6220
361 377 482 438 345

1238 383 1338 444 DE
1384 382 1852 449 CERIMONIIS
1893 388 2123 450 AUL/E
2164 388 2643 449 ΒΥΖΑΝΤΙΝᾸΞ
2687 391 2837 452 LIB.
2887 392 2936 451 Ι.

3667 398 3785 461 346

362 531 507 564 σιτοι
547 508 907 585 ἐξερχόμενοι
953 510 1264 588 εἲσάγοοσιν
1316 515 1502 586 αὐτὸν,
1528 517 1617 572 καί
1658 517 1724 589 δὴ
1757 523 1945 575 τοῦτον
1971 520 2022 574 οἱ
2054 538 2070 588 Α

2135 523 2330 577 Sancti
2365 520 2501 578 Elite
2531 525 2850 579 oratorium
2895 526 3224 594 discedunt,
3259 528 3356 582 ubi
3399 529 3511 600 ipsi
3538 532 3772 601 quidem

361 597 627 652 δεσπόται
684 601 818 654 κατὰ
875 601 939 655 τὸ
999 600 1189 665 εἰωθὸς
1250 602 1628 678 ἐσπαζόμενοι,
1688 608 2025 684 εἰσέρχονται

367 689 485 759 μετ’
528 689 703 742 αᾶτοῦ
739 695 1012 760 μυστικῶς
1055 689 1142 746 διὰ
1169 698 1266 748 τοῦ
1305 699 1595 772 μάκριυνος
1633 706 1730 756 τοῦ
1767 709 2026 767 κοιτῶνος

360 776 440 839 εἷς
469 778 560 830 τὸν
589 779 716 832 ναὸν
759 786 859 846 τῆς
890 781 1212 857 ’Υπεραγίας
1267 787 1534 842 Θεοτόκου
1559 795 1656 844 τοῦ
1689 792 1896 865 Φάρου,
1926 794 2026 847 κά-

363 867 539 919 κεῐθεν
573 865 904 940 ἀπέρχονται
941 867 993 923 ἐν
1017 874 1097 942 τῷ
1128 872 1405 948 εὐκτηρίῳ
1433 882 1530 931 τοῦ
1573 880 1759 951 Ἀγίου
1806 881 2024 951 Ἠλιοῦ,

363 953 454 1008 καὶ
487 953 537 1008 οἷ
569 955 667 1026 μὲν
712 953 967 1012 δεσπόται
1021 957 1269 1016 ’ἵστανται
1329 961 1382 1018 ἐν
1430 971 1510 1038 τῷ
1563 970 1818 1042 νάρθηκι,
1879 972 1906 1025 6
1966 968 2024 1026 δὲ

362 1043 718 1122 πατριάρχης
770 1045 1077 1122 εἰσέρχεται
1130 1049 1207 1112 εἷς
1267 1053 1328 1106 τὸ
1364 1059 1769 1131 θυσιαστήριον,
1801 1060 2022 1128 καὶτῆς

361 1132 622 1197 εἰωθυίας
669 1135 840 1208 εὐχῆς
889 1135 1260 1210 τελουμένης,
1314 1141 1656 1218 ἀπάρχονται
1709 1148 1759 1200 οἱ
1819 1147 2021 1221 ψάλται

359 1221 427 1277 τὸ
477 1223 796 1297 τροπάριον.
874 1226 934 1282 Ὀ
977 1223 1034 1280 δὲ
1101 1231 1450 1306 πατριάρχης
1506 1231 1861 1309 ἐξερχόμενος
1917 1237 2021 1291 ἀπὸ

359 1315 462 1364 τοῦ
517 1313 924 1385 θυσιαστηρίου,
972 1316 1253 1388 βαστάζων
1312 1320 1374 1374 τὸ
1444 1322 1603 1398 ἅγιον
1649 1324 2018 1400 Εὐαγγέλιον,

2138 610 2196 664 in
2250 611 2527 667 narthece
2558 612 2909 683 subsistunt,
2944 615 3276 686 patriarcha
3305 635 3434 674 vero
3465 621 3779 678 sacrarium

2137 699 2338 766 intrat,
2392 701 2490 756 ubi
2543 701 2904 759 solemnibus
2961 706 3234 775 precibus
3283 709 3552 779 peractis,
3584 713 3782 782 psaliae

2138 789 2453 859 troparium
2506 791 2832 846 ordiuntur.
2870 793 3202 849 Patriarcha
3241 811 3272 850 e
3310 798 3558 854 sacrario
3590 816 3782 871 egres-

2135 895 2259 944 sus,
2287 882 2558 934 sanctum
2583 880 2961 952 Evangelium
2989 889 3249 953 portans,
3279 886 3348 939 ad
3382 886 3782 956 imperatorias

2133 968 2388 1036 ejusdem
2421 969 2656 1024 oratorii
2695 971 2906 1039 januas
2940 972 3217 1042 procedit,
3251 974 3606 1031 subdiacono
3647 995 3784 1033 cru-

2134 1073 2257 1112 cem
2327 1059 2816 1128 processionalem
2895 1065 3181 1132 gestante.
3257 1063 3480 1119 Inlerea
3564 1067 3785 1122 domini

2132 1161 2327 1201 cereos
2361 1163 2392 1201 a
2425 1147 2731 1218 praeposito
2765 1148 3083 1220 accipiunt,
3118 1156 3400 1222 ternaque
3427 1170 3560 1209 cum
3597 1157 3781 1212 cereis

2131 1235 2466 1291 adoratione
2516 1236 2684 1305 facta,
2735 1237 2809 1292 ad
2860 1238 3045 1294 Deum
3086 1248 3398 1310 precantur
3437 1249 3493 1299 et
3522 1243 3786 1317 Evange—

2131 1325 2292 1392 lium,
2326 1341 2358 1378 a
2389 1325 2636 1380 diacono
2667 1327 2980 1393 incensati,
3014 1329 3375 1386 osculantur.

355 1396 575 1478 ἔρχεται
645 1403 720 1463 εἰς
759 1405 852 1466 τὰς
922 1406 1212 1480 βασιλικάς
1258 1408 1434 1472 πύλας
1488 1417 1585 1467 τοῦ
1640 1415 1808 1469 αὐτοῦ
1863 1415 2173 1487 εὖκτηρίου,
2234 1410 2496 1483 δηλονότι
2544 1415 2634 1468 καὶ
2687 1419 2784 1469 τοῦ
2840 1413 3201 1472 ὑποδιακόνου
3265 1420 3621 1493 βαστάζοντος
3685 1423 3780 1478 τὸν

358 1489 633 1546 λιτανικὸν
691 1495 940 1569 σταυρόν.
993 1498 1058 1554 Οἱ
1107 1494 1162 1552 δὲ
1203 1497 1458 1556 δεσπόται
1520 1499 1856 1575 λαμϐάνουσι
1888 1506 2032 1578 παρὰ
2078 1508 2175 1559 τοῦ
2233 1503 2594 1575 πραιποσίτου
2653 1505 2881 1578 κηροὺς,
2915 1506 3001 1560 καὶ
3056 1503 3144 1560 διὰ
3199 1515 3298 1577 τῆς
3355 1517 3579 1584 τρισσῆς
3643 1515 3778 1584 μετᾶ

357 1585 469 1636 τῶν
502 1589 687 1657 κηρῶν
747 1589 1167 1659 προσκυνήσεως
1217 1589 1678 1670 ἀπευχαριστοῦσι
1736 1599 1816 1667 τῷ
1874 1599 1988 1666 Θεῷ
2040 1593 2130 1648 καὶ
2187 1593 2516 1662 ἀσπάζονται
2567 1594 2641 1663 ,τὸ
2701 1593 3028 1670 Εὐαγγέλιον
3088 1615 3174 1651 και
3225 1598 3316 1652 τὸν
3375 1601 3626 1676 σταυρὸν,
3685 1613 3785 1665 θυ-

362 1673 634 1745 μιώμενοι
671 1675 774 1730 ὑπὸ
805 1681 903 1731 τοῦ
926 1675 1202 1736 διακόνου.

441 1761 516 1820 Γ’.
548 1763 654 1818 Καὶ
685 1768 1202 1840 παρακρατούμενος
1248 1769 1276 1824 6
1325 1771 1579 1843 βασιλεὺς
1613 1773 1717 1828 ὑπὸ
1767 1778 1862 1830 τοῦ
1911 1796 2015 1829 πα·
2049 1780 2070 1845 ]

2204 1778 2300 1832 ΙΙΙ.
2349 1776 2562 1833 Deinde
2597 1779 2962 1832 sustentatus
3002 1794 3035 1833 a
3081 1778 3412 1848 patriarcha
3470 1779 3786 1852 imperator

366 1850 662 1930 τριάρχου,
714 1851 992 1932 ἐξερχεται
1049 1856 1156 1910 ἀπὸ
1213 1865 1313 1928 τῆς
1361 1857 1672 1931 ἐκκλησίας,
1722 1864 1812 1918 καὶ
1873 1861 2020 1938 διερ-

383 1942 630 2014 χομένου
666 1943 828 1998 αὐτοῦ
863 1946 1027 2016 μέσον
1047 1952 1144 2000 τοῦ
1169 1952 1298 2001 ναοῦ
1317 1954 1418 2003 τοῦ
1450 1952 1646 2026 φάρου,
1670 1953 1758 2007 καὶ
1790 1953 2028 2023 ἐξιόντος

371 2033 474 2100 τὴν
507 2031 690 2101 πύλην
751 2036 848 2102 τὴν
903 2033 1195 2110 ἐξάγουσαν
1247 2038 1290 2072 ³⁷
1315 2036 1401 2092 ἐπὶ
1431 2040 1525 2094 τὸν
1550 2040 1779 2110 ἡλιακὸν
1815 2045 1859 2078 ³⁸

365 2561 506 2623 Νέας
540 2567 650 2636 (60)
695 2564 956 2642 Μεγάλης
1001 2567 1330 2640 Ἐκκλησίας
1380 2570 1577 2642 (ἐκεῖσε
1627 2561 1729 2650 γὰρ
1777 2574 2019 2632 ξ’στανται

374 2115 760 2191 λαμϐάνουσιν
802 2123 853 2176 οἱ
927 2121 1183 2178 δεσπόται
1251 2127 1397 2202 παρὰ
1461 2129 1568 2182 τών
1656 2133 2028 2204 πραιποσίτων

375 2209 552 2281 κηρία
602 2206 874 2264 λιτανίκια
924 2213 1013 2266 καὶ
1047 2209 1355 2290 διέρχονται
1397 2215 1767 2280 λιτανεύοντες
1801 2217 1889 2274 διὰ
1931 2219 2026 2293 μὲ-

367 2315 473 2348 σου
507 2301 604 2350 τοῦ
657 2297 893 2366 ἡλιακοῦ
944 2302 1033 2354 καὶ
1075 2306 1172 2356 τοῦ
1221 2309 1494 2360 στενωποῦ
1551 2311 1646 2361 τοῦ
1699 2307 2026 2384 μονοούρου,

370 2383 737 2459 κατέρχονται
765 2389 828 2442 τὸ
858 2385 1185 2445 καταϐάσιόν
1219 2395 1329 2466 (59)
1353 2399 1448 2448 τοῦ
1484 2396 1900 2466 βουκολέοντος,
1933 2399 2024 2454 καὶ

367 2470 673 2536 ἐκνεύοντες
718 2473 883 2546 δεξιᾷ,
934 2478 1288 2554 κατέρχονται
1333 2483 1471 2554 πρὸς
1513 2485 1604 2539 τὸν
1649 2487 1892 2562 νάρθηκα
1922 2495 2023 2557 τῆς

2137 1883 2205 1922 ex
2247 1867 2491 1923 ecclesia
2531 1865 2698 1933 redit,
2753 1881 2972 1938 perque
3004 1867 3261 1923 medium
3295 1869 3580 1940 templum
3613 1870 3781 1941 pbari

2137 1957 2462 2028 digressus,
2495 1971 2598 2027 per
2628 1961 2853 2026 portam
2883 1956 2955 2010 ad
2988 1955 3265 2012 solarium
3297 1957 3608 2014 ducentem
3641 1961 3785 2029 exit,

2138 2045 2237 2099 ubi
2299 2045 2518 2100 domini
2575 2061 2607 2098 a
2673 2043 2994 2116 praepositis
3051 2061 3250 2102 cereos
3325 2047 3784 2118 processionales

2138 2132 2455 2203 accipiunt,
2503 2135 2561 2187 et
2591 2147 2688 2201 per
2736 2133 2995 2188 medium
3037 2134 3321 2189 solarium
3354 2141 3784 2209 angustamque

2131 2222 2372 2292 januam
2412 2221 2810 2292 procedentes,
2862 2236 2963 2292 per
3011 2222 3362 2278 descensum
3424 2224 3784 2281 bucoleontis

2136 2311 2525 2376 descendunt,
2558 2316 2610 2363 et
2641 2308 2712 2364 ad
2742 2309 3004 2364 dextram
3036 2310 3407 2379 inclinantes,
3440 2314 3512 2368 ad
3544 2313 3787 2369 narthe-

2136 2416 2259 2456 cem
2305 2398 2474 2454 Novm
2506 2400 2726 2468 Magnae
2756 2399 3024 2454 Ecclesia:
3054 2399 3384 2468 discedunt,
3421 2402 3520 2457 ubi
3549 2408 3783 2459 senato-

2134 2504 2228 2545 res
2258 2505 2461 2545 omnes
2512 2490 2768 2556 adstant,
2807 2491 2864 2543 et
2910 2489 3172 2544 consueti
3221 2489 3368 2545 ritus
3407 2491 3781 2548 ecclesiastici

2133 2579 2408 2634 introitus
2440 2577 2818 2634 celebrantur.
2841 2576 3102 2633 Dominis
3135 2583 3328 2634 autem
3360 2595 3495 2636 cum
3528 2581 3780 2652 patriar-

1726 2676 1810 2730 VA
1822 2679 1962 2733 RUE
2000 2675 2412 2734 LECTIONES.

437 2752 480 2785 ³⁷
511 2752 690 2824 πύλην
722 2754 1012 2828 ἐξάγουσαν
1045 2759 1135 2815 ed.
1212 2760 1256 2794 ³⁸
1283 2760 1344 2814 τὸ
1377 2759 1606 2830 ἡλιάκὸν
1636 2765 1727 2821 ed.

1417 2851 1615 2908 JOAN.
1657 2854 1800 2910 JAC.
1844 2854 2106 2912 REISKII
2145 2853 2724 2912 COMMENTARIUS.

443 2944 554 3024 (58)
585 2947 684 3001 Est
735 2946 762 3000 6
811 2943 1067 3024 ᾑλιακός,
1099 2955 1197 3004 aut
1241 2947 1304 3002 τὸ
1347 2946 1598 3024 ἡλᾼιακόν,
1641 2951 1736 3008 hic
1777 2955 2011 3024 quidem

373 3012 507 3096 loci,
541 3012 723 3096 '_area,
799 3012 1274 3096 deambu'lacrum
1343 3012 1668 3096 s'ubdiva'te,
1706 3012 2008 3096 apricum,

375 3087 654 3166 unde_ipsi
687 3105 911 3166 nomen,
937 3107 969 3146 a
991 3091 1400 3166 radiisrnempe
1423 3087 1830 3166 solis,'quibus
1862 3087 2014 3166 pate-

2123 2954 2438 3009 niebantur
2465 2953 2740 3008 cancellis
2771 2953 2966 3010 aeneis.
3000 2955 3346 3011 Anastasius
3375 2956 3432 3011 in
3467 2957 3715 3012 Adriano
3751 2974 3764 3013 :

2127 3026 2226 3083 Ubi
2254 3034 2304 3080 et
2333 3025 2850 3090 deambulatorium,
2881 3025 3090 3080 scilicet
3119 3030 3390 3081 solarium
3433 3044 3614 3093 suum,
3645 3045 3770 3084 cum

2121 3098 2380 3152 cancellis
2419 3099 2590 3152 aeneis
2628 3098 2798 3150 nimis
2834 3097 3206 3166 pulcherrime
3233 3101 3480 3151 construi
3507 3101 3654 3166 fecit.
3694 3102 3768 3154 De

373 3157 490 3213 bat.
522 3141 1401 3237 1iEZexpﬁﬁii'cSriétBiiiiﬁfvii;
1423 3141 2013 3237 égé'ilii’pi'éoiﬁ'ié;
2044 3141 2086 3207 C
2120 3141 2795 3237 {Eii"e'6iar76','}§iiliii_3:
2834 3141 3762 3237 ἕξρἷὲἶίὰᾆξ”εὲἱ”“ὶῐιόἒὶέί”ἱόοὖξ

369 3246 484 3299 ριον
542 3227 1170 3309 καὶηὴλιοϐολούμενον
1233 3227 1732 3309 μαρμαρόστρωτον
1787 3227 2014 3309 περίπα-

363 3318 457 3378 τον
479 3302 893 3378 appe_l_lans._Et
909 3321 978 3378 eo
997 3302 1436 3378 ῥυοιιυοεοηευ
1451 3302 1764 3364 adhibetur
1789 3302 2013 3366 in'locis

369 3373 660 3452 Ifustalbji
699 3381 757 3452 et
803 3376 1016 3452 Leonis
1063 3373 1348 3452 sapientis
1388 3381 1538 3450 apud
1568 3381 1670 3452 _Du
1723 3385 1910 3452 (lange
1951 3381 2011 3436 in

368 3443 556 3523 gloss.
591 3445 688 3501 Gr.
809 3447 1061 3523 Δνηᾼὶιοιῐι
1094 3443 1152 3504 in
1184 3447 1282 3523 illo
1312 3443 1603 3523 Anastasii
1643 3452 1701 3506 in
1735 3443 2012 3523 Gre‘éorio

362 3515 617 3594 lV,_Avox
647 3518 861 3594 salarii
889 3520 1055 3594 debet
1089 3521 1270 3594 accipi
1306 3537 1319 3575 :
1353 3522 1584 3594 Domum
1625 3523 1761 3578 satis
1788 3515 2014 3594 dianam

364 3589 606 3662 undique
633 3590 937 3662 porticibus
968 3589 1419 3662 [deambulacris
1451 3595 1638 3662 tectis]
1687 3611 1750 3650 ac
1787 3589 2011 3652 solariis

361 3661 812 3735 {deambulacris
859 3662 919 3735 in
969 3661 1089 3717 solo
1145 3661 1341 3733 plano,
1400 3661 1637 3735 apricis]
1690 3668 2014 3722 circumda-

361 3733 501 3790 tam.
551 3733 618 3805 In
662 3733 904 3805 reliquis
953 3739 1145 3790 autem
1193 3733 1635 3805 duobus—apud~
1666 3737 1828 3792 illum
1865 3737 2010 3794 locis

362 3802 682 3879 Michaelis‘
701 3802 1000 3879 Attaliotaa,
1038 3811 1124 3879 et‘
1147 3802 1902 3879 Theodori_Herrnopolitaa,
1947 3809 2008 3864 in

369 3870 853 3949 quibusﬁliaxdv
896 3870 995 3948 per
1035 3874 1396 3949 ἐξώστηννει
1442 3870 1761 3949 ἐξωστάριόν
1815 3870 2010 3934 reddi-

369 3946 486 4015 tur,
519 3946 694 4018 habet
726 3947 844 4003 haec
883 3946 988 4003 vox
1029 3950 1201 4003 aliam
1243 3946 1747 4018 signiﬁcationem.
1781 3949 2011 4006 Scilicet

368 4028 530 4076 notat
570 4018 598 4072 6
646 4015 902 4088 ἐξώστης,
957 4019 1044 4073 vel
1096 4015 1364 4092 potius?)
1417 4017 1646 4088 ὲξωστή,
1684 4022 2004 4092 projectum,

364 4093 728 4156 maenianum,
751 4097 911 4146 extra
936 4092 1083 4145 aedes
1103 4091 1264 4161 ipsas
1285 4089 1646 4160 aliquantum
1669 4089 2007 4162 prominens

365 4165 699 4227 aediﬁcium,
723 4178 753 4218 e
783 4178 897 4232 quo
929 4162 1173 4232 prospici
1208 4163 1424 4230 possit;
1461 4167 1521 4217 ut
1552 4169 1690 4218 sunt
1721 4173 2006 4220 nostrates

363 4235 568 4300 Erker,
602 4233 687 4288 vel
721 4233 967 4288 Balcons.
991 4233 1165 4306 iEtfin
1195 4233 1510 4306 bocsensu
1534 4236 1752 4306 salaria
1773 4251 2004 4306 quoque

358 4306 654 4362 interdum
687 4306 956 4360 dicebant
989 4304 1190 4372 Latini,
1217 4309 1281 4359 ut
1311 4304 1368 4358 in
1399 4304 1498 4360 illo
1532 4304 1882 4374 Hieronymi,
1904 4307 2000 4361 ha-

361 4377 596 4433 buerunt
634 4393 694 4432 in
731 4378 882 4431 tectis
927 4375 1170 4443 domata,
1204 4393 1323 4445 qua:
1355 4378 1532 4432 Romae
1562 4379 1645 4433 vel
1673 4375 1891 4432 salaria
1919 4380 2002 4433 vel

357 4449 638 4504 maeniana
678 4451 886 4519 vocant.
929 4446 1062 4519 Vid.
1092 4446 1175 4519 Du
1207 4449 1396 4519 Gange
1422 4448 1611 4505 Gloss.
1646 4449 1744 4504 Gr.
1779 4466 1830 4503 ν.
1865 4447 2001 4517 ἐξώ-

355 4539 507 4590 στης,
541 4527 598 4576 et
636 4518 821 4574 Caroli
852 4518 1434 4590 Majallidisserhde
1464 4520 1688 4590 Stylitis
1716 4523 1868 4588 apud
1903 4526 2000 4576 As.

352 4588 708 4664 semannumr
745 4590 1036 4664 juniorem
1063 4588 1137 4664 _in
1189 4589 1346 4645 Actis
1378 4588 1696 4662 martyrum
1749 4593 1998 4664 Syriacis

356 4669 403 4722 t.
439 4665 507 4728 ΙΙ,
554 4681 607 4733 ρ.
647 4663 776 4733 247,
816 4663 951 4733 item
1013 4659 1282 4715 Alteserr.
1329 4665 1396 4716 ad
1447 4659 1715 4718 Anastas.
1760 4659 1814 4733 p'.
1873 4666 1994 4718 122.

352 4730 616 4796 Tandem
660 4730 864 4800 ἡλιακά
904 4747 1136 4805 quoque
1168 4736 1332 4787 erant
1377 4730 1788 4789 deambulacra
1826 4751 2001 4805 super

356 4809 526 4866 tectis
545 4805 686 4876 ipsis
705 4806 920 4875 aprica,
935 4803 1135 4877 qualia
1158 4808 1444 4877 nostrates
1466 4807 1660 4877 Altam:
1681 4803 1997 4877 appellant.

352 4874 755 4953 Epicaustoria’
779 4874 1146 4953 appellabant
1182 4875 1370 4953 Latini
1411 4876 1605 4953 medii,
1637 4874 1777 4946 quia
1821 4893 2001 4953 super

356 4945 727 5024 b'ypocaustis
755 4945 943 5024 erant,
975 4945 1062 5024 vel
1095 4945 1234 5016 quia
1275 4946 1332 5024 i_n
1363 4947 1558 5024 aprico
1596 4945 1776 5024 erant.
1813 4945 1997 5024 Gloss.

354 5016 466 5080 nis'.
503 5021 652 5091 apud
693 5018 778 5074 Du
812 5017 1002 5091 Gange
1033 5016 1092 5070 b.
1115 5033 1178 5091 _v.
1224 5032 1236 5070 :
1273 5017 1723 5091 Epicaustorium
1751 5022 2000 5091 eminen-

345 5099 460 5153 tior
490 5087 638 5147 locus
681 5093 740 5144 in
775 5087 1009 5158 aediﬁcio
1045 5089 1124 5142 ad
1152 5087 1566 5158 speculandum,
1600 5089 1682 5144 vel
1722 5089 2001 5145 solarium

347 5160 946 5240 puellare.__Solarium
964 5160 1224 5240 puellare
1253 5160 1305 5240 id
1339 5159 1686 5240 appellatur,
1719 5161 2000 5240 quoniam

348 5231 728 5310 gynaeconitis
747 5237 807 5286 et
831 5231 980 5310 apud
1004 5234 1224 5310 veteres
1246 5231 1473 5310 Graecos
1496 5236 1554 5287 et
1585 5233 1739 5310 apud
1760 5233 2000 5310 Latinos

343 5302 524 5365 in'edii
547 5305 648 5359 aevi
670 5305 731 5358 in
755 5302 1005 5357 summis
1031 5302 1238 5356 aedium
1268 5304 1533 5368 partibus
1556 5308 1697 5370 erat,
1723 5306 1997 5372 quemad-

344 5382 585 5438 modum
630 5377 819 5430 adhuc
861 5373 1029 5428 hodie
1063 5373 1218 5443 apud
1250 5373 1438 5428 Moros
1470 5391 1571 5430 seu
1617 5374 1676 5429 in
1726 5377 1999 5430 Barbarie

341 5463 381 5506 Α
400 5453 613 5506 fricaoa
637 5448 900 5501 mulieres
932 5445 991 5499 in
1024 5444 1267 5498 summis
1289 5444 1509 5500 aadibus
1531 5445 1819 5513 habitant,
1844 5449 1995 5516 quod

339 5541 409 5579 ex
425 5519 742 5577 itinerariis
761 5521 1012 5573 constat.
1032 5516 1488 5587 Pmptereadicit
1511 5517 1886 5587 Athenazusp.
1904 5519 1995 5586 57,

345 5612 415 5650 ex
436 5611 525 5660 eo,
547 5591 698 5664 quod
723 5589 940 5644 Helena
959 5593 1120 5664 natat
1143 5587 1310 5664 fuerit
1333 5585 1382 5664 ἐν
1402 5591 1482 5658 τῷ
1505 5585 1620 5664 ᾠῷ,
1637 5590 1694 5664 in
1717 5585 1999 5658 superiore

345 5658 752 5733 adium'parte,
776 5664 974 5733 natam
1007 5659 1188 5733 fuisse
1213 5658 1473 5733 _labulam
1500 5661 1578 5733 de
1607 5659 1734 5733 ejus
1765 5665 1895 5733 o_rtu
1926 5676 1999 5715 ea:

349 5754 472 5794 ovo.
505 5729 668 5792 Conf.
701 5731 997 5800 Euripidis
1027 5729 1464 5786 Phoenissarum
1496 5729 1746 5786 initium.
1779 5731 1848 5786 Et
1876 5731 1996 5788 haec

347 5809 410 5865 in
449 5805 719 5874 summis,
748 5808 805 5861 et
835 5801 938 5860 illa
961 5801 1254 5858 mosniana
1281 5803 1340 5858 in
1372 5801 1581 5859 mediis
1615 5801 1837 5859 edibus
1864 5817 1999 5859 mu-

2035 4503 2081 4567 D
2113 4503 2368 4592 Marti/rae
2406 4503 2480 4592 (id
2536 4527 2622 4573 est
2666 4503 3048 4592 Martgriss‘aa)

2119 3257 2175 3310 p.
2200 3241 2324 3303 284,
2347 3240 2443 3293 ubi
2468 3237 2495 3290 6
2526 3235 2757 3305 ἡλιακός
2779 3237 2863 3292 vel
2896 3235 2975 3294 est
3008 3239 3315 3308 praefectus
3336 3239 3419 3293 vel
3443 3244 3627 3294 totum
3651 3241 3758 3296 mi-

2119 3309 2420 3366 nisterium
2452 3314 2509 3364 et
2539 3310 2873 3380 praesidium
2900 3310 2956 3363 in
2983 3309 3233 3374 Heliaco,
3258 3310 3344 3364 vel
3371 3311 3565 3380 alteno
3591 3312 3758 3367 Phari

2116 3383 2402 3438 excubare
2427 3378 2658 3450 jussum
2691 3385 2748 3454 et
2776 3381 3130 3454 depositum.
3156 3383 3177 3454 ξ
3203 3380 3304 3454 [Τὸ
3325 3378 3554 3448 ἡλιακόν
3586 3384 3765 3441 solare

2117 3454 2458 3522 horologium
2499 3454 2666 3508 verlit
2704 3451 3022 3527 gombeﬂs.
3057 3451 3117 3507 in
3149 3451 3380 3510 Cdntin.
3421 3454 3761 3527 Theophan.

2119 3542 2173 3597 p.
2212 3528 2335 3592 125,
2370 3523 2720 3596 perperam]

2187 3598 2298 3667 (59)
2350 3603 2458 3651 Per
2477 3595 2722 3661 scalam,
2762 3611 2862 3666 per
2899 3595 3128 3666 gradus.
3171 3595 3250 3651 Eo
3299 3613 3470 3653 sensu
3513 3601 3764 3655 occurrit

2115 3669 2270 3738 apud
2300 3668 2600 3723 Sozomen.
2650 3668 2796 3722 Hist.
2832 3667 2980 3724 Eccl.
3015 3668 3098 3734 IX,
3132 3669 3187 3721 2.
3222 3674 3436 3724 Locum
3466 3670 3642 3726 habet
3671 3673 3757 3726 Du

2116 3739 2306 3810 Cange
2354 3739 2540 3793 Gloss.
2581 3740 2676 3793 Gr.
2721 3738 2779 3792 b.
2825 3754 2878 3803 v,
2909 3739 3140 3810 Ceteris
3172 3745 3366 3794 autem
3409 3742 3572 3807 locis,
3611 3758 3756 3810 quos

2117 3810 2195 3864 ibi
2229 3808 2390 3877 citat,
2421 3810 2709 3878 signiﬁcat
2755 3824 2822 3862 ea
2862 3825 2969 3862 vox
3007 3808 3201 3862 locum
3256 3809 3472 3878 ipsum,
3514 3820 3570 3864 at
3609 3808 3755 3866 etin

2116 3896 2286 3950 quem
2312 3897 2413 3949 per
2430 3879 2645 3936 scalam
2669 3880 3042 3950 descenditur
3061 3881 3442 3950 (confessiones
3463 3880 3755 3949 appellare

2114 3949 2421 4031 solebant),
2453 3950 2727 4031 qualibus
2767 3949 2827 4002 in
2862 3950 3134 4031 cavernis
3171 3949 3581 4031 latitare-olim
3614 3952 3760 4006 sole-

2117 4022 2254 4077 bant
2278 4019 2589 4093 Christiani
2613 4019 3110 4093 persecutionibus
3130 4019 3354 4076 afﬂicti.
3375 4021 3502 4093 Vid.
3528 4038 3758 4093 quoque

2112 4093 2333 4147 Corsini
2375 4090 2694 4147 dissert.'2.
2730 4090 3046 4160 Appendic.
3095 4093 3164 4145 ad
3210 4096 3376 4146 Notas
3407 4090 3756 4162 Graecorum,

2114 4165 2213 4219 ubi
2247 4163 2548 4228 inscriptio
2581 4180 2634 4229 p.
2665 4163 2757 4224 27.
2792 4162 2895 4216 hoc
2925 4163 3150 4216 videtur
3175 4178 3342 4232 posse
3375 4163 3546 4217 modo
3586 4165 3754 4217 resti-

2108 4235 2198 4290 tui
2249 4252 2262 4290 :
2312 4234 2644 4299 QUORASY
2703 4232 3026 4288 NOMINAE
3083 4233 3350 4288 MASIME
3405 4234 3755 4290 MARTYRE

2108 4342 2288 4398 DOMI
2355 4342 2475 4397 lilV
2527 4308 2580 4431 X"
2645 4338 2957 4395 CASTULU
3016 4340 3260 4395 ISCALA
3309 4340 3752 4397 CATABATICY

2113 4447 2440 4514 SECUNDI,
2472 4449 2527 4503 id
2573 4452 2677 4512 est,
2712 4446 2928 4503 Corasii
2957 4447 3209 4517 (puellae)
3247 4450 3472 4503 nomine
3502 4449 3755 4503 Maxima:

3095 4519 3304 4574 domini
3357 4523 3485 4574 Jesu
3547 4520 3755 4574 Christi

2111 4589 2441 4662 Castulu(id
2472 4592 2562 4647 est
2582 4591 2756 4662 apud)
2787 4589 3105 4658 Castulum,
3142 4607 3349 4646 nomen
3384 4591 3517 4657 loci,
3544 4592 3638 4645 ubi
3663 4595 3756 4662 de-

2111 4665 2302 4731 posita
2357 4661 2446 4717 est
2510 4661 2749 4716 Castulu
2807 4677 2994 4731 graaca
3050 4663 3456 4718 terminatione
3520 4661 3754 4716 Καστοῦ-

2107 4731 2210 4788 λου
2243 4750 2346 4804 pro
2377 4732 2641 4804 Castuli,)
2675 4734 2735 4786 in
2764 4733 2914 4786 scala
2946 4732 3285 4789 Catabaticiz'
3321 4734 3752 4803 (confessionis)

2111 4803 2355 4859 secundi.
2421 4803 2876 4875 Appellabantur
2934 4809 3129 4859 autem
3180 4806 3592 4868 confessiones,
3633 4822 3749 4859 non

2109 4876 2265 4947 quod
2296 4875 2376 4930 ibi
2408 4879 2643 4947 peccata
2681 4875 3112 4947 confiterentur,
3152 4876 3252 4930 sed
3286 4877 3441 4946 quod
3495 4877 3753 4946 reliquias

2109 4945 2515 5002 confessorum
2543 4945 2623 5000 ibi
2656 4945 2780 4999 sitas
2811 4950 3022 5001 essent.
3052 4946 3126 5001 De
3159 4945 3506 5003 Buco’leonte
3527 4945 3643 5002 vid.
3669 4949 3753 5002 Du

2107 5023 2296 5088 Cange
2345 5015 2724 5088 CPI.7Cbrist.
2758 5015 2807 5088 l.
2852 5031 2917 5084 ιι,
2949 5032 3081 5087 pag.
3134 5018 3256 5084 119,
3289 5027 3342 5073 et
3382 5020 3453 5073 ad
3495 5018 3752 5074 Alexiad.

2106 5086 2252 5161 pag.—
2274 5089 2400 5142 265.
2439 5087 2578 5161 ’[Ιὶο
2625 5086 2812 5161 Satyri
2845 5086 3197 5144 monasterio
3237 5095 3294 5143 et
3325 5090 3664 5146 Bucoleonte
3697 5107 3748 5145 v.

2108 5159 2318 5228 Script.
2353 5167 2482 5228 post
2513 5159 2852 5231 Theophan.
2887 5175 3020 5230 pag.
3055 5161 3142 5227 13,
3177 5161 3288 5231 14.]

2179 5233 2294 5302 (60)
2324 5232 2470 5297 New,
2504 5235 2604 5286 aut
2631 5230 2792 5286 Nova:
2821 5231 3081 5295 ecclesia,
3132 5231 3192 5286 in
3225 5230 3439 5302 palatio
3479 5249 3512 5288 a
3544 5232 3751 5288 Basilio

2109 5301 2375 5359 conditae.
2426 5301 2758 5373 Luitprand.
2799 5302 2942 5357 Hist.
2977 5303 3019 5356 Ι.
3055 5320 3104 5358 c.
3137 5307 3192 5370 2,
3223 5301 3334 5358 fine
3379 5321 3392 5358 :
3440 5305 3754 5360 Fabricaz'it

2107 5374 2404 5446 (Basilius)
2435 5375 2668 5445 pretioso
2696 5378 2749 5446 et
2777 5374 3038 5429 mirabili
3065 5390 3223 5446 opere
3261 5377 3426 5446 juxta
3456 5377 3749 5446 palatium,

2107 5444 2604 5511 orientcm'versus,
2630 5444 2942 5511 ecclesiam,
2958 5463 3121 5517 quam
3135 5444 3297 5508 Νέαν,
3313 5448 3409 5502 hoc
3429 5444 3505 5501 est
3523 5453 3749 5510 Novum,

2106 5523 2316 5584 vocant,
2352 5520 2408 5572 in
2454 5518 2711 5571 honorem
2741 5519 2941 5589 summi
2971 5519 3199 5589 ctrtestz's
3228 5518 3448 5572 militiae
3485 5521 3754 5589 principis

2107 5590 2444 5662 archangeli
2457 5588 2794 5662 Miclzaelis,
2829 5591 3137 5662 qut;_Gra{ce
3165 5587 3602 5662 ἀρχιστράτηγος
3651 5587 3750 5662 ap-

2107 5607 2441 5661 arcuangeu
2476 5607 2794 5654 Micaaeus,
2829 5607 2922 5658 qui
2957 5607 3137 5644 bra’ce
3165 5607 3196 5640 α
3234 5607 3602 5662 γιστρατηγος
3651 5607 3747 5656 ap-

2102 5662 2364 5732 pellatur.
2401 5659 2530 5716 Vid.
2560 5659 2874 5732 ~Constant.
2917 5659 3032 5732 Vit.
3068 5607 3237 5716 Basif.
3281 5661 3498 5716 Maced.
3537 5679 3590 5730 p.
3627 5660 3747 5723 196,

2105 5729 2162 5788 et
2189 5733 2315 5812 ἓῼΟ.
2355 5732 2530 5812 Debet
2559 5730 2711 5812 haud
2743 5729 2942 5812 procul
2975 5731 3120 5786 mari
3152 5732 3352 5812 fuisse,
3387 5738 3447 5785 ut
3480 5729 3639 5812 patet
3675 5744 3743 5782 ex

2104 5819 2163 5874 p.
2193 5804 2259 5858 71
2302 5801 2489 5858 nostri
2526 5799 2759 5858 codicis
2791 5805 2848 5855 et
2877 5815 2945 5856 ex
2995 5815 3062 5857 eo
3111 5799 3267 5871 quod
3297 5801 3447 5854 hanc
3476 5799 3626 5856 inter
3653 5813 3741 5852 ec-
