4108 6220
342 410 462 473 349

1208 408 1312 468 DE
1353 397 1812 468 CERIMONIIS
1852 399 2090 468 AUL/E
2132 398 2608 466 BYZANTINE
2649 405 2798 466 LIB.
2848 409 2898 467 Ι.

3644 405 3764 468 350

347 545 482 614 μετὰ
534 541 767 597 καὶτῶν
819 537 1246 616 μητροπολιτῶν
1299 539 1389 593 καὶ
1437 541 1539 604 τῆς
1593 537 1795 607 λοιπῆς
1834 535 2034 606 αὐτοῦ,

2125 538 2374 611 porticus
2394 536 2705 594 triconchii
2727 538 3051 610 ingressus,
3067 539 3124 594 in
3138 549 3364 596 camera
3375 540 3572 596 Sancti
3582 539 3762 598 Theo-

341 631 545 701 τάξεως
577 631 648 689 ⁴¹.
683 625 786 686 Καὶ
815 633 917 684 τοῦ
945 627 1288 702 πατριάρχου
1335 626 1726 702 εἰσερχομένου
1775 624 1864 682 διὰ
1889 630 1999 682 τῶν

345 715 678 776 διαϐατικῶν
727 723 826 774 τοῦ
881 717 1210 793 τρικόγχου,
1262 715 1482 792 ἔρχεται
1531 717 1618 771 καὶ
1668 716 1899 786 κάθηται
1941 711 1995 770 έν

343 805 415 883 τῇ
443 811 664 885 καμάρᾳ
694 810 740 846 ⁴²
772 809 882 882 (67)
939 810 1034 862 τοῦ
1064 808 1254 884 ’Λγίου
1303 804 1610 881 Θεοδώρου,
1641 805 1854 861 κᾶκεῖσε
1901 824 1996 861 πε-

347 894 712 974 ριϐάλλονται
768 897 864 960 τάς
922 897 1124 952 ἑαυτῶν
1175 892 1463 970 χλανίδας,
1511 895 1600 950 καὶ
1643 893 1998 969 ἐξερχόμενοι

346 983 542 1060 ἔξωθεν
573 991 670 1042 τοῦ
704 984 886 1062 βήλου
928 987 1028 1054 τῆς
1057 984 1228 1049 αὐτῆς
1257 982 1506 1060 καμάρας
1546 980 1811 1038 ’ίστανται.
1840 984 1907 1040 Οἱ
1941 979 1999 1038 δε

347 1076 703 1151 πραιπόσιτοι
762 1074 1113 1150 ἐξερχόμενοι
1173 1071 1449 1149 εἰσάγουσι
1499 1073 1591 1127 τὸν
1650 1071 1997 1148 πατριάρχην

352 1167 407 1222 sl
439 1163 496 1220 δὶ
527 1162 781 1220 δεσπόται
824 1167 1018 1218 τοῦτον
1071 1160 1207 1216 κατᾶ
1253 1160 1316 1215 τὸ
1366 1159 1560 1223 εἰωθὺς
1608 1160 1996 1233 ἀσπαζόμενοι,

350 1254 664 1324 καθέζονται
724 1257 839 1324 μετ’
887 1249 1052 1306 αὐτοῦ
1092 1249 1145 1305 έν
1188 1254 1267 1321 τῷ
1315 1247 1764 1325 χρυσοτρικλίνῳ
1804 1249 1996 1324 μικρὸν

351 1344 550 1414 τι,καί
617 1340 817 1404 εὐθέως
883 1340 1088 1415 γίνεται
1158 1340 1580 1412 μεταστάσιμον,
1631 1336 1720 1392 καὶ
1789 1339 1840 1392 οἱ
1903 1338 1998 1412 μὶν

359 1432 648 1510 μάγιστροι
706 1429 797 1486 καὶ
847 1428 1140 1485 ἀνθύπατοι
1197 1427 1288 1482 καὶ
1335 1427 1611 1496 πατρίκιοι
1667 1428 1757 1482 καὶ
1807 1427 2000 1482 λοιποὶ

358 1519 724 1598 συγκΛητικοὶ
782 1520 1144 1594 κατέρχονται
1194 1515 1247 1572 έν
1294 1521 1374 1590 τῷ
1429 1517 1657 1593 νάρθηκι
1711 1523 1811 1587 τῆς
1859 1518 2000 1580 Νέας

357 1608 621 1686 Μεγάλης
655 1607 1006 1680 Ἐκκλησίας,
1040 1609 1090 1662 οἱ
1123 1604 1180 1662 δὲ
1205 1611 1302 1662 τοῦ
1332 1602 1727 1662 κουϐουκλείου
1775 1607 2003 1670 ἅπαντες

357 1697 673 1775 διέρχονται
706 1696 794 1754 διὰ
821 1703 918 1753 τοῦ
977 1694 1290 1773 ὡρολογίου
1345 1697 1436 1752 καί
1465 1696 1513 1733 ⁴³
1563 1701 1660 1751 τοῦ
1701 1715 2001 1772 χρυσοτρι-

353 1788 547 1845 κλίνου
593 1790 683 1844 καὶ
725 1795 826 1859 τῆς
871 1788 1120 1864 καμάρας
1166 1790 1264 1841 τοῦ
1312 1785 1544 1842 πανθέου
1583 1787 1800 1842 καὶτοῦ
1826 1785 2002 1864 φύλα-

2108 628 2236 683 dori
2286 627 2467 695 sedet,
2521 629 2614 682 τι
2669 627 2898 685 tunicas
2928 641 3066 684 suas
3104 628 3345 684 comites
3385 629 3514 700 ejus
3557 627 3637 684 ibi
3669 629 3759 686 in-

2107 718 2318 786 duunt,
2351 720 2407 774 et
2435 723 2596 772 extra
2629 714 2827 773 velum
2848 717 2974 788 ejus
3007 733 3250 773 camera
3279 717 3588 790 progressi,
3620 720 3761 774 sub-

2106 812 2344 866 sistunt.
2416 805 2720 880 Prapositi
2803 810 2999 864 autem
3066 807 3305 880 egressi,
3365 806 3757 880 patriarcham

2104 897 2423 965 adducunt,
2457 909 2630 968 quem
2679 895 2905 952 domini
2946 908 3048 967 pro
3096 909 3256 953 more
3303 895 3572 963 osculati,
3621 911 3756 952 cum

2107 1002 2175 1043 eo
2202 986 2509 1059 paululum
2539 985 2600 1042 in
2631 997 2806 1041 aureo
2836 984 3090 1041 triclinio
3121 985 3446 1056 consident,
3469 989 3528 1041 et
3558 984 3760 1042 statim

2109 1075 2361 1147 receptio
2391 1073 2739 1141 instituitur,
2763 1076 2822 1130 et
2850 1073 3120 1145 magistri
3152 1073 3412 1146 quidem.
3446 1088 3763 1146 proconsu-

2107 1165 2214 1232 les,
2239 1164 2465 1236 patricii
2497 1171 2550 1220 et
2581 1163 2771 1220 cateri
2794 1166 3097 1219 senatores
3127 1162 3188 1218 in
3218 1163 3560 1220 narthecem
3589 1164 3759 1220 Nova

2111 1254 2334 1327 Magna
2351 1253 2622 1310 Ecclesia
2644 1252 3011 1309 descendunt
3027 1268 3043 1321 ;
3060 1252 3401 1309 cubicularii
3415 1267 3549 1309 vero
3562 1265 3767 1309 omnes

2111 1355 2214 1417 per
2265 1342 2632 1416 horologium
2689 1357 3048 1414 aureumque
3089 1340 3436 1408 triclinium,
3466 1355 3760 1400 cameram

2111 1432 2352 1506 panthei
2392 1436 2450 1490 et
2493 1431 2817 1488 custodiam
2858 1434 3188 1499 transeunt,
3233 1443 3379 1503 eque
3419 1431 3765 1504 monothyro

2112 1523 2357 1596 egressi,
2381 1522 2455 1578 ad
2483 1521 2764 1593 templum
2788 1521 3012 1577 Sancta
3045 1520 3299 1592 Deipara
3323 1519 3492 1593 phari
3522 1521 3762 1577 abeunt.

2115 1611 2341 1668 Domini
2380 1617 2682 1684 surgentes
2715 1608 2842 1666 sine
2873 1625 3087 1682 pompa
3116 1624 3231 1666 una
3262 1625 3397 1666 cum
3430 1609 3765 1682 patriarcha

2113 1717 2214 1774 per
2233 1700 2467 1774 longam
2493 1699 2780 1770 porticum
2811 1699 3067 1756 cubiculi
3099 1700 3172 1755 ad
3198 1699 3486 1773 templum
3505 1698 3764 1756 Sanctis-

2112 1793 2272 1848 sima
2309 1791 2563 1864 Deipara
2593 1789 2761 1862 phari
2792 1789 3025 1858 abeunt,
3057 1797 3112 1846 et
3138 1789 3249 1862 ipsi
3281 1787 3510 1860 quidem
3537 1790 3596 1844 in
3629 1805 3765 1844 nar-

355 1898 473 1947 κος,
533 1879 623 1933 καὶ
670 1873 1007 1938 ἐκϐαίνοντες
1055 1877 1118 1932 τὸ
1171 1877 1487 1952 μννόθυρον,
1548 1874 1764 1931 ἀπίασιν
1813 1875 1864 1931 έν
1921 1880 2002 1948 τῷ

2125 1881 2283 1938 thece
2337 1881 2694 1946 subsistunt,
2749 1878 3077 1952 patriarcha
3131 1893 3267 1934 vero
3322 1877 3386 1934 in
3442 1878 3764 1934 oratorium

354 1972 470 2040 ναῷ
490 1975 592 2037 τῆς
651 1967 967 2043 Ὑπεραγίας
1029 1966 1296 2021 Θεοτόκου
1344 1969 1440 2018 τοῦ
1470 1961 1669 2044 φάρου,
1702 1966 1792 2020 καὶ
1825 1967 1876 2019 o't
1913 1966 2005 2038 μὲν

360 2056 624 2114 δεσπόται
655 2057 1004 2130 ἀνιστάμενοι
1037 2054 1371 2131 εἰσέρχονται
1433 2055 1568 2128 μετὰ
1599 2058 1698 2108 τοῦ
1753 2054 2014 2130 πατριάρ-

356 2164 472 2221 χου
534 2151 806 2219 μυστικῶς
857 2141 947 2199 διὰ
983 2148 1080 2200 τοῦ
1143 2143 1427 2219 μάκρωνος
1483 2141 1580 2199 τοῖ’»
1629 2147 1890 2207 κοιτῶνος
1936 2142 2012 2205 εἰς

364 2237 464 2290 τὸν
492 2236 618 2290 ναὸν
651 2237 750 2306 τὴς
783 2233 1097 2310 Ὑπεραγίας
1124 2233 1392 2289 θεοτόκου
1429 2237 1528 2288 τοῦ
1587 2233 1782 2309 φάρου,
1841 2233 1926 2288 καὶ
1963 2235 2015 2287 οἱ

364 2323 629 2382 δεσπόται
663 2323 904 2379 ἵστανται
937 2321 991 2378 έν
1047 2322 1126 2395 τῷ
1174 2323 1428 2397 νάρθηκι,
1478 2323 1506 2376 6
1556 2320 1614 2376 δὲ
1664 2324 2014 2398 πατριάρχης

367 2414 672 2490 εἰσέρχεται
741 2412 820 2476 εἰς
873 2413 934 2467 τὸ
991 2411 1410 2486 ξθυσιαστηριον,
1469 2411 1556 2466 καὶ
1604 2418 1704 2481 τῆς
1763 2411 2013 2474 εἰωθυίας

371 2505 546 2584 εὐχῆς
572 2499 934 2574 τελουμένης,
969 2500 1312 2584 ἀπάρχονται
1356 2501 1407 2554 οἰ
1451 2499 1651 2574 ψάλται
1698 2501 1761 2555 τὸ
1809 2497 2016 2575 τροπά-

373 2581 511 2669 ριονδ
546 2593 574 2648 6
607 2586 664 2647 δὶ
707 2589 1056 2665 πατριάρχης
1110 2581 1470 2669 ἐξερχόμενος
1527 2591 1634 2646 άπὸ
1678 2595 1777 2646 τοῦ
1827 2599 2015 2654 θυσια-

2123 1971 2324 2036 intrat,
2357 1969 2725 2040 solemnique
2765 1969 3095 2042 precatione
3125 1971 3378 2040 peracta,
3410 1966 3607 2038 psalta
3646 1971 3769 2022 tro-

2123 2059 2356 2131 parium
2398 2058 2707 2129 incipiunt.
2762 2057 2980 2114 Deinde
3027 2057 3360 2130 patriarcha
3408 2073 3477 2113 ex
3513 2056 3767 2113 oratorio

2124 2161 2418 2219 egressus,
2451 2150 2722 2202 sanctum
2752 2145 3132 2218 Evangelium
3163 2149 3418 2218 gestans,
3442 2149 3640 2217 portas
3665 2146 3773 2200 im-

2126 2236 2440 2301 peratorias
2487 2234 2834 2306 ingreditur,
2865 2234 3226 2290 subdiacono
3269 2250 3502 2290 crucem
3533 2249 3772 2305 proces-

2126 2324 2412 2383 sionalem
2444 2325 2684 2390 ferente,
2720 2323 2942 2379 domini
2972 2327 3190 2391 autem,
3228 2322 3407 2379 cereis
3448 2339 3482 2379 a
3519 2323 3776 2394 patriar-

2126 2415 2239 2472 cha
2294 2413 2569 2486 acceptis,
2627 2418 2711 2468 ter
2766 2425 2900 2469 cum
2958 2412 3106 2485 ipsis
3158 2414 3340 2469 Deum
3397 2413 3662 2478 adorant,
3722 2418 3777 2468 et

2127 2503 2506 2576 Evangelium
2558 2516 2923 2574 crucemque,
2973 2517 3007 2558 a
3049 2501 3409 2558 subdiacouo
3467 2500 3778 2571 incenaali,

2127 2593 2488 2650 osculantur.

369 2683 616 2759 στηρίοο.
672 2683 950 2759 βαστάζων
995 2682 1057 2737 τὸ
1107 2683 1257 2758 ἅγιον
1306 2681 1668 2759 Εὖαγγέλιον,
1715 2679 1936 2760 ἔρχεται
1976 2681 2054 2744 εἰς
2096 2682 2194 2744 τὰς
2246 2680 2534 2758 βασιλικάς
2590 2681 2785 2750 πύλας,
2837 2678 3099 2752 δηλονότι
3137 2684 3234 2734 τοῦ
3285 2677 3643 2735 ὑποδιακόνου
3687 2680 3779 2754 βα-

367 2775 657 2842 στάζοντος
705 2771 796 2826 τὸν
857 2769 1132 2826 λιτανικὸν
1193 2771 1439 2846 σταυρὸν,
1502 2771 1553 2826 οἱ
1612 2767 1668 2825 δὲ
1727 2768 1982 2826 δεσπόται
2044 2765 2383 2844 λαμϐάνουσι
2443 2771 2590 2847 παρὰ
2633 2775 2744 2827 τῶν
2779 2768 3154 2845 πραιποσίτων
3184 2769 3409 2844 κηροὺς,
3439 2768 3531 2824 καὶ
3562 2765 3652 2823 διὰ
3678 2773 3778 2836 τῆς

363 2868 591 2936 τρισσῆς
637 2861 772 2935 μετὰ
815 2864 926 2916 τῶν
974 2864 1160 2934 κηρῶν
1209 2863 1630 2933 προσκυνήσεως
1680 2859 2142 2935 ἀπευχαριστοῦσι
2198 2865 2279 2935 τῷ
2336 2866 2475 2934 Θεῷ,
2516 2861 2604 2917 καὶ
2656 2861 2980 2931 ἀσπάζονται
3014 2858 3077 2915 τό
3107 2879 3166 2914 τε
3196 2857 3533 2936 Εὑαγγέλιον
3565 2859 3776 2914 καὶτὸν

369 2952 617 3027 σταυρὸν,
649 2951 984 3024 θυμιώμενοι
1022 2950 1125 3005 ὑπὸ
1155 2954 1252 3006 τοῦ
1285 2947 1560 3006 διακόνου.

443 3047 519 3099 B’.
554 3039 650 3095 Καὶ
708 3038 1225 3116 παρακρατούμενος
1285 3040 1312 3093 6
1360 3038 1615 3114 βασιλεύς
1652 3040 1756 3095 ὑπὸ
1788 3042 1884 3095 τοῦ
1915 3059 2016 3094 πα-

2202 3041 2274 3098 ΙΙ.
2311 3045 2632 3114 Imperator
2661 3057 2695 3096 a
2725 3039 3055 3113 patriarcha
3085 3043 3474 3108 sustentatus,
3508 3053 3538 3094 e
3564 3039 3783 3110 templo

371 3132 644 3206 τριάρχου
672 3127 1081 3204 ἓξέρχεταιᾶπὸ
1125 3135 1227 3199 τῆς
1272 3127 1592 3200 ἐκκλησίας,
1625 3129 1714 3184 καὶ
1765 3126 2018 3200 ἐξιόντων

371 3223 476 3292 τὴν
507 3218 688 3290 πύλην
719 3222 820 3290 τὴν
863 3216 1151 3294 ἒξάγουσαν
1187 3218 1263 3281 εἰς
1307 3219 1400 3273 τὸν
1441 3216 1674 3288 ἡλιακὸν
1705 3218 1776 3291 ⁴⁸,
1799 3213 2023 3292 λαμϐά-

371 3329 552 3366 νουσιν
584 3310 635 3364 οἱ
667 3305 923 3364 δεσπόται
967 3308 1115 3382 παρὰ
1150 3310 1258 3362 τῶν
1304 3306 1681 3382 πραιποσίτων
1739 3306 1904 3377 κηρία
1936 3305 2021 3362 λι-

371 3398 590 3455 τανίκια
633 3399 710 3466 ⁸⁵,
767 3397 858 3452 καὶ
924 3394 1230 3472 διέρχονται
1289 3395 1659 3460 λιτανεύοντες
1716 3394 1805 3451 διὰ
1857 3397 2023 3470 μέσου

373 3492 472 3544 τοῦ
521 3487 758 3557 ἡλιακοῦ
815 3486 906 3542 καὶ
962 3490 1062 3540 τοῦ
1121 3489 1396 3540 στενωποῦ
1441 3489 1537 3540 τοῦ
1582 3484 2021 3560 μονοθύρου,καί

375 3578 735 3653 κατέρχονται
791 3577 855 3631 τὸ
911 3569 1242 3630 καταϐάσιον
1297 3578 1394 3630 τοῦ
1463 3572 1878 3650 βουκολέοντος,
1930 3575 2021 3629 καὶ

378 3664 682 3727 ἐκνεύοντες
717 3662 1267 3739 δεξιᾷ,κατέρχονται
1293 3664 1428 3737 πρὸς
1483 3662 1576 3717 τὸν
1623 3662 1870 3738 νάρθηκα
1924 3668 2027 3733 τῆς

375 3755 515 3817 Νέας
568 3752 902 3824 Ἐιικλησίας
955 3751 1150 3827 (ἐκεῖσε
1206 3753 1308 3828 γὰρ
1363 3750 1610 3807 ’ίστανται
1653 3754 1709 3806 οἰ
1753 3759 1854 3822 τῆς
1897 3773 2022 3828 συγ-

377 3841 639 3917 κλήτου),
669 3841 761 3898 καὶ
819 3841 1016 3914 γίνεται
1065 3844 1101 3911 ἠ
1145 3840 1445 3904 ἀκολουθία
1491 3847 1590 3910 τῆς
1649 3839 1864 3895 εἰσόδου
1916 3844 2022 3894 τῶν

375 3931 682 4009 ἐγκαινίων.
716 3935 834 3987 Σῶν
867 3929 924 3986 δὲ
956 3929 1230 3986 δεσποτῶν
1274 3931 1410 3984 κατὰ
1456 3929 1518 3984 τὸ
1560 3928 1770 3992 ἐἰωθὸς
1831 3927 2024 3984 εἰσιόν-

375 4042 484 4076 των
507 4020 757 4092 μετὰτοῦ
787 4021 1133 4095 πατριάρχου
1166 4018 1242 4081 εἰς
1299 4018 1363 4074 τὸ
1403 4019 1805 4093 θυσιαστήριον,
1838 4019 1866 4072 6
1929 4016 2022 4091 μὲν

377 4110 730 4188 πατριάρχης
755 4110 1196 4187 προεισέρχεται,
1232 4109 1282 4162 οἰ
1314 4104 1370 4162 δὲ
1414 4104 1694 4175 δεσπόται,
1747 4104 2024 4180 ἱστάμενοι

376 4194 569 4269 ἔξωθεν
613 4203 721 4254 τῶν
759 4198 933 4274 ἁγίων
977 4201 1173 4272 θυρῶν,
1234 4193 1578 4271 λαμϐάνουσι
1635 4196 1764 4259 τοὺς
1821 4195 2028 4271 κηροὺς

379 4289 525 4365 παρὰ
573 4293 682 4344 τῶν
740 4287 1116 4364 πραιποσίτων
1166 4286 1258 4344 καὶ
1305 4286 1394 4343 διὰ
1441 4294 1542 4358 τῆς
1604 4290 1831 4362 τρισσῆς
1895 4287 2029 4360 μετᾶ

374 4383 484 4433 τῶν
540 4383 727 4454 κηρῶν
773 4380 1194 4453 προσκυνήσεως
1253 4377 1723 4454 ἀπευχαριστοῦσι
1772 4382 1852 4450 τῷ
1885 4381 2023 4450 Θεῷ·

376 4468 493 4523 εἶτα
547 4463 926 4544 εἰσερχόμενοι
985 4467 1037 4522 ἐν
1090 4472 1169 4539 τῷ
1227 4469 1620 4541 θυσιαστηρίῳ,
1680 4466 1732 4522 έν
1790 4471 2031 4542 πρῶτοις

380 4560 472 4632 μὶν
501 4558 826 4630 άσπάξονται
868 4560 930 4614 τὸ
982 4561 1110 4636 ἅγια
1153 4561 1333 4634 θύρια,
1393 4560 1512 4615 εἶτα
1569 4561 1668 4628 τὴν
1728 4561 1825 4628 τῆς
1873 4557 2031 4634 ἁγίας

375 4647 647 4720 τραπέζης
692 4646 940 4718 ένδυτὴν,
971 4649 1062 4704 καὶ
1102 4651 1339 4710 τιθέντες
1397 4644 1744 4723 ἄπὸκόμϐιον
1794 4647 1883 4703 ἐπὶ
1931 4653 2031 4717 τῆς

379 4734 529 4810 ἁγίας
613 4735 906 4811 τραπέζης,
995 4734 1310 4811 διέρχονται
1382 4734 1472 4791 διὰ
1547 4741 1655 4791 τῶν
1744 4736 2031 4809 βημάτων,

2131 3130 2446 3202 egreditur,
2501 3131 2560 3186 et
2607 3135 2915 3202 postquam
2974 3144 3078 3200 per
3125 3131 3355 3197 portam
3394 3127 3466 3182 ad
3509 3126 3785 3181 solarium

2132 3219 2441 3277 ducentem
2485 3218 2771 3283 exierunt,
2803 3217 3030 3274 domini
3075 3231 3272 3273 cereos
3319 3213 3786 3288 processionalos

2133 3326 2167 3364 a
2197 3308 2527 3382 praepositis
2558 3307 2875 3380 accipiunt,
2907 3310 2965 3363 et
2991 3306 3053 3362 in
3085 3305 3457 3378 processione
3504 3320 3607 3377 per
3659 3318 3783 3360 me-

2132 3399 2291 3456 dium
2338 3399 2622 3456 solarium
2679 3396 3100 3469 angustiasque
3148 3395 3483 3468 monothyri
3518 3395 3783 3450 absunt:

2133 3491 2330 3560 postea
2358 3504 2461 3560 per
2493 3489 2842 3545 descensum
2884 3485 3253 3542 hucoleontis
3294 3485 3583 3558 progressi
3623 3487 3680 3540 et
3719 3485 3788 3540 ad

2135 3578 2396 3635 dextram
2433 3595 2495 3635 se
2527 3578 2901 3646 inclinantes,
2933 3579 3003 3632 ad
3037 3576 3374 3633 narthecem
3405 3576 3574 3632 Nova
3606 3575 3789 3633 eccle-

2134 3669 2234 3726 sia
2267 3685 2330 3724 se
2360 3669 2689 3736 conferunt,
2723 3667 2822 3723 ubi
2858 3673 3153 3724 senatores
3181 3667 3418 3734 adsunt,
3451 3669 3507 3722 et
3532 3666 3791 3722 ofﬁcium

2139 3757 2418 3813 introitus
2467 3758 2862 3812 encaniorum
2910 3755 3254 3811 celebratur.
3287 3754 3550 3810 Dominis
3594 3758 3791 3809 autem

2135 3861 2270 3901 cum
2305 3845 2642 3915 patriarcha
2672 3843 2992 3899 sacrarium
3025 3858 3128 3914 pro
3152 3857 3312 3897 more
3342 3839 3646 3910 ingressis,
3689 3857 3786 3911 pa-

2133 3934 2393 3990 triarcha
2438 3933 2732 4005 pracedit,
2766 3933 2987 3988 domini
3027 3935 3223 3988 autem
3272 3936 3434 3987 extra
3477 3945 3669 3986 sacras
3691 3931 3789 4001 ja-

2134 4039 2287 4079 nuas
2309 4022 2634 4090 constituti,
2651 4035 2847 4077 cereos
2868 4037 2902 4075 a
2922 4018 3251 4092 praepositis
3267 4019 3792 4090 accipiunt,terque

2135 4129 2288 4185 genu
2320 4112 2466 4168 ﬂexo
2496 4110 2682 4166 Deum
2715 4110 2981 4176 adorant,
3009 4123 3139 4166 mox
3167 4108 3488 4164 sacrarium
3514 4107 3786 4179 ingressi,

2138 4201 2328 4274 primo
2368 4199 2607 4272 quidem
2639 4213 2837 4255 sacras
2859 4199 3098 4270 januas,
3127 4197 3334 4253 deinde
3376 4210 3606 4252 sacrum
3637 4193 3788 4250 alta-

2141 4291 2222 4347 ris
2243 4290 2559 4346 instratum
2593 4287 2957 4356 osculantur,
2991 4292 3048 4343 et
3077 4285 3418 4358 apocombio
3446 4284 3591 4342 inibi
3619 4299 3790 4355 repo-

2143 4381 2275 4447 sito,
2305 4395 2410 4454 per
2447 4381 2701 4447 bemata,
2734 4379 2917 4435 cereis
2948 4378 3006 4434 in
3047 4391 3401 4449 unoquoque
3439 4376 3665 4432 hemate
3693 4392 3793 4432 ao-

2143 4471 2358 4539 censis,
2381 4469 2715 4537 discedunt,
2741 4483 2906 4524 sacra
2926 4467 3171 4524 instrata
3200 4483 3304 4539 pro
3335 4481 3496 4523 more
3524 4465 3791 4522 osculan-

2145 4567 2260 4630 tur,
2293 4575 2511 4633 perque
2542 4573 2878 4631 gynaceum
2909 4555 3176 4628 digressi,
3207 4571 3404 4612 cereos
3433 4556 3503 4610 ad
3535 4555 3789 4628 efﬁgiem

2140 4649 2356 4716 Basilii,
2398 4647 2766 4722 imperatoris
2805 4647 3103 4704 Christum
3137 4645 3412 4714 amantis,
3455 4645 3552 4702 12
3583 4660 3791 4702 accen-

2143 4740 2311 4804 dunt,
2365 4738 2674 4808 statimque
2710 4736 2836 4794 vale
2877 4735 3217 4806 patriarcha
3259 4735 3432 4803 dicto,
3471 4735 3664 4791 locum
3696 4751 3794 4790 ex-

383 4823 638 4886 ἆπτοντες
669 4824 874 4896 κηροὺς
904 4826 1021 4889 καθ’
1049 4823 1142 4880 ἕνα
1198 4825 1420 4880 ’ἑκαστον
1459 4828 1569 4900 (67)
1628 4827 1803 4901 βῆμα,
1863 4824 2034 4880 ἂσπά-

2143 4827 2388 4894 celsum,
2438 4827 2540 4882 ubi
2585 4830 2819 4883 orantes
2859 4829 3016 4880 stare
3059 4825 3264 4887 solent.
3309 4829 3529 4896 petunt,
3562 4823 3697 4880 inde
3727 4823 3799 4879 ad

385 4913 603 4985 ζόμενοι
633 4915 770 4969 κατὰ
797 4915 860 4969 τὸ
886 4914 1078 4979 εἰωθὸς
1104 4915 1200 4977 τὰς
1247 4911 1484 4983 ένδυτᾶς,
1530 4915 1620 4971 καὶ
1681 4913 2034 4990 διερχόμενοι

2146 4915 2482 4972 narthecem
2532 4931 2711 4988 prope
2762 4929 2921 4969 mare
2969 4913 3174 4969 altaris
3221 4914 3566 4981 ascendunt,
3602 4911 3698 4967 ubi
3745 4919 3800 4967 et

387 4999 476 5056 διὰ
512 5006 608 5057 τοῦ
656 5002 994 5078 γυναικίτου,
1056 4998 1285 5060 ἅπτουσι
1333 5004 1538 5080 κηροὺς
1601 5005 1676 5066 εἰς
1725 5008 1821 5076 τὴν
1855 5002 2034 5060 εἰκόνα

2149 5004 2306 5062 sella
2338 5009 2499 5062 stant
2528 5009 2584 5061 et
2612 5003 2807 5060 velum
2839 5018 3197 5076 suspensum
3221 5008 3330 5072 est,
3359 5017 3618 5074 suasque
3646 5000 3800 5057 tuni-

1751 5133 1984 5190 VARUE
2025 5129 2439 5190 LECTIONES.

454 5247 501 5285 ⁴¹
533 5249 736 5328 Σὶςρᾼ.
771 5249 992 5320 Ἰστέον,
1021 5249 1125 5328 fit:
1173 5251 1201 5305 6
1252 5249 1660 5328 ρεφερενδάριος
1717 5249 1886 5323 δηλοῖ
1918 5248 2019 5328 Δτῷ
2075 5248 2253 5320 παπίᾳ
2304 5250 2413 5328 τήν
2447 5243 3190 5328 roB_1r¢-rpia'pxcu‘iicpzﬁiv.
3268 5246 3315 5282 ⁴¹
3345 5246 3592 5328 καμάραλ
3628 5245 3800 5328 lflura

384 5318 478 5375 hic
507 5322 793 5396 excidisse
823 5318 992 5396 putat
1021 5323 1125 5389 R.,
1158 5318 1283 5394 qua
1318 5318 1392 5395 p.‘
1427 5318 1552 5396 12,2"
1575 5318 1868 5396 leguntur,
1916 5318 2051 5379 inde
2100 5341 2133 5380 a
2179 5318 2333 5380 vers.

2383 5323 2438 5409 Ξ,
2486 5323 2584 5409 τος)
2615 5315 3305 5409 χρυσοτρξκλίνευνυθιιιιθε
3327 5315 3615 5409 ads/{12,
3645 5315 3697 5372 έν
3727 5319 3797 5391 τῇ

381 5391 624 5464 καμάρᾳ.
700 5394 745 5428 ⁸⁸
772 5387 862 5447 κάξ
895 5403 1027 5451 ante
1055 5387 1152 5448 τοῦ
1174 5387 1658 5467 ’χρυσοτρικλίνοό
1674 5387 1984 5452 delendum
2017 5411 2142 5451 esse
2175 5400 2359 5466 putat,
2389 5387 2454 5451 Η.
2532 5395 2577 5428 ⁸⁴
2603 5387 2670 5447 ’ἐξ
2695 5389 2794 5462 ἡλ.
2826 5387 2917 5448 ed.
2993 5392 3038 5427 “
3067 5387 3317 5445 λιτανικὰ
3348 5392 3438 5447 ed.

1375 5512 1578 5571 JOAN.
1616 5514 1760 5570 JAC.
1806 5513 2063 5569 REISKli
2103 5511 2702 5570 COMMENTARIUS.

459 5627 1272 5718 (67)“Ιῐεῂεο71εοι¹ῐλο,νξγῦρωοί
1309 5629 1518 5718 solace
1538 5645 1654 5718 ’pro
1676 5629 1791 5718 aut);
1819 5622 1870 5682 ἔν
1916 5626 2039 5718 ἔκαε

2148 5631 2276 5702 (pro
2332 5629 2449 5683 καθ’
2489 5627 2569 5701 ἓν)
2609 5625 2851 5696 ἕκαστος,
2896 5628 3183 5702 Spatharii
3215 5627 3322 5686 duo
3369 5631 3568 5699 gerunt
3604 5637 3794 5681 arma:

395 5715 540 5762 στον.
575 5699 802 5790 ξδειιιίιεε⁵
823 5717 879 5772 p.
1048 5702 1292 5775 legimus
1316 5701 1399 5790 es,
1429 5697 1494 5754 δά
1532 5697 1702 5790 ἅρμα,
1750 5697 1918 5790 ἤγουν
1946 5700 2038 5790 ’,τὸ
2148 5697 2243 5758 {eu
2271 5705 2505 5772 scutum,
2535 5697 2912 5774 unusquisque
2930 5697 3136 5757 'unum.

395 5769 716 5845 σκουτάριον
773 5767 1131 5844 βαστάζουσιν
1194 5773 1516 5846 σπαρθάριοι
1568 5767 1701 5828 ’δύο
1757 5767 1872 5827 καθ’
1946 5767 2040 5827 ἕνα
