4158 6212
380 384 492 443 351

1436 382 1955 444 CONSTANTINI
2001 382 2691 445 PORPHYROGENITI
3671 396 3795 455 352

388 531 486 572 cas
513 519 769 585 mutant,
800 522 851 571 et
874 515 1018 571 sacri
1047 515 1339 587 Evangelii
1364 515 1669 571 lectionem
1703 520 2020 586 exspectan-

2149 513 2440 570 Βασιλείου
2492 518 2590 569 τοῦ
2648 514 3017 589 φιλοχρίστου
3077 515 3360 589 δεσπότου,
3431 521 3521 575 καὶ
3596 523 3795 582 εὐθέως

392 609 498 673 tes,
557 606 810 670 adstant,
845 620 1043 675 quam,
1091 620 1288 659 cereos
1342 620 1374 658 a
1422 604 1745 675 praepositis
1794 604 2034 660 traditos

399 710 575 749 manu
610 696 896 761 tenentes,
928 693 1285 748 auscultant.
1322 691 1513 747 Finita
1543 701 1801 759 extensa,
1836 692 2033 748 censio

400 785 554 849 dent,
587 782 887 853 praefectus
908 799 1124 837 mensae
1155 798 1288 837 cum
1319 781 1676 837 tricliniariis
1706 781 2033 838 convivium

398 876 582 943 parat,
632 872 786 943 quod
836 873 960 943 ipse
1001 888 1250 943 magnus
1289 871 1602 942 imperator
1640 869 1890 927 ordinat.
1942 870 2036 926 Sic

395 961 614 1017 domini
635 977 735 1032 per
756 962 1026 1019 eumdem
1057 960 1391 1017 narthecem
1423 967 1477 1014 et
1506 964 1788 1015 secretam
1820 958 2036 1015 scalam

394 1065 607 1121 perque
653 1050 930 1106 solarium
973 1050 1242 1121 superius
1282 1049 1390 1105 soli
1438 1048 1705 1119 digressi,
1758 1048 2034 1119 palatium

392 1139 632 1195 intrant.
658 1140 973 1195 Sciendum
1008 1143 1116 1207 est,
1150 1140 1471 1194 secundum
1504 1139 1677 1209 hujus
1707 1138 1818 1192 diei
1851 1138 2027 1192 ritum

391 1232 448 1282 et
469 1228 663 1283 Sancti
683 1228 979 1284 Michaelis
1003 1228 1211 1283 festum
1234 1235 1432 1283 octavo
1458 1228 1669 1283 mensis
1686 1226 2027 1283 Novembris

391 1315 612 1372 instuiti
645 1316 847 1373 solere.
895 1318 993 1372 ubi
1054 1318 1496 1380 observandum,
1542 1317 1648 1371 hoc
1696 1314 2028 1387 archangeli

390 1404 599 1460 festum
631 1405 688 1459 in
722 1406 970 1461 oratorio
993 1406 1216 1479 templi,
1238 1406 1431 1461 Sancti
1462 1406 1682 1463 scilicet
1703 1404 2028 1471 Michaelis,

395 1495 486 1551 die
514 1496 667 1552 dicto
698 1496 998 1555 celebrari.

2146 601 2657 677 ἀποχαιρετίζοντες
2725 605 2816 658 τὸν
2890 606 3265 681 πατριάρχην,
3338 609 3674 689 εἰσερχονται
3744 614 3797 668 ἐν

2144 696 2223 763 τῷ
2257 690 2425 746 ἐκεῖσε
2472 690 2879 767 προσευχαδίῳ,
2928 695 3171 759 κάκεῖθεν
3219 692 3554 762 ἐκϐαίνοντες
3594 702 3668 763 εἰς
3706 705 3801 758 τὸν

2143 782 2281 856 πρὸς
2330 783 2431 850 τὴν
2492 780 2765 837 θάλασσαν
2813 784 3079 857 νάρθηκα,
3130 783 3182 838 ἐν
3234 786 3279 857 ᾦ
3325 788 3415 841 καὶ
3484 790 3551 843 τά
3600 788 3793 848 σελλία

2139 870 2385 926 ’ίστανται
2438 872 2527 926 καὶ
2576 873 2637 926 τὸ
2694 870 2867 946 βῆλον
2920 872 3208 946 κρέμαται,
3240 875 3330 930 καὶ
3370 877 3787 936 ἀπαλλάσσουσι

2144 961 2240 1021 τὰς
2272 961 2474 1014 ἑαυτῶν
2527 958 2819 1035 χλανίδας,
2865 962 2955 1015 καὶ
3001 960 3252 1018 ’ίστανται
3302 963 3659 1041 ἐκδεχόμενοι
3688 972 3785 1038 τὴν

2143 1052 2239 1104 τοῦ
2272 1048 2427 1125 ἁγίου
2461 1047 2803 1125 Εὒαγγελίου
2847 1050 3172 1126 ἀνάγνωσιν
3225 1054 3321 1117 εἶθ’
3370 1054 3541 1118 οὕτως
3575 1054 3793 1131 λαμϐά-

2138 1161 2319 1201 νοντες
2363 1140 2566 1213 κηροὺς
2614 1144 2760 1214 παρά
2802 1146 2908 1195 τῶν
2960 1143 3360 1216 πραιποσίτων,
3405 1144 3662 1202 ἀκούουσι
3693 1152 3788 1202 τοῦ

2140 1231 2298 1305 ἁγίου
2337 1229 2702 1307 Εὐαγγελίου.
2754 1231 2899 1285 Μετὰ
2949 1228 3006 1285 δὲ
3051 1234 3150 1301 τήν
3200 1232 3464 1289 ἀπόλυσιν
3517 1243 3617 1305 τῆς
3652 1234 3795 1291 ἐκτε-

2137 1323 2261 1380 νοῦς
2312 1317 2483 1394 εὒχῆς
2529 1320 2870 1391 καθέζονται,
2921 1320 3009 1374 καὶ
3061 1319 3263 1398 εἰσάγει
3298 1324 3325 1377 6
3368 1330 3469 1393 τῆς
3514 1328 3789 1398 τραπέζης

2142 1412 2277 1480 μετα
2306 1408 2395 1461 καὶ
2440 1412 2547 1462 τῶν
2595 1408 2932 1482 ἀρτοκλινῶν
2985 1410 3046 1464 τὸ
3092 1409 3425 1484 κλητώριον,
3459 1413 3547 1467 καὶ
3582 1418 3795 1488 στοιχεῖ

2138 1498 2269 1551 αὐτὸ
2300 1499 2328 1551 6
2364 1497 2534 1570 μέγας
2597 1497 2873 1570 βασιλεύς.
2935 1499 3033 1553 Καὶ
3076 1500 3174 1554 εἶθ’
3235 1499 3406 1562 οὕτως
3450 1504 3500 1555 οἱ
3534 1499 3791 1557 δεσπόται

394 1582 705 1659 διέρχονται
741 1591 1011 1659 μυστικῶς
1072 1584 1161 1641 διὰ
1214 1591 1310 1642 τοῦ
1366 1587 1532 1641 αὐτοῦ
1574 1588 1844 1661 νάρθηκος
1902 1586 1991 1640 καὶ
2041 1590 2137 1640 τοῦ
2191 1591 2451 1659 μυστικοῦ
2502 1581 2812 1656 ὰναϐασίου,
2865 1587 2952 1642 καὶ
3004 1585 3091 1643 διὰ
3118 1594 3215 1643 τοῦ
3247 1589 3524 1646 ἀνωτάτου
3555 1590 3793 1661 ἡλιακοῦ

389 1671 485 1727 τοῦ
534 1675 699 1729 αὐτοῦ
766 1677 1038 1749 νάρθηκος
1104 1676 1441 1751 εἰσέρχονται
1492 1676 1567 1737 εἰς
1616 1676 1677 1728 τὸ
1732 1674 2019 1732 παλάτιον.
2082 1677 2198 1751 Χρή
2260 1673 2476 1744 εἰδέναι,
2528 1677 2609 1730 ὅτι
2659 1676 2800 1731 κατά
2845 1679 2943 1746 τὴν
2994 1678 3138 1750 τάξιν
3188 1679 3387 1749 ταύτης
3436 1688 3535 1749 τῆς
3592 1681 3791 1756 ἑορτῆς

389 1764 472 1817 καὶ
537 1764 628 1817 τὸν
687 1765 857 1819 τύπον
920 1764 1247 1821 ἐπιτελεῖται
1306 1766 1393 1819 καὶ
1451 1768 1485 1835 ἡ
1542 1765 1702 1838 ἑορτή
1752 1769 1848 1818 τοῦ
1907 1764 2352 1839 ἀρχιστρατήγου
2415 1765 2546 1837 μηνὶ
2604 1763 2904 1839 Νοεμϐρίῳ
2962 1768 3012 1837 η’
3069 1769 3179 1839 (68)
3235 1766 3451 1824 Εἰδέναι
3485 1768 3542 1823 δὲ
3573 1767 3673 1839 δεῖ,
3708 1771 3793 1825 ὅτι

386 1856 550 1925 ταύτῃ
585 1857 652 1925 τῇ
685 1853 845 1927 ἐορτῇ
902 1856 997 1909 τοῦ
1055 1856 1501 1932 ἀρχιστρατήγου
1558 1854 1609 1910 ἐν
1665 1860 1745 1928 τῷ
1802 1854 2073 1927 εὐκτηρίῳ
2125 1858 2222 1909 τοῦ
2270 1858 2422 1924 ναοῦ,
2481 1851 2650 1929 ἤγουν
2708 1859 2805 1910 τοῦ
2866 1856 3331 1934 ἀρχιστρατήγου,
3392 1858 3787 1928 ἐπιτελεῖταιὴ

375 1941 599 2013 τοιαύτη
634 1944 817 2020 ἑορτή.

982 2039 1211 2094 CAPUT
1251 2039 1399 2095 XXI.

424 2128 747 2183 Obervanda
777 2130 834 2182 in
861 2129 1000 2197 festo
1021 2133 1072 2183 et
1097 2129 1443 2198 processione
1468 2126 1659 2182 Sancti
1680 2123 1965 2181 Demetrii.

448 2298 494 2357 Ι.
526 2299 718 2357 Pridie
748 2298 926 2355 unius
969 2296 1081 2353 diei
1113 2295 1333 2355 domini
1376 2293 1704 2367 praepositis
1734 2291 2019 2357 indicant,

380 2392 474 2448 die
512 2393 789 2462 sequente
834 2403 965 2443 cum
1006 2384 1297 2441 allaximis
1355 2390 1623 2439 senatum
1683 2381 2021 2439 universum

379 2482 635 2555 prodire,
678 2494 849 2534 mane
887 2481 1083 2532 autem
1114 2476 1270 2531 circa
1299 2475 1499 2529 horam
1530 2473 1842 2529 secundum
1878 2487 2021 2543 prae-

383 2571 606 2641 positos
635 2568 863 2639 ingredi
901 2566 1132 2636 jubent,
1165 2580 1281 2633 quo
1315 2563 1489 2629 facto,
1520 2577 1651 2618 cum
1686 2560 1888 2633 paucis
1918 2577 2021 2616 cu—

374 2657 694 2724 biculariis,
710 2672 859 2727 papa
871 2667 920 2709 et
937 2652 1309 2710 hetaeriarcha
1321 2651 1553 2717 abeunt,
1563 2648 2017 2719 etpatriarcham

376 2763 507 2802 cum
544 2744 932 2817 metr0politis
976 2750 1030 2798 et
1059 2740 1285 2812 reliquo
1317 2742 1446 2810 ejus
1478 2739 1669 2795 ofﬁcio
1700 2739 2015 2794 adducunt.

378 2836 485 2901 Qui
532 2849 637 2905 per
679 2832 967 2905 porticum
1008 2828 1290 2885 triconchi
1336 2830 1657 2899 ingressus,
1692 2828 1750 2882 in
1792 2842 2022 2882 camera

376 2924 536 2980 aurei
567 2921 828 2990 triclinii,
853 2937 980 2991 qua;
1013 2919 1280 2991 proxima
1310 2917 1562 2990 pantheo
1593 2920 1701 2983 est,
1736 2916 2017 2972 considet.

376 3012 676 3086 Praepositi
723 3016 917 3067 autem
967 3008 1211 3078 ingressi
1250 3006 1698 3079 imperatoribus
1746 3006 1873 3075 ejus
1921 3005 2019 3060 ad-

372 3108 613 3159 ventum
662 3099 955 3166 nuntiant,
988 3097 1085 3168 qui
1117 3100 1388 3167 surgunt,
1418 3102 1471 3150 et
1500 3109 1793 3150 cameram
1825 3092 2020 3149 Sancti

374 3190 659 3248 Theodori
714 3188 986 3259 ingressi,
1021 3187 1248 3242 tunicas
1287 3201 1422 3239 suas
1462 3184 1733 3250 induunt,
1765 3186 1821 3237 et
1860 3188 2020 3237 extra

371 3281 562 3336 velum
580 3281 709 3349 ejus
722 3293 965 3334 camerae
977 3274 1477 3347 egressi,adstant.
1489 3275 1712 3328 Interea
1726 3270 2018 3343 praepositi

2047 2039 2096 2104 B

2731 2035 2994 2091 ΚΕΦΑΛ.
3029 2036 3157 2091 KA'.

2126 2122 2266 2177 "06a
2306 2119 2389 2176 δεῖ
2417 2120 2856 2198 παραφυλάττειν
2893 2128 2961 2198 τῇ
3013 2125 3173 2199 ἑορτῇ
3205 2124 3296 2180 καὶ
3326 2124 3644 2201 προελεύσει
3678 2134 3772 2183 τοῦ

2580 2209 2774 2288 ’Δγίου
2822 2212 3149 2287 Δημητρίου
3180 2216 3313 2288 (69).

2201 2298 2277 2358 A'.
2312 2300 2427 2374 Πρὸ
2460 2305 2587 2373 μιᾶς
2643 2301 2856 2374 ἡμέρας
2902 2300 3218 2357 κελεύουσιν
3270 2306 3323 2360 οἱ
3374 2303 3626 2363 δεσπόταί
3660 2313 3778 2372 τοῖς

2130 2389 2513 2461 πραιποσίτοις
2544 2393 2641 2445 τοῦ
2688 2388 2976 2462 προελθεῖν
3023 2392 3111 2446 ἐπὶ
3154 2392 3252 2462 τὴν
3285 2395 3396 2468 (70)
3427 2391 3612 2469 αὔριον
3645 2398 3778 2469 μετά

2086 2484 2089 2491 ’
2130 2476 2447 2549 ἀλλαξίμων
2480 2478 2578 2546 τὴν
2615 2478 2920 2554 σύγκλητον
2971 2484 3168 2549 πᾶσαν,
3220 2483 3307 2536 καὶ
3351 2486 3417 2555 τῇ
3455 2481 3619 2538 ἕωθεν
3653 2487 3773 2559 περὶ

2131 2562 2246 2639 ὥρα
2295 2562 2542 2641 δευτέραν
2588 2565 2901 2621 κελεύουσιν
2950 2569 3001 2622 οἰ
3052 2565 3308 2624 δεσπόται
3356 2569 3619 2626 εἰσελθεῖν
3648 2572 3777 2636 τοὺς

2130 2652 2545 2727 πραιποσίτους,
2575 2655 2663 2708 καὶ
2706 2652 2771 2724 δὴ
2824 2655 3031 2711 τούτων
3066 2656 3444 2731 εἰσελθόντων,
3480 2660 3616 2733 μετά
3664 2661 3779 2717 ὀλί-

2130 2763 2243 2816 γων
2290 2746 2386 2797 τοῦ
2438 2737 2836 2799 κουϐουκλέὶου
2887 2744 3243 2821 ἀπέρχονται,
3285 2747 3399 2821 ’ἀμα
3445 2754 3542 2803 τοῦ
3600 2752 3776 2806 παπία

2129 2832 2218 2887 καὶ
2264 2836 2361 2887 τοῦ
2410 2834 2815 2909 ἑταιρειάρχου,
2854 2835 2943 2889 καὶ
2996 2836 3267 2911 εἰσάγουσι
3298 2839 3390 2893 τὸν
3431 2840 3779 2916 πατριάρχην

2133 2920 2266 2993 μετά
2294 2921 2383 2975 καὶ
2412 2926 2519 2975 τῶν
2558 2923 2985 2995 μητροπολιτῶν
3016 2926 3107 2979 καὶ
3137 2930 3236 2991 τῆς
3270 2925 3478 2997 λοιπῆς
3519 2929 3563 2965 ⁴⁶
3607 2929 3771 2983 αὐτοῦ

2127 3009 2346 3079 τᾶξεως.
2399 3009 2496 3064 Καὶ
2544 3014 2643 3065 τοῦ
2691 3011 3038 3086 πατριάρχου
3094 3014 3507 3089 εἰσερχομένου,
3551 3014 3637 3071 διὰ
3667 3021 3773 3072 τῶν

2130 3094 2459 3153 διαϐατικῶν
2516 3103 2612 3153 τοῦ
2667 3102 2972 3176 τρικόγχου
3028 3101 3352 3178 εἰσέρχεται,
3403 3106 3493 3160 καὶ
3542 3107 3774 3176 κάθηται

2129 3187 2179 3242 έν
2225 3191 2292 3261 τῇ
2340 3190 2559 3263 καμάρᾳ
2605 3192 2701 3242 τοῦ
2751 3192 3209 3266 χρυσοτρικλίνου
3248 3192 3315 3267 τῇ
3366 3192 3501 3269 οὔσῃ
3545 3197 3680 3271 πρὸς
3710 3196 3773 3250 τὸ

2126 3275 2371 3333 πάνθεον.
2433 3279 2498 3334 Oi
2561 3274 2618 3332 δὲ
2671 3281 3020 3353 πραιπόσιτοι
3082 3282 3455 3357 εἰσερχόμὲνοι
3513 3284 3774 3361 ἀναγγέλ-

372 3369 765 3442 patriarcham
798 3368 1117 3430 adducunt,
1150 3379 1323 3435 quem
1356 3361 1575 3417 domini
1607 3377 1707 3431 pro
1740 3376 1899 3415 more
1931 3376 2016 3414 os-

451 3459 465 3472 1
556 3461 565 3472 ι
728 3463 738 3472 .
874 3471 882 3472 ,
914 3453 924 3472 1
979 3453 1092 3472 ιαμ-
1151 3453 1201 3472 ι..
1258 3466 1419 3472 _--_--
1474 3449 1720 3472 ι-;-ιε-ε-
1779 3465 1902 3472 -.-μ
1951 3464 2012 3472 -.-

2131 3364 2282 3420 λουσι
2339 3372 2454 3427 τοῖς
2514 3362 2799 3429 δεσπόταις
2854 3370 2952 3437 τήν
3014 3374 3109 3424 τοῦ
3173 3374 3518 3447 πατριάρχου
3570 3372 3772 3448 ἄφιξιν,

2199 3455 2212 3472 ι
2302 3454 2387 3472 ν-.
2530 3454 2603 3472 ,ο
2916 3460 2929 3472 .
3000 3457 3023 3472 ..
3147 3462 3157 3472 .
3372 3462 3384 3472 .
3464 3462 3535 3472 ..

374 3459 643 3513 culantur
692 3463 746 3510 et
797 3453 1099 3524 paululum
1150 3453 1210 3507 in
1253 3466 1424 3506 aureo
1474 3449 1725 3505 triclinio
1775 3465 1907 3504 cum
1949 3464 2015 3503 eo

371 3547 691 3614 consident,
725 3544 1017 3614 rebusque
1049 3542 1327 3597 omnibus
1349 3541 1493 3595 bene
1524 3537 1827 3605 ordinatis,
1862 3555 2007 3609 prae-

372 3634 547 3706 positi
580 3633 823 3700 intrant,
846 3630 1099 3687 dominis
1128 3628 1188 3683 id
1217 3626 1557 3695 nuntiaturi,
1586 3626 1685 3698 qui
1712 3626 2007 3681 confestim

371 3740 504 3779 cum
563 3720 895 3795 patriarcha
952 3726 1221 3790 surgunt,
1280 3721 1336 3773 et
1387 3717 1499 3771 ritu
1559 3715 1703 3788 ipsis
1761 3714 2007 3772 solemni

372 3814 610 3883 egressi,
642 3828 742 3883 per
772 3810 1141 3881 tripetonem,
1176 3808 1521 3874 lausiacum,
1552 3805 2005 3870 Justinianeum,

370 3905 564 3977 scycla
593 3908 650 3960 et
675 3903 987 3960 exteriores
1019 3900 1295 3958 Marciani
1324 3900 1582 3971 porticus
1612 3902 2008 3966 transeuntes,

370 3997 685 4052 oratorium
710 3994 900 4049 Sancti
923 3994 1097 4061 Petri,
1130 3993 1281 4064 quod
1324 3991 1404 4046 ibi
1435 3991 1615 4046 situm
1643 3994 1749 4059 est,
1785 3995 2006 4061 petunt.

2125 3455 2213 3509 καὶ
2265 3454 2462 3519 εὐθέως
2519 3454 2825 3512 ἀνίστανται
2885 3460 2935 3512 οἱ
2996 3457 3251 3516 δεσπόται
3298 3462 3389 3517 καὶ
3435 3462 3773 3539 εἰσέρχονται

2119 3543 2169 3597 ἐν
2203 3549 2269 3618 τῇ
2304 3545 2522 3619 καμάρᾳ
2554 3549 2652 3599 τοῦ
2695 3546 2882 3621 ’Λγίου
2914 3546 3225 3624 Θεοδώρου,
3257 3551 3473 3607 κάκεῖσε
3501 3549 3774 3628 περιϐάλ-

2120 3630 2307 3688 λονται
2340 3634 2435 3695 τὰς
2480 3635 2681 3689 ἑαυτῶν
2726 3634 3022 3713 χλανίδας,
3054 3641 3145 3694 καὶ
3194 3639 3546 3716 ἐξερχόμενοι
3579 3637 3767 3715 ἔξωθεν

2115 3726 2213 3776 τοῦ
2266 3721 2443 3797 βήλου
2491 3730 2592 3792 τῆς
2638 3723 2807 3794 αὐτῆς
2839 3727 3089 3802 καμάρας
3119 3730 3389 3787 ἵστανται,
3421 3732 3487 3787 Οἱ
3519 3729 3577 3786 δὲ
3606 3752 3768 3803 πραι-

2116 3813 2337 3867 πόσιτοι
2368 3812 2718 3891 ἐξερχόμενοι
2750 3814 3022 3891 εἰσάγουσι
3074 3819 3166 3872 τὸν
3201 3822 3573 3895 πατριάρχην·
3609 3823 3665 3876 οἱ
3705 3819 3763 3876 δὲ

2119 3898 2373 3955 δεσπόται
2416 3907 2607 3956 τοῦτον
2654 3904 2791 3958 κατά
2835 3905 2897 3959 τὸ
2947 3905 3139 3969 mea;
3188 3909 3576 3982 ἀσπαζόμενοι,
3637 3912 3763 3966 καθ-

2119 3990 2329 4059 έζονται
2366 3992 2475 4063 μετ’
2510 3989 2676 4046 αὐτοῦ
2708 3991 2794 4047 ἐπὶ
2826 3998 2922 4048 τοῦ
2965 3996 3428 4071 χρυσοτρικλίνου
3467 4001 3658 4072 μικρόν
3687 4020 3763 4067 τι,

368 4084 457 4139 καὶ
490 4082 578 4138 ὅτε
606 4086 778 4138 πάντα
828 4080 1008 4143 καλῶς
1061 4079 1497 4155 εὐτρεπισθῶσιν,
1546 4076 1877 4152 εἰσέρχονται
1925 4078 1977 4130 οἱ
2032 4079 2387 4151 πραιπόσιτοι
2437 4077 2729 4148 δηλοῦντες
2775 4087 2891 4145 τοῖς
2942 4081 3248 4155 δεσπόταις,
3298 4086 3385 4141 καὶ
3437 4087 3629 4149 εὐθέως
3679 4089 3766 4143 ἀν-

366 4174 608 4228 ἱστανται
642 4172 693 4226 οἱ
725 4168 977 4225 δεσπόται
1015 4169 1146 4241 μετὰ
1176 4172 1273 4222 τοῦ
1304 4167 1671 4241 πατριάρχου,
1721 4164 1809 4219 καὶ
1860 4163 2202 4239 ἐξερχόμενοι
2251 4168 2387 4221 κατὰ
2434 4169 2526 4222 τὸν
2575 4165 2805 4233 εἰωθότα
2848 4173 3066 4234 τούτοις
3107 4175 3298 4242 τύπον,
3335 4172 3648 4251 διέρχονται
3678 4176 3769 4232 διὰ

364 4267 462 4316 τοῦ
492 4263 824 4337 τριπέτωνος
856 4259 944 4312 καὶ
973 4262 1069 4312 τοῦ
1104 4260 1398 4311 λαυσιακοῦ
1428 4256 1517 4310 καὶ
1548 4258 1642 4309 τοῦ
1674 4255 2054 4308 Ἰουστινιανοῦ
2084 4254 2172 4308 καὶ
2214 4260 2320 4310 τῶν
2372 4255 2589 4311 σκύλων
2635 4258 2725 4311 καί
2767 4263 2872 4313 τῶν
2908 4258 3008 4329 ἔξω
3042 4257 3367 4316 διαϐατικῶν
3400 4268 3495 4317 τοῦ
3526 4266 3772 4339 Μαρκια-

368 4354 483 4415 νοῦ,
516 4350 603 4403 καὶ
637 4350 969 4423 ἀπέρχονται
1004 4345 1054 4400 ἐν
1086 4350 1165 4417 τῷ
1196 4345 1365 4399 ἐκεῖσε
1396 4343 1668 4416 εὖκτηρίῳ
1699 4346 1795 4397 τοῦ
1825 4341 2011 4416 Ἀγίου
2044 4344 2383 4399 Ἀποστόλου
2417 4346 2640 4420 Πέτρου.

443 4441 537 4494 73
574 4440 645 4494 Il.
681 4438 992 4492 Sciendum
1045 4441 1155 4498 est,
1206 4434 1461 4489 dominis
1501 4450 1629 4488 cum
1674 4432 2005 4504 patriarcha
2038 4436 2080 4499 Ι)

363 4548 430 4584 ex
472 4545 646 4584 aureo
688 4526 941 4583 triclinio
987 4524 1447 4597 procedentibus,
1488 4528 1621 4577 ante
1653 4528 1850 4594 portas
1882 4524 2004 4591 ejus

362 4627 661 4689 argenteas
692 4616 994 4672 eunuchos
1045 4614 1536 4686 protospatbarios
1567 4618 1623 4667 et
1656 4612 2005 4682 logothetam

359 4726 565 4765 cursus
596 4707 813 4780 publici
844 4721 976 4763 cum
1009 4703 1477 4777 protoscriniario
1531 4707 1589 4758 et
1618 4703 1804 4775 primo
1842 4710 1999 4757 nota-

2184 4434 2254 4490 B'.
2291 4435 2504 4502 Ἰστέον,
2565 4435 2673 4502 ὅτι,
2732 4441 2839 4490 τῶν
2897 4434 3167 4493 δεσποτῶν
3221 4438 3595 4516 ἐξερχομένων
3654 4442 3762 4499 ἀπὸ

2114 4526 2208 4576 τοῦ
2238 4523 2700 4599 γθρυσοτρικλίνου
2735 4525 2870 4597 μετά
2898 4527 2987 4580 καὶ
3030 4532 3126 4582 τοῦ
3176 4532 3543 4607 πατριάρχου,
3574 4530 3759 4587 ’ίσταν-

2114 4633 2167 4665 αι
2220 4612 2438 4687 ἀντικρὺ
2486 4617 2593 4666 τῶν
2641 4612 2887 4689 ἀργυρῶν
2940 4615 3128 4671 πυλῶν
3171 4622 3266 4672 τοῦ
3299 4620 3762 4695 χρυσοτρικλίνου

2111 4701 2163 4754 οἰ
2208 4699 2456 4776 εὐνοῦχοι
2506 4705 3011 4778 πρωτοσπαοάριοι,
3063 4705 3092 4760 ὅ
3139 4728 3197 4762 τε
3256 4706 3559 4783 λογοθέτης
3590 4712 3633 4748 ⁴’¹
3661 4714 3763 4767 τοῦ

1729 4853 1976 4910 VARle
2017 4852 2426 4910 LECTIONES.

431 4986 477 5021 ‘6
506 4983 725 5045 λοιποῖς
757 4984 847 5041 ed.
924 4982 970 5017 ‘7
1000 4983 1027 5036 6
1058 4980 1249 5057 λογοθ.
1284 4980 1371 5037 ed.

1357 5106 1554 5162 JOAN.
1595 5107 1737 5162 JAC.
1782 5105 2047 5161 REISKII
2087 5104 2674 5165 COMMENTARIUS.

430 5240 544 5311 (68)
566 5234 1005 5325 Atquinrubric’a
1041 5231 1386 5325 marginalia
1413 5232 1471 5285 in
1503 5235 1579 5286 Μ.
1607 5232 1707 5325 dat
1734 5230 2008 5325 hancgi‘o;

362 5302 684 5383 ἰοίιι,’μηνί
734 5304 1029 5383 Νοεμορίῳ
1083 5304 1128 5355 α’
1178 5302 1279 5356 τοῦ
1340 5302 1837 5375 Ἀρχιστρατ-άγου,
1895 5303 2003 5357 sed

360 5388 576 5439 rectius
608 5383 760 5453 quod
795 5382 851 5435 in
886 5388 1036 5453 textu
1070 5383 1175 5431 est.

431 5456 543 5525 (69)
587 5442 644 5509 S‘.
685 5452 1006 5508 Demetrius
1051 5446 1204 5518 apud
1255 5446 1483 5525 Graecos
1533 5460 1744 5513 magno
1792 5442 2003 5525 inth-

358 5514 494 5583 nore
526 5514 635 5591 est,
674 5534 729 5579 et
758 5525 910 5577 inter
954 5514 1236 5591 martyres
1254 5516 1568 5591 militares,
1602 5532 1715 5591 seu
1749 5514 2001 5591 militum

358 5587 631 5669 patronos
661 5604 714 5650 et
745 5595 1030 5669 bellorum
1064 5587 1521 5669 prasides_e_tninn
1540 5587 1749 5669 pugnis
1778 5589 1998 5657 adjuto-

357 5658 448 5726 res
481 5672 803 5741 reputatur.
823 5664 891 5719 V.
921 5658 1158 5741 Cedren.
1186 5674 1317 5741 pag.
1339 5659 1557 5741 74810..
1579 5658 1737 5715 Idem
1768 5674 1999 5741 quoque

356 5762 414 5817 p.
438 5730 567 5811 7114',
591 5742 674 5797 ait
702 5754 886 5811 aegros
918 5732 1107 5792 sanari
1129 5730 1373 5804 cupidos
1406 5730 1478 5787 ad
1508 5731 1637 5801 ejus
1660 5730 1996 5804 sepulcrum

2117 5230 2271 5310 apud
2312 5231 3203 5310 Thessalonicamconfluxisse.
3236 5239 3365 5293 Vid.
3403 5239 3629 5296 Heinec.
3668 5244 3764 5310 lli,

2288 5308 2350 5385 et
2396 5304 2565 5385 Goer.
2602 5308 2673 5385 ad
2706 5307 3001 5385 Codintp.
3044 5311 3240 5385 6§,_n.
3282 5311 3447 5385 29gb:
3478 5312 3667 5369 Nostri
3709 5301 3763 5385 p:

2261 5381 2440 5455 patet,
2474 5375 2627 5455 haud
2663 5385 2866 5455 procul
2901 5374 3321 5455 fa'nodDeiparae
3354 5383 3522 5438 Phari
3555 5374 3759 5455 fuisse,

2114 5448 2168 5527 et
2199 5445 2284 5498 Du
2334 5447 2526 5527 Gange
2557 5450 2624 5504 ad
2663 5445 2822 5527 Alex.
2873 5468 2925 5521 p.
2976 5452 3101 5527 259.
3263 5458 3516 5510 extremo
3551 5445 3765 5527 angulo

2113 5515 2497 5593 Propontidis,
2530 5536 2562 5574 e
2591 5524 2826 5593 regione
2854 5515 3099 5590 Scutari,
3130 5523 3392 5579 collocat.

2183 5588 2292 5713 S173)
2327 5594 2385 5648 F.
2410 5588 2496 5646 ἐπί
2528 5595 2619 5664 τῇ,
2654 5588 2717 5649 ut
2740 5610 2940 5665 supra,
2963 5595 3067 5649 sed
3087 5588 3346 5650 alterum
3379 5613 3609 5669 quoque
3638 5614 3753 5653 non

2273 5680 2350 5713 m.

2110 5671 2350 5720 malum.
