4158 6212
316 309 438 369 353

1184 297 1289 357 DE
1331 291 1793 356 CERIMONIIS
1834 291 2068 352 AULJE
2111 291 2590 354 BYZANTIN/E
2629 295 2778 356 LIB.
2829 297 2879 355 Ι.

3612 298 3732 356 354

321 439 533 516 δρομου
568 435 705 508 μετὰ
733 432 821 487 καὶ
850 434 948 486 τοῦ
992 429 1503 504 πρωτοασηκρήτης
1541 426 1632 481 καὶ
1673 429 1769 480 τοῦ
1817 444 1967 500 πρω·
1997 428 2024 493 ,Δ

2114 425 2325 495 iorum,
2376 427 2671 485 ministros
2715 436 2908 485 autem
2950 428 3189 485 triclinii
3226 429 3386 484 aurei
3423 445 3597 501 prope
3628 430 3735 485 h0-

316 514 638 600 τονοταρίου
668 526 736 592 ⁸⁸,
766 520 854 576 ἐπὶ
887 517 945 574 δὲ
969 519 1032 574 τὸ
1066 519 1226 593 μέρος
1269 520 1366 572 τοῦ
1408 515 1720 592 ὡρολογίου
1771 514 1822 568 οἱ
1874 517 1973 568 τοῦ

2079 515 2366 589 rologium
2395 521 2644 575 adstare.
2682 519 2856 576 Porro
2897 519 3192 585 dominos,
3224 535 3293 575 ex
3320 519 3496 575 aeneis
3546 520 3730 591 portis

318 612 808 695 χρυσοτρικλίνου.
851 610 1076 677 Ἰστέον,
1116 608 1198 663 ὅτι
1239 605 1488 678 ἐξιόντων
1528 610 1636 660 τῶν
1702 605 1976 659 δεσποτῶν

2115 607 2147 660 d
2203 605 2526 664 lausiacum
2571 625 2858 680 egressos,
2897 609 3258 664 manclavitae
3301 614 3356 664 et
3386 608 3731 664 cubicularii

450 701 664 779 χαλκᾶς
704 697 882 760 πύλας
930 699 1067 773 πρὸς
1115 697 1207 751 τὸν
1261 695 1552 751 λαυσιακὸν
1601 696 1668 765 ⁸9,
1720 692 1976 772 δέχονται

322 797 376 850 οἱ
409 798 504 849 τοῦ
540 783 848 866 μαγλιιϐίου
877 788 926 823 ⁵ο
957 787 1042 841 καὶ
1081 787 1134 840 οἱ
1162 790 1259 840 τοῦ
1289 780 1690 840 κουϐουκλείου
1722 784 1977 853 ἅπαντες,

322 885 572 945 κᾶκεῖθεν
602 876 952 953 δηριγεῦουσι
993 875 1121 938 τοὺς
1167 871 1450 934 δεσπότας.
1496 871 1711 942 Ἰστέον,
1763 871 1848 926 ὅτι
1890 867 1980 925 ἕν·-

334 970 427 1028 δον
469 975 576 1025 τῶν
634 967 870 1034 σκύλων,
912 962 1080 1040 ἤγουν
1125 963 1200 1024 εἰς
1247 965 1347 1030 τήν
1407 961 1572 1033 ἄκραν
1610 966 1710 1016 τοῦ
1750 961 1980 1016 Ἰουστι-

333 1056 814 1128 νιανοῦ,’ίστανται
859 1056 910 1108 οἳ
961 1075 1018 1108 τε
1072 1053 1364 1128 μάγιστροι
1407 1052 1496 1106 καὶ
1547 1050 1840 1114 ἀνθύπατοι
1889 1050 1978 1104 καὶ

333 1151 387 1204 οἱ
429 1145 794 1226 όφφικιάλιοι,
841 1143 931 1198 καὶ
978 1146 1086 1197 τῶν
1133 1139 1411 1196 δεσποτῶν
1461 1139 1853 1215 διερχομένων,
1899 1139 1981 1193 πί-

333 1225 560 1295 πτουσιν
593 1235 677 1290 ἐπ’
728 1231 978 1312 ἐδάφους,
1027 1231 1254 1292 τούτους
1303 1233 1756 1304 προσκυνοῦντες.
1811 1229 1876 1286 Οἱ
1928 1225 1986 1281 δὲ

340 1325 620 1394 δεσπόται,
663 1323 844 1386 καθὼς
901 1319 1245 1394 προείρηται,
1307 1316 1622 1393 διέρχονται
1677 1315 1845 1392 μέχρι
1889 1320 1985 1370 τοῦ

2079 711 2282 752 omnes
2329 697 2628 768 excipiunt
2673 702 2730 753 et
2777 698 3149 753 comitantur.
3216 697 3372 753 Intra
3418 697 3577 769 scyla
3628 714 3731 753 seu

2076 783 2137 838 in
2191 791 2451 842 extrema
2503 787 2860 842 Justinianci
2921 785 3165 843 triclinii
3222 794 3380 858 parte
3438 787 3729 858 magistri,

2082 876 2457 945 proconsules
2510 881 2567 930 et
2618 875 2901 932 ofﬁciales
2965 879 3199 946 adsunt,
3257 881 3314 932 et
3371 883 3738 934 transeuntes

2084 963 2374 1033 dominos,
2395 965 2763 1036 procidentes
2784 967 2844 1021 in
2868 970 3107 1036 terram,
3123 967 3389 1024 adorant.
3408 967 3496 1022 Illi
3519 972 3739 1030 autem,

2086 1053 2154 1108 ut
2183 1069 2364 1124 supra
2393 1054 2762 1110 observatum
2792 1059 2903 1124 est,
2943 1056 3016 1111 ad
3049 1057 3245 1112 Sancti
3293 1056 3553 1128 Apostoli
3587 1056 3738 1112 Petri

2085 1143 2325 1211 abeunt,
2377 1144 2473 1199 ubi
2525 1145 2855 1216 patriarcha
2908 1147 3233 1202 sacrarium
3293 1147 3638 1219 ingreditur,
3684 1150 3741 1202 et

2088 1238 2222 1303 post
2271 1250 2467 1305 preces
2523 1235 2812 1292 solemnes
2859 1241 3124 1306 peractas
3173 1236 3374 1309 psaltes
3419 1237 3737 1309 troparium

2089 1319 2401 1393 incipiunt.
2450 1322 2788 1380 Patriarcha
2817 1323 3025 1380 deinde
3057 1342 3125 1382 ex
3154 1327 3433 1396 sacrario,
3466 1331 3736 1382 sanctum

333 1414 532 1491 Ἀγίου
556 1410 897 1472 Ἀποστόλου
921 1410 1150 1484 Πέτρου,
1172 1409 1200 1464 ὁ
1223 1406 1280 1464 δὲ
1299 1409 1650 1484 πατριάρχης
1683 1405 1986 1480 εἰσέρχεται

2114 1411 2467 1482 evangelium
2516 1429 2688 1470 manu
2721 1420 2947 1480 tenens,
2992 1416 3064 1470 ad
3115 1420 3309 1487 portas
3343 1417 3740 1486 imperatorias

338 1504 418 1566 εἷς
446 1504 510 1558 τὸ
554 1503 955 1576 θυσιαστήριον,
1004 1497 1095 1553 καὶ
1142 1504 1241 1566 τῆς
1290 1497 1542 1561 εἰωθυίας
1587 1495 1757 1570 εὐχῆς
1801 1494 1990 1550 τελου-

2114 1499 2357 1569 :jusdem
2440 1501 2674 1557 oratorii
2747 1503 3030 1573 procedit,
3090 1504 3446 1560 subdiacono
3513 1521 3744 1560 crucem

342 1593 534 1667 μένης,
596 1590 936 1666 ἀπάρχονται
997 1589 1047 1642 οἱ
1105 1586 1308 1661 ψάλται
1347 1587 1408 1642 τὸ
1458 1587 1776 1661 τροπάριον.
1834 1586 1893 1642 Ὀ
1932 1582 1989 1639 δὲ

2114 1589 2581 1647 )rocessionalem
2632 1593 2990 1664 praeferente.
3041 1593 3277 1649 Domini
3309 1611 3505 1651 cereos
3538 1613 3570 1650 a
3601 1613 3749 1668 pra:-

337 1682 690 1756 πατριάρχης
725 1679 1084 1757 ἐξερχόμενος
1123 1677 1227 1732 ἀπὸ
1273 1680 1368 1731 τοῦ
1420 1675 1833 1750 θυσιαστηρίου,
1888 1675 1990 1748 βα-

2114 1679 2295 1735 )οδίιίε
2325 1681 2640 1752 accipiunt,
2674 1686 2877 1753 terque
2907 1698 3060 1754 genu
3094 1683 3262 1751 ﬂexo,
3302 1684 3372 1739 ad
3407 1686 3590 1740 Deum
3620 1702 3750 1757 pre-

340 1771 550 1842 στάζων
578 1771 640 1824 τὸ
672 1765 821 1844 ἅγιον
853 1765 1212 1843 Εὐαγγέλιον,
1248 1763 1464 1841 ἔρχεται
1508 1765 1583 1826 εἰς
1623 1765 1718 1826 τὰς
1772 1761 1986 1838 βασιλιο
2021 1800 2024 1806 ‹

2114 1778 2318 1836 :antur,
2349 1774 2489 1824 tunc
2523 1769 2900 1842 Evangelium
2934 1775 2990 1827 et
3020 1788 3255 1828 crucem
3299 1773 3661 1845 osculantur,
3695 1785 3749 1830 et

337 1861 437 1922 κᾶς
485 1858 663 1921 πύλας
709 1861 805 1912 τοῦ
850 1856 1013 1910 αὐτοῦ
1079 1852 1388 1929 εὐκτηρίου,
1453 1850 1713 1924 δηλονότι
1757 1853 1847 1906 καὶ
1889 1856 1986 1906 τοῦ

342 1945 706 2008 ἱδποδιάκονος
737 1947 780 1982 ⁸⁸
815 1947 925 2016 (71)
970 1944 1331 2017 βαστάζοντος
1361 1941 1452 1995 τὸν
1499 1940 1775 1994 λιτανικὸν
1824 1961 1988 1994 σταυ-

344 2037 464 2109 ρόν.
497 2037 564 2092 Οἱ
615 2033 674 2088 δὲ
721 2030 976 2087 δεσπόται
1026 2025 1367 2103 λαμϐάνουσι
1419 2030 1563 2101 παρὰ
1605 2033 1709 2083 τῶν
1753 2047 1991 2102 πραιπο-

342 2123 513 2178 σίτων
553 2121 758 2196 κηροὺς
815 2121 905 2174 καὶ
963 2117 1052 2174 διὰ
1114 2125 1214 2186 τῆς
1269 2124 1516 2192 τρισσῆς,
1577 2118 1992 2191 προσκυνήσεως

341 2213 816 2288 ἂπευχαριστοῦσι
846 2213 927 2281 τῷ
957 2212 1092 2279 Θεῷ,
1132 2207 1222 2261 καὶ
1252 2207 1583 2276 ἀσπάζονται
1613 2207 1674 2260 τό
1709 2226 1767 2260 τε
1815 2205 1994 2278 Εὐάγ-

343 2299 536 2377 γέλιον
568 2301 658 2354 καὶ
687 2300 779 2354 τὸν
812 2298 1066 2370 σταυρὸν,
1101 2296 1438 2369 θυμιώμενοι
1477 2296 1580 2349 ὑπὸ
1599 2299 1696 2349 τοῦ
1720 2291 1992 2361 διάκονος,

345 2390 438 2445 καὶ
488 2393 1004 2462 παρακρατοὺμενος
1053 2386 1081 2439 ὁ
1132 2383 1390 2459 βασιλεὺς
1437 2385 1539 2439 ὑπὸ
1595 2388 1691 2439 τοῦ
1739 2382 1998 2456 πατριάρ-

348 2500 482 2555 χου,
515 2478 786 2552 ἐξέρχεται
818 2476 925 2530 ἀπὸ
965 2481 1064 2544 τῆς
1103 2471 1419 2542 ἐκκλησίας.
1467 2472 1684 2540 Ἰστέον,
1733 2474 1841 2542 ὃτι,
1891 2471 1997 2525 ἀπὸ

359 2568 454 2641 μὲν
487 2571 582 2621 τοῦ
612 2567 798 2640 Ἀγίου
833 2565 1036 2638 Πέτρου
1064 2560 1427 2638 ἐξερχομένης
1456 2569 1556 2630 τῆς
1589 2561 1767 2630 λιτῆς,
1801 2556 1995 2634 λέγου-

357 2678 442 2711 σιν
475 2657 526 2711 οἱ
559 2654 761 2730 ψάλται
811 2655 874 2709 τὸ
921 2653 1217 2728 τροπάριον
1264 2655 1363 2706 τοῦ
1413 2652 1688 2727 μάρτυρος
1732 2650 1867 2724 πρὸς
1910 2649 1998 2721 τὸ,

354 2770 382 2796 ‹‹
417 2746 605 2801 Λαϐὼν
631 2745 883 2820 ἐτέχθης,
913 2766 942 2796 η
987 2743 1120 2817 ὅπερ
1173 2740 1395 2812 ἐποίησε
1443 2742 1592 2796 Λέων
1625 2742 1653 2797 ὁ
1685 2742 1998 2814 σοφώτατος

352 2838 446 2890 καί
480 2835 680 2912 ἀγαθὸς
716 2831 995 2908 βασιλεὺς,
1026 2830 1419 2905 είσερχομὲνης
1468 2827 1526 2884 δὲ
1569 2837 1669 2899 τῆς
1719 2829 1879 2898 λιτῆς
1925 2827 2000 2890 εἰς

356 2926 421 2979 τὸ
472 2921 945 2999 χρυσοτρίκΛινον,
1007 2919 1348 2994 ἀπάρχονται
1421 2919 1485 2974 τὸ
1540 2917 1833 2994 τροπάριον
1897 2921 2004 2971 τῶν

359 3012 668 3088 ἐγκαινίων,
696 3008 870 3088 ἤγουν
900 3011 985 3082 τὸ,
1022 3033 1043 3061 ι
1080 3008 1216 3079 Δόξα
1244 3030 1352 3080 σοι,
1383 3010 1587 3084 Χριστὶ
1618 3010 1645 3063 ὁ
1675 3008 1826 3077 Θεὸς,
1867 3007 2003 3062 ἀπο-

363 3102 572 3159 στόλων
622 3102 906 3177 καύγημα.
960 3124 989 3151 ››
1033 3099 1133 3155 Καὶ
1182 3097 1562 3173 διερχόμενος,
1622 3098 1740 3162 ὅθεν
1777 3097 2006 3171 ίκάκεῖσε

359 3194 550 3266 ἀπῄει,
583 3189 860 3267 διέρχεται
893 3187 982 3244 διὰ
1034 3191 1199 3262 μέσου
1238 3193 1334 3243 τοῦ
1383 3187 1864 3265 χρυσοτρικλίνου,
1914 3185 2005 3242 καὶ

356 3280 637 3356 ἐξέρχεται
671 3280 807 3352 μετὰ
839 3287 943 3348 τῆς
974 3277 1135 3348 λιτῆς
1157 3279 1253 3341 τὰς
1290 3277 1616 3340 ἀνατολικᾶις
1664 3276 1866 3348 πύλας,
1914 3277 2001 3332 καὶ

363 3372 414 3426 0".
465 3371 559 3443 μὲν
613 3368 896 3443 μάγιστροι
957 3367 1048 3421 καὶ
1099 3365 1392 3422 ἀνθύπατοι
1437 3366 1526 3422 καὶ
1586 3365 1863 3441 πατρίκιοι
1913 3365 2004 3420 καὶ

365 3457 710 3537 όφφικιάλιοι
748 3455 996 3512 ἵστανται
1046 3455 1266 3530 ἂντικρὺ
1316 3459 1414 3510 106
1459 3461 1589 3511 ναοῦ
1652 3461 1748 3511 τοῦ
1814 3456 2005 3532 ’Δγίου

369 3547 710 3622 Δημητρίου,
757 3544 930 3621 ἤγουν
974 3551 1072 3600 τοῦ
1114 3545 1396 3619 ἀριστεροῦ
1445 3546 1663 3618 μέρους,
1710 3547 1762 3601 οἱ
1807 3543 1865 3601 δὲ
1909 3551 2006 3602 τοῦ

365 3633 759 3693 κουϐουκλείου
789 3637 924 3690 κατὰ
953 3634 1272 3697 ἀνατολικᾶς
1302 3639 1398 3690 τοῦ
1437 3635 1687 3707 ἡλιακοῦ,
1720 3637 1772 3692 οἱ
1816 3634 1873 3691 δὲ
1920 3634 2004 3691 δε-

363 3726 558 3782 σπόται
592 3727 727 3800 μετᾶ
747 3729 844 3782 τοῦ
893 3725 1240 3802 πατριάρχου
1291 3723 1343 3779 ἐν
1394 3723 1473 3796 τῲ
1526 3725 1856 3798 προπυλαίῳ
1905 3733 2006 3794 τῆς

2099 1855 2341 1912 diacono
2374 1858 2733 1929 incensante,
2757 1859 3096 1932 imperator,
3121 1862 3460 1933 patriarchae
3491 1863 3748 1932 innixus,

2099 1960 2130 1998 e
2160 1949 2273 2000 tem
2285 1945 2378 2016 plo
2409 1949 2722 2018 egreditur.
2743 1948 3184 2006 Observandum
3204 1968 3433 2023 quoque
3455 1957 3562 2021 est,
3589 1970 3752 2025 pom-

2103 2049 2175 2103 pa
2226 2051 2254 2088 a
2287 2037 2482 2091 Sancti
2523 2036 2678 2092 Petri
2724 2039 3097 2108 procedente,
3131 2046 3394 2096 cantores
3428 2043 3751 2113 troparium

2104 2123 2397 2194 martyris,
2431 2125 2582 2196 quod
2619 2126 2753 2193 Leo,
2775 2127 3248 2196 sapientissimus
3281 2133 3335 2184 et
3364 2130 3616 2200 optimus
3646 2131 3755 2185 im-

2107 2215 2360 2282 perator,
2379 2228 2501 2268 com
2513 2215 2729 2284 posuit,
2751 2230 2939 2286 usque
2961 2215 3032 2270 ad
3059 2216 3232 2271 verba
3256 2233 3268 2270 :
3301 2237 3324 2265 ι
3351 2217 3558 2272 Latens
3581 2223 3754 2274 natus

2108 2319 2171 2358 es
2196 2319 2210 2370 ;
2245 2324 2274 2352 ››
2305 2301 2669 2374 ingrediente
2691 2308 2881 2359 autem
2907 2305 3276 2376 processione
3306 2305 3628 2363 triclinium
3656 2324 3756 2363 au-

2109 2407 2300 2461 reum,
2323 2391 2647 2462 troparium
2670 2393 3060 2448 encwniorum
3084 2393 3306 2449 scilicet
3333 2410 3345 2448 :
3371 2417 3399 2444 ‹‹
3423 2395 3612 2451 Gratia
3633 2395 3758 2465 tibi,

2107 2478 2332 2536 Christe
2360 2485 2539 2549 Deus,
2573 2481 2967 2552 apostolorum
3001 2481 3203 2552 gloria,
3238 2483 3494 2539 recitare.
3527 2507 3556 2535 »
3588 2485 3764 2556 Impe-

2111 2572 2272 2624 rator
2317 2568 2475 2637 inde,
2535 2586 2649 2641 quo
2707 2569 2949 2638 abierat,
2998 2571 3321 2642 digressus,
3369 2589 3469 2644 per
3502 2575 3760 2630 medium

2110 2656 2579 2730 cbrysotriclium
2637 2659 2830 2732 pergit
2887 2663 2944 2716 et
3013 2677 3082 2716 ex
3139 2661 3519 2718 orientalibus
3579 2665 3760 2736 portis

2111 2763 2242 2802 cum
2286 2747 2654 2820 processions
2693 2749 3004 2821 egreditur,
3045 2753 3184 2806 dum
3218 2751 3439 2808 interea
3469 2753 3759 2826 magistri,

2113 2836 2508 2909 proconsules,
2560 2837 2788 2909 patricii
2821 2843 2879 2894 et
2921 2838 3201 2896 ofﬁciales
3234 2856 3265 2896 e
3303 2841 3532 2911 regione
3563 2841 3764 2913 templi

2113 2926 2313 2981 Sancti
2329 2926 2600 2982 Demetrii
2621 2944 2723 2983 seu
2739 2928 2807 2982 ad
2829 2927 3126 2983 sinistram
3153 2934 3400 2999 partem,
3416 2930 3761 2987 cubicularii

2113 3031 2246 3071 vero
2295 3015 2366 3070 ad
2415 3015 2725 3071 orientales
2758 3015 2974 3085 solarii,
3005 3016 3228 3072 domini
3262 3033 3393 3073 cum
3427 3019 3758 3089 patriarcha

2118 3103 2179 3158 in
2209 3102 2357 3159 atrio
2399 3102 2601 3173 templi
2635 3107 2814 3168 stant,
2847 3120 2913 3159 ac
2962 3103 3324 3160 solemnibus
3368 3107 3760 3164 encaeniorum

2120 3193 2334 3250 ritibus
2365 3192 2631 3264 peractis,
2665 3193 2936 3248 introitus
2968 3193 3052 3248 ﬁt.
3074 3193 3416 3250 Patriarcha
3445 3197 3763 3252 sacrarium

2115 3282 2320 3350 intrat,
2353 3280 2574 3336 domini
2608 3296 2709 3352 per
2739 3281 2993 3337 mediam
3025 3283 3333 3340 ecclesiam
3369 3289 3768 3352 transeuntes,

2116 3368 2514 3440 egrediuntur,
2537 3373 2594 3425 et
2622 3369 2683 3425 in
2713 3373 3016 3438 tetrassro,
3044 3373 3192 3444 quod
3219 3372 3294 3428 ibi
3321 3378 3428 3443 est,
3458 3374 3767 3432 lectionem

2117 3459 2413 3534 Evangelii
2455 3460 2735 3530 audituri,
2779 3461 3038 3519 adstant.
3089 3463 3292 3520 Postea
3324 3482 3427 3538 per
3457 3471 3768 3540 argenteas

2120 3549 2410 3606 macronis
2440 3565 2540 3606 seu
2590 3550 2847 3621 porticus
2887 3551 3148 3620 oblongas
3191 3554 3407 3623 januas
3452 3557 3767 3627 progressi,

2119 3639 2354 3694 tunicas
2411 3655 2550 3695 suas
2595 3638 2868 3710 induunt,
2919 3657 3232 3710 areumque
3287 3643 3607 3700 triclinium
3673 3647 3768 3700 in-

2119 3727 2330 3798 gressi,
2390 3743 2495 3798 pro
2551 3743 2711 3783 more
2768 3727 3099 3796 consident,
3162 3730 3262 3783 74
3320 3733 3378 3784 et
3432 3730 3593 3786 brevi
3642 3736 3776 3800 post

1731 3876 1974 3931 VARIE
2017 3874 2422 3931 LEC'l‘IONES.

442 4028 486 4064 “
513 4026 803 4101 ᾀνοταρίου
834 4028 926 4085 ed°
957 4029 1032 4086 cf.
1067 4029 1135 4086 Β.
1170 4029 1241 4085 ad
1265 4044 1322 4100 p.
1353 4028 1445 4099 24,
1478 4028 1546 4083 23
1575 4031 1632 4083 et
1658 4026 1751 4095 99,
1780 4029 1834 4081 2.

371 4095 625 4154 διακόνου
652 4095 743 4157 ed.

1935 4025 1981 4062 ⁴⁹
2007 4023 2070 4079 τὸ
2102 4022 2261 4080 λαυσ.
2293 4025 2384 4081 ed.

2490 4026 2534 4061 ⁸ο
2585 4025 2635 4078 οἱ
2690 4023 2861 4099 μαγλ.
2895 4027 2988 4082 ed.

3081 4027 3125 4064 ⁵¹
3187 4024 3544 4083 ὑποδιακόνου
3575 4036 3631 4087 et
3681 4034 3774 4100 20,

1412 4247 1613 4306 JOAN.
1653 4245 1802 4302 ,1Αο.
1846 4243 2105 4300 REISKII
2145 4240 2743 4298 COMMENTARIUS.

375 4461 485 4496 κων
529 4443 775 4515 δεσμεύει
823 4444 915 4499 τὸν
966 4443 1131 4516 ἱερέα,
1179 4447 1254 4516 μή
1288 4444 1680 4516 εἰσακούσεται.
1716 4445 1810 4500 Sic
1850 4444 2022 4515 paulo

423 4463 485 4496 ων
529 4463 775 4515 οεσμευει
823 4464 915 4499 τον
970 4463 1014 4499 ιε
1053 4463 1131 4515 εα,
1179 4463 1254 4516 μη
1288 4463 1680 4500 εισακουσεται,
1716 4463 1810 4500 διο
1850 4463 2022 4515 paulo

423 4519 530 4597 ost.
550 4516 637 4583 13,
681 4517 739 4571 in
772 4517 842 4574 Μ.
888 4521 979 4573 est
1017 4463 1194 4597 διάκο,
1237 4519 1392 4597 Quod
1434 4513 1689 4597 διάκονος
1726 4533 1875 4582 esse,
1909 4531 2024 4597 non

415 4584 656 4661 ιακόνου,
708 4603 777 4661 οξ
825 4598 1063 4646 accentu
1108 4584 1496 4661 intelligitur._
1529 4589 1620 4661 Nil
1667 4589 2027 4661 frequentius

376 4657 487 4714 hac
514 4658 703 4713 forma
730 4659 986 4716 diacone:
1016 4657 1356 4728 diaconum},
1391 4663 1450 4716 in
1485 4659 1647 4715 libris
1677 4659 2025 4714 ecclesiasti-

381 4729 466 4803 cis
509 4729 836 4803 Graecorum
867 4732 1324 4803 Latinorumque
1356 4731 1533 4787 medii
1581 4730 1707 4786 avi.
1757 4729 1888 4785 Vid.
1945 4730 2028 4784 Du

381 4800 571 4873 Gange
592 4817 659 4875 v._
674 4801 908 4875 Apaltqr
927 4803 1062 4875 (leg.
1087 4800 1377 4875 Appa'ctor,
1399 4803 1852 4875 conductorpro
1873 4804 2032 4856 certa

383 4871 692 4941 mercede),
720 4871 826 4926 ubi
859 4871 1078 4944 legitur
1111 4871 1514 4944 {prohibemus
1543 4873 1764 4929 clericis
1802 4881 1854 4929 et
1885 4888 2030 4944 pra:-

382 4945 541 5014 cipue
567 4944 906 5017 presbyteris
933 4949 986 4999 et
1015 4945 1354 5011 diaconibus,
1375 4962 1445 5001 ne
1473 4947 1658 5017 o/ﬁcia
1677 4945 1759 4999 vel
1779 4958 2035 5017 commer-

385 5013 482 5070 cia.
529 5013 834 5068 saecularia
880 5026 1169 5071 exerceant
1216 5020 1458 5073 maxime
1503 5013 1811 5072 inhonesta.
1866 5013 2034 5070 Tales

385 5085 590 5156 forma;
624 5083 1066 5156 perfrequentes
1089 5089 1145 5141 in
1177 5086 1412 5144 illorum
1446 5087 1794 5144 seculorum
1826 5101 2035 5142 monu-

389 5154 632 5228 mentis,
682 5158 748 5209 ut
796 5154 925 5228 pag.
959 5157 1085 5225 234,
1134 5157 1423 5214 habemus
1469 5157 1659 5228 ὅπερες
1698 5174 1799 5228 pro
1839 5171 2035 5228 Operae,

388 5223 630 5286 κλάδους
677 5223 1078 5302 συνομόῦρονας
1105 5246 1162 5300 p.
1193 5229 1300 5302 223
1329 5229 1456 5300 (ubi
1492 5223 1622 5286 vide
1662 5223 1901 5301 notata),
1934 5223 2038 5300 pro

394 5296 850 5373 συνομοθρόνους.
883 5296 947 5355 I5.
971 5296 1351 5371 235,’πούερας
1381 5317 1484 5371 pro
1513 5316 1738 5373 pueros,
1759 5296 2040 5371 tanquam

395 5367 739 5456 anltedeplec."
769 5373 940 5444 Apud
989 5367 1310 5456 Scriptores
1359 5367 2039 5456 [{ost'Tbeopban.'pag.

394 5442 520 5510 226,
568 5438 658 5516 est
704 5438 928 5504 ἅποῖκες
972 5461 1074 5516 pro
1103 5438 1544 5516 ammon-Infra
1577 5462 1651 5516 p.‘
1668 5438 1792 5511 1‘72,
1823 5438 2042 5516 φιάλεᾶι

439 5509 1068 5592 τονφιάλαιςηιιιιιῳιέιιιι
1109 5534 1144 5573 ιι
1173 5513 1374 5592 φίαλες-
1407 5531 1506 5586 pro
1536 5509 2024 5592 eidAaiL'Dcpzine.

2149 5509 2310 5567 mera
2341 5511 2520 5592 hujus

451 4372 563 4447 (7i)
608 4371 980 4447 Nomocanon
1029 4373 1375 4447 Qotelerian.
1427 4393 1503 4447 ιιι,
1536 4375 1638 4430 115
1683 4371 1867 4447 [Ἐὰν
1911 4368 2024 4447 δια-

2133 4385 2234 4441 pro
2283 4371 2496 4447 appeti:
2526 4368 3032 4447 ⁸ιιλιιριῐικ-κριτιιιί,
3065 4370 3281 4447 legitur
3327 4373 3387 4428 in
3433 4373 3784 4447 Anthologia

2133 4440 2266 4512 pag.
2297 4440 2369 4496 65
2397 4442 2481 4510 (η.
2523 4440 2648 4506 319,
2681 4441 2756 4508 3),
2795 4440 2991 4512 Πέρσες
3025 4440 3362 4516 μισ-Πέρσαι
3393 4447 3544 4570 apud
3586 4440 3779 4502 Mala].

2130 4518 2171 4568 t.
2205 4512 2269 4570 li.
2294 4529 2349 4570 ι).
2391 4513 2472 4567 19.
2501 4513 2762 4566 Buriches
2785 4516 2843 4568 et
2873 4529 3107 4570 manu“
3129 4531 3231 4570 oro
3264 4516 3420 4570 buric
3466 4519 3486 4570 ἰ
3515 4524 3566 4570 et
3589 4519 3785 4570 manni

2133 4524 2171 4568 t.
2205 4524 2269 4578 tl,
2294 4529 2349 4585 p.
2391 4524 2472 4567 19.
2501 4524 2762 4566 uarie/tes
2785 4524 2843 4568 et
2873 4529 3107 4570 manu“
3129 4531 3231 4586 pro
3264 4524 3486 4571 burichi
3515 4524 3566 4572 et
3589 4524 3785 4572 manm‘

2133 4585 2286 4656 apud
2312 4584 2823 4670 H-ieronymumrxv.
2850 4587 2933 4670 ριι
2957 4585 3146 4656 Cange
3175 4603 3236 4670 vi.
3253 4587 3548 4670 Bariclms,
3568 4594 3783 4670 peteres

2135 4654 2236 4782 pro
2263 4665 2490 4726 paterae,
2531 4654 2682 4710 idem
2724 4654 2810 4708 Du
2851 4657 3045 4727 Cange
3089 4654 3142 4711 ν.
3197 4657 3506 4715 Canthara:
3532 4654 3785 4715 e'Gestis

2167 4726 2460 4782 nnocentii
2493 4725 2585 4789 IlI,
2621 4726 2861 4781 choleres
2908 4743 3012 4797 pro
3053 4727 3309 4793 cholerae,
3343 4731 3399 4786 id
3430 4739 3513 4787 est
3540 4750 3784 4797 κρασεις,

2138 4742 2460 4782 Innocentii
2493 4742 2585 4789 ιιι,
2621 4742 2861 4781 σηοιειέε
2908 4743 3012 4797 pro
3053 4742 3309 4793 camerae,
3343 4742 3399 4786 id
3430 4742 3513 4787 est
3540 4750 3784 4805 κρασεις,

2136 4797 2432 4878 humores,
2482 4801 2962 4878 temperamenta.
3014 4799 3177 4878 pages
3225 4817 3329 4878 p_r_0
3375 4807 3567 4878 βαβαῖ,
3629 4805 3786 4878 unde

2137 4869 2450 4945 Daceeiarit':
2491 4866 2628 4945 _Vid.
2682 4867 2926 4945 Salinas.
2962 4869 3037 4926 ad
3084 4866 3408 4945 Son-Hist.
3460 4866 3605 4945 Aug.
3640 4878 3684 4928 t.
3720 4875 3789 4937 II,

2138 4958 2194 5068 ἓ.
2227 4939 2354 5006 398,
2387 4937 2650 4996 Vicissim
2695 4936 2954 5028 μυριάδαι
2989 4958 3091 5012 pro
3125 4939 3380 5015 μυριάδες
3405 4936 3793 5028 ,Τιιθονριιαιιοε

2183 5012 2317 5067 abet
2365 5025 2498 5068 Dan.
2545 5010 2672 5068 339.
2722 5007 3031 5065 ἂποσπαδαι
3065 5019 3234 5068 Anna
3263 5015 3517 5068 Alenad.
3579 5033 3633 5068 ι).
3665 5017 3793 5068 450.

2183 5012 2317 5067 abet
2359 5025 2498 5088 pag.
2545 5010 2672 5088 339,
2697 5007 3031 5088 ἀποσπάδᾱιι
3065 5007 3517 5088 AnnaAlexiad.
3665 5017 3794 5085 450,

2145 5082 2420 5166 ρργηραιίω
2444 5157 2453 5166 ι
2475 5097 2574 5166 pro
2615 5082 2901 5166 tarnpades
2931 5086 3082 5166 apud
3115 5085 3456 5166 Pollionem,
3491 5092 3556 5143 ut
3577 5082 3633 5144 ’θ
3660 5082 3796 5166 vett.

2141 5153 2310 5210 libris
2361 5156 2584 5235 notavit
2614 5153 3372 5235 881ωειείιιείἈρματοῦραι
3407 5153 3508 5230 pro
3553 5165 3800 5215 armato-

2143 5242 2258 5294 ηις,
2292 5228 2417 5314 ¹(χιιι
2467 5239 2602 5314 cu‘m_
2652 5228 2841 5314 armis
2897 5228 3135 5314 saltant.
3197 5228 3427 5314 Ῑέαιᾶντόῖ
3474 5235 3799 5314 μισ-παιᾶ-

2144 5316 2252 5362 νες,
2288 5296 2474 5351 laudes
2503 5299 2552 5350 et
2571 5296 2768 5366 jubili,
2801 5298 3181 5370 Pachymeres
3210 5301 3312 5356 lib.
3362 5303 3434 5371 II,
3467 5296 3801 5358 Sandalibus

2146 5385 2252 5440 pro
2280 5367 2556 5446 caudam;
2590 5373 2684 5446 est
2716 5369 2870 5446 apud
2904 5368 2989 5425 Du
3021 5373 3211 5446 Gange
3241 5371 3306 5446 h._
3325 5389 3388 5446 Δγ.
3436 5390 3449 5428 :
3503 5374 3650 5446 More
3679 5374 3801 5446 epi-

2146 5437 2292 5510 icopi
2323 5441 2381 5495 in
2400 5437 2729 5495 :andalibu:
2754 5437 2984 5496 missam
3006 5437 3254 5500 celebret.
3289 5443 3454 5500 Mitto
3483 5445 3600 5501 alia
3627 5437 3804 5500 innu-

2606 5512 2797 5587 eneris
2836 5529 2963 5585 quas
2996 5515 3319 5571 coacervari
3351 5524 3615 5587 possent.
3667 5516 3799 5572 Vid.

420 5529 500 5569 πο
529 5527 755 5590 φιάλαις
786 5527 1068 5598 tauquam
1109 5534 1144 5573 ιι
1173 5527 1364 5592 φιαλες
1407 5531 1506 5586 pro
1536 5527 1749 5591 φιάλαι.
1786 5527 2046 5569 uommes
2149 5528 2310 5567 mera
2343 5527 2520 5582 ιιιῃιιε
2564 5527 2774 5638 generi:

420 5600 523 5672 pro
544 5586 786 5672 demitti)
804 5592 856 5672 et
877 5591 1114 5672 [cannae
1134 5588 1303 5672 estin
1326 5589 1531 5645 charta
1561 5585 1822 5672 apudoDu
1853 5586 2047 5672 Gange
2151 5599 2280 5655 quin
2304 5583 2376 5640 ad
2408 5600 2465 5654 p.
2487 5583 2559 5637 22
2620 5584 2774 5640 dico.

394 5656 450 5714 v'.
483 5656 775 5727 Acofrare.’
804 5656 1010 5734 Κρίσίν,
1045 5659 1351 5733 judicibus,
1383 5678 1417 5718 a
1446 5656 1805 5718 nominativo
1843 5656 2044 5731 κρῖτὶς,
