4158 6212
409 347 526 406 359
1471 340 1961 402 CONSTANTIN
1971 344 1994 401 Ι
2043 340 2752 406 PORPHYROGENITI
3695 348 3815 410 360

409 477 667 534 medium
688 476 966 546 templum
991 473 1112 529 abit
1133 473 1516 544 dextramque
1546 472 1810 529 ambonis
1832 477 2055 545 partem

2172 471 2474 541 κατελθὼν,
2534 473 2838 549 εἰσέρχεται
2889 471 2976 529 διὰ
3022 481 3122 544 τῆς
3182 475 3428 551 μεγάλης
3482 477 3664 548 πύλης
3712 485 3810 534 τοῦ

415 583 516 639 per
563 564 777 621 soleam
825 563 1165 632 ingreditur,
1217 563 1474 634 patriciis
1531 562 1759 618 interim
1802 562 1859 617 in
1901 562 2057 617 solea

2172 560 2460 634 νάρθηκος,
2491 562 2582 617 καὶ
2623 565 2717 624 τὰς
2753 561 3039 638 βασιλικάς
3072 563 3251 628 πύλας
3279 561 3623 633 καταλαϐὼν,
3653 566 3810 623 ’ίστα-

413 654 704 710 stantibus
735 668 992 722 suosque
1021 666 1216 708 cereos
1247 650 1629 734 gestantibus.

2172 669 2277 719 ται,
2328 648 2549 713 ἐπιδοὺς
2594 655 2674 723 τῷ
2725 652 3070 727 πραιποσίτῳ
3118 653 3331 728 κηρίον,
3382 655 3514 729 ὅπερ
3568 655 3808 734 κατέχει,

409 762 498 795 και
550 736 702 813 ἔτερα
766 739 890 808 παρ’
949 737 1115 793 αὐτοῦ
1171 733 1354 793 λαϐὼν
1415 737 1504 792 καὶ
1567 737 1880 810 εὐξάμενος,
1939 734 2250 792 ἐπιδίδωσιν
2309 740 2444 794 αὐτὰ
2481 745 2560 812 τῷ
2599 741 2968 816 πραιποσίτῳ,
3007 744 3034 796 ὁ
3077 741 3134 798 δὲ
3189 742 3559 818 πραιπόσιπος
3595 749 3676 816 τῷ
3713 733 3812 814 τῆς

407 830 795 891 καταστάσιως.
863 830 1091 884 ’Έπειτα
1157 825 1420 900 λαμϐάνει
1478 827 1540 881 τὸ
1599 826 1898 882 λιτανίκιον
1956 827 2120 881 αὑτοῦ
2176 826 2341 882 πάλιν
2407 829 2553 902 παρὰ
2616 834 2713 885 τοῦ
2769 831 3152 906 πραιποσίτου,
3193 832 3284 886 καὶ
3331 834 3711 907 προσκυνήσας
3751 835 3812 888 τὸ

409 919 674 995 ἄχραντον
735 912 1094 989 Εὕαγγέλιον,
1153 913 1428 991 διέρχεται
1489 915 1626 988 μετὰ
1675 919 1772 970 τοῦ
1823 916 2168 989 πατριάρχου
2229 916 2388 988 μέσον
2451 921 2547 972 τοῦ
2605 923 2757 987 ναοῦ,
2816 918 2906 973 καὶ
2965 918 3014 972 ἐν
3069 924 3185 980 τοῖς
3249 919 3442 991 δεξιοῖς
3488 918 3672 993 μέρεσι
3718 924 3812 975 τοῦ

410 1002 667 1080 ἄμϐώνος
705 1003 1002 1081 εἷ’σέρχεται
1063 1001 1153 1059 διὰ
1206 1011 1306 1075 τῆς
1366 1001 1596 1074 σωλέας,
1655 1007 1765 1059 τῶν
1806 1003 2106 1080 πατρικίων
2149 1004 2397 1060 ἑστώτων
2438 1006 2516 1068 εἷς
2553 1007 2652 1075 τὴν
2691 1007 2919 1079 σωλέαν,
2961 1007 3050 1063 καὶ
3113 1008 3487 1084 βασταζόντων
3525 1010 3590 1064 τά
3633 1011 3809 1065 αὑτῶν

408 1096 596 1172 κηρία.

486 1190 555 1244 Il.
609 1189 922 1260 Imperator
951 1189 1146 1243 autem
1177 1187 1248 1242 ad
1281 1203 1476 1243 sacras
1519 1187 1728 1258 ianuas
1761 1186 2051 1242 constitu-

408 1283 522 1346 tus,
556 1294 784 1335 cereum
831 1293 1002 1332 suum
1035 1276 1347 1350 praeposito
1380 1277 1556 1332 tradit
1590 1276 1854 1348 aliosque
1884 1276 1956 1331 ab
1987 1291 2053 1330 eo

408 1373 608 1440 sumit,
660 1375 716 1427 et
745 1378 872 1442 post
904 1386 1103 1442 preces
1136 1370 1250 1442 ipsi
1284 1371 1467 1427 reddit
1514 1387 1528 1425 :
1577 1371 1896 1425 sacrarium
1952 1369 2053 1423 in-

407 1477 667 1534 gressus,
718 1458 1049 1515 veneranda
1091 1458 1250 1530 ligna
1299 1459 1526 1524 adorat,
1581 1458 1793 1514 deinde
1826 1475 1928 1529 per
1957 1473 2051 1512 so-

409 1547 560 1604 leam
594 1563 884 1614 reversus,
915 1548 1162 1618 gradum
1196 1547 1428 1603 tertium
1459 1553 1558 1602 aut
1588 1549 1862 1618 quartum
1907 1561 2056 1616 quo-

406 1655 524 1710 que
555 1638 825 1694 ambonis
851 1617 1135 1702 ascendit,
1168 1644 1222 1692 et
1251 1635 1356 1703 ibi,
1388 1617 1623 1692 cereum
1650 1639 1880 1704 tenens,
1914 1634 2056 1688 sub-
2087 1617 2134 1680 Β

407 1726 566 1781 sistit
608 1743 620 1784 :
657 1725 922 1782 cubiculo
969 1725 1222 1796 praefecti
1271 1725 1330 1780 in
1379 1725 1536 1781 solea
1575 1740 1770 1780 coram
1814 1723 2060 1794 impera-

407 1819 556 1883 tore,
607 1815 862 1871 eunuchi
894 1814 1348 1887 protospatharii
1397 1815 1458 1870 in
1507 1814 1746 1870 sinistro
1791 1813 2060 1870 ambonis

412 1905 592 1962 latere
624 1908 683 1962 in
719 1923 979 1974 scamno,
1015 1905 1375 1962 manclavitaz
1422 1923 1570 1978 pone
1599 1923 1698 1963 eos
1728 1906 1788 1961 in
1822 1905 2062 1962 sinistra

407 2003 571 2065 parte
615 1996 880 2052 ambonis
925 1996 1273 2066 subsistunt,
1322 1996 1597 2067 quoniam
1648 2012 1820 2052 nemo
1863 2011 2058 2052 coram

407 2084 758 2156 imperatore
806 2087 1038 2157 prodire
1081 2091 1288 2158 potest.
1333 2087 1668 2143 Patriarcha
1707 2103 1838 2142 cum
1887 2103 2062 2143 vene-

411 2177 614 2231 randis
677 2174 856 2248 lignis
917 2175 1227 2232 ambonem
1275 2177 1556 2248 ingresso,
1608 2176 1923 2248 imperator
1970 2194 2061 2234 ce-

409 2281 579 2321 reum
627 2281 802 2321 suum
843 2265 1336 2336 processionalem
1387 2265 1695 2338 praeposito
1746 2265 1947 2335 tradit,
2007 2271 2062 2322 et

407 2355 540 2412 aliis
590 2354 1038 2427 supplicationis
1077 2355 1347 2426 acceptis,
1389 2371 1524 2411 cum
1576 2355 1723 2426 ipsis
1769 2355 2057 2423 subsistit,

405 2445 589 2500 donec
638 2444 904 2500 exaltatio
954 2443 1144 2500 crucis
1177 2444 1238 2499 in
1279 2450 1530 2516 quatuor
1561 2444 1825 2500 ambonis
1865 2443 2058 2499 lateri-

404 2534 520 2591 bus
570 2536 720 2591 iacta
778 2543 880 2590 est.
935 2534 1140 2590 Postea
1188 2535 1370 2590 cereis
1428 2534 1744 2605 praeposito
1812 2533 2058 2590 redditis

403 2624 596 2693 ambo,
619 2624 937 2696 imperator
961 2630 1020 2680 et
1042 2623 1395 2695 patriarcha,
1423 2640 1522 2694 per
1539 2624 1761 2680 soleam
1785 2621 2056 2694 digressi,

398 2712 724 2767 sacrarium
757 2709 1002 2777 intrant,
1034 2710 1387 2766 venerandis
1424 2708 1600 2781 lignis
1630 2709 1710 2765 ibi
1755 2708 2056 2780 expositis,

401 2804 458 2856 et
511 2803 822 2872 postquam
876 2803 1146 2870 precatus
1203 2797 1522 2870 imperator
1577 2802 1665 2854 est
1713 2797 2056 2868 lignumque

399 2889 799 2944 venerandum
868 2888 1152 2957 adoravit,
1186 2903 1288 2960 per
1343 2887 1584 2944 sacrarii
1646 2885 2053 2957 obliquitatem

2238 1186 2312 1241 B'.
2365 1186 2426 1242 Ὁ
2477 1183 2534 1240 δὲ
2577 1184 2834 1261 βασιλεὺς
2889 1185 3189 1263 ἔμπροσθεν
3239 1194 3348 1244 τῶν
3397 1187 3568 1264 ἁγίων
3633 1191 3808 1263 θυρῶν

2163 1272 2352 1343 ἑστὼς,
2385 1271 2668 1329 ἐπισίδωσι
2705 1279 2785 1346 τῷ
2823 1277 3166 1350 πραιποσίτῳ
3193 1277 3256 1332 τὸ
3282 1274 3425 1332 ’ίδιον
3473 1277 3691 1352 κηρίον,
3722 1278 3810 1332 καὶ

2160 1357 2317 1434 ’ἐτερα
2363 1365 2488 1435 παρ’
2541 1363 2704 1418 αὐτοῦ
2761 1361 2946 1420 λαϐὼν
2993 1367 3082 1421 καὶ
3137 1365 3444 1439 εὐξάμενος,
3495 1364 3809 1421 ἐπιδίδωσιν

2161 1452 2298 1506 αὐτὰ
2327 1452 2497 1523 αὐτῷ,
2543 1453 2632 1508 καὶ
2681 1454 2759 1516 εἰς
2801 1455 2863 1509 τὸ
2907 1457 3284 1528 θυσιαστήριον
3316 1454 3595 1525 εἰσελθὼν,
3627 1455 3814 1512 καὶτά

2161 1541 2320 1614 τίμια
2365 1541 2499 1611 ξύλα
2546 1547 2946 1617 προσκυνήσας,
2996 1545 3295 1620 ἐξερχεται,
3329 1546 3430 1609 εἶθ’
3471 1545 3644 1610 οὕτως
3677 1547 3811 1600 ὑπό-

2166 1635 2393 1705 στρεψας
2449 1629 2537 1686 διὰ
2601 1640 2702 1702 τῆς
2745 1632 2974 1701 σωλέας,
3024 1633 3305 1708 ἀνέρχεται
3368 1633 3548 1708 τρίτον
3616 1635 3813 1710 βάθρον

2167 1717 2264 1774 τοῦ
2320 1715 2573 1792 ἄμϐωνος
2629 1723 2665 1790 ἤ
2723 1722 2812 1776 καὶ
2869 1723 3145 1797 τέταρτον,
3202 1723 3293 1778 καὶ
3342 1719 3556 1778 ’ἰσταταί
3617 1723 3810 1790 ἐκεῖσε,

2169 1813 2378 1884 κρατῶν
2416 1811 2478 1864 τὸ
2516 1811 2730 1886 κηρίον·
2776 1813 2827 1865 οἱ
2877 1808 2932 1866 δέ
2978 1816 3074 1866 τοῦ
3121 1807 3513 1867 κουϐουκλείου
3546 1812 3811 1891 ἄρχοντες

2163 1896 2410 1954 ἵστανται
2469 1898 2520 1954 ἐν
2574 1904 2642 1973 τῇ
2703 1899 2883 1971 σωλέᾳ
2940 1900 3165 1956 ἐνώπιον
3206 1906 3304 1956 τοῦ
3347 1900 3639 1976 βασιλέως,
3673 1903 3724 1955 οἱ
3757 1900 3814 1956 δὶ

2170 1990 2426 2066 εὐνοῦχοι
2464 1993 2940 2067 πρωτοσπαθάριοι
2988 1992 3038 2063 ἐξ
3084 1993 3368 2066 εὐωνύμου
3410 1997 3508 2047 τοῦ
3557 1990 3812 2066 ἄμϐωνος

2170 2080 2247 2142 εἷς
2277 2081 2338 2135 τὸ
2372 2082 2628 2154 σκάμνον,
2677 2084 2726 2136 οἱ
2778 2079 2834 2136 δέ
2872 2086 2968 2137 τοῦ
3017 2078 3329 2157 μαγλαϐίου
3381 2082 3556 2137 ὀπισω
3586 2089 3693 2137 τῶν
3727 2083 3814 2138 εὐ-

2168 2170 2387 2246 νούχων
2427 2170 2950 2244 πρωτοσπαθαρίων,
2989 2170 3106 2225 ’ἶσον
3150 2175 3245 2226 τοῦ
3289 2174 3570 2245 ἂριστέροῦ
3617 2173 3810 2248 μέρους

2168 2264 2265 2313 τοῦ
2297 2256 2578 2332 ἄμϐωνας,
2612 2257 2699 2314 διὰ
2730 2261 2791 2315 τὸ
2843 2261 2918 2333 μὴ
2965 2257 3229 2315 διοδεύειν
3278 2262 3401 2315 τινὰ
3439 2259 3670 2316 ἐνώπιον
3715 2266 3810 2317 τοῦ

2173 2347 2463 2422 βασιλέως.
2515 2352 2627 2405 Τοῦ
2675 2347 2731 2403 δέ
2778 2349 3124 2423 πατριάρχου
3171 2348 3495 2412 ἀνελθόντος
3547 2351 3678 2423 μετά
3707 2355 3812 2405 τῶν

2165 2437 2366 2510 τιμίων
2401 2436 2576 2509 ξύλων
2609 2437 2685 2500 εἷς
2729 2437 2818 2492 τὸν
2871 2433 3117 2510 ἀμϐωνα,
3152 2436 3465 2493 ἔπιδίδωσιν
3496 2439 3522 2494 6
3555 2439 3810 2513 βασιλεὺς

2167 2526 2228 2579 τὸ
2277 2525 2570 2580 λιτανίκιον
2624 2525 2788 2580 αὐτοῦ
2829 2524 3022 2600 κηρίον
3072 2530 3151 2598 τῷ
3197 2528 3562 2601 πραιποσίτῳ,
3595 2528 3684 2582 καὶ
3714 2527 3810 2583 λα-

2168 2611 2278 2670 ϐὼν
2327 2614 2483 2689 ἓτερα
2523 2621 2622 2683 τῆς
2673 2622 3008 2689 προσευχῆς,
3055 2614 3267 2670 ’ίσταται
3323 2619 3440 2688 μετ’
3480 2617 3678 2686 αὐτῶν,
3708 2614 3809 2679 ἕως

2166 2698 2224 2756 ἂν
2262 2701 2452 2774 ὑψώσῃ
2486 2698 2536 2754 ἐν
2567 2706 2684 2762 τοῖς
2712 2700 2962 2774 τέσσαρσι
3002 2701 3183 2774 μέρεσι
3224 2705 3320 2757 τοῦ
3369 2697 3648 2774 ἄμϐωνας.
3683 2701 3812 2758 Εἶτα

2167 2786 2386 2850 ἐπιδοὺς
2429 2789 2455 2842 6
2492 2788 2744 2864 βασιλεὺς
2771 2789 2904 2850 τοὺς
2933 2791 3137 2865 κηροὺς
3166 2795 3246 2862 τῷ
3277 2791 3641 2864 πραιποσίτῳ,
3684 2811 3812 2845 κατ-

2168 2875 2420 2954 έρχονται
2471 2877 2770 2954 ἀμφότεροι
2822 2877 2912 2933 διὰ
2957 2887 3058 2948 τῆς
3108 2879 3340 2947 σωλέας,
3390 2881 3420 2934 6'
3467 2901 3525 2935 τε
3553 2878 3814 2954 βασιλεὺς

399 2980 719 3052 egreditur,
771 2995 1020 3050 eumque
1069 2979 1401 3050 patriarcha
1458 2994 1645 3050 usque
1703 2978 1774 3034 ad
1821 2995 2051 3034 sacrum

2172 2969 2254 3024 καὶ
2305 2970 2332 3023 ὁ
2381 2969 2756 3047 πατριάρχης,
2807 2970 2895 3024 καὶ
2953 2967 3293 3048 εἰσέρχονται
3324 2970 3400 3032 εἷς
3429 2971 3492 3024 τὸ
3525 2973 3813 3041 θυσιαστή-

397 3069 618 3124 fontem
669 3068 851 3124 ducit.
905 3068 1008 3124 Ubi
1062 3072 1373 3140 postquam
1425 3083 1487 3123 se
1527 3067 1774 3123 invicem
1806 3058 2050 3124 osculati

396 3168 555 3226 sunt,
607 3159 924 3232 imperator
955 3176 1087 3215 cum
1123 3161 1492 3231 processione
1523 3176 1627 3232 per
1653 3176 1886 3231 parvam
1921 3175 2052 3231 por-

397 3256 514 3304 tam
583 3248 832 3316 chalces,
893 3248 986 3303 ubi
1063 3249 1236 3304 factio
1305 3249 1570 3315 Prasina,
1639 3248 2052 3318 imperatorem

399 3353 583 3406 usque
605 3337 750 3391 dum
771 3337 1006 3391 transiit
1025 3337 1284 3408 signans,
1315 3352 1420 3392 nec
1441 3336 1756 3407 quidquam
1780 3340 2055 3406 praeterea

400 3423 644 3490 faciens,
687 3425 873 3492 adest,
916 3423 1262 3494 ingreditur.
1314 3429 1652 3495 Ingressum
1698 3423 1757 3478 in
1812 3423 2054 3479 chalcen

402 3510 748 3568 Venetorum
800 3511 974 3567 factio
1005 3513 1064 3567 in
1105 3513 1305 3568 dextro
1334 3511 1574 3567 triclinii
1605 3512 1783 3569 latere
1823 3511 2053 3584 excipit,

405 3599 748 3671 eodemque,
784 3615 898 3671 quo
950 3600 1171 3656 Prasini
1224 3601 1396 3658 modo
1441 3599 1654 3672 signat.
1690 3605 1794 3657 Per
1824 3601 2056 3658 scholas

402 3687 612 3744 deinde
663 3696 717 3745 et
773 3689 1046 3745 excubias
1110 3690 1432 3762 digressus,
1484 3706 1587 3761 per
1637 3690 2055 3748 consistorium

399 3777 542 3844 abit,
577 3777 675 3834 ubi
708 3783 950 3834 senatus
975 3779 1182 3847 adstat,
1206 3779 1573 3851 imperatori:
1601 3801 1630 3829 «
1655 3780 1718 3834 In
1753 3777 1935 3835 multa
1954 3780 2057 3834 bo-

403 3882 597 3937 naque
648 3857 928 3938 tempora,
962 3889 990 3919 »
1025 3866 1358 3924 acclamans
1388 3885 1402 3923 :
1436 3884 1539 3940 per
1558 3868 1861 3939 onopoden
1885 3873 2055 3923 tran-

401 3961 667 4012 seuntem
731 3957 1173 4015 cerimoniarius
1242 3974 1375 4014 cum
1415 3957 1780 4025 silentiariis,
1866 3959 2059 4014 fausta

405 4046 752 4117 precaturis,
812 4047 1045 4120 excipit,
1096 4048 1250 4119 quod
1293 4048 1449 4104 idem
1495 4047 1722 4120 patricii
1780 4048 1839 4103 in
1899 4055 2060 4104 steno

408 4135 648 4193 faciunt.
691 4137 994 4193 Postremo
1025 4153 1126 4208 per
1155 4143 1502 4207 augusteum
1535 4135 1814 4207 palatium
1861 4136 2057 4207 ingre-

409 4226 587 4294 ditur,
641 4225 740 4282 ubi
780 4242 982 4282 omnes
1028 4241 1294 4296 proceres
1345 4225 1687 4282 mutatorias
1737 4226 2058 4296 deponunt,

404 4317 463 4368 et
500 4314 557 4368 in
609 4313 1035 4386 scaramangiis
1085 4317 1344 4369 manent.
1402 4314 1499 4368 76
1532 4313 1828 4370 Processio
1859 4317 2056 4369 autem
2091 4299 2133 4362 D

409 4401 573 4458 nulla
600 4419 664 4458 eo
696 4402 789 4458 die
821 4403 892 4458 ad
927 4403 1210 4474 palatium
1243 4401 1592 4458 instituitur.

2163 3081 2302 3136 ριον,
2344 3060 2764 3135 προτιθεμήνων
2815 3063 2920 3114 τῶν
2971 3059 3170 3132 τιμίων
3204 3056 3402 3131 ξύλων,
3455 3058 3543 3114 καὶ
3589 3064 3684 3114 τοῦ
3721 3062 3814 3133 βα-

2164 3148 2360 3209 σιλέως
2392 3147 2684 3220 εὐξαμένου
2723 3148 2814 3201 καὶ
2863 3149 3337 3222 προσκυνήσαντος
3368 3148 3435 3202 τά
3470 3149 3630 3220 τίμια
3661 3147 3813 3218 ξύλα,

2164 3238 2440 3315 ἐξέρχεται
2491 3235 2579 3291 διὰ
2633 3241 2729 3291 τοῦ
2788 3236 3026 3312 πλαγίου
3101 3243 3198 3292 τοῦ
3267 3237 3676 3308 θυσιαστηρίου,
3727 3238 3816 3292 καὶ

2165 3323 2420 3395 διασώζει
2451 3327 2612 3380 αὐτὸν
2650 3328 2677 3381 ὁ
2729 3325 3076 3401 πατριάρχης
3127 3327 3296 3404 μέχρι
3340 3331 3438 3381 τοῦ
3471 3327 3625 3401 ἁγίου
3657 3325 3817 3402 φρέα-

2163 3437 2275 3477 τος.
2313 3416 2538 3472 Κάκεῖσε
2584 3413 2872 3485 ἀλλήλους
2918 3415 3312 3488 ἀσπασάμενοι,
3352 3417 3379 3469 6
3415 3416 3508 3488 μὲν
3554 3413 3818 3491 βασιλεὺς

2169 3505 2305 3578 μετά
2361 3511 2462 3573 τῆς
2508 3501 2884 3578 προελεύσεως
2939 3502 3244 3579 εῗσέρχεται
3303 3502 3392 3558 διὰ
3457 3511 3556 3572 τῆς
3619 3509 3815 3580 μικρᾶς

2165 3593 2350 3665 πύλης
2380 3601 2482 3664 τῆς
2511 3593 2750 3668 χαλκῆς,
2773 3592 2826 3648 έν
2918 3593 3132 3649 ἳσταται
3167 3596 3331 3669 μέρος
3375 3599 3485 3648 τῶν
3537 3593 3814 3668 Πρασίνων

2165 3686 2256 3738 καὶ
2289 3684 2710 3763 κατασφραγίζει
2765 3685 2857 3739 τὸν
2917 3683 3163 3759 βασιλέα,
3213 3682 3316 3747 ἕως
3368 3684 3428 3739 ἂν
3483 3681 3686 3758 διέλθῃ,
3728 3685 3815 3739 καὶ

2169 3770 2320 3827 οὐδέν
2353 3770 2536 3846 ἕτερον
2581 3777 2750 3829 ποιεῖ.
2805 3775 2916 3829 Τοῦ
2967 3771 3024 3828 δέ
3067 3773 3114 3810 ⁵³
3167 3772 3433 3849 βασιλέως
3485 3771 3822 3836 εἰσελθόντος

2170 3863 2245 3925 εἷς
2279 3865 2378 3932 τὴν
2413 3861 2654 3941 χαλκῆν,
2691 3861 2905 3938 δέχεται
2939 3863 3100 3918 αὐτὸν
3155 3864 3317 3938 μέρος
3363 3867 3470 3918 τῶν
3502 3859 3732 3920 Βενέτων
3767 3861 3819 3916 ἐν

2167 3957 2248 4024 τῷ
2280 3949 2440 4024 δεξιῷ
2492 3952 2645 4029 μέρει
2702 3956 2800 4007 τοῦ
2858 3950 3140 4027 τρικλίνου
3189 3955 3327 4026 (78),
3375 3951 3464 4006 καὶ
3514 3971 3822 4031 κατασφρα-

2169 4044 2312 4119 γίζει
2339 4043 2430 4098 τὸν
2466 4041 2713 4116 βασιλέα,
2749 4044 2806 4098 ὅν
2837 4043 3044 4118 τρόπον
3091 4043 3180 4099 καὶ
3222 4045 3274 4098 οἱ
3323 4044 3605 4119 ΙΙράσινοι·
3638 4044 3733 4105 τὰς
3765 4039 3822 4096 δὲ

2173 4130 2382 4209 οχολάς
2411 4132 2501 4188 καὶ
2540 4133 2607 4188 τὰ
2636 4129 2961 4189 ἐκσκούϐιτα
3003 4131 3254 4201 διελθὼν,
3287 4134 3582 4208 ἀπέρχεται
3614 4131 3702 4188 διὰ
3729 4135 3825 4186 τοῦ

2170 4221 2581 4298 κονσιστωρίου,
2615 4223 2704 4277 καὶ
2763 4225 2905 4296 μένει
2964 4225 2998 4292 ἡ
3050 4221 3358 4300 σύγκλητος
3415 4221 3606 4292 ἐκεῖσε,
3668 4222 3830 4296 ὑπερ-

2167 4309 2440 4386 ευχομένη
2499 4314 2590 4367 τὸν
2643 4311 2888 4386 βασιλέα·
2939 4336 2966 4363 ‹‹
3015 4313 3112 4373 Εἷς
3161 4309 3405 4372 πολλοὺς
3452 4311 3541 4364 καὶ
3592 4309 3828 4384 ἀγαθοὺς

2168 4400 2429 4475 χρόνους,
2466 4426 2487 4455 ι
2528 4399 2815 4465 διελθόντα
2865 4398 2919 4456 δὲ
2966 4402 3056 4455 τὸν
3104 4397 3364 4467 ὀνόποδα,
3399 4396 3615 4477 δέχεται
3665 4399 3828 4454 αὐτὸν

406 4491 434 4546 6
473 4497 571 4560 τῆς
627 4492 1004 4552 καταστάσεως
1069 4493 1200 4564 μετὰ
1255 4495 1361 4544 τῶν
1423 4490 1816 4564 σιλεντιαρίων,
1874 4491 1964 4547 καὶ
2025 4491 2178 4548 αὐτοὶ
2239 4492 2668 4568 ὑπερωχὸμενοι
2707 4493 2799 4546 τὸν
2845 4489 3096 4566 βασιλέα,
3141 4492 3191 4545 οἱ
3232 4491 3289 4545 δὲ
3335 4490 3614 4566 πατρίκιοι
3648 4491 3726 4552 εἷς
3765 4490 3827 4544 τὸ

409 4579 590 4633 στενὸν
628 4579 715 4632 καὶ
760 4578 913 4632 αὐτοὶ
956 4578 1164 4650 ὁμοίως
1203 4582 1442 4635 ποιοῦσι.
1485 4580 1582 4634 Καὶ
1642 4578 1870 4635 διελθὼν
1935 4578 2024 4635 διὰ
2082 4585 2178 4635 τοῦ
2243 4579 2578 4656 αὐγουστέως
2621 4579 2925 4653 εἰσέρχεται
2965 4580 3042 4640 εἱς
3080 4579 3141 4633 τὸ
3182 4577 3470 4648 παλάτιον,
3503 4578 3591 4632 καὶ
3626 4579 3825 4638 εὐθέως

410 4666 855 4723 ἀπαλλάσσουσιν
895 4670 944 4723 οἱ
980 4667 1236 4743 ἄρχοντες
1276 4671 1469 4731 πάντες
1507 4669 1576 4737 ⁵⁴,
1607 4671 1696 4724 καὶ
1733 4671 1978 4743 μένουσιν
2025 4670 2130 4724 ἀπὸ
2170 4667 2613 4744 σκαραμαγγίων.
2661 4669 2784 4745 Χρὴ
2833 4666 2889 4724 δὲ
2928 4669 2974 4706 ⁵⁵
3007 4666 3223 4738 εἰδέναι,
3265 4667 3348 4724 ὅτι
3381 4672 3450 4742 τῇ
3481 4666 3618 4742 αὒτῇ
3650 4667 3829 4742 ἡμέρᾳ

409 4755 734 4833 προέλευσις
765 4758 864 4812 οὐκ
893 4756 1216 4833 εἰσέρχεται.

1009 4849 1242 4906 CAPUT
1281 4851 1473 4907 XXIII.

409 4939 766 4998 Observanda
813 4941 873 4996 in
921 4941 1059 5010 [esto
1091 4939 1180 4996 die
1217 4943 1266 4996 et
1303 4940 1648 5011 proccuione
1691 4956 1864 4999 sacrae
1914 4942 2068 4998 Chri-

554 5015 647 5080 sti,
669 5015 770 5069 Dei
798 5013 995 5080 nostri,
1021 5012 1336 5068 Nativt'tau's
1362 5012 1662 5068 secundum
1681 5029 1922 5070 carnem.

2788 4851 3049 4906 KE'bAA.
3087 4851 3215 4906 Kl“.

2177 4941 2318 5016 ’Ὀσα
2369 4935 2452 5016 δεῖ
2490 4937 2948 5016 ,παραςυλάττειν
2989 4943 3071 5016 ,τῇ
3146 4940 3306 5016 ἑορτῇ
3359 4938 3457 5016 ,καὶ
3514 4935 3828 5016 προελειύσει

2247 5015 2347 5078 τῆς
2401 5008 2865 5085 ἀγίαξΧριστοῦ
2919 5015 3015 5066 τοῦ
3047 5008 3216 5067 ’Θεοῦ
3261 5008 3421 5084 ἡμῶν
3481 5008 3614 5064 κατὰ
3663 5008 3830 5082 σάρκα

2248 5083 2409 5152 Γεννή
2421 5083 2574 5144 σεως.

2249 5175 2323 5226 Α’.
2378 5170 2751 5246 Προέρχονται
2797 5169 3026 5234 ἅπαντες
3077 5169 3423 5246 ἠλλαγμένοι
3471 5168 3524 5225 ἐν
3575 5174 3653 5240 τῷ
3690 5170 3829 5240 ἡμι-

2177 5258 2390 5332 κυκλίῳ
2438 5267 2541 5330 τῆς
2589 5258 2804 5334 ἀψίδος,
2869 5266 3157 5340 φοροῦντες
3207 5262 3264 5315 οἱ
3313 5259 3588 5334 πατρίκιοι
3640 5257 3727 5311 καὶ
3779 5257 3830 5310 οἱ

485 5181 532 5236 Ι.
559 5179 889 5235 Procedunt
909 5193 1111 5236 omnes
1136 5179 1191 5234 in
1219 5178 1551 5236 mutatoriis
1573 5178 1646 5233 ad
1676 5174 2064 5247 bemicyclum

413 5267 660 5340 apsidis,
702 5267 956 5340 patricii,
991 5267 1335 5324 cubicularii
1381 5273 1439 5324 et
1469 5266 1757 5340 supremis
1805 5263 2066 5320 muneri-

1785 5377 2025 5433 VABI/E
2063 5373 2476 5433 LECTIONES.

973 5491 1022 5526 ⁵⁴
1051 5490 1242 5555 πάντες
1273 5508 1390 5549 om.
1419 5493 1508 5547 ed.
1587 5489 1636 5524 ⁵⁵
1667 5485 1723 5542 δὲ
1753 5504 1870 5544 om.
1912 5486 2044 5544 cod.

1470 5597 1666 5654 JOAN.
1706 5596 1850 5654 JAC.
1892 5594 2154 5653 REISKII
2191 5595 2786 5654 COMMENTARIUS.

487 5709 601 5783 (78)
637 5712 802 5768 Hunc
840 5707 1031 5766 locum
1061 5721 1268 5764 sannm
1304 5719 1434 5762 esse
1471 5721 1589 5763 non
1621 5703 1899 5776 spondeo.

487 5491 536 5526 ’⁵³
566 5487 623 5545 δὲ
654 5509 772 5550 om.
806 5492 896 5550 ed.
