4158 6212
366 319 484 383 365

1236 321 1336 380 DE
1377 316 1831 382 CERIMONIIS
1876 314 2112 378 AULxE
2152 317 2641 382 BYZANTINzE
2684 324 2838 385 LIB.
2887 328 2937 387 Ῑ.

3660 332 3783 397 366

365 445 665 527 σκρίϐωνες
697 448 998 525 μέλλοντες
1028 443 1416 525 προϐληθῆναι
1446 452 1493 489 ⁸⁷
1521 454 1590 526 τῇ
1643 449 1790 522 τάξει
1827 446 2015 522 ταύτῃ,

2131 448 2477 540 ingreditur,
2511 453 2570 511 in
2602 460 2771 528 porta
2800 464 2855 514 et
2893 460 3211 534 strongylo,
3235 462 3337 519 ubi
3366 479 3511 522 crux
3543 472 3597 523 et
3624 466 3788 540 logo-

365 543 588 603 στάντος
642 544 744 596 τοῦ
787 539 1061 615 βασιλέως
1124 539 1285 614 μέσον
1325 548 1425 611 τῆς
1478 539 1682 612 πύλης,
1731 538 1932 614 εἰσάγει
1986 537 2015 592 6

365 630 690 705 δομέσκικος
711 635 818 686 τῶν
847 625 1212 686 ἒκσκουϐίτων
1263 630 1355 685 καὶ
1388 632 1415 686 6
1458 638 1557 700 τῆς
1615 629 2014 698 καταστάσεως,

363 725 685 797 κρατοῦντες
753 720 845 776 τὸν
914 715 1210 794 σκρίόωνα.
1271 721 1374 777 Καὶ
1424 715 1609 776 λαϐὼν
1671 720 1699 774 6
1759 715 2017 795 βασιλεὺς

363 811 511 886 παρά
536 814 633 866 τοῦ
664 808 1027 884 πραιποσίτου
1059 810 1122 864 τὸ
1156 810 1375 885 βεργίον
1426 813 1561 884 (82),
1593 807 1877 865 ἐπιδίδωσι
1932 803 2012 878 τῷ

2126 539 2298 631 theta)
2337 546 2532 615 stant;
2562 545 2641 601 ibi
2673 564 2904 620 quoque
2952 566 3150 607 cereos
3178 553 3463 622 accendit,
3495 539 3781 631 stansque

2126 630 2185 684 in
2216 635 2499 707 strongyli
2546 653 2799 706 camera,
2844 640 2895 696 si
2942 641 3041 713 qui
3091 644 3336 699 comites
3386 646 3624 718 adsunt,
3671 630 3776 721 qui

2124 723 2449 790 promoveri
2479 724 2701 795 volunt,
2732 728 2815 784 eis
2847 727 2940 784 his
2963 730 3300 788 cerimoniis
3333 750 3542 790 novam
3577 735 3779 810 digni-

2124 812 2304 866 tatem
2346 812 2644 884 impertire
2673 816 2840 872 solet.

361 896 662 975 σκρίϐωνιο
723 900 840 954 εἶτα
906 894 1094 954 λαϐὼν
1158 900 1221 954 τὸ
1283 901 1525 976 βεργίον,
1569 898 1865 975 ἀπέρχεται
1914 895 2005 950 καὶ
2067 893 2277 953 ἵσταται
2336 898 2388 953 έν
2445 908 2513 977 τῇ
2581 904 2724 975 τάξει
2780 906 2964 965 αὐτοῦ.
3008 910 3111 967 Καὶ
3179 911 3456 968 κατελθὼν
3512 915 3576 970 τὸ
3636 913 3779 991 μέγα

360 989 663 1045 Regnum
729 989 757 1044 δ
820 987 1073 1065 βισιλεῦς
1122 988 1209 1043 καὶ
1260 989 1336 1052 εἰς
1394 990 1491 1052 τὰς
1530 988 1740 1069 σχολὰς
1782 983 2039 1048 εἴσελθὼν
2094 980 2246 1041 ἔνδον
2299 995 2401 1060 τῆς
2457 990 2639 1064 πύλης
2671 993 2748 1057 εἰς
2804 996 2866 1050 τὸ
2925 998 3286 1077 στρογγύλον,
3329 1000 3512 1059 ἓνθαὸ
3545 980 3773 1081 σταυρδς

354 1077 573 1134 ’ίσταται
620 1078 713 1133 καὶ
768 1078 821 1133 οἱ
875 1082 978 1133 τοῦ
1018 1077 1364 1153 λογοθεσίου,
1396 1080 1549 1134 ἅπτει
1596 1078 1808 1133 κάκεῖσε
1846 1071 2078 1148 κηροὺς,
2110 1073 2199 1130 καὶ
2250 1079 2377 1140 στὰς
2408 1080 2479 1152 ,έν
2527 1086 2594 1158 τῇ
2635 1085 2854 1160 καμάρᾳ
2899 1071 2997 1144 τοῧ
3048 1071 3411 1167 στρογγύλου,
3455 1093 3501 1149 εἰ
3536 1092 3633 1168 μέν
3675 1071 3778 1151 εἶσι

360 1167 600 1240 κόμητες
632 1168 684 1223 οἱ
717 1163 1013 1239 μέλλοντες
1052 1163 1459 1244 προϐληθῆναι,
1486 1162 1899 1243 προϐάλλονται
1931 1161 2128 1225 οὕτως.

434 1261 507 1319 Γ’.
541 1263 847 1335 Κρατοῦσιν
891 1259 921 1314 6'
966 1279 1026 1314 τε
1057 1256 1383 1331 δομέστικος
1434 1264 1544 1315 τῶν
1589 1258 1813 1338 σχολῶν
1842 1256 1930 1312 καὶ
1984 1258 2012 1313 6

358 1352 461 1415 τῆς
491 1349 869 1411 καταστάσεως
896 1347 990 1403 τὸν
1034 1346 1310 1422 μέλλοντα
1341 1344 1727 1425 προϐληθῆναι
1770 1346 2010 1421 κόμητα,

360 1439 453 1495 καὶ
481 1436 700 1514 ἄγουσιν
743 1440 906 1495 αὐτὸν
962 1440 1099 1513 πρὸς
1137 1440 1229 1495 τὸν
1264 1438 1493 1516 βασιλέα
1525 1459 1538 1473 ’
1574 1440 1603 1495 6
1634 1436 1691 1494 δὲ
1750 1436 2010 1514 βασιλεὺς

361 1523 547 1586 λαϐὼν
583 1530 728 1605 παρὰ
758 1533 856 1584 τοῦ
911 1527 1276 1602 πραιποσίτου
1306 1529 1594 1605 ὠρατίωνα
1644 1530 1783 1603 (83),
1832 1524 2008 1583 ἐπιδί-

362 1615 527 1675 δωσιν
576 1617 744 1691 αὐτῷ,
775 1618 1072 1695 ἀπέρχεται
1110 1620 1202 1674 καὶ
1244 1617 1461 1677 ’ίσταται
1501 1619 1554 1675 ἐν
1610 1622 1679 1693 τῇ
1717 1619 1861 1690 τάξει
1919 1615 2010 1672 αύ-

358 1712 491 1765 τοῢ·
525 1708 736 1782 ὁμοίως
773 1706 831 1764 δὲ
869 1708 956 1765 έάν
988 1709 1092 1765 είσι
1122 1700 1213 1765 xii
1244 1706 1558 1784 δομέστικοι
1598 1711 1633 1779 ἢ
1674 1710 1760 1764 καὶ
1794 1709 2008 1784 προτή-

2195 1260 2295 1318 ΙΙΙ.
2327 1266 2695 1326 Domesticus
2732 1271 3068 1330 scholarum
3109 1279 3166 1331 et
3196 1275 3643 1335 ccrimoniarius
3674 1296 3775 1336 co-

2123 1352 2327 1409 mitem
2360 1360 2814 1427 promovendum
2845 1361 3247 1435 suscipiuntet
3263 1366 3335 1421 ad
3360 1365 3773 1439 imperatorem

2122 1441 2376 1500 ducunt:
2397 1446 2499 1517 qui
2530 1457 2824 1521 acceptam
2846 1468 2880 1507 a
2898 1453 3208 1524 praeposito
3228 1456 3552 1513 orationem
3587 1458 3639 1514 ei
3659 1462 3777 1515 tra-

2121 1532 2232 1597 dit,
2264 1538 2401 1591 tunc
2432 1537 2548 1593 abit
2574 1543 2631 1594 et
2659 1539 2852 1598 locum
2882 1558 3056 1600 suum
3104 1550 3371 1617 occupat.
3406 1547 3694 1604 Similiter
3721 1548 3774 1604 si

2119 1622 2423 1681 domestici
2456 1631 2558 1682 aut
2588 1634 2942 1699 protectores
2991 1636 3368 1704 promOvendi
3410 1645 3568 1707 sunt,
3601 1655 3635 1693 a
3663 1636 3773 1694 do-

2118 1711 2359 1769 mestico
2389 1712 2728 1772 scholarum
2760 1721 2818 1773 et
2859 1719 3268 1777 cerimoniario
3298 1723 3517 1795 stipati,
3551 1725 3623 1780 ad
3656 1724 3771 1780 im-

361 1819 568 1873 κτωρες
609 1796 903 1872 μέλλοντες
934 1795 1345 1874 προϐληθῆναι,
1374 1798 1744 1874 κρατούμενοι
1795 1797 1900 1854 ὑπό
1948 1817 2006 1852 τε

2131 1806 2443 1874 peratorem
2494 1802 2815 1874 ducuntur,
2877 1806 2972 1862 78
3033 1808 3132 1878 qui
3182 1794 3391 1866 allatas
3438 1828 3472 1866 a
3503 1794 3769 1868 ’caniclei

361 1892 460 1944 τοῦ
491 1885 821 1963 δομεστίκου
850 1893 960 1943 τῶν
993 1887 1216 1963 σχολῶν
1247 1890 1454 1944 καὶτοῦ
1483 1896 1585 1958 τῆς
1614 1887 2011 1957 καταστάσεως,

362 1976 584 2052 ἄγονται
615 1976 751 2052 πρὸς
778 1978 872 2031 τὸν
908 1975 1157 2049 βασιλέα,
1190 1977 1217 2031 6
1251 1974 1308 2031 δὲ
1342 1976 1595 2052 βασιλεὺς
1638 1971 1821 2031 λαϐὼν
1871 1976 2018 2049 παρᾶ

361 2070 463 2121 τοῦ
511 2064 829 2120 κανικΑείου
881 2065 949 2120 τὰ
995 2065 1041 2101 ⁵³
1090 2064 1312 2144 χαρτία,
1341 2066 1433 2120 οἷα
1478 2068 1586 2119 τῶν
1635 2063 2017 2132 ὑπάτων,έπι-

370 2150 566 2209 δίδωσι
595 2159 712 2219 τοῖς
739 2148 1239 2229 προϐαλλομένοις,
1270 2154 1361 2209 καὶ
1419 2153 1742 2216 ἀπελθόντες
1769 2152 2019 2209 ’ίστανται

367 2243 425 2300 ἓν
459 2247 528 2318 τῇ
560 2245 701 2316 τάξει
760 2242 938 2298 αὐτῶν
963 2244 1031 2304 5°.
1062 2244 1120 2298 '0
1176 2241 1234 2299 δὲ
1294 2241 1549 2318 βασιλεὺς
1598 2239 1877 2318 διέρχεται
1931 2239 2021 2298 διὰ

366 2339 477 2392 τῶν
509 2332 755 2411 σχολῶν,
786 2333 875 2390 καὶ
925 2333 978 2390 έν
1022 2338 1092 2409 τῇ
1136 2334 1358 2410 πέμπτῃ
1403 2333 1588 2414 σχολῇ
1636 2333 1831 2407 ἐλθὼν,
1863 2335 2017 2390 ἅπτει

369 2426 541 2481 ἐκεῖσε
589 2424 667 2489 εἷς
721 2426 814 2481 τὸν
872 2425 1100 2502 σταυρὸν
1152 2425 1381 2500 κηροὺς,
1430 2424 1520 2480 καὶ
1569 2418 1791 2486 στάντος
1849 2423 2018 2479 αὐτού

372 2514 421 2571 ἐν
451 2521 521 2592 τῇ
562 2521 663 2585 τῆς
710 2516 969 2588 πέμπτης
1020 2512 1238 2590 σχολῆς
1288 2512 1463 2589 πύλῃ,
1497 2511 1715 2593 δέχεται
1772 2513 1930 2569 αὐτὸν
1988 2514 2019 2569 6

370 2605 660 2681 περατικὸς
715 2601 893 2678 δῆμος
924 2605 970 2641 ⁸ο
1009 2608 1114 2659 τῶν
1175 2602 1400 2679 σχολῶν
1457 2603 1546 2659 καὶ
1606 2599 1888 2659 ἐπιδίδωσι
1936 2603 2018 2675 τῷ

375 2694 591 2771 βασιλεῖ
620 2695 649 2750 6
701 2691 1022 2767 δομέστικος
1069 2698 1176 2749 τῶν
1216 2692 1437 2770 σχολῶν
1487 2688 1867 2769 Αιϐελλάριον,
1900 2695 1928 2749 6
1961 2691 2019 2750 δὲ

377 2781 630 2857 βασιλεὺς
671 2778 861 2838 δίδωσι
919 2785 998 2854 τῷ
1052 2780 1422 2855 πραιποσίτῳ,
1465 2782 1493 2835 6
1545 2781 1601 2837 δὲ
1656 2782 2019 2857 πραιπόσιτος

371 2866 832 2946 κουόικουλαρίῳ,
864 2871 952 2926 καὶ
984 2874 1082 2926 τοῦ
1114 2867 1440 2943 δομεστίκου
1469 2868 1559 2925 καὶ
1617 2875 1715 2926 τοῦ
1770 2877 1871 2940 τῆς
1918 2891 2021 2926 κα-

369 2961 674 3024 ταστάσεως
731 2960 971 3016 στάντων
1003 2959 1057 3016 έν
1086 2964 1167 3032 τῷ
1217 2959 1373 3033 τόπῳ
1415 2959 1610 3030 αὐτῶν,
1643 2959 2020 3039 εὐφημοῦν-τος

370 3051 458 3109 καὶ
513 3054 611 3107 τοῦ
660 3048 842 3124 δήμου
871 3051 962 3105 τὸν
1018 3048 1266 3125 βασιλέα,
1302 3050 1329 3104 6
1372 3047 1697 3123 δομέστικος
1726 3054 1834 3105 τῶν
1892 3069 2022 3125 σχο-

2122 1892 2390 1963 ρτωΐοοιο
2420 1892 2673 1962 chartas,
2705 1894 2952 1967 iis,quas
2982 1897 3254 1956 consules
3285 1900 3772 1972 accipiunt,simi-

2122 1979 2227 2048 les,
2260 1982 2589 2039 candidatis
2618 1984 2822 2051 tradit,
2852 1985 2965 2056 ipsi
3009 1986 3292 2044 abcuntes
3322 1986 3382 2044 in
3413 2005 3521 2046 suo
3564 1990 3768 2047 ordine

2122 2069 2475 2127 consistunt.
2510 2072 2834 2143 Imperator
2863 2091 2966 2145 per
2994 2074 3226 2132 scholas
3257 2076 3577 2149 digressus,
3605 2084 3769 2151 post-

2123 2174 2297 2230 quam
2330 2159 2596 2230 quintam
2616 2160 3073 2232 intravit,cereos
3099 2163 3181 2219 ibi
3202 2164 3261 2219 in
3286 2182 3456 2222 cruce
3475 2168 3764 2236 accendit,

2122 2251 2490 2319 stantemque
2546 2246 2607 2304 in
2665 2259 2831 2321 porta
2885 2250 3098 2307 scholae
3158 2252 3378 2324 quinta
3426 2255 3768 2311 transitoria

2123 2336 2455 2393 scholarum
2470 2338 2642 2394 factio
2659 2339 3214 2413 excipit,earumque
3232 2342 3591 2399 domesticus
3604 2342 3767 2400 libel-

2122 2424 2247 2482 lum
2280 2426 2633 2496 imperatori,
2666 2427 2716 2482 is
2749 2428 3080 2501 praeposito,
3114 2430 3459 2503 praepositus
3480 2431 3768 2490 cubicula-

2123 2515 2211 2573 rio
2241 2516 2437 2585 tradit,
2466 2521 2523 2571 et
2551 2516 2871 2574 domestico
2893 2535 2960 2574 ac
2988 2519 3394 2577 cerimoniario
3414 2520 3476 2576 in
3503 2520 3628 2577 loco
3659 2537 3765 2578 suo

2123 2605 2480 2673 constitutis,
2513 2610 2569 2660 et
2600 2606 2849 2662 factione
2878 2607 3217 2680 imperatori
3245 2608 3625 2677 acclamante,
3658 2612 3763 2666 do-

2124 2693 2400 2751 mesticus
2447 2694 2777 2751 scholarum
2824 2696 3020 2753 tunica
3068 2713 3176 2754 sua
3225 2699 3536 2771 variegata,
3586 2715 3766 2772 quam

2123 2785 2488 2858 gerit.crucis
2519 2786 2752 2858 signum
2777 2786 2913 2843 facit
2943 2792 3247 2860 postquam
3272 2789 3443 2846 factio
3473 2789 3768 2846 solemnes

2124 2874 2571 2931 acclamationes
2590 2877 2941 2948 pcregit,per
2970 2875 3202 2933 scholas
3233 2878 3769 2951 transit,digressus

2127 2981 2227 3037 per
2257 2962 2549 3030 scholas,e
2578 2980 2787 3035 magna
2813 2971 2975 3037 porta
3005 2965 3235 3022 chalces
3267 2968 3772 3040 procedit,perque

2131 3053 2384 3109 mediam
2437 3053 2747 3119 transiens,
2782 3060 3129 3124 augusteum
3179 3054 3380 3110 intrat.
3414 3058 3488 3111 At
3534 3057 3773 3128 reliquas

372 3138 484 3197 λῶν
514 3138 939 3217 κατασφραγίζει
993 3140 1127 3212 μετὰ
1163 3141 1263 3209 τῆς
1312 3144 1560 3231 χροακῆς
1597 3140 1709 3211 (84)
1739 3136 1906 3193 αἱ)τοῦ
1955 3141 2021 3208 ἧς

2131 3147 2325 3215 partes
2353 3141 2679 3197 transitorii
2709 3141 3081 3197 Prasinorum
3105 3158 3172 3197 ac
3193 3142 3543 3199 Venetorum
3576 3143 3774 3214 populi

373 3234 532 3310 φορεῖ
559 3226 846 3305 χλανίδος·
890 3228 989 3284 Καὶ
1035 3231 1132 3283 τοῦ
1181 3225 1363 3300 δήμου
1412 3224 1789 3289 ἐπιτελέσαντος
1834 3227 1928 3290 τὰς
1969 3229 2020 3300 ἑξ

372 3316 529 3380 ἔθους
584 3319 882 3397 εὐφημίας,
910 3315 1187 3393 διέρχεται
1253 3313 1342 3372 διὰ
1398 3320 1506 3371 τῶν
1548 3314 1771 3395 σχολῶν
1808 3318 1899 3373 καὶ
1940 3317 2021 3389 ἑξ-

374 3407 596 3484 έρχεται
647 3409 746 3478 τήν
789 3406 1039 3483 μεγάλην
1086 3405 1269 3476 πύλην
1327 3412 1431 3475 τῆς
1472 3404 1711 3480 χαλκῆς,
1756 3407 1869 3461 εἶτα
1936 3405 2019 3463 δι-

374 3495 578 3553 οδεύων
643 3494 733 3552 διὰ
784 3503 885 3567 τῆς
944 3495 1135 3570 μέσης,
1167 3494 1474 3570 εἰσέρχεται
1524 3492 1613 3550 διά
1667 3499 1765 3551 τοῦ
1821 3495 2022 3574 αὔγου-

2131 3236 2189 3289 et
2215 3232 2355 3303 ipsa
2386 3230 2729 3300 acclamant,
2755 3230 3087 3303 libellisque
3108 3231 3508 3301 traditis,dum
3540 3232 3774 3297 signum

2132 3320 2325 3379 crucis
2357 3320 2873 3392 laciunt,princeps
2904 3319 3277 3376 Prasinorum
3300 3338 3434 3377 cum
3461 3322 3775 3377 factionum

2132 3410 2385 3468 tribunis
2415 3409 2614 3466 omnia
2644 3425 2709 3465 eo
2733 3409 3135 3480 ordine,quem
3167 3409 3521 3467 domesticus
3550 3408 3781 3469 schola-

2135 3517 2268 3557 rum
2299 3498 2572 3567 servavit,
2606 3498 2852 3570 peragit.

374 3587 624 3648 στίωνος.
657 3586 725 3643 At
782 3582 841 3640 δὲ
889 3583 1079 3640 λοιπαὶ
1138 3581 1305 3662 δοχαὶ
1353 3586 1451 3639 τοῦ
1498 3588 1791 3658 περατικοῦ
1832 3581 2014 3659 δήμου
2053 3592 2159 3643 τῶν
2200 3584 2479 3661 Πρασίνων
2528 3583 2617 3640 καὶ
2668 3582 2851 3658 δήμου
2890 3590 2996 3640 τῶν
3029 3583 3264 3641 Βενέτων
3292 3584 3383 3641 καὶ
3413 3585 3565 3642 αὐτοὶ
3618 3583 3786 3663 εὔφη-

380 3678 561 3749 μοῦσι,
589 3675 678 3730 καὶ
729 3670 1062 3735 ἐπιδιδόντες
1091 3673 1157 3728 τὰ
1189 3669 1538 3747 λιϐελλάρια,
1572 3676 1851 3736 ποιοῦντες
1887 3676 1979 3730 καὶ
2010 3675 2252 3751 σταυρία,
2278 3676 2306 3730 6
2351 3672 2709 3749 δημοκράτης
2749 3677 2859 3729 τῶν
2909 3675 3189 3748 Πρασίνων
3239 3672 3329 3729 καὶ
3378 3675 3431 3728 οἱ
3479 3671 3575 3729 δύο
3635 3670 3781 3748 δήμ·

374 3782 540 3839 αρχοι
564 3767 672 3819 τῶν
708 3767 888 3837 μερῶν
920 3760 1232 3818 ἐκτελοῦσιν
1263 3762 1471 3816 ἅπαντα
1500 3759 1840 3830 ἀκολούθως,
1872 3763 1931 3818 ὃν
1968 3765 2171 3839 τρόπον
2203 3764 2293 3819 καὶ
2333 3764 2361 3818 6
2393 3760 2715 3835 δομέστικος
2746 3766 2854 3817 τῶν
2884 3760 3105 3837 σχολῶν
3134 3760 3449 3832 ἐξετέλεσεν.

449 3853 519 3909 Δ’.
553 3852 656 3910 Καὶ
687 3851 1026 3916 εἰσελθόντος
1048 3855 1151 3906 τοῦ
1184 3850 1454 3925 βασιλέως
1485 3849 1592 3925 πρὸ
1621 3854 1718 3906 τοῦ
1758 3851 2025 3927 νάρθηκος

374 3936 527 3999 ἔνδον
564 3945 660 3997 τοῦ
710 3941 915 4016 βήλου,
956 3935 1226 4013 λαμϐάνει
1255 3938 1286 3994 6'
1314 3938 1686 4014 πραιπόσιτος
1716 3939 1780 3994 τὸ
1812 3940 2029 4013 στέμμα

377 4032 483 4088 ἀπὸ
532 4039 632 4102 τῆς
688 4030 934 4111 κεφαλῆς
971 4034 1069 4085 τοῦ
1131 4028 1424 4106 βασιλέως,
1456 4029 1764 4105 εἰσέρχεται
1803 4031 1832 4086 6
1876 4031 2029 4106 βασι-

380 4122 505 4183 λεὺς
536 4120 589 4177 έν
617 4125 697 4194 τῷ
724 4122 977 4196 νάρθηκι,
1008 4119 1099 4175 καὶ
1141 4117 1359 4195 δέχεται
1389 4118 1555 4175 αὐτὸν
1596 4121 1624 4174 6
1658 4122 2025 4196 πατριάρχης,

379 4212 494 4267 εἶτα
548 4212 1016 4287 προσκυνήσαντες
1093 4207 1380 4279 ἀλλήλους
1464 4207 1553 4262 καὶ
1629 4208 2026 4282 ἀσπασάμενοι,

376 4301 740 4376 κρατήσαντες
784 4297 1053 4370 ἀλλήλων
1098 4298 1195 4358 τὰς
1252 4302 1465 4372 χεῖρας,
1497 4294 1811 4373 διέρχονται
1856 4292 2022 4373 μέχρι

2208 3853 2300 3909 lV.
2330 3854 2683 3925 Imperatore
2710 3856 2845 3907 ante
2890 3851 3226 3908 narthecem
3276 3851 3429 3907 intra
3457 3851 3652 3908 velum
3687 3849 3782 3907 in-

2135 3958 2359 4015 gresso,
2394 3941 2738 4012 prapositus
2771 3956 3044 3995 coronam
3085 3957 3120 3996 a
3169 3939 3358 4011 capite
3405 3939 3780 4009 imperatoris

2137 4032 2340 4097 demit,
2364 4031 2458 4102 qui
2493 4029 2829 4085 narthecem
2855 4029 3035 4084 intrat
3062 4034 3119 4085 et
3138 4047 3172 4086 a
3202 4028 3532 4101 patriarcha
3562 4029 3784 4101 excipi-

2136 4125 2250 4186 tur,
2286 4120 2405 4184 ubi,
2439 4125 2747 4192 postquam
2783 4135 2843 4175 se
2875 4118 3119 4175 invicem
3153 4119 3474 4175 adorarunt
3503 4118 3782 4175 osculati-

2137 4226 2250 4283 que
2282 4217 2439 4276 sunt,
2472 4209 2746 4265 manibus
2786 4209 3014 4278 junctis
3045 4208 3116 4264 ad
3149 4208 3554 4279 imperatorias
3587 4212 3784 4278 portas

2134 4300 2461 4367 discedunt,
2496 4299 2593 4354 ubi
2627 4298 2946 4371 imperator
2976 4302 3166 4366 stans,
3198 4314 3392 4354 cereos
3416 4298 3699 4363 accendit,
3724 4301 3784 4353 et

377 4394 487 4446 τῶν
547 4388 845 4453 βασιλικῶν
922 4386 1137 4459 πυλῶν,
1191 4387 1407 4443 κάκεῖσε
1490 4387 1616 4450 στὰς
1671 4388 1699 4442 6
1769 4385 2025 4463 βασιλεὺς

2138 4388 2405 4462 precibus
2434 4386 2708 4443 introitus
2731 4386 2936 4443 divina
2959 4386 3209 4459 liturgia:
3235 4389 3609 4457 peractis,eos
3640 4403 3782 4459 pra:-

382 4478 539 4536 ἅπτει
575 4476 804 4553 κηροὺς,
836 4477 1055 4533 καὶτοῦ
1119 4476 1464 4556 πατριάρχου
1517 4473 1890 4538 έκτελέσαντος
1927 4476 2025 4544 τήν

383 4568 554 4649 εὐχὴν
582 4576 683 4640 τῆς
724 4566 936 4624 εἰσόδου
976 4570 1075 4633 τῆς
1123 4568 1269 4631 θείας
1318 4564 1680 4640 Λειτουργίας,
1712 4562 2026 4622 ἐπιδίδωσιν

381 4659 411 4713 ὁ
446 4657 700 4734 βασιλεὺς
729 4664 809 4732 τῷ
866 4655 1215 4734 πραιποσίτῳ
1244 4656 1373 4722 τοὺς
1417 4655 1647 4729 κηροὺς,
1677 4656 1768 4711 καὶ
1797 4657 1826 4711 ὁ
1865 4676 2030 4731 πραι-

383 4746 603 4813 πόσιτος
658 4752 738 4822 τῷ
793 4754 893 4817 τῆς
948 4745 1342 4809 καταστάσεως.
1406 4746 1504 4802 Καὶ
1554 4746 1930 4820 ἀσπασάμενος
1998 4745 2027 4800 6

2139 4479 2349 4551 posito,
2383 4477 2433 4534 is
2468 4476 2869 4534 cerimoniario
2900 4476 3095 4533 tradit.
3135 4478 3210 4532 At
3255 4482 3567 4549 postquam
3596 4476 3785 4548 impe—

2140 4573 2301 4625 rator
2329 4571 2599 4625 sanctum
2630 4564 3007 4640 Evangelium
3056 4566 3355 4623 osculatus
3383 4570 3493 4637 est,
3525 4582 3629 4639 per
3660 4581 3790 4623 me-

2140 4654 2304 4712 dium
2335 4656 2619 4727 templum
2667 4662 2723 4710 et
2760 4653 3169 4727 obliquitatem
3218 4653 3486 4710 umbonis
3533 4654 3786 4710 soleam-

2138 4760 2252 4817 que
2282 4746 2606 4818 digressus,
2654 4760 2847 4802 cereos
2877 4760 2926 4822 aq
2961 4742 3265 4817 praeposito
3313 4742 3517 4812 sumit,
3566 4756 3787 4813 eosque

1732 4899 1976 4957 VARIAS
2016 4897 2433 4958 LECTIONES.

455 5046 503 5081 ⁵⁷
545 5039 955 5119 προϐληθῆναι,
985 5047 1053 5118 τῇ
1083 5044 1231 5119 τάξει
1287 5045 1456 5119 ταύτῃ
1494 5043 1675 5119 στάντ.
1708 5046 1798 5102 ed.

384 5122 553 5194 putat
582 5113 692 5172 ¹τῶν
722 5113 956 5173 Βενέτων
988 5113 1124 5189 μετὰ
1149 5115 1237 5171 καὶ
1277 5120 1373 5171 τοῦ
1401 5113 1748 5190 δομεστίκου.

1903 5045 1947 5080 ⁸⁸
1975 5043 2041 5100 τὰ
2069 5060 2181 5102 om.
2215 5043 2308 5102 ed.

2410 5042 2456 5079 ⁸9
2494 5041 2694 5097 ἑαυτῶν
2733 5042 2825 5100 ed.
2927 5041 2974 5077 ⁸ο
3003 5040 3140 5099 Post
3178 5036 3359 5113 δῆμος
3412 5040 3478 5097 R.
3512 5038 3795 5099 excidisse

1443 5273 1647 5329 JOAN.
1688 5273 1834 5331 JAC.
1880 5272 2137 5330 REISKII
2177 5268 2741 5329 COMMENTARIUS

460 5398 574 5470 (82)
608 5396 743 5470 Erat
772 5410 908 5463 ergo
937 5394 1099 5470 virga
1129 5391 1420 5470 Scribonia
1461 5390 1853 5470 insigne_,_quo
1882 5405 2040 5470 acce-

2219 5391 2328 5462 (83)
2361 5390 2503 5462 Quid
2535 5388 2646 5446 hoc
2676 5388 2771 5457 sit,
2806 5388 2989 5462 fateor
3017 5402 3106 5442 me
3127 5385 3522 5462 ignoraretet
3552 5398 3625 5440 ne
3655 5398 3802 5462 con-

388 5454 486 5541 ptc
519 5454 868 5541 dignitatem:
898 5454 1232 5541 obibEt._Tb
1277 5454 1625 5541 στρογγύλῇ’
1650 5454 1878 5541 videtur
1907 5462 2046 5541 :vdi-
2145 5454 2376 5541 jactura
2398 5461 2636 5541 quidem
2665 5454 3023 5529 assequiﬂst
3044 5458 3277 5541 quidem
3300 5457 3486 5541 qralio
3509 5454 3800 5541 interdum

389 5531 614 5609 ﬁcium"
636 5539 874 5609 aliquod
935 5537 1263 5594 rotundum
1314 5531 1530 5609 notare.
1565 5531 1782 5609 0_'t_-co~3
1829 5532 2048 5609 λογοθε-

392 5608 510 5695 δίου
545 5603 836 5695 ευηῖ,“ἶῖιυὶ
872 5610 942 5695 ad
990 5611 1261 5666 marium
1307 5612 1364 5663 et
1392 5604 1834 5695 dispositionem
1884 5603 2045 5675 logo-

390 5685 562 5741 thete
596 5683 915 5757 pertinent.

2154 5524 2308 5589 idem
2358 5524 2530 5600 atque
2578 5532 2725 5587 liber
2773 5524 3467 5602 precumfbreviarium.
3518 5524 3650 5602 Yid.
3683 5524 3803 5602 ‘Du

2154 5606 2341 5670 Gange
2381 5595 2571 5659 Gloss.
2605 5595 2791 5659 Latin:
2820 5602 2930 5658 Sed
2964 5595 3108 5667 quid
3135 5600 3244 5657 hoc
3275 5600 3347 5656 ad
3384 5595 3709 5655 comitem?

2225 5676 2339 5748 (84)
2370 5674 2512 5732 Vide
2544 5680 2663 5731 not.
2697 5675 2766 5730 ad
2803 5690 2932 5746 pag.
2967 5674 3090 5728 3533.
