4158 6212
371 319 488 380 367

1436 314 1962 382 CONSTANTINI
2008 309 2710 372 PORPHYRUGENITI

3659 321 3779 382 368

373 462 645 532 precatus
674 457 886 515 iterum
911 454 1219 528 praeposito
1244 453 1668 523 reddit,deinde
1697 449 1995 508 sacrariun

2135 442 2388 519 βασιλεὺς
2438 444 2500 498 τὸ
2548 440 2822 518 ἄχραντον
2877 443 3237 521 Εὐαγγέλιον,
3270 446 3587 525 είσέρχεταιξ
3618 451 3780 525 μέσον

375 550 577 616 intrat,
636 547 835 618 ibique
883 547 998 601 duo
1029 545 1274 601 instrata
1323 561 1488 600 sacro
1532 541 1698 599 altari
1745 539 2017 610 imponit,

377 640 642 710 duosque
667 651 866 692 sacros
889 634 1098 691 calices
1119 635 1477 706 totidemque
1499 633 1691 688 discos
1721 635 1778 686 et.
1807 629 2017 685 fascias

376 727 608 785 Domini
643 724 968 790 osculatus,
1002 730 1305 796 acceptum
1339 742 1372 780 a
1404 722 1713 795 praeposito
1744 734 2015 791 apocom-

379 818 540 873 bium
572 816 629 871 in
660 831 825 871 sacra
857 831 1060 871 mensa
1090 814 1339 885 reponit,
1387 827 1600 883 perque
1629 810 1785 865 latus
1817 810 2009 863 heme-

374 909 450 964 tis
471 905 838 963 metatorium
861 903 1312 975 petit,ubietiam
1335 896 2013 959 cereosaccendit.Finito

375 1005 575 1056 sancto
606 994 964 1064 ofﬁcio,dum
994 1009 1161 1048 sacra
1186 991 1504 1047 transitura
1525 987 2009 1060 sunt,egreditur,

373 1105 408 1145 a
452 1084 714 1161 patriciis
762 1082 1100 1153 ceterisque
1149 1080 1435 1152 praefectis
1479 1079 1748 1150 stipatus,
1793 1090 2012 1148 perque

369 1178 521 1234 latus
553 1172 758 1245 templi
789 1187 876 1238 eo,
925 1170 1022 1226 ubi
1067 1185 1290 1235 cereus,
1333 1184 1504 1239 quem
1538 1171 1870 1239 gestaturus
1899 1169 2008 1230 est,

367 1270 505 1332 stat,
539 1261 787 1330 abit,79
819 1265 877 1316 et
907 1276 1037 1314 cum
1069 1260 1139 1314 ad
1173 1275 1306 1314 eum
1338 1256 1528 1313 locum
1564 1255 2011 1327 pervenit,sena-

365 1360 521 1412 tores
547 1353 820 1422 utrinque
850 1348 1310 1418 subsistunt,per
1341 1362 1488 1416 quos
1520 1344 1744 1399 medios
1776 1344 2003 1399 transit.

365 1437 874 1516 Appropinquanti
906 1436 1240 1509 imperatori
1271 1433 1602 1505 lampadem
1640 1449 1741 1489 seu
1774 1448 2004 1487 cereum

364 1549 537 1592 suum
573 1529 924 1602 praepositus
954 1525 1153 1592 tradit,
1183 1541 1297 1594 quo
1319 1521 1791 1594 accepto,iterum
1823 1537 2004 1577 rever-

362 1624 528 1689 titur,
561 1638 594 1675 a
627 1615 911 1691 praefectis
945 1614 1219 1685 stipatus,
1271 1616 1398 1683 post
1429 1627 1594 1682 quos,
1628 1627 1793 1666 sacra
1831 1609 2002 1664 comi-

360 1718 514 1779 tans,
546 1706 823 1781 procedit,
857 1718 1075 1775 perque
1120 1701 1341 1757 soleam
1391 1701 1690 1772 digressus
1720 1703 1777 1753 et
1825 1715 2002 1771 prepe

2129 530 2215 588 διὰ
2245 538 2342 588 τοῦ
2372 537 2520 603 ναοῦ,
2543 535 2630 588 καὶ
2669 531 2758 588 διὰ
2784 541 2884 604 τῆς
2934 533 3175 613 πλαγίας
3226 541 3324 592 τοῦ
3373 534 3629 612 ἄμϐωνος
3688 544 3777 598 καὶ

2123 629 2224 692 τῆς
2285 623 2525 686 σωλαίας
2580 620 2835 695 διελθὼν,
2883 624 3098 680 ’ἰσταται
3163 625 3395 682 ἐνώπιον
3453 633 3559 684 τῶν
3617 631 3780 706 ἁγίων

2123 715 2321 785 θυρῶν,
2353 713 2445 767 καὶ
2499 707 2684 766 λαϐὼν
2746 733 2912 789 κηρια
2971 714 3073 768 άπὸ
3130 719 3227 769 τοῦ
3267 717 3633 790 πραιποσίτου
3686 721 3776 776 καὶ

2123 798 2433 874 εὒξάμενος,
2498 797 2810 855 ἐπιδίδωσιν
2886 801 3020 856 αὐτὰ
3075 803 3239 858 πάλιν
3295 809 3372 876 τῷ
3428 809 3776 881 πραιποσίτῳ

2119 891 2208 944 καὶ
2259 891 2563 966 εἷ’σέρχεται
2622 887 2772 944 ἔνδον
2813 890 2889 945 εἷς
2942 895 3004 946 τὸ
3064 893 3469 970 θυσιαστήριον,
3517 896 3608 950 καὶ
3667 897 3774 975 ὑφ-

2118 977 2289 1034 απλοῖ
2317 978 2367 1033 ἐν
2399 983 2468 1052 τῇ
2499 979 2623 1053 ἁγίᾳ
2651 980 2892 1054 τραπέζῃ
2927 977 3022 1035 δύο
3055 981 3644 1057 είλιτά,ἀσπαζὸμενος
3670 983 3768 1041 δύο

2115 1068 2236 1142 ἱερά
2263 1069 2505 1140 ποτήρια
2534 1067 2625 1122 καὶ
2658 1064 2752 1122 δύο
2786 1068 2964 1142 ἱεροὺς
2997 1070 3043 1108 δι
3078 1067 3296 1133 δίσκους
3347 1072 3436 1126 καὶ
3485 1074 3554 1128 τά
3596 1075 3770 1150 σπάρ-

2111 1177 2246 1230 γανα
2275 1162 2370 1212 τοῦ
2415 1159 2612 1233 Κυρίου
2648 1178 2660 1190 '
2697 1159 2812 1214 εἶτα
2843 1155 3030 1215 λαϐὼν
3090 1161 3195 1216 ἀπὸ
3253 1167 3349 1218 τοῦ
3405 1165 3765 1238 πραιποσίτου

2112 1241 2453 1320 ἀποκόμϐιον
2489 1248 2516 1302 6
2552 1247 2833 1322 βασιλεὺς,
2859 1249 3070 1319 τίθησιν
3099 1252 3233 1306 αὐτὸ
3274 1251 3326 1306 ἐν
3357 1257 3425 1326 τῇ
3475 1253 3602 1327 ἁγίᾳ
3645 1275 3766 1330 τρα-

2113 1342 2247 1413 πέζῃ
2275 1341 2363 1394 καὶ
2407 1339 2678 1414 ἐξέρχεται
2711 1337 2800 1394 διὰ
2837 1347 2937 1410 τῆς
2971 1343 3212 1417 πλαγίας
3234 1347 3330 1398 τοῦ
3365 1345 3637 1419 βήματος,
3674 1346 3764 1401 καί

2114 1427 2417 1505 εἰσέρχεται
2477 1427 2555 1490 εἷς
2604 1429 2667 1484 τὸ
2729 1431 3104 1504 μητατώριον,
3163 1433 3346 1487 ἅπτων
3395 1434 3613 1490 κάκεῖσε
3669 1456 3766 1506 κη·

2113 1519 2261 1594 ρούς.
2306 1517 2654 1593 Τελουμένης
2715 1517 2770 1574 δὲ
2826 1527 2924 1591 τῆς
2982 1521 3127 1585 θείας
3185 1523 3545 1602 λειτουργίας,
3602 1528 3766 1596 ἡνίκα

2115 1609 2382 1683 μέλλουσι
2423 1611 2488 1665 τά
2529 1611 2654 1685 ἅγια
2702 1610 3034 1687 διέρχεσθαι,
3085 1612 3356 1692 ἐξέρχεται
3399 1616 3426 1669 ὁ
3479 1615 3760 1691 βασιλεὺς,

2110 1697 2533 1776 δηριγευόμενος
2564 1699 2667 1754 ὐπό
2697 1721 2755 1754 τε
2775 1705 2880 1754 τῶν
2917 1703 3216 1776 πατρικίων
3266 1703 3356 1757 καὶ
3407 1702 3619 1759 λοιπῶν
3661 1704 3756 1779 ἀρα

361 1816 560 1858 sacras
582 1798 794 1869 januas
816 1793 1190 1861 constitutus,
1216 1789 1525 1863 praposito
1547 1805 1778 1845 cereum
1803 1789 1995 1859 tradit,

2111 1791 2347 1865 χὸντων,
2380 1790 2469 1844 καί
2511 1790 2834 1865 κατέρχεται
2894 1789 2982 1845 διά
3029 1797 3130 1860 τῆς
3180 1791 3418 1869 πλαγίας
3467 1797 3562 1849 τοῦ
3605 1800 3754 1864 ναοῦ,

2179 1878 2192 1894 ι
2237 1879 2250 1894 9
2311 1877 2320 1894 Ι
2581 1873 2604 1894 Ἰ
2634 1884 2658 1894 n
2727 1877 2753 1894 01
3050 1881 3061 1894 υ
3248 1881 3258 1894 1
3379 1881 3404 1894 ιο
3608 1882 3647 1894 ις
3669 1882 3687 1894 ς

361 1887 462 1960 qui
484 1901 618 1941 eum
648 1879 1052 1954 suprasoleam
1081 1894 1258 1950 prope
1279 1878 1695 1946 sacrasjanuas
1728 1877 1992 1947 reponit;

359 1977 676 2046 imperator
704 1987 859 2038 vero,
893 1985 1071 2041 prope
1095 1983 1226 2023 eum
1263 1967 1644 2034 constitutus,
1675 1970 1993 2038 exspectat,

354 2067 492 2120 dum
524 2078 688 2118 sacra
719 2060 1049 2130 precedent,
1082 2073 1262 2129 seque
1305 2057 1553 2112 invicem
1584 2055 1904 2127 imperator
1939 2061 1996 2113 et

350 2150 680 2226 patriarcha
711 2149 972 2204 adorant.

2107 1878 2195 1934 καὶ
2225 1877 2544 1954 ἀπέρχεται,
2578 1873 2697 1933 ἔνθα
2727 1877 2944 1934 ’ίσταται
3011 1881 3072 1936 τὸ
3130 1881 3338 1956 κηρίον,
3375 1881 3505 1958 ὅπερ
3561 1882 3753 1956 μέλλει

2109 1968 2363 2042 βαστάξαι
2396 1969 2465 2035 ⁸³,
2495 1969 2585 2022 καὶ
2634 1968 3040 2038 πλησιάσαντος
3098 1974 3194 2024 τοῦ
3239 1970 3508 2042 βασιλέως
3543 1971 3619 2034 εἷς
3660 1974 3752 2028 τὸν

2103 2058 2294 2126 τόπον,
2351 2057 2402 2111 ἐν
2458 2058 2503 2129 ᾧ
2555 2054 2772 2112 ’ίσταται
2828 2059 2890 2113 τὸ
2949 2060 3144 2130 κηρίον
3205 2059 3392 2129 αὐτοῦ,
3442 2059 3659 2116 ’ίσταται
3720 2067 3754 2134 ἡ

2106 2144 2416 2219 σύγκλητος
2469 2143 2610 2200 ἔνθεν
2669 2145 2936 2214 κάκεῖθεν,
2967 2148 3057 2200 καὶ
3115 2144 3389 2223 διέρχεται
3443 2149 3602 2222 μέσον
3660 2152 3752 2207 αὐ-

343 2246 472 2296 τῶν.
505 2237 605 2293 Καὶ
665 2234 1068 2306 πλησιάσαντος
1097 2237 1165 2308 τῇ
1211 2231 1461 2307 λαμπάδι
1511 2233 1697 2302 αὐτοῦ,
1737 2229 1906 2310 ἤγουν
1943 2238 2022 2306 τῷ
2078 2234 2277 2310 κηρίῳ,
2329 2229 2600 2307 λαμϐάνει
2630 2234 2772 2307 ξαῦτὸ
2832 2236 2859 2291 6
2907 2237 3262 2311 πραιπόσιτο)
3323 2238 3412 2292 καὶ
3472 2237 3759 2296 ἐπιδίδωσι

342 2333 425 2403 τῷ
485 2325 721 2404 βασιλεῖ,
753 2325 842 2378 καὶ
902 2319 1085 2378 λαϐὼν
1131 2321 1283 2390 αὐτὸ,
1333 2320 1485 2387 αὖθις
1537 2321 1881 2400 ὑποστρέφει,
1933 2322 2319 2396 ὀψικευόμενος
2379 2323 2482 2378 ὑπὸ
2529 2327 2637 2378 τῶν
2697 2323 3000 2399 ἀρχόντων,
3061 2325 3150 2380 καὶ
3211 2324 3490 2405 διέρχεται
3542 2329 3757 2384 ὄπισθεν

345 2417 544 2485 αὐτῶν,
587 2413 855 2489 ὀψικεύων
901 2413 968 2467 τὰ
1006 2406 1157 2488 ἅγια,
1202 2411 1292 2466 καὶ
1341 2408 1618 2487 διέρχεται
1677 2408 1765 2465 διὰ
1812 2413 1912 2476 τῆς
1959 2409 2225 2478 σωλαίας,
2275 2412 2363 2466 καὶ
2410 2417 2518 2466 τῶν
2566 2411 2729 2486 ἁγίων
2782 2417 2956 2486 θυρῶν
2998 2411 3238 2484 πλησίον
3285 2414 3594 2491 γενόμενος,
3636 2417 3752 2473 ἐπι-

345 2505 538 2563 δίδωσι
594 2504 656 2558 τὸ
711 2501 904 2578 κηρίον
943 2503 988 2539 “
1033 2505 1112 2573 τῷ
1161 2500 1528 2575 πραιποσίτῳ,
1576 2501 1604 2554 6
1664 2496 1721 2554 δὲ
1761 2499 2122 2575 πραιπόσιτος
2175 2501 2387 2571 τίθησιν
2448 2499 2578 2555 αὐτὸ
2635 2499 2818 2556 ἐπάνω
2872 2502 2972 2571 τῆς
3031 2502 3295 2573 σωλαίας,
3353 2503 3586 2576 πλησίον
3643 2511 3750 2562 τῶν

345 2595 516 2672 ἁγίων
565 2597 766 2668 θυρῶν,
797 2591 888 2646 καὶ
931 2589 1166 2660 πλησίον
1219 2590 1386 2646 αὐτοῦ
1436 2590 1604 2651 ἑστὼς
1663 2590 1691 2644 ὁ
1741 2586 2017 2663 βασιλεὺς,
2049 2586 2328 2664 ἐκδέχεται
2384 2588 2581 2662 ἐκεῖσε,
2609 2586 2717 2652 ἕως
2764 2588 2822 2645 ἂν
2871 2589 3128 2656 διέλθωσι
3178 2593 3246 2648 τὰ
3275 2595 3529 2670 ἅγια,καὶ
3578 2617 3750 2670 προσ·

345 2689 592 2741 κυνοῦσιν
624 2682 924 2760 ἀμφότεροι
955 2677 1265 2750 ἀλλήλους,
1290 2679 1319 2732 ὅ
1356 2699 1416 2733 τε
1449 2676 1704 2754 βασιλεὺς
1732 2678 1823 2733 καὶ
1855 2678 1882 2732 6
1916 2679 2286 2754 πατριάρχης.

419 2775 488 2834 V.
523 2774 625 2832 Ille
637 2789 838 2830 rursus
850 2772 923 2828 ad
943 2771 1316 2826 metatorium
1331 2769 1469 2835 abit,
1487 2774 1692 2825 etcum
1711 2768 1996 2825 solemnia

349 2865 550 2922 oscula
597 2859 995 2934 impertienda
1042 2862 1200 2927 sunt,
1235 2874 1440 2914 rursus
1471 2858 1615 2926 abit,
1647 2865 1702 2914 et
1747 2856 1995 2930 patriar-

355 2954 548 3021 cham,
581 2949 1000 3023 metropolitas,
1032 2948 1353 3021 episcopos,
1387 2948 1686 3018 praefectos
1715 2947 1994 3014 ecclesia,

353 3053 408 3102 et
438 3043 700 3110 clericos,
735 3039 838 3112 qui
886 3056 988 3112 pro
1021 3054 1181 3094 more
1225 3038 1492 3094 osculum
1527 3039 1598 3093 ab
1649 3040 1994 3106 imperatore

2177 2769 2250 2826 E'.
2283 2770 2604 2848 Ἀπέρχεται
2653 2769 2820 2826 πάλιν
2862 2772 2890 2826 6
2933 2769 3192 2847 βασιλεὺς
3241 2774 3317 2836 εἰς
3373 2773 3435 2829 τό
3498 2778 3750 2848 μητατώ-

2106 2874 2244 2931 ρεον·
2278 2858 2440 2926 ἡνίκα
2485 2855 2542 2913 δὲ
2590 2857 2787 2934 ἐγγίσει
2824 2861 2852 2915 6
2893 2859 3202 2935 ἀσπασμὸς,
3235 2860 3508 2938 ἐξέρχεται
3557 2865 3746 2935 πάλιν,

2103 2946 2192 3000 καὶ
2244 2946 2493 3003 ἀπελθὼν
2550 2947 2841 3018 ἀσπάζεται
2892 2951 2985 3005 τὸν
3041 2951 3409 3026 πατριάρχην,
3463 2975 3748 3025 μητροπο-

2105 3033 2258 3097 λίτας
2286 3057 2345 3092 τε
2381 3036 2472 3091 καὶ
2504 3036 2832 3099 ἐπισκόπους
2872 3037 3144 3114 ἄρχοντάς
3179 3061 3238 3095 τε
3285 3048 3385 3110 τῆς
3419 3043 3746 3112 Ἐκκλησίας

354 3133 667 3204 accipiunt,
698 3144 858 3200 mque
880 3145 947 3184 ac
967 3128 1076 3183 tria
1105 3127 1463 3199 baptisteria,
1486 3127 1809 3195 osculatur,
1843 3132 1899 3182 et
1927 3143 1993 3182 eo

2106 3125 2190 3179 καὶ
2223 3124 2521 3199 κληρικοὺς
2551 3126 2677 3188 τοὺς
2711 3126 2759 3196 ἐξ
2793 3125 2944 3190 ἔθους
2989 3128 3399 3202 ἀσπαζομένους
3441 3131 3532 3187 τὸν
3590 3133 3744 3206 βασι-

349 3224 498 3293 loco,
531 3221 633 3279 ubi
658 3235 882 3293 agapen
915 3219 1255 3290 proceribus
1286 3219 1630 3274 distribuere
1662 3219 1827 3283 solet,
1847 3233 1984 3272 con-

348 3313 614 3377 stitutus,
647 3307 899 3382 patricii,
932 3308 1172 3378 strategi
1204 3312 1261 3362 et
1307 3305 1614 3362 domestici
1664 3306 1987 3376 primisque

2098 3211 2216 3283 λέα,
2249 3213 2458 3281 ὁμοίως
2525 3215 2615 3269 καὶ
2673 3215 2793 3290 τρία
2841 3238 3186 3296 φωτισματα,
3236 3219 3326 3273 καὶ
3381 3221 3604 3282 στάντος
3649 3227 3746 3277 τοῦ

2100 3299 2366 3376 βασιλέως
2399 3301 2450 3357 έν
2498 3309 2576 3376 τῷ
2629 3305 2806 3376 τόπῳ,
2838 3303 2890 3358 ἐν
2925 3307 2969 3377 ᾦ
3012 3305 3244 3361 ε’ίθισται
3304 3307 3462 3363 αὐτὸν
3517 3311 3747 3366 πάντοτε

2096 3387 2303 3445 διδόναι
2352 3392 2450 3460 τήν
2500 3391 2712 3465 ἀγάπην
2785 3398 2903 3456 τοῖς
2957 3393 3248 3469 ἄρχουσιν,
3292 3396 3634 3473 εἰσέρχονται
3693 3403 3742 3454 οἱ

2094 3479 2391 3554 πατρίκιοι,
2425 3481 2722 3557 στρατηγοί
2770 3503 2828 3536 τε
2881 3483 2970 3536 καὶ
3019 3481 3356 3556 δομέστικοι,
3414 3487 3504 3541 καὶ
3564 3489 3616 3542 οἱ
3676 3491 3740 3544 τὰ

2092 3574 2282 3641 πρῶτα
2335 3569 2557 3648 ὀφφίκια
2593 3566 2937 3647 κατέχοντες,
2971 3573 3022 3626 οἱ
3071 3571 3357 3651 δήμαρχοι
3415 3575 3504 3632 καὶ
3564 3578 3591 3632 ὁ
3639 3585 3737 3647 τῆς

2090 3657 2483 3722 καταστάσεως,
2517 3655 2738 3721 ἅπαντες
2773 3655 2830 3714 δὲ
2859 3661 3006 3714 οὗτοι
3041 3662 3178 3716 κατὰ
3215 3664 3309 3726 τὰς
3360 3660 3496 3726 ἰδίας
3557 3665 3733 3720 αὐτῶν

2089 3747 2262 3817 τάξεις
2316 3752 2757 3821 προσκυνοῦντες,
2828 3749 3153 3819 ἀσπάζονται
3202 3754 3292 3806 καὶ
3347 3752 3592 3809 ’ἰστανται
3659 3754 3734 3816 εἰς

2090 3847 2184 3899 τας
2235 3833 2374 3900 ἰδίας
2423 3837 2599 3891 αὐτῶν
2642 3838 2818 3908 τάξεις
2857 3859 2913 3894 τε
2953 3840 3042 3894 καὶ
3100 3841 3310 3903 στάσεις
3355 3841 3500 3906 ἔνθεν
3553 3843 3741 3899 κάκεῖ-

2092 3945 2169 3995 σε,
2202 3926 2290 3979 καὶ
2342 3926 2474 3998 μετὰ
2519 3927 2580 3981 τὸ
2619 3926 2954 3991 ἀσπάσασθαι
2990 3929 3083 3985 τὸν
3122 3928 3348 4005 βασιλέα
3379 3932 3582 3996 πάντας
3610 3933 3738 3996 τοῦς

2090 4013 2516 4090 προῤῥηθέντας,
2559 4021 2954 4091 προσκυνοῦσιν
3010 4021 3308 4098 ἀμφότεροι
3373 4019 3659 4092 ἀλλήλους
3709 4022 3739 4077 6'

2088 4126 2146 4160 τε
2199 4103 2452 4175 βασιλεὺς
2502 4105 2590 4159 καὶ
2641 4107 2668 4160 6
2726 4108 3097 4182 πατριάρχης.
3133 4107 3303 4164 Πάλιν
3364 4110 3659 4189 ἀπέρχεται
3711 4113 3738 4167 ὁ

2095 4194 2350 4270 βασιλεὺς
2382 4195 2456 4256 είς
2487 4196 2548 4250 τὸ
2585 4199 2955 4272 μητατώριον,
2985 4197 3073 4251 καὶ
3104 4205 3205 4267 τῆς
3254 4199 3399 4262 θείας
3456 4201 3738 4263 κοινωνίας

2089 4279 2525 4354 καταλαϐούσης,
2554 4283 2581 4337 6
2611 4287 2712 4352 τῆς
2741 4286 3115 4347 καταστάσεως
3163 4284 3329 4356 δηλοῖ
3375 4293 3454 4359 τῷ
3486 4308 3736 4360 πραιπο-

2089 4373 2242 4447 σίτῳ,
2280 4375 2368 4428 καὶ
2425 4375 2452 4427 6
2513 4373 2874 4447 πραιπόσιτος
2911 4379 2990 4445 τῷ
3042 4375 3280 4449 βασιλεῖ,
3326 4377 3414 4430 καὶ
3459 4374 3737 4452 ἐξέρχεται

2091 4461 2515 4538 δηριγευόμενος
2559 4463 2661 4516 ὑπὸ
2710 4467 2817 4516 τῶν
2868 4463 3308 4537 προειρημένων,
3353 4463 3444 4518 καὶ
3501 4463 3738 4537 πλησίον

345 3400 555 3460 ofﬁciis
584 3397 1058 3466 admoli,tribuni
1091 3396 1412 3452 factionum
1434 3400 1491 3450 et
1519 3394 1984 3461 cerimoniarius,

343 3507 549 3549 omnes
580 3489 784 3546 ordine
815 3487 1364 3554 suo,adorant,eum
1395 3483 1736 3539 osculantur
1761 3499 1985 3554 suoque

341 3581 401 3637 in
436 3581 559 3636 loco
581 3583 639 3635 et.
668 3577 920 3634 statione
947 3577 1020 3631 ab
1044 3581 1291 3648 utroque
1322 3573 1498 3629 latere
1523 3577 1799 3638 astant,et
1830 3577 1988 3644 post-

344 3686 519 3742 quam
551 3668 690 3723 dicti
723 3681 925 3722 omnes
959 3665 1370 3736 imperatorem
1404 3661 1646 3742 osculali
1681 3670 1837 3730 sunt,
1862 3663 1985 3732 ipse

345 3765 404 3815 et
449 3755 780 3830 patriarcha
826 3771 890 3810 se
929 3735 1176 3808 invicem
1225 3735 1470 3807 adorant
1519 3755 1576 3807 et
1624 3750 1979 3808 osculantur.

345 3848 565 3907 Deinde
613 3845 929 3917 imperator
977 3858 1183 3897 rursus
1213 3841 1284 3896 ad
1336 3842 1698 3896 metatorium
1749 3840 1888 3905 abit,
1929 3844 1986 3896 ct

347 3937 542 3994 divina
572 3933 982 3992 communione
1004 3929 1985 4002 apprOpinquante,cerimouiarius

347 4025 744 4100 praepositum,
805 4020 1152 4094 praepositus
1225 4019 1638 4091 imperatorem
1688 4021 1978 4085 admonet,

347 4117 447 4188 qui
488 4133 522 4172 a
551 4115 720 4170 dictis
752 4111 998 4183 stipatus
1027 4114 1084 4166 et
1123 4124 1300 4181 prope
1332 4107 1720 4179 patriarcham
1754 4107 1981 4162 consti-

345 4211 528 4272 tutus,
563 4208 625 4258 ut
654 4201 804 4257 sacri
838 4198 1096 4272 corporis
1122 4202 1179 4252 et
1209 4195 1518 4266 sanguinis
1553 4194 1775 4251 Domini
1805 4196 1983 4251 nostri

339 4297 476 4349 Jesu
511 4291 724 4349 Christi
757 4291 1049 4362 particeps
1082 4288 1203 4353 ﬁat,
1236 4287 1352 4340 duo
1383 4285 1602 4341 ostiarii
1634 4285 1981 4341 dominicale

336 4381 637 4439 evolutum
689 4383 907 4445 tenent,
951 4379 1074 4449 ipse
1107 4376 1381 4431 manibus
1432 4374 1555 4429 suis
1585 4377 1978 4432 venerandum

333 4474 551 4528 donum
587 4467 900 4540 accipiens,
933 4465 1236 4522 osculatur
1268 4464 1677 4536 patriarcham,
1711 4472 1764 4519 et
1795 4483 1826 4519 a
1858 4465 1978 4537 pul-

328 4563 449 4634 pito
480 4557 844 4615 descendens
876 4555 1056 4627 idque
1079 4560 1166 4608 ter
1193 4568 1366 4609 cruce
1388 4552 1978 4624 signans,communi-

2106 4559 2178 4608 τοῦ
2231 4553 2576 4627 πατριάρχου
2607 4552 2898 4626 γενόμενος
2953 4555 3094 4628 πρὸς
3148 4556 3210 4610 τὸ
3262 4564 3590 4627 κοινωνῆσαι
3640 4563 3735 4614 τοῦ

328 4654 441 4706 cat.
474 4649 568 4704 Sic
599 4647 670 4702 ad
703 4645 855 4701 idem
890 4643 1179 4715 pulpitum
1212 4642 1496 4705 ascendit,
1529 4644 1751 4699 ostiarii
1784 4643 1974 4699 domi-

2106 4643 2360 4716 ὶχράντου
2428 4642 2684 4713 σώματος
2755 4642 2846 4696 καὶ
2924 4641 3153 4716 α’ίματος
3208 4647 3323 4718 (85)
3377 4651 3475 4701 τοῦ
3533 4648 3734 4722 Κυρίου

328 4736 520 4794 nicale
550 4733 934 4801 revolvunt,et
961 4747 1127 4788 sacro
1148 4731 1281 4786 vino
1312 4747 1345 4785 a
1366 4731 1698 4802 patriarcha
1717 4741 1972 4804 accepto,

2106 4731 2246 4800 ᾓμῶν
2270 4728 2450 4797 Ἰησοῦ
2483 4728 2748 4801 Χριστοῦ,
2793 4729 3051 4802 κρατοῦσι
3081 4727 3176 4785 δύο
3211 4729 3479 4809 ὀστιάριοι
3518 4729 3738 4805 δουμνι-

331 4827 471 4895 abit,
513 4834 568 4882 et.
616 4827 931 4896 postquam
983 4828 1252 4893 precatus
1301 4824 1412 4886 est,
1462 4836 1523 4876 se
1573 4820 1820 4878 invicem
1870 4823 1975 4877 ad-

2106 4816 2273 4872 ιάλιον
2309 4819 2421 4890 (86)
2451 4815 2810 4891 ἠπλωμένον,
2845 4821 2934 4875 καὶ
2968 4817 3258 4896 δεξάμενος
3298 4823 3360 4879 τὸ
3407 4821 3590 4897 τίμιον
3624 4821 3733 4878 δῶ-

1696 4945 1941 5001 νΑιιιιΕ
1981 4943 2277 5002 LECTION
2288 4942 2366 4997 ES

401 5063 442 5109 ιί
474 5059 541 5115 τὰ
571 5056 666 5113 δύο
710 5056 830 5130 ἱερὰ
860 5075 984 5111 ποτ.
1017 5054 1106 5109 καὶ
1136 5051 1262 5115 τοὺς
1295 5050 1389 5109 δύο
1423 5055 1577 5126 conj.
1611 5055 1676 5112 Β.
1753 5053 1800 5088 ⁸³
1832 5053 2092 5127 βαστάσαι
2124 5051 2214 5109 ed.
2292 5051 2340 5086 ⁸³
2371 5050 2448 5104 τὼ
2480 5051 2658 5126 κηρίω
2698 5055 2825 5110 cod.

1373 5173 1568 5230 JOAN.
1610 5173 1759 5229 JAC.
1802 5173 2052 5229 REISKII
2091 5170 2677 5229 COMMENTARIUS.

2077 5297 2232 5379 inter
2278 5296 2506 5379 codices
2552 5299 2830 5379 Crasserii
2879 5301 3271 5359 Leodiccnsie.
3329 5301 3729 5379 Depictus‘ibi

2078 5367 2406 5439 patriarcha
2452 5368 2784 5434 imperatori
2832 5387 3056 5428 sacram
3101 5367 3571 5430 communiénem
3619 5373 3730 5430 im-

2076 5441 2354 5512 pertiens.
2393 5457 2446 5508 p.
2479 5440 2655 5512 603.]'

2149 5511 2260 5582 (86)
2318 5517 2566 5587 Apparet
2597 5511 2722 5568 esse
2773 5513 3071 5587 sudarium
3123 5515 3214 5570 vel
3267 5531 3566 5587 mappam.
3618 5533 3729 5586 quo

2076 5599 2307 5657 sacrum
2350 5581 2564 5657 Christi
2615 5600 2825 5654 corpus
2876 5586 3139 5657 excipere
3168 5592 3225 5643 et
3272 5581 3470 5644 secum
3503 5581 3728 5646 deferre

2077 5655 2316 5712 domum
2373 5653 2640 5711 solebant
2686 5653 3211 5714 communicantes.
3246 5657 3368 5723 Quo
3399 5660 3470 5717 de
3518 5661 3633 5716 ritu
3666 5677 3726 5716 ν.

396 5306 509 5377 (85)
547 5305 675 5378 '[De
721 5299 1309 5378 communione‘sub
1341 5307 1584 5378 utraque
1633 5307 1685 5353 et
1711 5298 1967 5378 quando

319 5370 599 5448 abrogata
633 5375 805 5448 fuerit
837 5390 884 5430 ν.
935 5388 1066 5443 pag.
1099 5371 1333 5448 6:3_0rd.
1370 5371 1534 5448 Rem.
1577 5370 1861 5448 pontitiex
1885 5375 1969 5448 __et

319 5465 414 5505 rex
437 5440 686 5504 Francia:
710 5440 1210 5518 prirentens'egnble
1229 5443 1300 5497 du
1321 5445 1453 5518 pain
1479 5445 1528 5496 et
1553 5442 1622 5494 du
1645 5440 1741 5518 ινὶη
1761 5442 1967 5518 Δὺέηίιδ.

315 5526 598 5592 Mezeray,
631 5512 874 5585 Abrégé,
911 5532 966 5586 p.
1001 5515 1125 5592 325.
1163 5512 1460 5592 Kthqjtiop
1493 5513 1722 5592 veteris,
1761 5514 1967 5592 in‘quo

315 5583 610 5668 habentﬁr
658 5583 868 5668 preces
904 5583 1173 5668 quaedam
1190 5585 1264 5668 _in
1311 5584 1570 5668 Ecclesia
1762 5584 1963 5668 solitae,

317 5663 632 5738 descriptio
659 5655 870 5720 'exstat
919 5655 975 5712 in
1026 5657 1439 5712 Montfauconii
1489 5655 1766 5714 Biblioth.
1822 5656 1963 5714 Mss.
