4158 6212
385 390 502 449 369

1229 387 1328 444 DE
1373 383 1825 445 CEllIMONllS
1887 386 2118 448 AUL/E
2164 387 2632 448 BYZANTlN/E
2681 390 2822 450 LIB.
2868 387 2918 446 1.

3669 380 3788 438 3Ἰο

383 543 476 595 ρον
534 521 584 573 ἐν
644 522 762 580 ταῖς
805 516 992 595 χερσὶν
1038 516 1227 587 αὐτοῦ,
1268 514 1561 584 ἀσπάζεται
1611 538 1702 570 τον
1752 517 2023 590 πατριάρ-

2142 526 2331 577 orant.
2353 521 2571 576 Deinde
2595 536 2883 589 reversus,
2903 513 3624 585 melatoriumintrat,etibi
3647 528 3783 570 cum

379 629 513 686 χην,
545 611 635 664 καὶ
691 608 754 661 τὸ
811 604 1121 661 πούλπιτου
1179 602 1459 660 κατελθὼν
1493 608 1539 642 ⁸³
1595 605 1684 659 καὶ
1734 605 2026 682 σφραγίσας

379 699 439 754 ἐκ
467 700 678 772 τρίτου,
705 703 956 752 κοινωνεῖ
991 698 1057 752 τὸ
1092 696 1246 772 ἅγιον
1282 693 1479 770 δῶρον.
1509 696 1622 760 Εἶθ’
1673 697 1849 758 οὕτως
1883 697 2034 771 ἂνέρ-

379 807 536 863 χεται
567 789 630 843 τὸ
660 787 790 842 αὐτὸ
819 784 1150 852 πούλπιτον,
1180 785 1268 839 καὶ
1329 784 1667 863 ὑφαπλοῦσιν
1728 786 1783 839 οἱ
1851 785 2034 840 ὀστιά-

377 898 487 954 ριοι
543 878 606 933 τὸ
665 874 1058 949 δουμνικάλιον
1120 875 1400 944 ὑποκάτω,
1460 875 1547 929 καὶ
1602 868 1784 928 λάϐὼν
1836 875 1899 929 τὸ
1939 879 2032 929 νᾶ-

379 970 528 1040 μα⁶⁸
575 969 689 1040 (87)
739 967 883 1039 παρὰ
929 969 1026 1020 τοῦ
1083 965 1455 1043 πατριάρχου,
1535 962 1883 1042 κατέρχεται,
1941 964 2030 1019 καὶ

378 1057 670 1130 εὐξάμενος
728 1058 1122 1130 προσκυνοῦσιν
1182 1054 1486 1132 ἀμφότεροι
1544 1051 1855 1124 ἀλλήλους,
1915 1054 2033 1110 εἶτα

375 1143 684 1218 ὑποστρέψαι
743 1141 1045 1216 εἰσέρχεται
1105 1141 1182 1203 εἰς
1249 1143 1312 1196 τὸ
1385 1141 1734 1215 μητατώριον
1784 1146 1874 1194 καὶ
1903 1161 2033 1215 κρα-

379 1237 591 1306 ματίζει
627 1231 762 1304 μετά
800 1237 908 1286 τῶν
949 1231 1253 1304 πατρικίων
1312 1230 1403 1284 καὶ
1453 1229 1661 1285 λοιπῶν
1720 1229 2026 1304 ἀρχόντων,

375 1321 472 1383 οὕς
503 1323 562 1375 ἅν
595 1319 845 1395 κελεύσῃ·
890 1321 1020 1378 Εἶτα
1063 1314 1457 1396 περιϐάλλεται
1517 1316 1609 1373 διά
1663 1323 1767 1372 τῶν
1831 1320 2024 1394 βεστη-

375 1410 551 1486 τύρων
581 1413 683 1480 τήν
707 1407 942 1486 χλανίδα
972 1410 1163 1482 αὐτοῦ,
1213 1409 1302 1464 καὶ
1341 1407 1552 1464 κελεύει
1601 1412 1681 1480 τῷ
1737 1408 2024 1481 πραιποσί-

376 1519 456 1572 τῳ
507 1497 977 1573 προσκαλέσασθαι
1033 1496 1126 1553 τὸν
1186 1497 1553 1572 πατριάρχην,
1611 1496 1701 1550 καὶ
1751 1494 2024 1571 διέρχεται

371 1588 507 1661 μετά
532 1593 628 1644 ττῦ
662 1586 932 1664 βασιλέως
969 1585 1078 1651 ἕως
1120 1592 1222 1642 τοῦ
1261 1586 1454 1663 Ἀγίου
1493 1587 1758 1660 Φρέατος,
1809 1586 2024 1642 κάκεῖσε

368 1679 587 1740 στάντος
634 1682 732 1733 τοῦ
792 1676 1083 1752 βασιλέως,
1136 1674 1321 1745 κράζει
1366 1674 1653 1750 ὁόίργυρος
1673 1673 1800 1737 τοὺς
1832 1675 2023 1731 εἰωθό-

2140 610 2402 680 patriciis
2433 617 2490 666 et
2519 610 2760 682 reliquis
2783 608 3068 665 ministris
3094 604 3434 680 quosjussit
3457 602 3783 660 convivium

2146 699 2418 756 celebrat.
2453 700 2661 755 Postea
2690 699 2893 754 tunica
2920 715 3028 754 sua
3056 715 3090 754 a
3119 695 3494 753 vestitoribus
3524 692 3788 758 indutus,

2146 790 2541 860 praepositum,
2584 793 2648 844 ut
2677 787 3076 861 patriarcham
3118 787 3378 854 advocet,
3403 784 3589 855 jubet,
3618 781 3791 854 isque

2143 894 2273 934 cum
2310 878 2640 948 patriarcha
2671 878 2742 933 ad
2776 878 3056 934 Sanctum
3103 876 3348 933 Puteum
3375 873 3516 942 abit,
3547 870 3648 926 ubi
3669 872 3784 927 im-

2141 976 2402 1038 peratore
2433 968 2770 1035 constituto,
2803 967 3177 1040 argentarius
3204 981 3326 1032 eos,
3358 961 3460 1035 qui
3489 977 3632 1018 auro
3665 961 3790 1031 ple-

2142 1072 2248 1112 nas
2293 1073 2602 1113 crumenas
2646 1056 2906 1128 accipere
2953 1057 3164 1122 solent,
3217 1053 3458 1110 indicat.
3500 1051 3602 1108 80
3632 1049 3788 1115 Quas

2138 1163 2207 1203 ex
2221 1147 2538 1218 argentarii
2563 1163 2735 1202 manu
2757 1143 3408 1218 acceptas,prepositus
3425 1141 3786 1212 imperatori,

2139 1235 2191 1290 is
2223 1252 2370 1307 quos
2392 1236 2759 1308 argentarius
2791 1236 3020 1303 recitat,
3051 1233 3254 1304 tradit,
3281 1236 3488 1289 etcum
3519 1229 3674 1285 intra
3694 1243 3788 1284 ve-

2136 1324 2260 1380 lum
2291 1341 2425 1381 cum
2457 1325 2744 1397 praefectis
2767 1325 3037 1381 cubiculo
3059 1324 3358 1396 ingressus
3377 1323 3489 1389 est,
3512 1317 3788 1392 pmposi-

2139 1417 2235 1470 tus
2264 1430 2535 1470 coronam
2558 1415 2898 1486 patriarchae
2921 1414 3122 1482 tradit,
3152 1412 3255 1484 qui
3284 1427 3414 1467 eam
3444 1407 3784 1480 imperatori

2137 1503 2409 1574 imponit,
2443 1509 2646 1575 postea
2675 1504 2788 1576 ipsi
2822 1520 3029 1576 panem
3063 1501 3431 1558 benedictum
3463 1498 3650 1562 olfert,
3677 1513 3780 1568 pro

2135 1608 2248 1662 quo
2264 1592 2694 1664 apocombium,
2716 1610 2749 1647 a
2763 1592 3071 1665 praposito
3086 1609 3153 1648 su
3165 1595 3418 1664 mptum,
3438 1585 3782 1662 patriarcha

2136 1681 2336 1747 donat,
2369 1681 2462 1736 hic
2491 1681 2605 1752 ipsi
2636 1681 2977 1737 sufﬁmenta
3006 1681 3126 1739 dat.

365 1794 461 1835 τας
519 1768 817 1847 λαμϐάνειν
877 1775 944 1830 τά
1001 1778 1181 1848 χρυσᾶ
1242 1770 1581 1832 Βαλαντίδια.
1633 1771 1689 1825 '0
1738 1771 1828 1828 οῦν
1887 1773 2247 1847 πραιπόσιτος
2296 1770 2594 1849 λαμϐάνων
2626 1775 2686 1831 ἐκ
2715 1780 2812 1832 τοῦ
2870 1775 3104 1851 ἀργύρου
3159 1777 3226 1831 τά
3286 1770 3628 1848 βαλαντίδια,
3661 1772 3778 1827 lm-

364 1859 551 1919 δίδωσι
582 1865 660 1936 τῷ
692 1862 926 1938 βασιλεῖ,
977 1864 1004 1917 6
1063 1860 1120 1916 δὲ
1191 1861 1447 1936 βασιλεὺς
1505 1859 1747 1934 δίδωσιν,
1792 1865 1887 1925 οὕς
1919 1864 2105 1934 κράζει
2146 1866 2174 1920 6
2221 1863 2481 1940 ἄργυρος,
2532 1867 2622 1921 καὶ
2660 1865 2919 1922 εἰσελθὼν
2969 1863 3120 1922 ἔνδον
3167 1869 3263 1922 τοῦ
3299 1864 3480 1940 βήλου
3514 1863 3648 1936 μετά
3665 1865 3774 1918 τῶν

357 1959 456 2010 τοῦ
511 1951 905 2011 κουϐουκλείου
963 1953 1274 2028 ἀρχόντων,
1334 1951 1647 2008 ἐπιδίδωσιν
1707 1956 1734 2008 ὁ
1800 1957 2162 2030 πραιπόσιτος
2214 1958 2278 2012 τὸ
2335 1957 2550 2030 στέμμα
2615 1963 2699 2031 τῷ
2748 1958 3089 2034 πατριάρχῃ,
3143 1957 3392 2017 κάκεῖνος
3453 1954 3632 2033 στέφει
3675 1954 3770 2008 τὸν

360 2043 614 2119 βασιλέα,
654 2043 743 2098 καί
781 2045 872 2099 εἶθ’
932 2045 1108 2105 οὕτως
1157 2041 1469 2098 ἒπιδίδωσιν
1529 2044 1556 2098 6
1625 2044 1969 2120 πατριάρχης
2038 2043 2288 2120 εὐλογίας
2336 2046 2414 2119 τῷ
2456 2049 2695 2122 βασιλεῖ,
2755 2049 2862 2103 εἶεα
2900 2043 3086 2103 λαϐὼν
3142 2049 3170 2103 6
3211 2045 3467 2122 βασιλεὺς
3497 2044 3644 2121 παρά
3671 2046 3768 2099 τοῦ

358 2132 725 2208 πραιποσίτου
760 2133 1125 2208 ἀποκόμβιον,
1158 2129 1470 2187 ἀντιδίδωσι
1500 2137 1579 2203 τῷ
1608 2133 1943 2208 πάτριάρχῃ,
1977 2135 2006 2187 6
2040 2131 2098 2189 δὶ
2127 2135 2476 2211 πατριάρχης
2507 2133 2818 2192 ἀντιδίδωσι
2847 2141 2926 2209 τῷ
2960 2135 3178 2212 βασιλεῖ
3208 2135 3458 2191 ἀλειπτά.

439 2223 499 2291 ς’.
553 2223 656 2278 Καὶ
704 2220 991 2292 ἀλλήλους
1050 2221 1442 2295 ἀσπασάμενοι,
1476 2220 1749 2296 ἐξέρχεται
1791 2223 1818 2276 6
1853 2222 2013 2296 βασι·

2192 2224 2290 2280 νι.
2324 2227 2463 2281 Post
2512 2231 2714 2282 mutua
2758 2227 2957 2283 oscula
3006 2228 3319 2298 imperator
3345 2240 3639 2298 egressus,
3671 2237 3770 2278 ex-

369 2309 499 2373 λεῦς
528 2311 616 2365 καὶ
647 2309 862 2366 ’ίσταται
894 2309 994 2384 ἔξω
1023 2317 1124 2380 τῆς
1159 2309 1341 2381 πύλης
1381 2315 1481 2365 τοῦ
1528 2310 1715 2387 Ἀγίου
1769 2311 2012 2386 Φρέατος

354 2407 456 2469 τῆς
514 2399 809 2475 ἐξαγούσης
860 2400 935 2462 εἷς
993 2404 1081 2454 τὸν
1123 2395 1386 2472 ἔμϐολον,
1418 2400 1634 2456 κάκεῖσε
1665 2397 1881 2476 δέχεται
1913 2401 2014 2456 αύ-

356 2489 448 2544 τὸν
477 2489 540 2544 τὸ
575 2489 739 2564 μέρος
765 2493 872 2544 τῶν
925 2481 1186 2556 Βενέτων,
1241 2493 1538 2564 φοροῦντος
1587 2494 1682 2544 τοῦ
1714 2488 2009 2565 δημάρχου

359 2574 595 2657 χλανίδα
617 2577 862 2646 Βὲνετον,
893 2578 985 2632 καὶ
1033 2577 1457 2652 ἀκτολογοῦσιν,
1509 2577 1584 2641 ὠς
1635 2577 1864 2643 εἷ’θισται
1911 2579 2008 2633 αύ-

358 2673 495 2735 τοῖς,
553 2667 926 2748 εὐφημοῦντες
981 2668 1070 2723 τὸν
1133 2667 1387 2742 βασιλέα,
1445 2667 1653 2741 ὁμοίως
1704 2669 1793 2723 καὶ
1825 2669 1880 2723 οἱ
1910 2672 2007 2724 τοῦ

364 2761 661 2832 περατικοῦ
709 2755 892 2830 δήμου
949 2754 1292 2831 δημοκράται
1352 2755 1442 2811 καὶ
1503 2757 1531 2811 6
1582 2754 1871 2832 δήμαρχος
1900 2761 2007 2812 τῶν

359 2849 641 2922 Πρασίνων
699 2852 860 2904 τοῦτο
917 2846 1196 2903 ἐκτελοῦσι
1246 2848 1384 2902 κατά
1440 2849 1541 2915 τήν
1601 2848 1746 2916 τάξιν
1802 2847 2003 2903 αὐτῶν.

358 2935 594 2991 Κ⁸ΤΘ
681 2934 756 2992 δ’
990 2934 1069 2992 δ’
1194 2939 1324 2974 ⁸⁶”’
1498 2936 1566 2991 λ’
1705 2933 1914 2990 “”ἐ

402 2957 456 2991 αι
495 2957 562 2991 α.)
603 2957 648 2998 ις
719 2956 957 3012 ιερχεται
1025 2958 1080 2991 ια
1107 2957 1166 2992 τε
1257 2958 1365 2992 των
1387 2956 1492 3012 σχο
1535 2958 1608 2990 ων
1632 2957 1722 2991 και
1753 2958 1860 2992 των
1919 2956 2009 2990 κσ-

357 3020 649 3097 κουϐίτων,
678 3024 894 3081 κάκεῖσε
919 3025 1136 3080 ἳσταται
1181 3027 1215 3094 ἡ
1278 3025 1585 3100 σύγκλητος
1637 3024 1688 3079 ἐν
1746 3029 1825 3096 τῷ
1881 3045 2006 3080 κον-

359 3113 652 3189 σιστωρίῳ,
683 3113 940 3190 λέγουσα.
965 3138 994 3166 ‹‹
1025 3114 1120 3176 Εἰς
1150 3111 1398 3178 πολλοὺς
1443 3113 1533 3168 καὶ
1586 3111 1822 3190 ἀγαθοὺς
1871 3113 2008 3190 χρό-

359 3224 514 3272 νους,
544 3228 573 3256 ››
594 3204 681 3258 καὶ
716 3206 971 3277 μένουσιν
1003 3203 1194 3274 ἐκεῖσε,
1227 3203 1305 3266 εἰς
1337 3201 1393 3258 δὲ
1438 3203 1531 3258 τὸν
1563 3200 1799 3258 ὀνόποδα
1859 3201 2008 3277 μένει

359 3293 387 3348 6
433 3299 533 3362 τῆς
581 3294 955 3357 καταστάσεως
1012 3294 1147 3368 μετά
1197 3291 1578 3367 σιλεντιαρίων
1633 3289 2007 3368 ὑπερευχόμε-

357 3403 440 3437 νοι
498 3383 586 3438 καὶ
645 3382 800 3439 αὐτοὶ
856 3385 947 3440 τὸν
1011 3381 1259 3458 βασιλέα.
1292 3383 1355 3438 Οἱ
1415 3380 1472 3437 δὲ
1517 3382 1794 3456 πατρίκιοι
1831 3382 1920 3437 καὶ
1953 3383 2006 3437 οἱ

357 3472 650 3547 στρατηγοὶ
676 3471 918 3529 *ίστανεαι
951 3471 1028 3536 εἷς
1073 3473 1136 3527 τὸ
1183 3471 1387 3541 στενὸν,
1436 3473 1646 3545 ὁμοιως
1705 3472 2010 3550 ὑπερευχό-

362 3581 539 3636 μενοι,
589 3560 772 3636 ὥσπερ
822 3564 856 3632 ἡ
914 3560 1247 3638 σύγκλητος,
1333 3562 1421 3616 καὶ
1500 3563 1744 3634 μὲνουσιν
1813 3559 2004 3617 ἐκεῖσε.
2041 3593 2085 3662 C

355 3654 471 3705 Τῶν
501 3647 558 3706 δὶ
585 3655 681 3706 τοῦ
710 3645 1114 3706 κουϐουκλείου
1171 3648 1521 3706 εἰσελθόντων
1561 3651 1638 3712 εἰς
1677 3651 1768 3704 τὸν
1813 3649 2010 3724 αύγου-

355 3740 480 3796 στέα
534 3742 624 3796 καὶ
691 3742 925 3798 στάντων
981 3739 1138 3812 δίκην
1187 3740 1286 3798 τοῦ
1344 3748 1386 3797 Π
1441 3741 1744 3816 στοιχείου,
1790 3741 2006 3796 καὶτοῦ

360 3829 629 3905 βασιλέως
662 3832 1027 3898 εἰσελθόντος,
1070 3833 1268 3894 εὐθέως
1309 3832 1361 3886 αἱ
1397 3829 1631 3908 μεγάλαι
1683 3828 1854 3886 πύλαι
1910 3829 2009 3885 τοῦ

356 3919 700 3998 αὐγουστὲως
742 3919 1156 4000 ἀσφαλίζονται,
1187 3919 1277 3975 καὶ
1329 3914 1512 3975 Λαϐὼν
1552 3923 1726 3993 νεῦμα
1787 3920 1814 3973 6
1846 3939 2012 3993 πραι-

358 4008 606 4082 πύσιτος,
640 4009 786 4086 λέγει
817 4012 1101 4084 Ῥωμαϊκῇ
1134 4005 1426 4082 διαλέκτῳ·
1465 4032 1489 4063 α
1525 4008 1615 4064 Βίτ
1648 4010 1783 4082 (68)·
1813 4032 1840 4060 ››
1871 4007 2014 4062 ἀπο-

355 4098 558 4171 κριθεὶς
597 4097 655 4154 δὲ
675 4104 782 4154 τῶν
813 4103 910 4156 τοῦ
931 4095 1324 4154 κουϐουκλείου
1355 4098 1436 4159 τῖς
1467 4097 1630 4173 λέγει·
1667 4121 1696 4148 ‹‹
1730 4095 1953 4166 Καλῶς,
1981 4119 2009 4147 ››

356 4187 446 4241 καὶ
476 4188 529 4242 οἱ
558 4192 656 4243 τοῦ
703 4184 1100 4243 κουϐουκλείου
1151 4186 1533 4260 ἀποκριθέντες
1591 4183 1814 4258 λέγουσι
1868 4188 2010 4241 Ῥω-

359 4277 564 4348 μαϊστί·
595 4302 623 4330 ‹‹
681 4276 911 4352 ’Πλθέσῃ
964 4277 1237 4350 μούκτους
1295 4275 1486 4338 ἔννους
1537 4273 1944 4353 φιλληκήσιμε.
1979 4297 2008 4326 ››

357 4363 476 4422 Εἶθ’
507 4365 680 4428 οίὶτως
711 4365 1019 4442 εἰσέρχεται
1050 4367 1078 4421 6
1141 4365 1396 4442 βασιλεὺς
1441 4365 1516 4427 εἰς
1567 4364 1628 4420 τὸ
1680 4364 2009 4438 ὁκτάγωνον,

359 4454 447 4508 καὶ
500 4449 768 4517 λαϐόντος
806 4460 904 4512 τοῦ
951 4455 1315 4530 πραιποσίτου
1373 4453 1437 4510 τὸ
1497 4453 1713 4527 στέμμα
1774 4454 1879 4508 ἀπὸ
1910 4461 2012 4524 τῆς

357 4541 596 4620 κεφαλῆς
651 4549 748 4600 τοῦ
809 4542 1100 4621 βασιλέως,
1155 4544 1495 4620 εἰσέρχονται
1555 4545 1606 4598 οἱ
1683 4542 2010 4618 βεστήτορες

356 4634 447 4688 καὶ
503 4631 912 4690 ἀπαλλάσσουσι
963 4636 1057 4705 τήν
1123 4631 1358 4709 χλανίδα
1417 4631 1601 4691 αὐτοῦ.
1662 4632 1782 4696 Εἶθ’
1828 4630 2004 4694 οὕτως
2065 4631 2368 4708 εἰσέρχεται
2428 4631 2502 4694 εἷς
2560 4631 2654 4686 τὸν
2730 4635 2969 4687 κοιτῶνα
3051 4631 3239 4688 αὐτοῦ.

2124 2318 2213 2371 tra
2255 2320 2481 2388 portam
2527 2316 2688 2370 Sacri
2719 2316 2903 2383 Putei,
2953 2332 3082 2388 qua
3131 2316 3200 2371 ad
3236 2315 3523 2387 porticum
3574 2313 3758 2380 ducit,

2125 2404 2394 2460 subsistit
2425 2414 2478 2461 et
2511 2405 2589 2460 ibi
2632 2420 2767 2462 eum
2800 2405 2973 2461 factio
3011 2403 3251 2469 Veneta,
3295 2402 3464 2473 cujus
3494 2401 3768 2456 tribunus

2120 2492 2484 2566 chlamydem
2518 2493 2794 2550 Venetam
2845 2497 3052 2566 gestat,
3097 2491 3330 2564 excipit,
3378 2495 3436 2547 et
3478 2507 3579 2561 pro
3611 2505 3768 2546 more

2119 2587 2248 2637 acta
2293 2582 2546 2639 celebrat
2579 2588 2638 2639 et
2666 2582 2967 2650 acclamat,
3019 2583 3174 2654 quod
3207 2581 3382 2637 etiam
3417 2578 3762 2636 transitoria

2118 2671 2390 2727 factionis
2421 2672 2714 2743 principes
2745 2677 2801 2728 et
2831 2671 3204 2727 Prasinorum
3245 2670 3520 2726 tribunus
3550 2684 3765 2725 secun-

2117 2760 2257 2815 dum
2280 2759 2540 2817 ordinem
2566 2777 2740 2816 suum
2773 2761 3013 2818 faciunt.
3042 2763 3397 2833 Imperatore
3430 2775 3632 2816 rursus
3661 2773 3762 2831 per

2116 2847 2346 2905 scholas
2375 2854 2429 2906 et
2446 2865 2584 2905 excu
2601 2850 2726 2906 bias
2747 2851 3128 2922 digrediente,
3160 2858 3398 2906 senatus
3429 2848 3508 2904 ibi
3539 2849 3596 2904 in
3628 2863 3768 2903 con-

2118 2941 2350 2997 sislorio
2396 2942 2579 3009 adest,
2626 2943 2870 3000 dicens:
2917 2964 2943 2995 (
2996 2942 3060 2998 In
3094 2942 3282 2999 multa
3328 2943 3598 3013 bonaque
3627 2948 3766 2997 tem-

2119 3046 2280 3101 pora,
2316 3052 2345 3080 ι»
2377 3035 2433 3085 et
2472 3030 2554 3085 ibi
2586 3036 2806 3095 manet,
2847 3030 3298 3087 cerimoniarius
3327 3046 3462 3087 vero
3494 3035 3551 3087 et
3581 3029 3760 3086 silen-

2117 3117 2272 3174 tiarii
2304 3117 2365 3174 in
2399 3119 2686 3188 onopodio
2730 3119 3078 3190 subsistunt,
3111 3125 3168 3175 et
3214 3119 3544 3191 imperatori
3577 3117 3768 3174 accla-

2119 3214 2319 3262 mant:
2373 3206 2600 3279 patricii
2641 3223 2777 3265 vero
2824 3215 2879 3264 et
2929 3208 3167 3280 strategi
3217 3208 3279 3262 in
3323 3212 3490 3262 steno
3541 3211 3766 3262 stantes

2117 3312 2280 3367 teque
2311 3313 2376 3352 ac
2408 3303 2649 3352 senatus
2679 3296 3006 3353 acclamant
3034 3302 3093 3353 et
3119 3296 3199 3352 ibi
3220 3300 3565 3368 ,remanent.
3595 3295 3766 3352 Cubi-

2118 3384 2358 3441 culariis
2390 3401 2524 3442 vero
2573 3391 2923 3460 augusteum
2973 3385 3279 3460 ingressis,
3316 3390 3376 3442 et
3402 3385 3473 3442 ad
3517 3386 3760 3443 formam

2120 3473 2326 3530 litters:
2368 3476 2416 3530 ΙΙ
2458 3476 2778 3543 stantibus,
2828 3476 3179 3549 imperatore
3224 3475 3516 3543 veniente,
3566 3477 3764 3534 statim

2117 3579 2341 3636 magna:
2365 3568 2540 3636 portas
2555 3565 2826 3637 augustel
2842 3565 3220 3635 clauduntur,
3237 3571 3294 3624 et
3315 3565 3484 3636 signo
3507 3575 3763 3638 accepto,

2119 3653 2466 3724 praepositus
2507 3652 2712 3725 lingua
2763 3653 3026 3710 Romana
3072 3653 3248 3711 dicit:
3298 3675 3328 3704 «
3382 3654 3494 3720 Fit,
3529 3676 3558 3704 »
3611 3671 3768 3712 unus

2121 3745 2319 3797 autem
2377 3758 2408 3796 e
2467 3741 2842 3798 cubiculariis
2883 3758 2898 3798 :
2951 3764 2980 3793 «
3024 3741 3198 3810 Bene,
3249 3765 3277 3793 ››
3329 3743 3517 3800 ceteri
3565 3742 3766 3813 lingua

2121 3829 2378 3884 Romana
2427 3830 2827 3900 respondent:
2880 3851 2909 3881 «
2954 3830 3155 3886 Venias
3205 3831 3262 3885 in
3312 3829 3530 3885 multos
3577 3845 3766 3885 annos

2123 3917 2483 3972 felicissime.
2514 3938 2541 3966 »
2573 3918 2668 3973 Sic
2710 3922 3020 3989 postquam
3069 3918 3387 3988 imperator
3413 3921 3764 3989 octagonum

2120 4006 2380 4075 intravit,
2413 4007 2754 4077 praepositus
2802 4023 3076 4062 coronam
3121 4023 3152 4061 e
3191 4006 3376 4076 capite
3404 4006 3531 4076 ejus
3562 4006 3766 4076 demit,

2123 4101 2179 4150 et
2223 4094 2529 4150 vestitores
2575 4093 2822 4165 ingressi
2872 4095 3131 4150 tunicam
3178 4096 3304 4163 ejus
3353 4099 3599 4161 mutant,
3637 4110 3768 4150 mox

2122 4183 2462 4239 cubiculum
2496 4200 2669 4240 suum
2697 4184 2858 4256 petit,
2891 4184 3047 4240 unde
3067 4200 3341 4256 egressus
3369 4183 3690 4250 accumbit,
3710 4187 3770 4239 et

2121 4289 2366 4344 surgens
2396 4288 2536 4344 sago
2569 4289 2673 4329 suo
2721 4271 2987 4328 induitur
3015 4278 3091 4342 et,
3135 4273 3496 4328 manclavitis
3525 4277 3584 4328 et
3611 4271 3772 4328 cubi-

2121 4365 2361 4424 culariis
2395 4363 2834 4432 comitantibus,
2865 4361 3142 4435 palatium
3183 4363 3382 4419 intrat.
3414 4360 3766 4420 Cubicularii

2121 4455 2181 4512 in
2231 4471 2409 4511 aureo
2463 4455 2716 4510 triclinio
2775 4459 3016 4521 stantes,
3077 4455 3329 4510 dicunt:
3392 4475 3421 4505 ‹‹
3459 4455 3524 4510 In
3583 4452 3770 4510 multa

2123 4546 2394 4616 bonaque
2423 4549 2709 4614 tempora,
2736 4565 2760 4596 ι
2795 4549 2852 4598 et
2881 4559 3084 4600 omnes
3113 4542 3354 4599 domum
3388 4544 3624 4600 abeunt.

3325 4629 3457 4687 Εἶτα
3536 4628 3766 4702 ἐξελθὼν

361 4719 699 4796 ἀκουμϐίζει,
765 4726 856 4781 καὶ
913 4725 1141 4787 ἀναστὰς
1191 4718 1582 4799 περιϐάλλεται
1650 4723 1711 4778 τὸ
1779 4721 1966 4798 σαγίον
2033 4722 2222 4795 αὐτοῦ,
2281 4723 2371 4778 καὶ
2412 4717 2841 4798 δηριγευόμενος
2905 4723 3008 4778 ὑπὸ
3058 4743 3117 4778 τε
3166 4726 3263 4778 τοῦ
3323 4719 3632 4800 μαγλαϐίου
3677 4729 3765 4784 καὶ

357 4817 465 4868 τῶν
513 4817 610 4868 τοῦ
654 4809 1072 4886 κουϐουκλείου,
1125 4812 1427 4889 εἰσέρχεται
1485 4814 1561 4875 εἰς
1605 4813 1668 4868 τὸ
1725 4812 2012 4869 παλάτιον·
2047 4813 2100 4868 οἱ
2158 4810 2214 4867 δὲ
2261 4815 2364 4868 τοῦ
2426 4806 2840 4882 κουϐουκλείου,
2885 4813 3099 4874 στάντες
3157 4811 3210 4866 ἂν
3259 4815 3340 4885 τῷ
3369 4813 3772 4890 χρυσοτρικλί-

360 4923 459 4976 νῳ,
493 4901 715 4978 λέγουσι
743 4905 826 4958 τὸ·
868 4926 894 4958 ο
925 4903 1019 4964 Εἷς
1049 4901 1298 4966 πολλοὺς
1325 4903 1416 4959 καὶ
1437 4901 1670 4980 ἀγαθοὺς
1699 4902 1960 4980 χρόνους,
1993 4928 2021 4955 ››
2052 4902 2142 4959 καὶ
2171 4903 2450 4977 ἀναχωρεῖ
2475 4902 2703 4965 ἕκαστος
2733 4902 2806 4965 εἷς
2837 4902 2930 4958 τὸν
2963 4902 3112 4958 οἷκον
3144 4901 3332 4961 αὐτοῦ.

1733 5031 1978 5089 VARIE
2016 5031 2403 5090 LECTIONES

435 5146 481 5182 “
521 5143 813 5214 ἀσπάζεται
844 5177 912 5191 --
945 5145 1222 5203 κατελθὼν
1256 5165 1370 5206 om.
1401 5150 1492 5207 ed.

1580 5148 1626 5185 ⁸⁸
1653 5151 1716 5204 τὸ
1741 5149 1888 5222 νάμα
1917 5151 2073 5220 cod.,
2101 5150 2192 5204 τὸν
2224 5150 2337 5222 ἅμα
2375 5150 2466 5206 ed.
2543 5148 2590 5186 “
2626 5168 2686 5204 τε
2706 5166 2794 5206 om
2823 5151 2918 5208 ed.

1404 5273 1599 5332 JOAN.
1631 5275 1774 5336 JAC.
1810 5276 2076 5334 REISKII
2109 5275 2705 5333 COMMENTARIUS.

372 5377 458 5455 Du
489 5378 682 5455 Gange
711 5379 769 5432 et
800 5376 1033 5455 llabert.
1078 5375 1271 5455 Hodie
1292 5374 1349 5455 in
1381 5377 1793 5455 communione
1823 5383 2020 5455 nostra
2051 5380 2096 5445 Ξ)
2128 5376 2298 5432 ristia
2337 5380 2738 5455 consecratum
2791 5375 2854 5455 τρ
2904 5373 3310 5455 τίμιον-δῶρον
3349 5384 3406 5435 et
3451 5380 3551 5447 τήν
3586 5380 3774 5455 τιμίᾳν

370 5449 453 5520 ad,
474 5441 722 5504 scabello
753 5466 864 5504 arm
898 5451 1188 5520 pratense
1218 5445 1342 5502 bini
1363 5445 1659 5520 scholares
1676 5449 1841 5520 pueri
1865 5454 2018 5504 stare

371 5519 586 5584 solent,
619 5520 754 5602 hinc
773 5517 934 5602 illinc
956 5517 1200 5602 singuli,
1221 5523 1279 5600 et
1298 5517 1807 5602 praetendere‘sub'
1824 5524 2017 5602 mento

375 5591 862 5663 communicantis
919 5589 1466 5655 tale'dominicale,
1527 5607 1599 5646 ne
1655 5589 1870 5663 hostia,
1921 5597 2018 5648 aut

375 5667 542 5735 gutta
565 5662 688 5718 vini
716 5663 777 5720 in
810 5670 1023 5722 terram
1055 5663 1306 5720 decidat.

446 5733 562 5808 (87)
591 5735 773 5792 Graci
803 5739 1090 5804 recentes,
1112 5738 1178 5792 ut
1209 5750 1421 5807 corpus
1453 5733 1668 5792 Christi
1699 5734 1760 5792 in
1789 5733 2016 5792 Eucha-

2129 5448 2443 5534 προσφοράν
2477 5447 2794 5534 appellant,
2815 5448 2898 5534 ita
2927 5447 3226 5534 appellant
3250 5447 3775 5534 v_in_umnconse'cra-

2127 5520 2770 5602 Lum‘sipanjaticgm.
2814 5520 3089 5594 Exempla
3127 5520 3300 5579 habet
3328 5529 3416 5580 Du
3448 5523 3637 5597 Gange
3681 5524 3774 5581 Gl.

2130 5591 2227 5648 Gr.
2263 5591 2320 5648 h.
2354 5607 2430 5657 v.,
2454 5591 2553 5646 ubi
2585 5591 2702 5646 vid.

2201 5663 2316 5735 (88)
2345 5661 2476 5720 Vid.
2511 5665 2632 5720 not.
2668 5663 2764 5718 ad.
2797 5679 2855 5735 p.
2889 5664 2977 5719 42.
