4158 6212
366 358 483 417 375

1430 362 1951 424 CONSTANTINI
1998 362 2700 424 POltPHYROGENlTI

3651 363 3771 421 376

363 498 593 564 tenens,
626 493 927 549 descendit
950 493 1073 548 velu
1087 508 1257 564 mque
1281 496 1538 562 tertium,
1564 495 1743 553 lectos
1765 497 2007 555 comites

2128 496 2579 569 πυνεορτάσοντας
2609 497 2726 553 τοῖς
2781 488 3167 567 φιλοχρίστοις
3216 488 3525 561 δεσπόταις,
3557 493 3646 546 καὶ
3680 491 3770 548 ἐπὶ

366 582 626 653 magistri
657 586 713 636 et
746 581 1000 651 przefecti
1032 583 1256 637 taronis
1305 584 1564 653 adducit,
1607 602 1673 641 ac
1713 588 1881 642 dictis
1922 604 2005 643 cc-

363 670 629 723 rimoniis
677 673 800 723 tum
846 685 1079 740 quoque
1117 672 1460 738 observatis,
1509 678 1565 727 et
1612 672 1721 743 ipsi
1770 673 2006 727 abeunt.

361 757 463 812 His
484 758 754 812 omnibus
784 758 869 813 sic
902 758 1007 813 rite
1023 759 1289 831 peractis,
1310 766 1617 832 postquam
1641 762 2009 833 praepositus,

362 846 627 913 «Jubete,
646 845 1135 912 ndixit,etomnes
1170 865 1231 903 τι(
1280 851 1342 905 In
1369 850 1553 905 multa
1575 851 1841 922 bonaque
1861 854 2009 906 tem-

358 950 519 1004 pora,
556 955 583 983 «
625 934 841 1007 precati
902 940 1062 1003 sunt,
1107 938 1373 1009 magistri
1417 939 1669 1009 patricii,
1712 944 2012 995 senatores

359 1038 426 1079 ac
447 1022 636 1079 caeteri
658 1040 861 1080 omnes
880 1025 1119 1093 abeunt,
1137 1032 1193 1083 et
1209 1045 1415 1084 rursus
1439 1045 1473 1083 a
1496 1029 1804 1100 praeposito
1827 1030 2004 1098 dicto,

360 1112 417 1169 «J
431 1113 653 1182 ubete,»
685 1116 1051 1186 cubicularii,
1088 1122 1147 1173 ut
1171 1119 1773 1185 commemoravimus,
1799 1119 2012 1175 faustis

357 1203 633 1261 omnibus
662 1204 1077 1277 imperatorem
1106 1210 1421 1279 prosecuti,
1455 1210 1689 1265 abeunt.
1724 1210 1793 1265 Et
1813 1209 2010 1265 statim

358 1311 391 1349 a
422 1294 650 1349 thronis
681 1296 805 1350 suis
838 1296 1059 1352 domini
1092 1298 1478 1365 descendunt,
1506 1300 1746 1370 suisque
1787 1298 2013 1354 coronis

358 1387 413 1438 et
445 1383 657 1439 tunicis
688 1386 982 1455 depositis,
1008 1387 1166 1458 sagis
1194 1404 1334 1444 auro
1357 1389 1648 1459 praetextis
1674 1388 1884 1456 induti,
1913 1406 2010 1460 pa-

357 1472 565 1530 latium
598 1490 770 1531 suum
814 1493 847 1531 a
889 1478 1002 1532 Deo
1044 1478 1407 1534 custoditum
1455 1483 1679 1551 petunt.
1734 1478 2012 1551 Magister

359 1572 553 1619 autem
585 1564 808 1621 taronis
841 1571 897 1621 et
926 1567 1097 1623 amici
1132 1567 1385 1640 Bulgari,
1418 1570 1515 1642 qui
1548 1585 1614 1625 eo
1644 1569 1736 1624 die
1768 1568 2011 1640 impera-

359 1655 519 1709 torias
560 1671 771 1711 mensas
812 1671 927 1710 non
969 1658 1375 1725 admoventur,
1439 1661 1511 1715 ad
1551 1676 1658 1715 sua
1697 1658 2013 1714 diversoria

361 1744 598 1800 abeuut.

2117 583 2322 639 τούτων
2371 590 2468 652 τῆς
2518 579 2927 656 προρῥηοείσης
2977 577 3174 650 τάξεως
3225 577 3766 654 ἐπακολουθησάσης,

2118 672 2428 747 ἐξέρχονται
2460 673 2550 726 καὶ
2612 669 2786 725 αὐτοὶ.
2850 669 2950 725 Καὶ
3014 667 3179 723 πάλιν
3237 665 3325 723 διὰ
3379 672 3772 743 νεύματοςτοῦ

2120 761 2484 837 πραιποσίτου
2512 762 2841 835 κατέρχεται
2876 759 2902 812 6
2934 754 3115 831 ἕτερος
3138 758 3413 833 ὀστιάριος
3446 761 3473 815 6
3505 762 3605 829 τὴν
3642 780 3775 836 χρυ-

2123 860 2219 922 σῆν
2275 852 2467 929 βέργαν
2534 850 2811 928 κατέχων,
2869 848 2959 903 καὶ
3019 848 3223 925 εἰσάγει
3282 848 3459 923 βῆλον
3516 852 3586 927 γ’,
3644 852 3771 913 τοὺς

2121 943 2448 1017 προκρίτους
2497 940 2818 1016 ἀνθρώπους
2864 942 2960 992 τοῦ
3016 938 3317 1013 μαγίστρου
3365 941 3456 994 καὶ
3505 939 3773 1015 ἄρχοντος

2119 1036 2216 1086 τοῦ
2245 1036 2414 1105 ταρῶ,
2467 1031 2557 1084 καὶ
2609 1030 2691 1084 ἐπ’
2738 1028 2920 1083 αὐτῶν
2965 1030 3064 1097 τῆς
3117 1027 3530 1102 προῤῥηθείσης
3566 1030 3769 1101 τάξεως

2121 1119 2667 1190 ἐπακολουθησάσης,
2721 1116 3035 1192 ἐξέρχονται
3078 1118 3167 1172 καὶ
3199 1117 3376 1175 αὐτοί.
3421 1120 3519 1173 Καὶ
3560 1120 3766 1175 τούτων

2122 1208 2296 1272 οὕτως
2350 1207 2726 1275 ⁶τελεσθέντων,
2786 1206 2875 1260 καὶ
2924 1210 3019 1260 τοῦ
3078 1206 3444 1281 πραιποσίτου
3503 1206 3769 1273 εῗπόντος.

2124 1324 2151 1350 ‹‹
2186 1297 2509 1369 Κελεύσατε,
2544 1322 2570 1349 ››
2627 1302 2841 1350 πάντων
2886 1294 3257 1369 ἐπευξαμένων
3306 1296 3387 1351 τό.
3444 1321 3464 1348 ι
3502 1298 3594 1360 Εἷς
3634 1298 3776 1353 πολ-

2122 1386 2251 1449 λοὺς
2303 1388 2392 1442 καὶ
2443 1386 2676 1461 ἀγαθοὺς
2726 1387 2981 1463 χρόνους,
3018 1409 3045 1436 ››
3096 1384 3410 1463 ἐξέρχονται
3442 1384 3493 1441 ο⁹ί
3521 1407 3579 1441 τε
3611 1387 3776 1460 μάγι-

2122 1481 2273 1553 στροι
2324 1477 2411 1532 καὶ
2461 1476 2739 1551 πατρίκιοι
2789 1475 2877 1529 καὶ
2930 1472 3288 1548 συγκλητικοὶ
3338 1477 3425 1531 καὶ
3482 1477 3531 1531 οἱ
3583 1474 3770 1532 λοιποὶ

2122 1570 2340 1634 πάντες,
2371 1568 2463 1621 γαὶ
2509 1566 2604 1621 εἶθ’
2656 1564 2800 1620 οῧτιη
2850 1564 3015 1620 πάλιν
3056 1568 3154 1619 τοῦ
3192 1566 3554 1638 πραιποσίτου
3587 1566 3769 1620 εἶπόν-

2118 1679 2210 1720 τος
2268 1658 2352 1727 τὸ,
2408 1680 2435 1708 ‹‹
2468 1654 2789 1725 Κελεύσατε,
2826 1679 2854 1706 ››
2901 1655 3225 1733 ἐπεύχονται
3284 1656 3336 1709 οἱ
3390 1658 3487 1710 τοῦ
3535 1650 3769 1710 κουϐου-

2119 1746 2330 1815 κλείου,
2385 1746 2569 1811 καθὼς
2626 1744 2973 1819 προείρηται,
3033 1744 3121 1799 καὶ
3171 1742 3484 1819 ἐξέρχονται
3530 1746 3617 1799 καὶ
3670 1745 3768 1798 a6-

357 1830 463 1887 τοί.
508 1833 611 1887 Καὶ
662 1833 857 1897 εὐθέως
914 1838 1158 1889 κατιᾶσιν
1237 1835 1283 1870 ⁸⁷
1360 1836 1411 1889 οἱ
1468 1832 1722 1889 δεσπόται
1783 1836 1886 1891 άπὸ
1960 1841 2069 1892 τῶν
2134 1837 2361 1911 θρόνων,
2400 1836 2490 1891 καὶ
2548 1836 2613 1890 τά
2670 1834 2878 1890 τούτων
2939 1828 3297 1895 ἐκϐάλλοντες
3338 1836 3619 1907 στέμματα
3674 1832 3769 1888 καί

364 1919 645 1994 χλανίδια,
694 1924 784 1977 καὶ
834 1918 1298 1998 περιϐαλλόμενοι
1356 1927 1422 1981 τά
1477 1924 2004 2001 χρυσοπερίκλειστα
2060 1928 2239 2002 σαγία,
2313 1926 2655 2000 εἶ’σέρχονταί
2704 1924 2753 1979 ἐν
2818 1926 2895 1997 τῷ
2944 1922 3301 2003 θεοφυλάκτῳ
3361 1923 3535 1979 αὐτῶν
3594 1923 3777 1979 παλα-

358 2011 485 2083 τίῳ.
517 2012 577 2068 Ὀ
618 2011 675 2066 δὲ
718 2013 1010 2089 μάγιστρος
1052 2015 1080 2068 6
1106 2017 1409 2089 ταρωνίτης
1442 2016 1531 2071 καὶ
1560 2017 1611 2070 οἱ
1653 2014 1805 2090 φίλοι
1841 2015 2147 2092 Βούλγαροι
2180 2016 2231 2072 ἐν
2264 2023 2383 2079 τοῖς
2419 2014 2579 2080 ἰδίοις
2608 2014 2941 2092 ἀπέρχονται
2974 2014 3302 2085 άπλτςκτοις,
3336 2012 3471 2089 αὐτῇ
3501 2018 3571 2088 τῇ
3602 2014 3786 2089 ἡμέρᾳ

368 2101 444 2173 μὴ
487 2102 901 2175 συνεστιώμενοι
933 2108 1053 2164 τοῖς
1098 2103 1433 2177 βασιλεῦσιν.

974 2195 1205 2251 CAPUT
1235 2197 1406 2252 XXV.

500 2281 854 2341 Obseruantia
891 2286 951 2340 in
981 2285 1183 2356 vigilia
1214 2286 1519 2343 Sanctorun
1569 2286 1888 2344 Luminum.

449 2445 492 2498 Ι.
528 2443 876 2516 Praepositus
916 2445 1055 2501 hora
1098 2448 1356 2503 secunda
1383 2452 1485 2503 aut
1526 2448 1691 2504 tertia
1722 2449 1851 2518 ejus
1882 2446 2022 2512 diei,

368 2532 583 2605 vigiliae
608 2535 922 2589 Luminum
946 2534 1184 2604 scilicet,
1208 2538 1615 2608 imperatorem
1636 2538 1929 2604 adit,eum
1954 2536 2025 2590 de

375 2622 709 2695 patriarcha
740 2623 1097 2691 moniturus,
1140 2628 1292 2695 quod
1334 2626 1555 2696 vesperi
1605 2628 1671 2680 ad
1717 2641 2023 2681 consecra-

370 2712 589 2767 tionem
624 2718 902 2766 venturus
942 2712 1038 2777 sit,
1081 2716 1139 2768 et
1179 2730 1295 2783 qua
1333 2714 1476 2769 hora
1516 2714 1709 2782 ipsum
1752 2713 2023 2768 advenire

364 2801 593 2872 jubeat,
627 2808 823 2855 utrum
854 2801 1108 2871 primum
1142 2802 1201 2856 in
1245 2801 1491 2858 ecclesia
1520 2802 1750 2874 Magna,
1795 2807 2022 2874 postea-

370 2905 485 2960 que
516 2891 572 2943 in
609 2888 830 2957 templo
858 2889 915 2943 S.
949 2890 1254 2960 Stephani,
1288 2908 1358 2945 an
1402 2892 1658 2961 primum
1702 2890 1761 2945 in
1802 2891 1859 2945 S.
1896 2891 2024 2946 Ste-

370 2978 568 3049 phani,
601 2977 812 3032 deinde
849 2979 919 3032 ad
966 2978 1233 3050 Magnam
1267 2980 1574 3035 ecclesiam
1617 2996 1907 3045 reversos,
1941 2980 2021 3033 ibi

371 3083 706 3124 consecrare
737 3067 964 3123 debeat.
999 3083 1056 3123 et
1086 3068 1262 3123 simul
1295 3085 1360 3124 ac
1394 3070 1709 3141 imperator
1741 3070 2022 3141 praeposi-

370 3162 494 3211 tum
522 3157 790 3227 jusserit,
826 3157 1005 3212 mittit
1052 3158 1474 3214 cubicularium
1516 3164 1573 3213 et
1613 3159 2018 3224 silentiarium,

373 3253 437 3301 ut
470 3246 861 3318 patriarcham
907 3264 973 3302 ea
1005 3247 1166 3313 hora,
1197 3265 1304 3317 qus
1347 3248 1400 3302 id
1448 3249 1784 3319 imperatori
1827 3252 2017 3303 visum

370 3336 499 3401 fuit,
528 3338 592 3388 ad
620 3336 1108 3389 consecrationem
1143 3342 1415 3392 arcessat.
1447 3336 1546 3391 83
1577 3337 1886 3392 Sciendum
1908 3341 2017 3401 est,

367 3422 438 3477 ab
478 3423 566 3477 his
608 3423 783 3478 etiam
833 3426 1097 3494 sequenti
1137 3425 1229 3480 die
1274 3426 1655 3495 patriarcham
1712 3427 1779 3480 ad
1822 3426 2017 3481 convi-

366 3512 527 3566 vium
566 3513 776 3568 vocari.
815 3512 979 3568 Mane
1009 3515 1065 3568 in
1098 3515 1291 3586 vigilia
1317 3516 1666 3569 mutationes
1704 3530 1816 3569 non
1843 3515 2012 3583 fiunt,

2044 2202 2092 2267 B

2732 2199 2997 2253 ΚΕΦΛΛ.
3041 2197 3163 2253 ΚΕ“.

2558 2283 2996 2363 παραῖυλάττειν
3036 2356 3046 2363 ⁸
3101 2284 3171 2355 τῇ

2734 2356 2929 2431 Ἀγίων
2961 2356 3190 2411 Φώτων.

2204 2452 2287 2505 A‘.
2322 2447 2675 2521 Εἷσέρχεσται
2728 2447 2755 2501 6
2803 2446 3161 2517 πραιπὸσιτος
3211 2443 3356 2518 ὥραν
3408 2441 3655 2517 δευτέραν
3681 2445 3785 2511 τῆς

2136 2536 2305 2605 αὐτῆς
2354 2538 2563 2609 ἡμέρας
2613 2536 2647 2603 ἢ
2698 2535 2789 2589 καὶ
2844 2534 3033 2608 τρίτην
3084 2530 3251 2607 ἤγουν
3306 2540 3405 2602 τῆς
3464 2538 3783 2608 παραμονῆς

2133 2629 2242 2681 τῶν
2292 2625 2524 2694 Φώτων,
2573 2624 2647 2685 εἰς
2694 2627 2785 2678 τὸν
2845 2622 3092 2697 βασιλέα,
3144 2622 3580 2696 ὑπομιμνήσκων
3626 2621 3787 2677 αὐτὸν

2138 2716 2259 2790 περὶ
2307 2714 2402 2770 τοῖ’)
2452 2716 2818 2790 πατριάρχου,
2878 2715 3028 2776 ’ὁπως
3084 2714 3310 2788 ἑσπέρας
3371 2713 3446 2774 εἰς
3494 2713 3583 2767 τὸν
3632 2713 3783 2786 άγια-

2135 2806 2272 2879 σμὸν
2319 2800 2451 2878 ἔλθῃ
2482 2808 2617 2877 (98),
2666 2804 2756 2859 καὶ
2809 2803 3001 2858 ὁποίαν
3052 2802 3199 2878 ὥραν
3247 2801 3459 2857 κελεύει
3482 2800 3784 2877 παραγενὲ-

2131 2897 2251 2949 σθαι
2282 2894 2465 2963 αὐτὸν,
2506 2895 2541 2963 ἢ
2587 2898 2805 2965 πρῶτον
2857 2892 3077 2967 ἁγιάσας
3110 2890 3187 2953 εἷς
3226 2893 3323 2959 τήν
3361 2890 3652 2960 ἐκκλησίαν
3682 2892 3781 2959 τήν

2129 2982 2415 3059 Μεγάλην,
2466 2981 2559 3035 εἶθ’
2610 2981 2783 3042 οὕτως
2834 2980 3075 3055 εἰσέλθῃ,
3130 2980 3369 3056 ἀγιάσων
3424 2979 3499 3040 εἷς
3529 2980 3620 3034 τὸν
3653 2978 3778 3032 ναὸν

2128 3076 2225 3125 τοῦ
2256 3072 2442 3144 Ἀγίου
2477 3070 2775 3145 Στεφάνου,
2809 3070 2842 3139 ἢ
2877 3073 3095 3144 πρῶτον
3129 3068 3334 3142 άγιάσει
3360 3067 3436 3131 εἷς
3468 3069 3559 3123 τὸν
3588 3069 3778 3141 Ἃγιον

2129 3160 2397 3238 Στέφανον
2456 3159 2545 3214 καὶ
2605 3161 2702 3213 εἶθ’
2778 3158 2953 3219 οὕτως
3028 3157 3368 3232 ὑποστρέψας
3434 3158 3644 3230 ἀγιάσει
3702 3156 3779 3218 εἰς

2126 3252 2224 3317 τήν
2288 3248 2545 3324 Μεγάλην
2606 3246 2923 3318 ἐκκλησίαν,
2974 3247 3065 3302 καὶ
3121 3248 3300 3307 καθὼς
3356 3245 3599 3301 κελεύσει
3656 3246 3702 3282 ⁸⁸
3750 3246 3777 3300 6

2131 3336 2389 3414 βασιλεὺς
2436 3342 2515 3409 τῷ
2562 3337 2932 3413 πραιποσίτῳ,
2966 3334 3291 3392 ἀποστέλλει
3323 3331 3779 3409 καυῦικουλάριον

2127 3430 2214 3483 καὶ
2272 3425 2655 3500 σιλεντιάριον,
2740 3424 3205 3499 προσκαλέσασθαι
3262 3424 3356 3479 τὸν
3423 3423 3770 3498 πατριάρχην

2126 3518 2201 3578 είς
2254 3518 2347 3571 τὸν
2410 3516 2698 3591 ἁγιασμὸν,
2762 3513 2813 3569 ἐν
2961 3512 3079 3589 ὥρᾳ
3136 3512 3346 3569 κελεύει
3406 3514 3433 3567 6
3495 3510 3773 3587 βασιλεύς.

2136 2288 2275 2343 "Oc:
2379 2283 2459 2340 δεῖ
2558 2283 3046 2360 παραφυλάττεινΔ
3101 2284 3171 2355 τῇ
3279 2286 3571 2360 παραμονῇ
3672 2287 3781 2337 τῶν

370 3616 549 3672 usqus
579 3602 648 3656 ad
682 3601 885 3657 horam
916 3619 1147 3672 nonam,
1179 3604 1289 3659 soli
1313 3604 1652 3660 cubicularii
1678 3609 1930 3672 mutant,
1954 3609 2012 3659 et

2128 3606 2314 3663 ’ἰστέον
2348 3603 2404 3659 δὲ
2433 3606 2522 3659 καὶ
2560 3610 2743 3673 τοῦτο,
2798 3603 2883 3658 ’ὁτι
2923 3601 3011 3657 διά
3048 3606 3156 3657 τῶν
3207 3602 3381 3658 αὐτῶν
3428 3602 3517 3656 καὶ
3546 3606 3614 3674 τῇ
3647 3600 3769 3671 ἑξῆς

367 3697 676 3763 postquam
718 3692 927 3764 Magna
965 3694 1212 3749 ecclesia
1253 3694 1556 3751 lectionem
1599 3700 1868 3766 quartam
1910 3700 2013 3751 aut

367 3783 629 3854 quintam
661 3784 940 3853 recitavit,
976 3784 1334 3842 silentiarius
1364 3787 1539 3852 venit,
1572 3791 1629 3841 et
1661 3785 2011 3842 ceremonio-

367 3872 541 3941 rium,
576 3873 671 3929 hic
696 3875 1092 3946 praepositum,
1119 3877 1465 3948 praepositus
1486 3877 1891 3947 imperatorem
1926 3878 2020 3931 ad.

372 3970 568 4020 monet
601 3985 614 4033 ;
651 3968 752 4037 qui
784 3984 886 4038 per
917 3966 1115 4038 palatii
1151 3970 1437 4037 porticum
1474 3984 1690 4040 perque
1721 3967 2016 4038 daphnem

366 4058 423 4109 et
452 4063 795 4124 augusteum
828 4058 1149 4127 digressus,
1185 4058 1513 4114 cubiculum
1546 4058 1810 4129 daphnes
1842 4073 2020 4128 prope

364 4144 650 4216 templum
702 4150 757 4199 S.
804 4145 1076 4214 Stephani
1129 4146 1327 4211 intrat,
1389 4147 1509 4212 ubi,
1553 4148 1719 4216 signo
1760 4152 2015 4218 accepto,

364 4236 707 4306 prazpositus
742 4235 1145 4290 sacerdotibus
1172 4235 1427 4291 divinam
1461 4235 1751 4305 liturgiam
1784 4236 1841 4290 in
1874 4242 2021 4290 tem-

364 4322 463 4393 plo
513 4327 570 4377 S.
616 4323 918 4394 Stephani,
977 4324 1073 4379 ubi
1132 4325 1491 4379 consecratio
1546 4324 1862 4397 peragitur,
1920 4325 2014 4380 in-

368 4409 583 4466 choare
628 4410 894 4483 imperat.
940 4412 1002 4466 In
1043 4417 1324 4484 augusteo
1379 4429 1511 4469 vero
1557 4417 1613 4467 et
1666 4412 2012 4469 consistorio

363 4502 593 4554 tantum
632 4501 858 4571 patricii
892 4500 1240 4557 mutatorias
1270 4506 1513 4557 sumunt
1541 4521 1555 4570 ;
1590 4501 1819 4557 nullum
1852 4500 2009 4557 enim

2119 3693 2505 3769 προσκαλεῖται
2547 3692 2623 3755 εἷς
2682 3694 2743 3747 τὸ
2799 3691 3115 3766 κλητώριον
3186 3692 3213 3746 6
3282 3690 3649 3768 πατριάρχης·
3711 3688 3774 3743 τὸ

2132 3781 2188 3839 δὲ
2217 3784 2361 3858 πρωὶ
2391 3787 2458 3857 τῇ
2492 3783 2785 3857 παραμὸνῇ
2812 3780 3089 3855 άλλάξιμα
3111 3780 3173 3835 οὗ
3197 3780 3425 3855 γίνεται,
3445 3778 3548 3841 ἓως
3572 3779 3713 3853 ὥραν
3734 3779 3777 3832 θ’

2128 3872 2392 3929 ἀλλάσσει
2432 3874 2494 3927 τὸ
2550 3868 2941 3927 κουϐούκλειον
3006 3872 3194 3945 μόνον,
3254 3871 3345 3925 καὶ
3403 3869 3492 3925 ὅτε
3549 3867 3693 3942 λέγει
3742 3871 3777 3935 ὴ

2131 3961 2361 4038 Μεγάλη
2413 3961 2675 4032 ἐκκλησία
2725 3961 3061 4039 ἀνάγνωσμα
3107 3962 3221 4033 (99)
3260 3958 3511 4033 τέταρτον
3545 3958 3579 4027 ἢ
3611 3957 3702 4011 καὶ
3732 3956 3780 3991 ⁶⁹

2128 4053 2400 4125 πέμπτον,
2450 4050 2625 4115 ἐλθὼν
2678 4050 3040 4125 σιλεντιάριος
3100 4049 3293 4122 μηνύει
3341 4052 3422 4120 τῷ
3466 4053 3567 4116 τῆς
3615 4065 3780 4101 κατα-

2128 4142 2386 4211 στάσεως,
2418 4140 2665 4202 κάκεῖνος
2718 4145 2798 4211 τῷ
2855 4138 3220 4213 πραιποσίτῳ,
3261 4138 3508 4198 κακεῖνος
3556 4140 3634 4207 τῷ
3688 4136 3780 4211 βα·-

2128 4230 2284 4286 σιλεῖ.
2333 4232 2393 4288 Ὀ
2447 4228 2503 4284 δέ
2557 4228 2814 4304 βασιλεὺς
2861 4226 3135 4301 διέρχεται
3188 4223 3277 4279 διά
3305 4231 3413 4279 τῶν
3445 4219 3775 4279 διαϐατικῶν

2125 4326 2221 4376 τοῦ
2271 4319 2565 4388 παλατίου,
2615 4319 2703 4372 καὶ
2746 4315 2835 4372 διὰ
2880 4323 2981 4385 τῆς
3036 4314 3239 4390 δάφνης
3287 4312 3376 4367 καὶ
3430 4316 3528 4367 τοῦ
3578 4313 3782 4388 αύγου-

2126 4411 2294 4471 στέως
2348 4408 2651 4481 είσέρχεται
2703 4406 2780 4469 εἰς
2827 4406 2917 4460 τὸν
2966 4408 3203 4459 κοιτῶνα
3232 4410 3331 4471 τῆς
3364 4399 3589 4479 δάςμνης,
3625 4398 3779 4471 πλη-

2123 4500 2239 4554 σίον
2292 4501 2388 4552 τοῦ
2445 4499 2576 4550 ναοῦ
2623 4499 2717 4550 τοῦ
2767 4494 2957 4567 Ἀγίου
3006 4493 3305 4572 Στεφάςου,
3344 4491 3560 4546 κάκεῖσε
3593 4484 3779 4544 λαϐὼν

1732 4647 1967 4704 VARI/E
2006 4645 2407 4704 LECTIONES.

431 4761 477 4798 ⁸⁷
507 4760 746 4816 κατίασιν
789 4761 878 4821 ed.
956 4763 1005 4799 ⁸⁸
1032 4762 1243 4817 κελεύει
1274 4765 1364 4821 ed.
1439 4764 1484 4800 "
1513 4761 1602 4816 καὶ
1635 4779 1748 4821 om.
1783 4763 1876 4821 ed.

1370 4891 1573 4950 JOAN.
1613 4891 1763 4948 JAC.
1831 4889 2114 4947 REISKII.
2165 4888 2756 4947 COMMENTARIUS.

438 5009 553 5079 (98)
580 5010 686 5095 ‘Ad
723 5009 1208 5095 consecraticncm,
1238 5026 1411 5095 aquas
1456 5010 1699 5095 scilicet,
1736 5008 2021 5095 venigtﬂ’O
2048 5010 2094 5076 D
2129 5008 2460 5095 mensium;
2502 5005 2954 5095 Integrandictio
3006 5006 3096 5059 est
3138 4998 3418 5095 ἑγίζαῖμᾴς
3467 5017 3607 5095 τίξιζγλ
3644 4994 3773 5095 ὑδά-

365 5076 653 5152 ἁγιασμὸς,
717 5080 744 5133 6
801 5079 966 5155 μέγας
995 5076 1417 5156 -ἀγιασμόςίεει
1458 5082 2013 5156 aquaambenedictio,

363 5167 487 5219 quae
522 5155 584 5206 tit
616 5156 671 5207 in
701 5153 917 5208 sanctis
948 5153 1360 5223 Thebphaniis,
1406 5158 1471 5208 ut
1510 5153 1589 5208 ait
1634 5154 1740 5208 DC.
1783 5153 1871 5207 Gl.
1916 5154 2007 5207 Gr.

367 5222 399 5276 h
433 5240 487 5295 v.
520 5224 908 5295 'l‘heopbanim
936 5222 1144 5279 festum
1167 5231 1363 5280 autem
1389 5231 1444 5279 et
1473 5225 1803 5295 Epiphanim
1826 5230 1882 5277 et
1902 5226 2009 5276 τῶν

366 5294 563 5370 φώτων
598 5294 749 5370 idem
782 5306 889 5370 est.
914 5296 1043 5370 Vld.
1068 5314 1191 5366 qua?
1220 5299 1424 5351 horum
1452 5294 2009 5370 Couittnentariorum

370 5366 426 5436 ί).
458 5368 512 5419 5.
547 5388 575 5417 ιε
604 5368 749 5421 libro
782 5369 1027 5430 Belgica.
1063 5373 1217 5422 ducto
1248 5372 1399 5422 Sluat
1434 5384 1533 5420 von
1562 5377 1713 5437 groot
1747 5366 2013 5435 ltusllmd,

366 5439 595 5504 promti.
624 5442 716 5494 ubi
760 5441 1072 5495 cerimonia
1098 5440 1581 5494 sanctiﬁcationis
1604 5456 1763 5506 aquae
1783 5441 2014 5507 c0piose

363 5511 961 5587 enarra_tur.‘D.tUet
1006 5510 1276 5587 ἁγιασμδς
1352 5509 1565 5583 μικρός,
1617 5514 1718 5587 qui
1767 5511 2016 5587 singulis

367 5582 668 5638 mensibus
701 5581 783 5637 ﬁt.
835 5581 1065 5639 Verum'
1101 5581 1186 5640 de
1222 5585 1331 5639 hoc
1356 5581 1572 5638 sermo
1621 5584 1714 5637 hic
1763 5582 1871 5637 loci
1902 5597 2015 5636 non

364 5656 468 5709 est.
503 5654 746 5723 Magnus
778 5653 1121 5719 Hagiasmus
1162 5656 1339 5710 ﬁebat
1373 5655 1607 5711 nomine
1635 5654 1883 5710 Christi:
1912 5654 2016 5708 mi-

367 5742 474 5783 nor
539 5726 775 5785 nomine
844 5726 1039 5785 Marim
1098 5726 1355 5801 Virginis
1421 5726 1671 5801 singulis
1740 5725 2017 5784 Kalendis

2126 5082 2259 5153 τῶνἶ
2301 5081 2387 5135 Ita
2420 5070 2963 5153 Pi'oclu§_CPtanus
2990 5075 3166 5153 _apud
3196 5070 3449 5153 Fabric...
3483 5070 3632 5125 Bibl.
3673 5072 3772 5153 ρξ’.

2121 5160 2159 5207 t.
2215 5151 2367 5217 Vill,
2415 5167 2544 5221 pag.
2595 5151 2719 5204 602.
2771 5149 2931 5204 Conf.
2979 5143 3145 5221 Goar.
3197 5148 3283 5221 ad_
3316 5143 3516 5221 Cadio.
3566 5160 3620 5213 p.
3672 5143 3763 5221 96,

2124 5224 2245 5295 108,
2280 5215 2543 5295 [ιίῖξΕεῙι
2567 5222 2737 5277 etiam
2772 5217 3038 5295 ἁγιασμὸς
3068 5216 3575 5295 ραηιξεᾼρεηεάέειᾳπς
3621 5215 3771 5285 apud

2123 5294 2454 5348 Balsamon.
2497 5294 2737 5347 citatum
2782 5286 2828 5346 a'
2855 5286 3041 5347 Go'aro
3069 5286 3140 5360 'p.
3189 5289 3291 5343 135
3332 5296 3383 5342 et
3416 5286 3673 5360 Codinus
3716 5301 3771 5355 p.

2134 5367 2255 5440 126,
2327 5364 2586 5440 dyiasym
2628 5365 2780 5440 idem
2830 5357 3267 5440 appellata-Est
3306 5357 3772 5440 den‘iqueﬁyfa-

2132 5435 2269 5506 σμὸς
2306 5432 2535 5508 quoque
2569 5432 2893 5508 benedictio,
2923 5432 3301 5508 sanctiﬁcatio
3341 5432 3542 5508 suimet
3574 5432 3770 5508 ipsius,

2124 5500 2340 5564 attactu
2373 5500 2578 5575 sancti,
2614 5510 2769 5579 apud
2793 5500 3130 5578 Theophan'.
3158 5521 3212 5576 p.
3236 5504 3324 5569 17,
3351 5503 3458 5557 Sed
3491 5507 3613 5561 haec
3633 5500 3768 5554 alie-

2126 5598 2199 5635 na
2231 5581 2301 5635 ab
2334 5580 2441 5635 hoc
2472 5580 2618 5635 loco.

2199 5653 2314 5721 (99)
2374 5652 2467 5708 Est
2519 5648 2805 5722 particula,
2855 5654 2913 5706 S.
2961 5646 3320 5722 Scripturaa,_
3356 5648 3456 5701 aut
3504 5646 3764 5709 Patrum,

2131 5719 2336 5800 quales
2366 5719 2543 5781 Graeci
2577 5721 2764 5781 solent
2794 5721 2945 5777 inter
2973 5719 3141 5777 sacra
3172 5719 3363 5779 ofﬁcia
3392 5724 3633 5778 rectare.
