4158 6212
345 371 458 429 3⁴¹Π

1211 370 1310 428 DE
1367 369 1833 432 CERlMONllS
1882 372 2115 433 ΑυιΑΞ
2157 373 2638 443 ΒΥΖΑΜΝΤᾸΞ
2680 386 2824 446 LIB.
2877 389 2924 446 Ῑ.

3649 390 3766 452 378

340 503 522 574 νεῦμα
562 500 590 554 ὁ
623 501 1008 574 πραιπόσιτος,
1062 497 1209 576 λέγει
1260 506 1378 560 τοῖς
1428 501 1678 576 ἱερεῦσιν,
1711 502 1859 564 ὅπως
1900 503 1993 579 ἄρ-

2110 507 2364 564 ofﬁcium
2391 518 2597 582 praeter
2618 517 2892 588 patricios
2914 521 2970 575 et
3003 519 3391 580 cubicularios
3422 539 3489 580 ea
3519 541 3758 598 vespera

343 589 542 659 Εωνται
572 595 678 658 τῆς
710 590 854 647 θείας
889 587 1232 663 λειτουργίας
1285 589 1361 652 εἲς
1389 591 1480 643 τὸν
1513 591 1638 645 ναὸν
1671 595 1767 646 105
1799 592 1992 666 Ἀγίου

2106 598 2451 654 mutatorias
2480 600 2693 659 induit.

341 679 642 756 Στεφάνου,
695 678 747 732 ἐν
807 679 853 750 ᾦ
912 681 940 733 6
1000 679 1267 754 ἁγιασμὸς
1314 677 1572 736 τελεῖται.
1637 680 1729 742 Εἰς
1772 678 1828 735 δὲ
1881 681 1975 736 τὸν
2031 683 2336 757 αὐγουστέα
2367 688 2446 760 (1)
2489 691 2578 744 καὶ
2620 691 2696 754 είς
2743 695 2806 748 τὸ
2854 695 3246 770 κονσιστώριον
3293 695 3658 754 ἀλλάσσουσιν
3705 702 3756 756 οὶ

334 772 618 864 πατρίκιοι
685 768 774 824 καὶ
837 768 1020 842 μόνον·
1071 773 1140 843 τῇ
1180 769 1282 843 γάρ
1350 769 1548 844 ἐσπέρᾳ
1604 768 1780 845 ἐκείνῃ
1841 769 1981 826 ἄλλο
2051 772 2306 852 ὀφφίκιον
2364 778 2466 834 οὐκ
2522 779 2806 852 ἀλλάσσει,
2851 784 2895 839 εἰ
2956 787 3034 858 μὴ
3094 768 3145 842 oi
3203 788 3480 864 πατρίκιοι
3539 790 3627 845 καὶ
3693 792 3757 848 τὸ

335 855 751 916 κουόοὗκλειον.

411 952 484 1006 Β’.
518 951 580 1008 Ὀ
612 947 668 1005 δῖε
702 948 959 1024 βασιλεὺς
1001 956 1182 1026 φορῶν
1228 951 1291 1006 16
1339 946 1665 1022 διὸητήσιον
1699 953 1868 1008 αὐτοῦ
1897 953 1990 1007 καὶ

338 1039 403 1094 τὸ
433 1037 760 1111 τζιτζάκιον,
792 1039 1006 1113 ἵστανται
1038 1041 1112 1101 εἷς
1157 1043 1219 1096 τὸ
1256 1041 1587 1116 ὁκτάγωνον,
1623 1040 1855 1096 ἐκτελῶν
1885 1043 1984 1111 τήν

341 1128 486 1192 θείαν
547 1126 909 1204 λειτουργίαν·
971 1127 1312 1201 τελεσθείσης
1389 1127 1445 1184 δὶ
1515 1137 1614 1200 τῆς
1670 1131 1814 1192 Θείας
1870 1129 1987 1184 λει-

337 1217 622 1293 τουργίας,
663 1217 964 1294 εἰσέρχεται
1015 1220 1043 1274 6
1097 1221 1444 1294 πατριάρχης
1490 1219 1565 1281 εἷς
1594 1219 1685 1274 τὸν
1722 1220 1849 1274 ναὸν
1889 1223 1987 1274 105

336 1310 524 1382 Ἀγίου
600 1308 891 1382 Στεφάνου,
967 1309 1055 1362 καὶ
1131 1309 1428 1381 ἀρξαμένου
1514 1309 1680 1363 αὐτοῦ
1752 1307 1987 1362 ἐκτελεῖν

332 1398 434 1466 τήν
480 1396 726 1471 μεγάλην
759 1396 931 1476 εὐχὴν
970 1402 1067 1452 105
1117 1399 1406 1474 άγιασμοῦ,
1440 1394 1752 1452 ἐπιδίδωσιν
1787 1394 1983 1460 εὐθέως

334 1489 363 1542 ὁ
396 1488 754 1557 πραιπὸσιτος
793 1493 873 1559 τῷ
926 1487 1144 1563 βασιλεῖ
1183 1488 1371 1564 κηρία,
1419 1487 1509 1543 καὶ
1549 1486 1762 1543 ’ίσταται
1813 1489 1841 1543 6
1887 1489 1984 1562 βαο

336 1574 522 1638 σιλεὺς
553 1571 772 1640 ὄπισθεν
819 1578 916 1645 τῆς
961 1571 1377 1650 κολυμϐήθρας,
1416 1573 1519 1639 ἕως
1559 1574 1617 1631 ἃν
1667 1575 1918 1650 ἐκτελέσῃ
1955 1577 1984 1630 6

335 1665 687 1740 πατριάρχης
738 1666 944 1721 ἅπασαν
991 1667 1090 1734 τήν
1144 1667 1341 1741 εὐχὴν,
1383 1667 1434 1722 οἳ
1483 1663 1539 1721 δὲ
1582 1667 1983 1741 πρωτοσπαθάο

336 1775 446 1827 ριοι
479 1756 529 1810 οἱ
561 1755 816 1831 εὐνοῦχοι
861 1751 1080 1818 ὄπισθεν
1128 1759 1226 1810 105
1279 1755 1547 1830 βασιλέως
1585 1757 1830 1812 ἳστανται
1872 1755 1982 1826 ἠλο

339 1841 607 1918 λαγμένοι
665 1844 924 1905 ὡσαύτως
964 1845 1051 1897 καί
1094 1844 1145 1898 οἱ
1186 1845 1463 1918 πατρίκιοι
1515 1843 1786 1912 ἵστανται,
1845 1865 1976 1920 κρα-

331 1937 553 1996 τοῦντες
593 1933 799 2007 κηροὺς
834 1932 1175 2008 βασίλικους.
1209 1932 1569 2002 Τελεσοείσης
1621 1933 1679 1989 δὲ
1726 1943 1825 2005 τῆς
1878 1936 1974 1990 εὖ-

327 2028 462 2096 χῆς,
497 2019 810 2076 ἐπιδίδωσιν
879 2023 907 2075 6
979 2020 1238 2095 βασιλεὺς
1303 2027 1383 2094 τῷ
1449 2023 1792 2097 πραιποσίτῳ
1841 2026 1973 2098 ἅπερ

322 2112 552 2185 κατέχει
582 2109 770 2184 κηρία,
829 2111 858 2164 6
915 2107 971 2165 δὲ
1027 2110 1386 2185 πραιπόσιτος
1435 2118 1551 2173 τοῖς
1607 2113 1827 2186 ἱερεῦσι,
1887 2113 1975 2166 καὶ

325 2194 522 2256 λαϐὼν
564 2200 592 2254 6
636 2201 984 2276 πατριάρχης
1034 2199 1295 2276 ἁγίασμα,
1346 2197 1556 2280 ἐπιχέει
1596 2200 1648 2256 ἐν
1690 2208 1807 2264 ταῖς
1847 2222 1977 2277 χερο

327 2289 384 2343 σὶ
432 2292 528 2342 105
570 2288 861 2362 βασιλέως,
913 2289 940 2342 ὁ
981 2285 1038 2344 δὲ
1081 2286 1338 2362 βασιλεὺς
1379 2289 1677 2363 νιψάμενος
1723 2292 1817 2354 τὰς
1854 2297 1974 2366 χεῖ-

331 2400 427 2454 ρας
458 2379 547 2434 καὶ
594 2381 695 2449 τήν
731 2379 974 2454 κεφαλήν
1021 2379 1250 2454 ἀλείψας
1296 2381 1384 2436 καὶ
1432 2381 1495 2436 τὸ
1537 2383 1854 2456 πρόσωπον,
1886 2383 1976 2438 καὶ

330 2469 378 2522 εί
433 2466 598 2537 θέλει,
653 2469 793 2524 πιὼν
845 2469 896 2540 ἐξ
945 2467 1132 2538 αὐτοῦ,
1175 2472 1646 2544 προσκυνήσαντες
1675 2471 1974 2551 άμιρότεροι

327 2556 617 2629 ἀλλήλους
653 2559 682 2612 6’
731 2579 790 2614 τε
824 2557 1080 2633 βασιλεὺς
1120 2558 1208 2613 καὶ
1252 2559 1280 2614 6
1321 2561 1690 2635 πατριάρχης,
1734 2563 1974 2638 ἀπέρχει

323 2662 414 2698 ται
454 2643 548 2715 μὲν
600 2644 628 2698 6
683 2643 937 2718 βασιλεὺς
988 2642 1064 2706 εἶς
1111 2644 1202 2699 τὸν
1270 2651 1507 2700 κοιτῶνα
1546 2646 1732 2718 αὐτοῦ,
1761 2648 1976 2703 κάκεῖσε

326 2726 477 2786 ἔνδον
515 2737 612 2788 105
661 2733 838 2809 βήλου
904 2735 1076 2799 ἑστὼς
1129 2731 1414 2811 ἒκδέχεται
1470 2738 1566 2792 τὸν
1603 2739 1974 2820 πατριάρχην,

327 2821 438 2886 ’ἕως
496 2822 554 2879 ἃν
603 2826 704 2894 την
745 2823 1046 2897 διακονίαν,
1100 2823 1271 2904 ἤγουν
1309 2831 1406 2883 105
1445 2827 1682 2904 ἐπιχέειν
1708 2831 1770 2886 τὸ
1812 2831 1976 2908 άγία-

336 2934 466 2986 σμα,
501 2913 861 2990 ἐκπληρώσῃ,
902 2915 978 2977 εί¹ς
1035 2936 1094 2971 τε
1141 2916 1268 2978 τοὺς
1327 2918 1668 2993 πατρικίους,
1735 2921 1823 2975 καὶ
1880 2927 1977 2976 105

329 2999 726 3058 κουόουκλείου
785 3007 884 3078 (2),
945 3005 1290 3080 στρατηγούς
1351 3027 1408 3062 τε
1468 3007 1555 3062 καὶ
1598 3005 1972 3082 δομεστίκους.

329 3094 438 3156 Εἶθ’
479 3093 621 3149 οὕτω
692 3097 884 3168 μηνύει
941 3096 970 3150 6
1028 3095 1389 3172 πραιπόσιτος
1439 3103 1520 3170 τῷ
1590 3096 1828 3174 βασιλεῖ,
1886 3103 1977 3156 καὶ

2172 956 2239 1012 Il.
2286 959 2605 1030 Imperator
2645 964 2925 1023 dibetesio
2956 972 3012 1024 et
3037 970 3300 1027 tzitzacio
3337 988 3446 1028 suo
3478 971 3750 1040 indutus.

2099 1043 2157 1133 in
2190 1049 2498 1120 oclangulo
2532 1057 2719 1119 stans,
2753 1071 2969 1110 sacram
3006 1055 3305 1129 liturgiam
3338 1060 3609 1127 celebrat,
3634 1079 3752 1133 qua

2098 1131 2288 1202 ﬁnita,
2336 1138 2666 1208 patriarcha
2712 1143 3000 1214 templum
3045 1151 3101 1200 S.
3151 1147 3427 1217 Stephani
3475 1131 3748 1220 petit,‘et

2097 1227 2412 1295 postquam
2437 1243 2682 1300 magnas
2699 1247 2898 1302 preces
2912 1235 3367 1294 consecrationis
3383 1253 3625 1294 exorsus
3639 1244 3747 1307 est,

2096 1315 2440 1384 praepositus
2481 1317 2818 1389 imperatori
2859 1337 3057 1379 cereos
3096 1325 3297 1396 tradit,
3338 1325 3438 1398 qui
3483 1333 3614 1399 post
3664 1327 3748 1384 la-

2096 1402 2265 1460 brum
2299 1406 2644 1478 baptisterii,
2671 1426 2852 1482 usque
2877 1413 3018 1468 dum
3044 1415 3378 1486 patriarcha
3401 1433 3598 1488 preces
3626 1419 3751 1474 uni-

2093 1507 2289 1550 versas
2319 1495 2524 1566 ﬁnivit,
2548 1499 2836 1568 subsistit,
2857 1503 3308 1574 protospatharii
3342 1511 3536 1563 autem
3558 1523 3745 1563 eunu-

2094 1581 2189 1638 chi
2227 1599 2375 1654 pone
2414 1585 2827 1659 imperatorem
2869 1591 2928 1646 in
2962 1594 3315 1665 mutatoriis,
3352 1610 3514 1666 asque
3548 1611 3613 1651 ac
3645 1611 3746 1666 pa-

2095 1671 2268 1740 tricii,
2317 1689 2511 1731 cereos
2560 1676 2965 1747 imperatorias
3012 1686 3297 1754 tenentes,
3347 1690 3559 1740 astant.
3609 1685 3745 1741 Pre-

2092 1761 2320 1817 catione
2348 1763 2536 1831 ﬁnita,
2560 1765 2875 1838 imperator
2905 1786 3053 1841 quos
3083 1775 3351 1828 tenuerat
3379 1789 3576 1830 cereos
3607 1790 3747 1845 prec

2090 1849 2302 1921 posito,
2336 1852 2433 1907 hic
2465 1856 2889 1925 sacerdotibus,
2924 1859 3134 1927 reddit,
3168 1860 3498 1930 patriarcha
3527 1878 3740 1934 aquam

2087 1938 2455 1998 benedictam
2485 1945 2661 2000 sumit
2691 1945 2870 2018 inque
2900 1963 3112 2004 manus
3141 1949 3508 2021 imperatoris
3537 1950 3742 2006 infun-

2089 2027 2194 2094 dit,
2224 2032 2322 2100 qui
2365 2048 2576 2088 manus
2616 2033 2786 2102 lavat,
2819 2041 2997 2108 caput
3036 2037 3362 2110 faciemque
3401 2039 3652 2111 inungit,
3684 2043 3742 2096 et

2086 2117 2242 2184 inde,
2271 2121 2321 2174 si
2354 2119 2560 2190 placet,
2596 2122 2764 2179 bibit.
2800 2125 3114 2197 Postquam
3143 2143 3279 2183 vero
3309 2143 3372 2183 se
3404 2133 3605 2183 mutuo
3634 2129 3744 2184 im-

2088 2212 2320 2277 perator
2366 2213 2424 2264 et
2475 2211 2808 2282 patriarcha
2865 2215 3205 2283 adorarunt,
3252 2215 3350 2271 ille
3405 2217 3737 2272 cubiculum

2087 2310 2259 2352 suum
2293 2299 2454 2369 petit,
2497 2302 2555 2354 et
2586 2297 2662 2354 ibi
2711 2299 2865 2356 intra
2907 2302 3097 2358 velum
3143 2307 3500 2360 constitutus
3529 2319 3744 2377 exspe-

2088 2389 2225 2452 ctat,
2277 2386 2418 2442 dum
2480 2389 2812 2458 patriarcha
2865 2391 3124 2447 ofﬁcium
3183 2409 3346 2464 aquas
3397 2394 3738 2464 benedicta,

2089 2474 2372 2546 patriciis,
2413 2476 2812 2546 cubiculariis,
2848 2479 3118 2554 strategis
3149 2485 3207 2538 et
3250 2482 3590 2540 domesticis
3633 2484 3743 2540 im-

2086 2565 2424 2635 pertienda,
2456 2566 2787 2622 celebravit.
2815 2569 2905 2624 Sic
2936 2571 3286 2641 praepositus
3323 2572 3737 2645 imperatorem

2087 2653 2382 2722 admonet,
2425 2655 2776 2728 signumque
2815 2659 3125 2731 praeposito
3165 2661 3286 2729 dat,
3328 2660 3429 2732 qui
3469 2677 3742 2734 egressus

2087 2741 2481 2814 patriarcham
2516 2743 2591 2799 ad
2621 2743 2926 2802 ecclesiam
2959 2751 3144 2814 vocat,
3170 2755 3225 2803 et
3257 2753 3524 2821 uterque,
3553 2749 3740 2822 impe-

2087 2837 2245 2888 rator
2300 2837 2358 2889 et
2413 2833 2766 2906 patriarcha,
2808 2835 2868 2891 in
2928 2836 3303 2908 octangulum
3359 2839 3738 2910 conveniunt,

2088 2920 2185 2975 ubi
2237 2920 2334 2978 hic
2382 2921 2467 2976 illi
2518 2939 2729 2993 panem
2770 2923 3146 2981 benedictum
3186 2926 3376 2992 oﬂ'ert,
3421 2927 3740 3000 imperator

2088 3015 2281 3067 autem
2346 3015 2648 3082 sumptum
2705 3029 2737 3067 a
2796 3014 3105 3086 praeposito
3160 3015 3572 3086 apocombium
3634 3033 3736 3088 pa-

2089 3099 2350 3155 triarcha;
2381 3100 2574 3156 tradit.

328 3180 518 3239 δίδωσι
577 3191 748 3260 νεῦμα
801 3191 882 3259 τῷ
937 3188 1308 3263 πραιποσίτῳ,
1376 3191 1623 3252 κάκεῖνος
1690 3189 1920 3262 ἐξελθὼν
1976 3191 2369 3268 προσκαλεῖται
2445 3189 2538 3244 τὸν
2593 3189 2942 3265 πατριάρχην
3025 3190 3077 3245 ἐν
3154 3196 3223 3265 τῇ
3300 3191 3587 3263 ἐκκλησιᾳ,
3647 3193 3736 3248 καὶ

326 3275 570 3330 ἐνοῦνται
629 3276 928 3353 ἀμφότεροι
987 3277 1016 3332 ’ὀ
1081 3298 1139 3332 τε
1201 3277 1455 3353 βασιλεὺς
1511 3277 1602 3334 καί
1659 3281 1686 3334 ὁ
1744 3283 2094 3358 πατριάρχης
2155 3279 2207 3336 ἐν
2260 3284 2338 3352 τῷ
2368 3278 2686 3354 ὀκταγώνῳ,
2717 3279 2806 3333 καὶ
2839 3276 3154 3335 ἐπιδίδωσιν
3187 3283 3215 3336 6
3255 3283 3606 3360 πατριάρχης
3660 3287 3740 3355 τῷ

328 3363 542 3437 βασιλεῖ
572 3363 845 3441 εὐλογίας.
906 3367 934 3420 6
984 3363 1040 3420 δὲ
1083 3364 1360 3440 βασιλεὺς,
1395 3363 1578 3423 λαϐὼν
1619 3371 1767 3445 παρά
1793 3376 1890 3426 105
1931 3369 2294 3448 πραιποσίτου
2325 3363 2692 3442 ἀποκὸμϐιον,
2725 3365 3008 3424 ἐπιδίδωσι
3037 3373 3117 3442 τῷ
3143 3390 3484 3446 πατριαρχῃ.

402 3459 470 3511 I".
534 3455 663 3510 Εἶτα
723 3457 1088 3531 κρατήσαντες
1143 3455 1407 3528 ἀλλήλων
1457 3461 1551 3520 τάς
1606 3465 1795 3534 χεῖρας
1849 3459 1879 3516 ὅ
1916 3483 1974 3517 τε

2161 3461 2265 3517 84
2296 3461 2395 3518 ΙΙΙ.
2429 3461 2525 3516 Sic
2561 3460 2788 3531 junctis
2819 3461 3064 3518 invicem
3099 3463 3395 3530 manibus,
3422 3464 3740 3535 imperator

333 3540 586 3613 βασιλεὺς
646 3541 736 3597 καὶ
787 3543 815 3598 6
855 3544 1228 3620 πατριάρχης,
1282 3544 1594 3620 ἐξέρχονται
1657 3547 1823 3623 μέχρι
1878 3553 1974 3604 105

327 3629 692 3706 αὖγουστέως,
786 3631 875 3687 καὶ
970 3634 1440 3708 προσκυνήσαντες
1535 3633 1820 3706 ἀλλήλους
1882 3640 1972 3693 καὶ

325 3719 714 3794 ἀσπασάμενοι,
775 3722 804 3776 6
864 3722 958 3794 μὲν
1013 3723 1365 3800 πατριάρχης
1433 3723 1729 3798 ἀπέρχεται
1784 3725 1834 3780 ἐν
1902 3731 1971 3800 τῇ

324 3807 553 3885 Μεγάλῃ
604 3807 890 3881 ἐκκλησίᾳ,
945 3808 1274 3880 διασώζουσι
1314 3809 1373 3866 δὲ
1411 3811 1576 3868 αὐτὸν
1630 3811 1724 3868 δύο
1767 3815 1974 3889 ἄρχον-

317 3919 409 3960 τες
457 3898 554 3955 105
601 3896 997 3956 κουεουκλείου
1055 3901 1145 3956 καὶ
1205 3903 1234 3956 6
1289 3909 1389 3971 τῆς
1447 3905 1824 3966 καταστάσεως
1880 3905 1972 3960 καὶ

319 3986 674 4064 σιλεντιάριοι
730 3987 825 4046 δύο
877 3990 1041 4066 μέγρι
1088 3995 1187 4046 105
1235 3989 1498 4054 ὀνόποδος
1527 3992 1562 4061 ἢ
1594 3992 1683 4047 καὶ
1725 3998 1820 4048 105
1850 4015 1972 4048 κον-

321 4081 632 4154 σιστωρίου.
680 4081 744 4137 Ὀ
799 4077 855 4134 δὲ
905 4079 1164 4154 βασιλεὺς
1202 4079 1496 4156 ἀπέρχεται
1549 4081 1601 4136 ἐν
1647 4087 1728 4156 τῷ
1778 4096 1974 4162 θεοφυ-

322 4168 508 4244 λάκτῳ
547 4171 714 4226 αὑτοῦ
760 4167 1035 4242 παλατίῳ,
1085 4169 1177 4224 καὶ
1226 4165 1497 4243 ἐκϐαλὼν,
1550 4171 1610 4226 τό
1658 4193 1717 4228 τε
1754 4175 1972 4243 τζιτζά-

323 4279 441 4313 κιον
473 4260 565 4314 καὶ
603 4260 666 4315 τὸ
718 4253 1066 4330 διϐητησιον,
1110 4253 1502 4335 περιϐάλλεται
1561 4261 1970 4339 σκαραμάγγιον

327 4345 591 4425 δίασπρον
642 4343 1047 4427 χρυσόκλαϐον,
1093 4349 1182 4403 καὶ
1229 4349 1325 4404 εἶθ’
1375 4349 1517 4405 οὕτω
1563 4352 1842 4420 καθέζεται
1882 4350 1968 4406 ἐπὶ

317 4444 423 4507 τῆς
453 4439 639 4512 τιμίας
690 4437 853 4494 αὐτοῦ
893 4438 1185 4514 τραπέζης.
1234 4439 1507 4503 Ὡσαύτως
1555 4437 1967 4496 ἀπαλλάσσουσι

322 4527 414 4582 καὶ
453 4529 505 4583 οἱ
562 4527 862 4604 πατρίκιοι,
915 4527 1006 4583 καὶ
1071 4525 1421 4603 ἐνδυσάμενοι
1475 4528 1542 4584 τά
1584 4530 1968 4607 σκαραμάγγια

322 4615 517 4689 αὐτῶν,
559 4617 898 4694 εἰσέρχονται
942 4619 994 4674 οἱ
1043 4616 1338 4690 κληθέντες
1393 4617 1468 4679 εἷς
1524 4619 1588 4674 τὸ
1625 4617 1961 4695 κλητώριον·

331 4705 437 4761 ἀπὸ
492 4707 592 4784 γὰρ
639 4711 737 4778 τῆς
795 4706 1120 4778 Ἐκκλησίας
1170 4706 1447 4782 ἆλλάξιμα
1502 4704 1601 4764 οὕκ
1639 4708 1795 4779 εἰσιν,
1828 4710 1880 4764 οἱ
1911 4707 1967 4765 δὲ

317 4799 416 4850 105
474 4791 865 4852 κουϐουκλείου
911 4794 1139 4859 ἅπαντες
1190 4784 1598 4870 παραστάσιμον
1648 4797 1710 4852 οὐ
1768 4801 1964 4853 ποιοῦ-

326 4905 436 4944 σιν.
493 4884 686 4942 Ἰστέον
756 4882 834 4954 δὶ,
893 4885 976 4939 ὅτι
1029 4889 1097 4958 τῇ
1157 4884 1353 4961 ἱσπέρᾳ
1410 4884 1611 4960 ἐκείνῃ,
1667 4883 1836 4960 ἤγουν
1889 4892 1959 4963 τῇ

321 4977 621 5048 παραμονῇ
652 4977 762 5026 τῶν
795 4973 1011 5049 φώτων,
1048 4973 1116 5028 τὰ
1151 4971 1430 5045 ἆλλάξιμα
1461 4970 1550 5028 διά
1578 4972 1786 5029 λευκῶν
1819 4976 1964 5051 χλα-

314 5058 513 5118 νιδίων
544 5057 851 5130 τελοῦνται,
902 5061 954 5114 οἱ
995 5057 1051 5116 δὶ
1098 5062 1374 5136 πατρίκιοι
1423 5065 1492 5136 τῇ
1545 5061 1744 5139 ἐσπέρᾳ
1783 5061 1958 5140 ἕκεινῃ

315 5150 380 5205 οὐ
441 5149 669 5225 φοροῦσι
726 5143 987 5221 χλανίδια
1044 5142 1415 5222 χρυσὸταϐλα,
1481 5145 1629 5204 ἀλλὰ
1701 5147 1961 5226 χλανίδια

2085 3556 2142 3607 et
2188 3543 2520 3622 patriarcha
2567 3551 2637 3607 ad
2689 3557 3042 3624 augusteum
3102 3567 3284 3624 usque
3329 3551 3566 3622 abeunt,
3612 3551 3740 3621 ubi,

2084 3646 2392 3712 postquam
2417 3655 2480 3696 se
2499 3639 2815 3696 adorarunt
2837 3639 3204 3713 osculatique
3225 3645 3387 3710 sunt,
3403 3641 3736 3714 patriarcha

2083 3730 2153 3784 ad
2196 3729 2467 3802 Magnam
2507 3727 2816 3784 ecclesiam
2857 3728 3002 3796 abit,
3035 3745 3290 3800 eumque
3329 3732 3445 3784 duo
3479 3729 3737 3801 prafecti

2083 3817 2360 3886 cubiculi,
2384 3817 2833 3873 cerimoniarius
2863 3817 3092 3887 duoque
3124 3816 3429 3872 silentiarii
3455 3832 3641 3887 usque
3662 3817 3737 3871 ad

2083 3907 2406 3977 onopodem
2442 3922 2542 3960 seu
2574 3904 2978 3960 consistorium
3012 3904 3382 3960 comitantur.
3413 3905 3737 3977 Imperator

2082 3998 2278 4050 autem
2311 3994 2383 4050 ad
2432 3993 2710 4065 palatium
2744 4009 2915 4048 suum
2948 4009 2982 4048 a
3016 3993 3126 4048 Deo
3158 3992 3510 4048 custoditum
3541 3995 3734 4048 disce-

2079 4085 2186 4152 dit,
2217 4087 2508 4154 exutoque
2539 4080 2802 4137 tsitzacio
2830 4086 2888 4136 et
2917 4079 3222 4150 dihetesio,
3253 4081 3729 4153 scaramangium

2081 4172 2304 4242 album,
2334 4187 2509 4228 aureo
2547 4170 2708 4226 clavo
2748 4174 3044 4238 ornatum,
3078 4169 3269 4226 induit
3306 4173 3362 4226 et
3401 4170 3485 4226 sic
3526 4177 3730 4242 postea

2082 4262 2346 4334 pretiosa:
2373 4276 2587 4316 mensas
2617 4275 2736 4316 sua
2759 4259 2998 4316 assidet.
3021 4259 3114 4316 Sic
3135 4259 3311 4316 etiam
3343 4260 3572 4331 patricii
3605 4272 3731 4314 mu-

2079 4355 2224 4416 tant,
2256 4367 2484 4422 suaque
2529 4349 2936 4422 scaramangia
2964 4348 3177 4416 induti,
3209 4351 3394 4405 vocati
3427 4349 3498 4404 ad
3532 4347 3735 4404 convi-

2078 4439 2238 4496 vium
2271 4440 2518 4496 veniunt
2551 4455 2564 4494 :
2597 4439 2670 4496 ab
2701 4437 2956 4496 Ecclesia
2984 4437 3138 4494 enim
3174 4438 3528 4494 mutationes
3555 4435 3733 4494 nullae

2078 4529 2249 4598 ﬁunt,
2284 4545 2391 4586 nec
2429 4528 2770 4587 cubicularii
2800 4544 3004 4585 omnes
3034 4544 3101 4584 eo
3131 4527 3226 4584 die
3257 4529 3328 4584 ad
3361 4527 3731 4600 imperatoris

2077 4619 2351 4676 thronum
2395 4626 2602 4692 presio
2653 4621 2812 4674 sunt.
2849 4619 3292 4675 Observandum
3335 4633 3472 4674 vero
3513 4623 3621 4686 est,
3660 4631 3730 4673 ea

2075 4723 2316 4779 vespera
2340 4723 2439 4765 seu
2471 4707 2672 4780 vigilia
2702 4705 2994 4763 luminum
3029 4707 3416 4764 mutationem
3449 4705 3596 4762 albis
3630 4709 3724 4760 tu-

2079 4797 2228 4852 nicis
2259 4797 2407 4864 ﬁeri,
2432 4795 2708 4869 patricios
2735 4799 2930 4852 autem
2953 4813 3068 4852 non
3093 4796 3318 4852 tunicas
3341 4795 3534 4853 aureis
3558 4795 3726 4850 tabu-

2077 4885 2173 4954 lis,
2205 4887 2306 4943 sed
2351 4884 2657 4958 purpureis
2696 4888 2959 4957 gestare:
2995 4885 3069 4941 ob
3100 4886 3314 4942 festum
3351 4885 3509 4941 enim
3547 4883 3727 4939 lumi-

2074 4991 2221 5032 num
2268 4975 2582 5046 imperator
2618 4977 2675 5030 et
2713 4978 2960 5028 senatus
2997 4978 3186 5029 vestes
3237 4973 3400 5028 albas
3448 4972 3726 5043 induunt,

2071 5062 2295 5120 ostiarii
2347 5061 2703 5135 paragaudia
2749 5077 2856 5117 sua
2904 5061 3209 5133 virgasque
3269 5060 3729 5134 protospatharii

2072 5151 2329 5209 eunuchi
2361 5151 2644 5209 dibetesia
2666 5150 3026 5224 spathasque
3045 5156 3368 5225 gestantes,
3390 5155 3526 5208 ante
3548 5150 3728 5222 impe-

1354 5358 1548 5417 JOAN.
1587 5356 1732 5419 JAC.
1776 5358 2042 5421 REISKII
2095 5361 2678 5422 COMMENTARIUS.

379 5510 456 5581 (1)
507 5511 571 5564 In
615 5510 1010 5581 Augusteone,
1055 5510 1136 5581 ut
1165 5506 1442 5581 Augustas
1493 5505 1729 5581 palatio,
1776 5510 1970 5581 muta-

311 5577 470 5662 bant_
493 5589 684 5662 vestes
713 5577 959 5662 patricii
1005 5577 1374 5662 cubicularii,
1399 5577 1509 5662 aut
1522 5577 1878 5662 .spadqnes‘:
1912 5577 1972 5634 in

309 5651 678 5782 goposistorio,
709 5648 811 5708 seu
855 5649 1300 5724 cbrysotriclino
1346 5649 1536 5706 caeteri
1575 5648 1803 5722 patricii
1834 5648 1972 5706 bar-

354 5740 386 5780 a
414 5739 452 5779 ι.

2152 5510 2232 5580 (2)
2253 5509 2774 5580 Ita.est,in_codice.
2799 5506 3196 5566 Grammatica
3226 5507 3445 5580 ﬂagitat
3474 5503 3563 5561 καὶ
3594 5505 3719 5567 τοὺς

2080 5572 2182 5654 τοῦ
2212 5572 2780 5654 ’κουϐουκλείουτβρᾴ
2817 5597 3000 5654 supra
3022 5582 3146 5654 jam
3177 5572 3492 5654 habuimus
3529 5596 3724 5636 exem-

2082 5649 2178 5724 pla
2207 5652 2408 5709 omissi
2439 5652 2688 5710 articuli.
2717 5648 2850 5710 Vid.
2884 5648 3002 5708 not.
3024 5648 3127 5708 'ad.
3162 5667 3219 5724 p.
3250 5651 3339 5707 61.
