4158 6212
337 382 450 445 38!

1191 391 1291 450 DE
1332 388 1799 451 CERIMONIIS
1848 391 2082 450 AUL/E
2133 391 2604 451 BYZANTlN/E
2650 391 2794 449 LIB.
2844 390 2889 449 Ι.

3625 388 3745 451 382

331 516 431 571 τὸν
491 513 661 570 πάλιν
713 516 741 571 6
795 523 895 586 τῆς
950 518 1323 583 καταστάσεως
1406 522 1538 593 μετὰ
1596 519 1981 596 σιλεντιαρίου,

2102 523 2474 596 patriciorum
2536 524 2883 592 notavimus,
2968 528 3023 580 ct
3070 523 3232 579 ducit
3304 524 3743 580 ceriinoniarius

340 605 579 684 εἰσφέρει
628 604 789 661 αὐτὸν
849 606 925 669 εἰς
980 608 1043 662 τὸ
1088 604 1239 665 ἔνδον
1305 612 1692 685 κονσιστώριον
1755 612 1853 684 (6),
1896 610 1987 666 καὶ

337 691 564 757 ἐνδῦσας
594 694 755 750 αὐτὸν
797 696 861 751 τὸ
908 698 1217 774 στιχάριον,
1249 700 1551 774 περιζώσας
1580 700 1739 755 αὐτὸν
1790 700 1879 754 καὶ
1926 700 1987 754 τὸ

347 781 655 857 βαλτίδιον,
686 784 856 861 ἐξάγει
920 786 1084 842 αὐτὸν
1147 787 1237 842 καὶ
1290 786 1506 860 ’ίστησιι
1539 788 1838 864 ἔμπροσθεν
1890 793 1988 844 τοῦ

342 872 616 947 βασιλέως
665 875 903 938 κάτωθεν
952 879 1050 930 τοῦ
1098 876 1444 933 πουλπίτου’
1485 878 1573 934 καὶ
1632 880 1825 941 πάντες
1876 878 1986 933 εἰσ-

334 959 588 1025 ελθόντες
622 967 1062 1037 προσκυνοῦνσιν,
1102 966 1159 1021 ’ὀν
1192 968 1394 1042 τρόπον
1426 968 1515 1023 καὶ
1548 965 1599 1022 ἐν
1632 973 1698 1043 τῇ
1731 963 1985 1041 προϐολῇ

2099 612 2475 669 candidatum
2509 615 2575 669 ad
2600 613 3034 685 imperatorem,
3065 615 3232 683 cujus
3264 614 3435 684 pedes
3479 616 3544 668 ut
3574 630 3744 669 oscu-

2099 701 2251 758 latus
2271 708 2360 759 est
2389 719 2641 775 eumque
2672 704 2953 773 adoravit,
2982 704 3172 775 surgit
3201 707 3259 757 et
3290 703 3476 758 fausta
3504 702 3617 774 ipsi
3649 720 3748 775 ap-

2101 796 2405 863 precatur:
2437 793 2822 865 apprehendit
2852 798 3047 848 autem
3094 808 3225 848 eum
3276 792 3743 860 cerimoniarius,

2098 885 2155 937 et
2175 882 2259 937 sic
2276 886 2567 938 retrorsus
2590 882 2933 951 adductum,
2959 882 3016 938 in
3052 896 3161 938 suo
3188 881 3392 938 ordine
3413 886 3468 937 et
3497 881 3747 937 statione

2096 969 2358 1026 collocat.

333 1058 444 1106 τῶν
486 1052 804 1126 πατρικίων,
835 1054 925 1110 καί
984 1052 1104 1132 ἄγει
1144 1055 1303 1112 αὐτὸν
1347 1058 1374 1113 6
1431 1064 1532 1128 τῆς
1586 1055 1956 1119 καταστάσεως
2014 1057 2148 1132 πρὸς
2213 1057 2304 1113 τὸν
2376 1059 2627 1134 βασιλέα,
2694 1060 2783 1116 καὶ
2841 1061 3218 1136 προσκυνήσας
3280 1059 3370 1114 καὶ
3430 1057 3746 1131 ἅσπασάμεο

335 1161 432 1203 νος
487 1140 617 1206 τοὺς
687 1139 858 1206 πόδας
931 1145 1118 1217 αὐτοῦ,
1178 1144 1477 1220 ἀνίσταται,
1520 1147 1945 1222 ὑπερευξάμεαιος
2002 1147 2091 1203 τὸν
2151 1147 2396 1224 βασιλέα,
2454 1151 2732 1224 κρατήσας
2788 1147 2843 1205 δὲ
2904 1148 3062 1204 αὐτὸν
3121 1151 3149 1204 6
3204 1155 3303 1219 τῆς
3349 1147 3745 1217 καταστάσεως,

339 1229 550 1306 εἰσάγει
581 1233 658 1305 (7}
688 1230 847 1287 αὐτὸν
881 1233 1257 1312 ὀπισθοφανῶς
1286 1238 1375 1290 καὶ
1400 1234 1619 1307 ’ἰστησιν
1658 1236 1816 1291 αὐτὸν
1845 1235 1897 1290 ἐν
1925 1240 1993 1311 τῇ
2022 1235 2408 1316 ἐςραρμοζούσῃ
2437 1238 2584 1311 αὐτῷ
2611 1240 2755 1309 τάξει
2793 1259 2852 1294 τε
2882 1238 2970 1293 καὶ
3010 1239 3208 1295 στάσει.

407 1320 482 1376 B'.
519 1320 636 1377 Εἶθ’
686 1323 861 1384 οὕτως
906 1319 1089 1379 λαϐὼν
1145 1330 1316 1400 νεῦμα
1364 1327 1392 1381 6
1441 1328 1799 1402 πραιπόσιτος
1839 1327 1987 1396 παρὰ

335 1413 435 1464 τοῦ
489 1410 784 1487 βασιλέως,
834 1413 973 1468 νεύει
1021 1418 1098 1487 τῷ
1149 1414 1497 1492 σιλεντιαρίῳ
1544 1421 1623 1490 τῷ
1691 1415 1880 1471 ἒστῶτι
1931 1414 1982 1471 ἐν

336 1500 410 1571 τῇ
465 1499 635 1574 πύλῃ,
667 1501 759 1555 καὶ
804 1501 976 1577 λέγει·
1034 1527 1062 1557 ιι
1112 1505 1425 1563 Κελεῦσατε.
1462 1530 1490 1559 ››
1523 1507 1635 1563 Εἶθ’
1686 1507 1859 1569 οὕτως
1911 1502 1988 1560 δι’

340 1588 561 1663 ἔρχεται
591 1586 680 1644 διὰ
719 1596 828 1646 τῶν
856 1588 1219 1649 ἒκσκουϐίτων
1248 1596 1337 1650 καὶ
1384 1601 1491 1651 τῶν
1532 1594 1755 1671 σχολῶν
1817 1594 1984 1671 μέχρι

339 1684 445 1746 τῆς
476 1676 739 1753 Μεγάλης
794 1680 1107 1754 ἐκκλησίας,
1148 1685 1237 1738 καὶ
1283 1683 1425 1763 δοχῇ
1464 1687 1511 1722 τῖ’
1548 1707 1636 1740 και
1662 1685 1828 1756 τάξει,
1863 1685 1983 1740 καθ’

336 1765 398 1820 ’ὀν
444 1761 645 1841 τρόπον
693 1765 950 1841 ἐδηλώθη
984 1773 1122 1847 ἡμῖν
1169 1773 1215 1811 ⁷⁸
1270 1771 1322 1829 ἐν
1508 1772 1827 1841 προελεύσει
1884 1760 2057 1845 τῆςΒ

338 1860 580 1929 Χριστοῦ
626 1860 957 1929 Γεννήσεως,
1007 1862 1097 1916 καὶ
1147 1862 1221 1926 εἰς
1278 1864 1368 1918 τὸν
1417 1862 1657 1938 νάρθηκα
1703 1862 1983 1933 εἰσελθὼν,

337 1943 642 2020 εἰσέρχεται
702 1942 855 2002 ἔνδον
910 1953 1008 2003 τοῦ
1070 1950 1267 2023 βήλου.
1304 1951 1407 2008 Καὶ
1456 1947 1640 2006 λαϐὼν
1689 1953 1716 2007 6
1746 1956 1987 2026 πραιπόο

335 2053 489 2096 σιτος
545 2035 608 2089 τὸ
667 2036 884 2109 στέμμα
949 2037 1055 2093 άπὸ
1109 2047 1213 2108 τῆς
1255 2039 1498 2118 κεφαλῆς
1552 2046 1647 2097 τοῦ
1700 2044 1986 2119 βασιλέως,

334 2120 649 2198 εἰσέρχεται
712 2121 801 2179 διὰ
876 2131 973 2181 τοῦ
1039 2127 1328 2205 νάρθηκος,
1385 2132 1475 2186 καὶ
1550 2128 1767 2207 δέχεται
1827 2132 1987 2188 αὐτὸν

334 2208 516 2266 ἐκεῖσε
582 2213 610 2267 6
666 2214 1036 2295 πατριάρχης,
1094 2218 1184 2273 καί
1244 2220 1616 2295 ἀσπασάμενοι
1674 2219 1983 2296 ἀλλήλους,

337 2299 686 2377 εἰσέρχονται
739 2303 832 2359 καί
890 2303 1135 2362 *ίστανται
1195 2303 1498 2384 ἔμπροσθεν
1564 2316 1671 2366 τῶν
1736 2310 1987 2388 μεγάλων

335 2387 547 2444 πυλῶν.
583 2392 680 2446 Καὶ
716 2392 856 2467 ἅψας
914 2392 1083 2451 ἐκεῖσε
1111 2399 1338 2474 κηροῦς,
1391 2396 1612 2455 δίδωσιν
1656 2387 1856 2462 αὐτοὺς
1914 2406 1990 2475 τῷ

337 2480 708 2553 πραιποσίτῳ,
740 2482 768 2536 ὸ
809 2480 865 2537 δὲ
918 2485 1277 2561 πραιπόσιτος
1326 2493 1407 2561 τῷ
1445 2492 1543 2559 τῆς
1592 2491 1987 2563 καταστάσεως,

341 2569 431 2623 καὶ
470 2572 849 2644 προσκυνήσας
875 2574 937 2628 τὸ
968 2570 1236 2654 ἄχραντον
1290 2576 1649 2655 Εὐαγγελιον,
1681 2580 1984 2656 εἰσέρχεται

340 2657 415 2719 εἰς
478 2659 579 2729 τήν
638 2659 955 2733 ἐκκλησίαν,
1013 2666 1104 2720 καὶ
1163 2663 1394 2722 διελθὼν
1442 2665 1531 2723 διὰ
1574 2676 1675 2739 τῆς
1726 2667 1987 2741 σωλαίας,

334 2743 549 2803 ’ίσταται
592 2745 892 2824 ἔμπροσθεν
919 2757 1025 2808 τῶν
1056 2753 1218 2832 ἁγίων
1253 2761 1452 2833 θυρῶν,
1484 2757 1573 2813 καί
1614 2754 1800 2815 λαϐὼν
1842 2762 1990 2837 παρὰ

338 2839 435 2890 τοῦ
500 2839 867 2913 πραιποσίτου
924 2841 1090 2916 κηρία
1160 2842 1249 2898 καί
1307 2845 1614 2919 εὐξάμενος,
1672 2845 1987 2904 ἐπιδίδωσιν

342 2923 474 2980 αὐτὰ
504 2931 584 2999 τῷ
615 2928 979 3004 πραιποσίτῳ.
1012 2932 1117 2988 Καὶ
1161 2933 1254 2987 εἷθ’
1286 2934 1459 2999 οὕτως
1491 2935 1747 3000 εἰσελθὼν
1802 2937 1877 3001 εἰς
1929 2939 1989 2994 τὸ

343 3018 749 3102 θυσιαστήριον,
814 3018 1060 3097 ὑφαπλοῖ
1113 3020 1164 3076 ἒν
1227 3025 1296 3097 τῇ
1349 3023 1475 3100 ἁγίᾳ
1521 3024 1763 3102 τραπέζῃ
1818 3026 1995 3083 εἰλιτᾶ

341 3188 555 3257 δίσκους
603 3196 694 3250 καί
753 3197 820 3253 τὰ
889 3201 1166 3276 σπάργανα
1231 3206 1328 3257 τοῦ
1389 3203 1599 3281 κυρίου,
1650 3207 1740 3261 καί
1799 3203 1981 3264 λαϐὼν

337 3277 680 3356 άποκόμϐιον
731 3288 877 3361 παρά
912 3292 1011 3343 τοῦ
1054 3291 1438 3364 πραιποσίτου,
1481 3294 1693 3366 τίθησιν
1748 3296 1878 3353 αὐτὸ
1930 3296 1984 3354 ἒν

438 3371 566 3447 άγίᾳ
608 3376 873 3451 τραπέζῃ,
904 3378 996 3432 καὶ
1038 3377 1270 3452 ἐξελθὼν
1322 3377 1409 3437 διὰ
1454 3390 1553 3453 τῆς
1603 3383 1841 3461 πλαγίας
1890 3391 1986 3443 τοῦ

338 3460 746 3550 Θυσιαστηρίου,
779 3465 1082 3541 εἰσέρχεται
1142 3469 1218 3530 εἰς
1268 3470 1331 3525 τὸ
1374 3460 1744 3550 μητατώριον,
1794 3476 1869 3538 εἰς
1930 3473 1987 3532 δὲ

335 3548 404 3603 τά
434 3549 582 3626 ἅγια,
616 3552 705 3606 καὶ
759 3554 859 3621 τήν
918 3556 1136 3631 ἀγάπην
1165 3559 1255 3613 καὶ
1284 3566 1386 3627 την
1420 3562 1701 3617 κοινωνίαν
1755 3563 1984 3637 ἑκτελεῖ,

2168 1330 2237 1386 Il.
2299 1331 2501 1387 Postea
2550 1331 2914 1405 praepositus,
2952 1332 3120 1405 signo
3179 1332 3249 1388 ab
3280 1331 3629 1402 imperatore
3658 1345 3751 1384 ac-

2095 1424 2284 1491 cepto,
2330 1420 2653 1476 silentiario
2696 1422 2783 1476 'ad
2818 1428 3047 1493 portam
3092 1420 3271 1477 stanti
3315 1420 3545 1488 annuit,
3575 1422 3632 1474 et
3660 1418 3745 1473 di-

2093 1510 2224 1565 cit:
2265 1532 2295 1560 «
2346 1510 2577 1580 Juhete,
2647 1534 2677 1563 »
2723 1515 2778 1567 et
2818 1511 2901 1568 sic
2955 1511 3267 1584 imperator
3314 1527 3417 1583 per
3474 1508 3746 1565 excubias

2094 1597 2441 1672 scholasque
2472 1601 2540 1655 ad
2572 1602 2838 1673 Magnam
2875 1601 3203 1666 ecclesiam,
3236 1616 3300 1657 eo
3331 1598 3532 1655 ordine
3564 1613 3747 1669 eaque

2094 1704 2330 1760 pompa,
2374 1705 2547 1760 quam
2582 1689 2640 1745 in
2672 1690 3040 1761 processione
3070 1689 3291 1745 Natalis
3322 1687 3536 1744 Christi
3567 1703 3743 1757 expo-

2092 1778 2343 1845 suimus,
2375 1780 2658 1851 procedit,
2694 1784 2749 1835 et
2780 1780 3114 1836 narthecem
3172 1780 3493 1851 ingressus,
3550 1776 3743 1832 velum

2096 1867 2295 1922 intrat.
2319 1868 2464 1924 Tum
2499 1869 2849 1940 praepositus
2866 1885 3139 1925 coronam
3171 1885 3203 1923 ιι
3224 1867 3410 1940 capite
3438 1867 3747 1938 imperato-

2097 1956 2179 2011 ris
2211 1956 2412 2024 demil,
2435 1957 2533 2028 qui
2567 1972 2666 2026 per
2689 1957 3019 2013 narthecem
3041 1956 3325 2011 accedens
3356 1971 3388 2009 a
3420 1950 3747 2023 patriarcha

2099 2044 2406 2114 excipitur,
2439 2062 2573 2100 cum
2602 2061 2715 2116 quo
2748 2049 2877 2116 post
2910 2052 3175 2100 mutuam
3208 2042 3618 2099 salutationem
3650 2039 3745 2095 in-

2100 2132 2367 2204 greditur
2416 2136 2472 2187 et
2502 2134 2573 2188 ad
2609 2149 2855 2204 magnas
2885 2139 3082 2206 portas
3120 2131 3411 2188 subsistit.
3457 2133 3745 2186 Accensos

2102 2220 2185 2277 ibi
2207 2237 2402 2277 cereos
2434 2222 2761 2294 praeposito,
2805 2223 3155 2294 praepositus
3187 2218 3591 2275 cerimoniario
3620 2221 3744 2272 tra-

2100 2311 2207 2383 dit,
2240 2317 2296 2368 et
2325 2312 2552 2368 adorato
2598 2320 2799 2368 sancto
2833 2312 3162 2385 Evangelio,
3205 2310 3512 2368 ecclesiam
3543 2309 3746 2375 intrat,

2100 2417 2319 2474 perque
2348 2402 2566 2458 soleam
2600 2402 2924 2473 digressus,
2945 2405 3013 2458 ad
3029 2401 3448 2473 sacrasjanuas
3480 2399 3749 2455 subsistit

2100 2508 2412 2565 cereosque
2445 2510 2478 2548 a
2508 2494 2811 2564 praeposito
2832 2493 3061 2563 accipit,
3096 2509 3242 2563 quos
3274 2490 3410 2563 ipsi,
3435 2496 3744 2562 postquam

2102 2590 2368 2654 precatus
2393 2586 2499 2649 est,
2532 2582 2744 2638 reddit.
2776 2582 2866 2637 Sic
2924 2583 3244 2638 sacrarium
3276 2579 3598 2650 ingressus,
3630 2579 3746 2634 duo

2099 2676 2351 2734 instrata
2379 2695 2555 2734 sacrae
2609 2692 2823 2733 mensae
2880 2674 3131 2746 imponit
3186 2673 3420 2743 duoque
3449 2687 3612 2727 sacra
3642 2685 3747 2742 po-

2101 2768 2232 2826 cula
2262 2768 2363 2825 86
2386 2770 2650 2841 duosque
2680 2771 2916 2824 sanctos
2942 2766 3139 2822 discos
3170 2768 3227 2820 et
3256 2763 3469 2819 fascias
3522 2758 3743 2816 domini

2100 2857 2421 2928 osculatus,
2446 2861 2749 2931 acceptum
2782 2874 2816 2913 a
2845 2855 3156 2929 praeposito
3216 2851 3625 2925 apocombium
3683 2849 3743 2906 in

2101 2965 2271 3005 sacra
2300 2964 2504 3004 mensa
2533 2946 2781 3018 reponit,
2814 2960 3030 3018 perque
3062 2942 3471 3014 obliquitatem
3504 2938 3746 2996 sacrarii

2101 3038 2170 3093 ad
2202 3038 2569 3094 metatoriam
2600 3041 2658 3093 et
2688 3052 2856 3091 sacra
2914 3033 3281 3106 progreditur
3337 3035 3394 3085 et
3424 3045 3648 3100 agapen
3679 3042 3747 3083 ac

343 3100 460 3173 δύο,
494 3105 868 3181 ἀσπαζόμενος
928 3106 1024 3164 δύο
1074 3110 1193 3185 ἱερὰ
1230 3114 1469 3187 ποτήρια
1523 3114 1614 3169 καὶ
1664 3100 1763 3170 δύο
1814 3116 1991 3192 ἱεροὺς

2102 3125 2600 3193 communionem,
2647 3129 2712 3179 ut
2750 3123 3108 3179 consuetudo
3141 3125 3250 3187 est,
3301 3117 3570 3173 celebrat.
3608 3117 3745 3171 Post

2096 3216 2268 3272 breve
2287 3213 2640 3285 colloquium
2672 3229 2703 3269 e
2732 3214 2902 3269 Sacro
2933 3211 3115 3266 Puteo
3153 3223 3442 3280 egressus,
3474 3204 3627 3260 intra
3651 3220 3746 3259 ve-

2093 3305 2217 3362 lum
2245 3322 2381 3361 oum
2414 3303 2740 3376 patriarcha
2762 3302 2903 3367 abit,
2939 3317 2974 3356 a
3020 3316 3132 3371 quo
3181 3301 3491 3355 coronatur
3537 3298 3594 3351 et
3646 3310 3746 3366 pa-

2096 3411 2230 3451 nem
2264 3395 2634 3451 benedictum
2657 3390 3006 3461 accipit,pro
3037 3404 3153 3461 quo
3183 3386 3234 3443 ei
3267 3384 3513 3441 allatum
3542 3401 3575 3440 a
3597 3398 3743 3456 prae:

2066 3524 2067 3527 η
2096 3482 2287 3555 posito
2319 3480 2728 3555 apocombium
2761 3479 3074 3552 imperator
3098 3476 3294 3544 tradit,
3327 3480 3384 3531 et
3404 3474 3744 3530 sufﬁmenta

2096 3572 2257 3628 varia
2281 3589 2313 3627 a
2345 3570 2672 3645 patriarcha
2699 3569 2921 3640 recipit.

338 3636 413 3735 ξῦς
454 3641 489 3709 ἠ
532 3644 785 3735 συνήθεια
833 3638 973 3720 ἔχει.
1008 3647 1112 3703 Καὶ
1165 3650 1300 3721 μετὰ
1345 3650 1408 3705 τὸ
1449 3653 1785 3726 κραματίσαι
1832 3658 1919 3711 καὶ
1967 3636 2197 3729 ἓξελθεῖν
2240 3636 2364 3715 1013-
2387 3660 2580 3735 ’Δγίου
2628 3636 2890 3730 Φρέατδς,
2938 3655 3244 3731 εἰσέρχεται
3289 3647 3441 3709 ἔνδον
3494 3656 3591 3707 τοῦ
3643 3650 3748 3726 βή“

342 3726 444 3820 λου
480 3733 613 3804 μετά
643 3740 746 3792 τοῦ
777 3737 1149 3815 πατριάρχου,
1181 3741 1271 3795 καὶ
1330 3742 1581 3817 στέχεται
1638 3747 1765 3820 παρ’
1802 3746 1989 3817 αὐτοῦ,
2021 3749 2107 3804 κάὶ
2169 3751 2264 3805 εἶθ’
2293 3750 2467 3813 οὕτως
2524 3744 2839 3805 ἐπιδίδωσιν
2886 3747 2914 3801 6
2960 3747 3308 3819 πατριάρχης
3356 3741 3616 3817 εὐλογίας
3668 3743 3747 3811 τῷ

344 3819 595 3893 βασιλεῖ’
646 3827 757 3883 εἶτα
808 3825 992 3884 λαϐὼν
1045 3831 1073 3885 6
1136 3830 1394 3906 βασιλεὺς
1431 3834 1576 3907 παρά
1619 3839 1716 3890 τοῦ
1768 3838 2134 3912 πραιποσίτου
2180 3836 2549 3915 ἆποκόμϐιον,
2600 3835 2916 3894 ἀντιδίδωσι
2954 3838 3034 3909 τῷ
3081 3834 3421 3910 πατριάρχῃ,
3472 3833 3499 3885 ὁ
3549 3828 3608 3884 δὲ
3648 3848 3748 3883 πα·

830 3917 915 3937 ἢ-
981 3925 1008 3936 ~

334 3912 607 3990 τριάρχης
646 3916 915 3975 άντιδιδοῖ
943 3925 1021 3994 τῷ
1055 3920 1271 3996 βασιλεῖ
1298 3923 1549 3981 ἀλειπτά.

412 4012 481 4061 I".
518 4009 619 4064 Καὶ
678 4008 966 4082 ἀλλήλους
1023 4012 1421 4088 ἀσπασάμενοι.
1477 4016 1505 4070 6
1560 4016 1657 4090 μὲν
1707 4015 1986 4093 βασιλεὺς,

340 4095 600 4155 διοδεύων
666 4102 766 4170 τὴν
829 4105 1023 4177 μὲσην,
1084 4105 1386 4183 εἰσέρχεται
1436 4104 1523 4163 διὰ
1588 4117 1688 4181 τῆς
1741 4108 1987 4185 μεγάλης

337 4186 520 4260 πύλης
549 4197 651 4260 τῆς
682 4190 936 4271 χαλκῆς·
970 4195 1026 4250 αἱ
1070 4192 1128 4250 δὲ
1171 4193 1335 4273 δοχαὶ
1381 4202 1488 4254 τῶν
1538 4204 1844 4276 περατίκῶν
1893 4221 1988 4274 με·

342 4283 448 4352 ρῶν
504 4281 591 4335 καὶ
646 4287 753 4336 τῶν
808 4281 1112 4340 πολιτικῶν
1164 4285 1445 4343 τελοῦνται
1506 4287 1557 4343 ἐν
1596 4292 1665 4364 τῇ
1715 4289 1856 4363 τάξει
1901 4288 1990 4345 καὶ

342 4368 541 4439 στάσει,
574 4369 632 4425 ’ὀν
671 4370 873 4447 τρόπον
929 4371 1285 4446 ἑτελέσθησαν
1332 4375 1384 4431 ἐν
1435 4379 1503 4452 τῇ
1545 4376 1860 4454 προελεύσει
1893 4384 1993 4449 τῆς

2168 4022 2271 4079 ΙΙΙ·
2304 4024 2443 4080 Post
2470 4027 2674 4079 mutua
2703 4021 2900 4079 oscula
2931 4020 3243 4091 imperator
3272 4032 3377 4090 per
3432 4016 3622 4072 forum
3654 4012 3746 4068 di-

2097 4128 2359 4186 gressus,
2393 4128 2668 4185 magnam
2691 4119 2916 4184 portam
2948 4108 3179 4166 chalces
3209 4108 3386 4162 intrat
3415 4120 3429 4161 :
3461 4100 3746 4174 excipitur

2100 4207 2293 4260 autem
2323 4220 2357 4259 a
2377 4202 2730 4260 transitoriis
2760 4199 3124 4272 urbanisque
3170 4195 3523 4253 factionibus
3546 4208 3611 4247 eo
3629 4190 3745 4246 ritu

2100 4291 2368 4367 locoque,
2402 4309 2576 4366 quem
2624 4292 2686 4348 in
2720 4290 3091 4363 processione
3133 4285 3358 4343 Natalis
3380 4281 3611 4341 Domini
3633 4297 3743 4337 su-

2102 4399 2209 4456 pra
2220 4383 2664 4440 declaravimus.
2686 4382 2791 4438 Per
2804 4379 3032 4438 scholas
3047 4382 3105 4435 et
3123 4375 3400 4434 excubias
3415 4368 3746 4431 consistorii

339 4459 573 4531 Χριστοῦ
606 4464 925 4534 Γεννήσεως.
959 4464 1065 4521 Καὶ
1104 4464 1199 4527 τὰς
1250 4465 1460 4542 σχολάς
1508 4469 1597 4523 καὶ
1648 4468 1715 4523 τά
1762 4466 1985 4524 ἐκσκού-

2102 4472 2365 4545 stenique
2423 4473 2734 4546 digressus,
2793 4467 3098 4542 augustale
3155 4468 3354 4536 intrat,
3382 4462 3745 4530 cubicularii,

342 4540 466 4603 ϐιτα
507 4546 736 4615 διελθὼν
782 4553 874 4608 καὶ
923 4558 1019 4610 τοῦ
1066 4556 1458 4632 κονσιστωρίου
1505 4557 1594 4612 καὶ
1641 4555 1738 4614 τοῦ
1788 4563 1993 4632 στενοῦ,

343 4634 645 4718 εἰσέρχεται
702 4642 778 4705 εἰς
816 4644 907 4699 τὸν
966 4643 1282 4721 αὐγουστὲα,
1342 4645 1433 4701 καὶ
1491 4648 1543 4702 οἱ
1598 4651 1695 4703 τοῦ
1750 4644 1994 4704 κουϐου-

338 4723 552 4802 κλείου,
610 4729 921 4797 τελέσαντες
976 4737 1077 4806 τὴν
1138 4737 1447 4809 συνήθειαν,
1507 4736 1843 4813 εἰσέρχονται
1922 4738 1998 4803 εἰς

340 4817 407 4872 τὸ
436 4817 773 4896 δκτάγωνον,
804 4824 892 4878 καὶ
929 4819 1196 4898 λαμϐάνει
1224 4825 1252 4879 6
1284 4826 1645 4901 πραιπόσιτος
1675 4827 1736 4881 τὸ
1784 4825 1999 4902 στέμμα

343 4905 451 4963 ἀπὸ
488 4916 591 4979 τῆς
637 4911 886 4986 κεφαλῆς
928 4913 1025 4967 τοῦ
1085 4911 1376 4988 βασιλέως,
1414 4914 1504 4970 καὶ
1563 4914 1897 4981 εἰσελθόντες
1947 4917 1998 4972 οἱ

347 4997 677 5073 βεστήτορες
735 4997 1148 5058 ἀπαλλάσσουσι
1194 5004 1295 5073 τήν
1354 5003 1589 5080 χλανίδα
1647 5005 1833 5062 αὐτοῦ.
1866 5006 2001 5062 Εἶτα

2105 4563 2314 4619 ritibus
2343 4562 2468 4620 suis
2487 4562 2752 4630 servatis,
2800 4562 2872 4617 ad
2913 4558 3290 4630 octangulum
3324 4572 3386 4611 se
3437 4553 3745 4625 recipiunt,

2106 4657 2164 4708 et
2183 4654 2526 4725 praepositus
2554 4668 2829 4709 coronam
2861 4668 2893 4705 a
2924 4648 3112 4721 capite
3142 4644 3504 4717 imperatoris
3541 4640 3747 4709 demit,

2105 4745 2410 4797 vestitores
2430 4743 2560 4813 ejus
2587 4742 2852 4796 tunicam
2887 4740 3145 4794 mutant.
3170 4734 3424 4791 Posthasc
3455 4734 3516 4788 in
3540 4736 3596 4785 S.
3629 4731 3752 4786 Ste-

2109 4829 2288 4902 phani
2320 4829 2651 4902 patriarcha
2706 4826 3057 4900 ingreditur,
3090 4829 3149 4881 et
3177 4840 3308 4881 cum
3340 4824 3660 4894 imperator
3689 4818 3748 4873 in

2109 4918 2508 4979 novemdecim
2526 4917 2809 4974 accubitis
2841 4915 3168 4973 convivium
3198 4920 3435 4971 acturus
3465 4916 3571 4978 est,
3604 4924 3751 4982 pras-

2110 5008 2300 5082 posito
2348 5007 2585 5081 signum
2632 5007 2755 5076 dat,
2804 5010 2867 5062 ut
2914 5003 3303 5078 patriarcham
3334 5002 3594 5068 advocet,
3634 5013 3751 5069 quo

1705 5132 1955 5190 vanus
1994 5107 2399 5191 LECTIONES

414 5214 462 5251 ’⁷⁵
487 5217 556 5289 τῇ
590 5208 736 5289 δοχῇ
768 5217 921 5289 conj.
955 5221 1023 5275 R.
1100 5217 1145 5256 ⁷⁰
1175 5216 1303 5292 ὑμῖν
1336 5220 1463 5279 00d-

1405 5339 1609 5398 JOAN.
1642 5341 1785 5401 JAC.
1819 5341 2084 5400 REISKII
2114 5341 2684 5400 COMMENTARIUS

415 5450 649 5537 (6)1801}
694 5453 804 5513 hoc
824 5464 933 5537 _est
986 5458 1281 5517 secundum
1323 5460 1532 5537 aetum,
1593 5463 1696 5516 aut
1744 5461 1993 5537 interius

347 5527 775 5603 consistorium,
808 5530 879 5586 de
909 5546 1021 5603 quo
1053 5535 1339 5589 memorat
1362 5532 1722 5589 Alamannus
1750 5535 1821 5588 ad
1854 5532 1994 5589 Pro-

345 5610 475 5677 cop.
505 5601 784 5677 A_necdot.
818 5601 946 5677 pag}
999 5604 1121 5660 103.
1158 5604 1215 5660 Id
1246 5604 1454 5677 ipsum
1512 5605 1668 5677 enim
1704 5604 1992 5660 consisto-

349 5669 518 5748 rium,
543 5672 604 5728 in
636 5688 751 5748 quo
785 5669 1064 5748 magistro
1095 5669 1351 5748 dignitas
1399 5675 1822 5748 conferebatur,
1868 5681 1992 5734 erat

349 5688 518 5752 rium,
543 5688 604 5728 in
636 5688 751 5801 gnato
785 5688 1064 5747 magistro
1095 5688 1351 5748 dignitas
1399 5688 1822 5736 conferebatur,
1868 5688 1989 5734 erat

346 5742 616 5800 interius.
714 5745 749 5801 d
780 5762 935 5820 pone
964 5747 1109 5805 illud
1132 5752 1258 5806 erat
1285 5747 1646 5821 cubiculum,
1676 5748 1763 5806 vel
1795 5748 1989 5822 potius

2105 5462 2445 5539 oratorium,
2478 5463 2537 5539 S_.
2592 5462 2902 5539 Theodoro
2933 5475 3190 5539 sacrum,
3240 5457 3298 5513 in
3331 5473 3446 5530 quo
3474 5454 3749 5539 honorati

2104 5552 2227 5607 suae
2255 5529 2562 5607 dignitatis
2590 5534 2925 5607 insignibus
2954 5529 3369 5607 induebamur,
3428 5537 3491 5607 u_t
3519 5544 3589 5584 ex
3616 5529 3747 5584 aliis

2102 5606 2287 5678 hujus
2307 5600 2519 5678 codicis
2548 5600 2791 5678 apparet
2811 5604 2953 5678 locis
2984 5609 3042 5660 et
3070 5619 3100 5659 e
3130 5600 3530 5678 Cletn‘rologio.

2172 5667 2250 5749 (7)
2280 5677 2536 5750 Usurpat
2562 5667 2773 5736 Nestre
2830 5673 3058 5751 εἰσάγειν
3119 5691 3222 5747 pro
3278 5667 3481 5747 ἑξάγῶ
3529 5678 3582 5729 ει
3612 5667 3747 5723 ἀπά.

2099 5767 2236 5824 γειν.
