4158 6212
400 376 518 436 383

1468 365 1991 430 CONS'I‘AN'I‘INI
2038 363 2295 424 PORPH
2310 365 2513 425 YROG
2529 364 2728 426 ENITI

3681 366 3797 423 384

403 507 575 574 tacto,
630 522 692 560 se
740 504 988 559 invicem
1038 502 1300 565 adorant.
1341 505 1396 557 et
1438 499 1766 556 sacerdotes
1800 494 2045 569 ingressi

2160 492 2415 548 εἰσελθὼν
2449 496 2476 547 ὁ
2507 495 2853 569 πατριάρχης
2897 493 2971 553 εἰς
3020 492 3111 547 τὸν
3139 494 3331 565 ’Ἀγιον
3385 491 3679 567 Στέςσανον,
3714 494 3807 549 καὶ

403 594 658 651 stichum
678 591 916 658 faciunt,
948 596 1088 647 tunc
1103 589 1431 662 patriarcha
1454 604 1660 644 rursus
1676 589 1732 642 S.
1762 584 2044 656 Stephani

401 686 580 742 intrat
597 696 885 751 suumque
898 679 1307 752 omophorium
1328 678 1583 749 deponit.
1610 679 1927 748 Imperator
1946 690 2044 745 pa-

403 773 541 827 riter
570 786 777 841 sagum
811 785 985 824 suum
1018 769 1197 835 exuit,
1231 772 1289 823 et
1318 767 1403 823 sic
1444 782 1648 821 rursus
1696 779 2046 819 conversan-

401 868 515 929 tur,
546 865 719 931 atque
749 878 780 914 a
804 859 1073 915 cubiculo
1106 859 1333 930 stipati,
1391 856 1795 930 egrediuntur,
1846 857 1902 907 et
1932 868 2046 907 una

398 952 457 1007 in
490 949 750 1005 accubito
809 964 1022 1004 mensae
1080 948 1427 1014 assidentes,
1480 944 1657 1000 semel
1691 943 1917 999 bibunt.
1950 940 2044 995 Sic

401 1048 598 1111 postea
613 1038 976 1110 praepositus,
992 1038 1160 1109 signo
1174 1038 1246 1092 ab
1260 1037 1607 1107 imperatore
1621 1038 1858 1104 accepto
1878 1029 2047 1084 mini-

398 1130 535 1185 stris
564 1128 800 1200 signum
835 1130 952 1194 det,
976 1131 1033 1182 et
1063 1128 1298 1194 intrant,
1332 1127 1604 1196 idemque
1635 1128 1693 1179 et
1743 1120 1898 1194 apud
1918 1114 2045 1175 relié

400 1234 546 1290 quos
577 1218 797 1273 amicos
829 1218 1189 1272 observatur.

2150 587 2248 637 τοῦ
2301 580 2570 657 βασιλέως
2632 581 2931 656 μέλλοντος
2979 577 3312 655 ἀκουμϐίσαι
3346 582 3421 645 εἷς
3451 584 3518 638 τὰ
3552 585 3615 647 ιθ¹
3650 582 3812 639 ἀκού-

2157 667 2303 742 ϐιτα,
2350 672 2491 727 νεύει
2542 676 2622 745 τῷ
2674 672 3042 747 πραιποσίτῳ,
3091 671 3182 726 xui
3241 678 3633 746 προσκαλεῖται
3711 674 3804 729 τὸν

2154 760 2527 837 πατριάρχην,
2585 762 2673 815 καὶ
2749 760 2947 815 τοῦτου
3023 762 3339 836 γενομένου,
3410 760 3806 838 προσκυνοῦσιν

2155 847 2466 920 ἀλλήλους,
2497 850 2586 905 καὶ
2637 850 2973 925 εἰσέρχονται
3023 852 3075 904 οἱ
3122 850 3312 924 ἱερεὶς,
3343 853 3433 905 xui
3482 851 3574 906 τὸν
3615 852 3803 926 στίχον

2154 940 2501 1009 ποιήσαντες,
2534 940 2840 1017 εἰσέρχεται
2893 937 3057 993 πάλιν
3119 941 3147 994 ὁ
3183 941 3537 1019 πατριάρχης
3589 941 3665 1002 εἷς
3711 942 3801 995 τὸν

2156 1029 2343 1103 Ἀγιον
2393 1029 2663 1105 Στέφανον
2709 1028 2798 1083 καὶ
2840 1022 3100 1083 ἐκϐάλλει
3147 1028 3211 1083 τὸ
3262 1028 3587 1107 ὠμοφόριον
3614 1029 3801 1089 αὐτοῦ.

2154 1115 2376 1188 Ομαίως
2423 1117 2512 1171 καὶ
2562 1118 2589 1171 6
2643 1115 2896 1191 βασιλεὺς
2956 1111 3217 1172 ἐκϐάλλει
3276 1119 3339 1172 τὸ
3396 1118 3577 1194 σαγίον
3634 1118 3795 1174 αὐτοῦ

2154 1206 2242 1259 καὶ
2290 1204 2535 1261 ἐνοῦνται
2585 1203 2770 1275 πάλιν,
2801 1207 2890 1260 καὶ
2942 1207 3033 1260 εἶθ’
3064 1207 3237 1268 οὕτως
3285 1206 3617 1283 ἐξέρχονται,
3673 1208 3795 1282 ὀψι-

398 1304 679 1377 κευόμενοι
733 1305 834 1358 ὑπὸ
893 1307 987 1358 τοῦ
1044 1298 1457 1373 κουϐουγλείου,
1489 1301 1577 1355 καὶ
1635 1292 2058 1370 ἂκουμϐίζουσιν
2112 1295 2163 1349 oi
2218 1291 2313 1348 δύο
2363 1293 2411 1367 ἐξ
2464 1293 2581 1349 ἴσου
2615 1298 2693 1367 (8)
2734 1294 2784 1349 ἐν
2827 1300 2905 1366 τῷ
2946 1290 3219 1368 ἀκουϐίτῳ
3266 1297 3355 1351 καὶ
3405 1295 3623 1351 πίνουσι
3670 1297 3803 1370 πρὸ)

399 1392 555 1463 ἅπαξ.
618 1390 714 1446 Kui
772 1393 874 1455 εἶθ’
931 1393 1077 1448 οὕτω
1135 1386 1321 1446 λαϐὼν
1376 1394 1545 1463 νεῦμα
1592 1390 1620 1443 6
1678 1386 2037 1463 πραιπόσιτος
2101 1384 2246 1457 παρὰ
2314 1388 2410 1439 τοῦ
2482 1382 2772 1459 βασιλέως,
2831 1384 2969 1439 νεύει
3028 1385 3126 1452 τήν
3184 1385 3484 1460 ὑπουργίαν
3544 1386 3633 1440 καὶ
3698 1384 3807 1439 εἰσ-

398 1483 638 1558 ἔρχεται,
676 1487 837 1537 τοῦτο
870 1479 927 1537 δὲ
956 1487 1103 1537 ποιεῖ
1132 1483 1219 1537 καὶ
1254 1480 1342 1536 ἐπὶ
1373 1486 1479 1535 τῶν
1512 1479 1723 1535 λοιπῶν
1757 1476 1950 1557 φίλων.

471 1575 558 1631 IV.
591 1578 731 1630 Cum
762 1592 896 1631 vero
956 1591 1194 1646 surgere
1241 1575 1558 1645 imperator
1585 1571 1713 1626 vult
1760 1574 1817 1625 et
1872 1566 2045 1623 amici

2225 1566 2295 1621 A'.
2355 1565 2671 1628 Μέλλοντος
2744 1564 2800 1621 δὲ
2859 1566 3172 1630 ἀνίστασθαι
3229 1571 3330 1621 τοῦ
3391 1565 3661 1641 βασιλεως
3710 1567 3800 1620 καὶ

399 1664 613 1735 egressi
643 1669 798 1732 sunt,
824 1668 1131 1720 remanent
1158 1664 1219 1729 ii,
1253 1663 1434 1733 quiin
1464 1660 1863 1732 superioribus
1881 1672 2047 1711 accu-

400 1754 540 1810 bitis
568 1755 761 1810 locum
794 1760 1016 1819 tenent,
1051 1752 1435 1825 metropolita
1464 1757 1542 1817 et,
1604 1750 1700 1822 qui
1732 1749 1789 1804 in
1840 1747 2047 1820 primis

401 1844 683 1899 accubitis
714 1844 785 1898 ad
810 1844 1064 1898 dextram
1089 1846 1143 1897 et
1166 1842 1459 1897 sinistram
1478 1835 2045 1908 assident,episc0pi.

401 1932 617 1987 Bibunt
647 1948 779 1987 vero
809 1932 1020 1986 iterum
1051 1929 1230 1986 semel
1262 1930 1577 2001 imperator
1606 1932 1662 1984 et
1722 1924 2048 1997 patriarcha

401 2026 457 2077 et
486 2021 585 2092 qui
611 2024 1019 2077 remanserunt
1048 2020 1239 2088 amici,
1272 2024 1329 2074 et
1356 2019 1462 2086 sic,
1487 2035 1517 2072 a
1550 2014 1855 2089 praeposito
1882 2014 2045 2083 signo

401 2116 659 2181 accepto,
711 2110 823 2181 ipsi
855 2111 1251 2181 egrediuntur,
1310 2113 1625 2180 postquam
1655 2121 1790 2161 vero
1812 2106 2045 2175 signum

398 2199 901 2270 protospatharius
932 2200 1174 2271 accepit,
1208 2198 1600 2254 ministerium
1626 2212 1827 2252 rursus
1858 2195 2047 2250 disce-

400 2288 507 2343 dit.
567 2288 688 2351 Quo
739 2288 908 2356 facto,
941 2288 1258 2358 imperator
1288 2303 1422 2342 cum
1462 2286 1590 2342 solo
1624 2283 1957 2357 patriarcha
1989 2286 2048 2339 et

400 2376 668 2432 cubiculo
702 2380 917 2443 manet,
949 2376 1044 2431 87
1082 2381 1139 2431 et
1169 2380 1475 2447 postquam
1508 2375 1679 2429 ambo
1712 2374 1919 2429 iterum
1961 2389 2046 2429 se-

398 2464 513 2521 mel
543 2465 832 2531 biberunt,
868 2470 1137 2537 surgunt.
1170 2469 1227 2522 et
1254 2466 1376 2521 abit
1398 2463 1727 2537 patriarcha
1748 2465 1821 2519 ad
1843 2464 1899 2519 S.
1923 2467 2047 2518 Ste-

402 2555 580 2628 phani
612 2572 901 2626 suumque
916 2554 1235 2621 humerale,
1271 2554 1587 2626 imperator
1608 2550 2048 2625 sagum,induit

401 2662 467 2701 ac
498 2660 695 2700 rursus
726 2644 787 2699 in
817 2642 1117 2713 octangulo
1150 2643 1521 2711 conveniunt,
1554 2647 1610 2697 et
1648 2642 1903 2697 stichum
1956 2640 2042 2695 fa-

400 2735 586 2791 ciunt.
610 2736 756 2791 Tum
790 2735 1131 2808 imperator,
1178 2751 1329 2806 pane
1386 2734 1685 2789 benedicto
1731 2751 1764 2788 a
1794 2732 2044 2804 patriar-

402 2824 512 2881 cha
536 2830 792 2897 accepto,
824 2840 1003 2895 usque
1051 2824 1123 2879 ad
1152 2822 1455 2895 augustale
1486 2821 1764 2894 procedit,
1799 2826 1854 2876 et
1886 2825 2042 2890 post-

2196 1659 2220 1670 θ
2338 1656 2348 1673 Ι
2497 1655 2509 1674 9
3320 1661 3347 1672 ο
3424 1656 3435 1673 Ι
3578 1657 3589 1672 ν
3754 1655 3765 1675 Ι

2155 1676 2260 1709 των
2291 1655 2464 1729 φιλων
2495 1657 2838 1729 εξελθόντων,
2874 1656 3125 1731 μένουσιν
3157 1658 3209 1711 o't
3254 1678 3350 1712 του
3402 1656 3513 1711 ἀνω
3572 1651 3797 1712 ακουϐι-

2154 1768 2251 1801 του
2283 1746 2435 1826 φίλοι
2468 1752 2565 1822 (9),
2598 1750 2649 1803 οἱ
2684 1752 3090 1825 μητροπολῖται
3122 1748 3209 1804 xui
3238 1749 3357 1805 ὅσοι
3396 1749 3528 1804 εἰσὶν
3563 1750 3637 1811 εἰς
3666 1750 3796 1813 τεὺς

2156 1838 2407 1911 πρώτους
2464 1833 2808 1908 ἀκουϐίτυυς,
2859 1839 3030 1916 ἤγουν
3081 1838 3156 1901 εἱς
3216 1839 3306 1893 τὸν
3366 1835 3534 1911 δεξιὸν
3580 1839 3669 1893 καὶ
3719 1839 3801 1894 εὖ·

2157 1928 2397 1999 ώνυμον,
2432 1926 2717 1983 ἐπίσκοποι
2748 1948 2761 1963 ·
2803 1928 3017 1982 πίνουσι
3050 1926 3107 1982 δὲ
3140 1926 3305 1983 πάλιν
3351 1929 3487 2002 πρὸς
3519 1930 3652 1998 ἅπαξ
3686 1928 3715 1983 δ
3744 1950 3800 1984 τε

2160 2015 2411 2091 βασιλεὺς
2475 2017 2565 2071 καὶ
2624 2018 2650 2071 ὁ
2700 2019 3014 2093 πατριάχης
3081 2017 3171 2073 καὶ
3238 2018 3290 2071 oi
3354 2016 3798 2092 ἐναπομείναντες

2156 2104 2330 2184 φίλοι,
2389 2105 2481 2160 καὶ
2536 2106 2627 2160 εἶθ’
2699 2105 2874 2168 οὕτως
2942 2101 3203 2168 λαϐόντες
3278 2111 3451 2178 νεῦμα
3507 2110 3652 2182 παρᾶ
3705 2114 3800 2164 τοῦ

2154 2192 2539 2267 πραιποσίτου,
2599 2191 2909 2271 ἐξέρχονται
2954 2193 3044 2249 xui
3103 2192 3279 2265 αὐτοὶ,
3318 2194 3409 2248 καὶ
3472 2195 3572 2259 εἷθ’
3629 2194 3798 2257 οὕτως

2155 2276 2339 2336 λαϐὼν
2388 2286 2559 2355 νεῦμα
2603 2284 2629 2336 ὁ
2678 2284 3187 2357 πρωτοσπαθάριος,
3236 2282 3509 2358 ἐξέρχεται
3560 2284 3647 2339 xui
3698 2285 3801 2339 αὗ-

2154 2372 2234 2431 θις
2292 2373 2325 2439 ἡ
2388 2370 2673 2447 ὑπουργία.
2736 2372 2838 2427 Καὶ
2896 2372 3113 2427 πάντων
3166 2371 3511 2445 ἐξελθόντων,
3566 2373 3711 2445 μένει
3771 2377 3798 2430 6

2159 2462 2412 2537 βασιλεὺς
2447 2464 2582 2535 μετὰ
2633 2464 2800 2535 μόνου
2850 2467 2946 2518 τοῦ
2997 2464 3343 2543 πατριάρχου
3386 2464 3476 2519 xui
3522 2469 3618 2521 τοῦ
3670 2487 3799 2521 κου-

2154 2547 2466 2608 ϐουκλείοδ.
2502 2552 2604 2608 Καὶ
2656 2554 2871 2614 πιόντες
2920 2552 3086 2607 πάλιν
3127 2553 3429 2630 ἀμφότεροι
3459 2556 3593 2629 πρὸς
3638 2556 3800 2627 ἅπαξ,

2152 2641 2484 2708 ἀνίστανται,
2540 2641 2630 2695 καὶ
2713 2642 3009 2716 ἀπέρχεται
3068 2643 3096 2696 ὁ
3146 2662 3491 2718 πατριτρχης
3571 2644 3646 2704 εἷς
3703 2645 3794 2699 τὸν

2153 2732 2343 2806 Ἀγιον
2378 2732 2646 2808 Στέφανον
2701 2729 2792 2785 καὶ
2840 2728 3036 2805 βάλλει
3074 2730 3138 2785 τὸ
3190 2731 3508 2807 ὠμοφόριον
3541 2733 3729 2802 αὐτοῦ,
3770 2733 3797 2787 6

2154 2816 2210 2873 δὲ
2244 2817 2499 2893 βασιλεὺς
2528 2819 2590 2872 τὸ
2642 2817 2824 2894 σαγῖον
2871 2820 3060 2888 αὐτοῦ,
3093 2818 3182 2873 καὶ
3224 2818 3465 2876 ἒνοῦνται
3498 2819 3662 2876 πάλιν
3719 2821 3793 2881 εἰς

400 2931 573 2987 quam
609 2930 670 2970 se
718 2914 1037 2971 adorarunt
1073 2912 1435 2984 osculatique
1464 2914 1618 2975 sunt,
1654 2910 2039 2982 patriarcbam

2158 2910 2216 2965 τὸ
2243 2908 2573 2982 ὀκτάγωνὸν,
2605 2908 2693 2962 καὶ
2725 2912 2942 2962 ποιοῦσι
2974 2912 3066 2963 τὸν
3099 2909 3312 2984 στίχον,
3347 2911 3499 2967 Ἐἶτα
3527 2911 3571 2947 ’⁷⁷
3613 2906 3795 2965 λαϐὼν

402 3006 516 3060 duo
544 3002 876 3059 cubicularii
902 3002 1235 3075 suscipiunt
1263 3007 1317 3058 et
1346 3004 1412 3057 ad
1437 3009 1667 3058 stenum
1704 3016 1804 3056 seu
1829 3016 2045 3071 onopo-

403 3093 565 3149 dium
598 3109 781 3164 usque
814 3093 1161 3164 perducunt.
1195 3093 1517 3163 Imperator
1545 3107 1678 3147 vero
1715 3107 1747 3145 a
1776 3088 2042 3145 cubiculo

399 3188 455 3240 et
488 3182 851 3239 manclavitis
879 3182 1151 3253 stipatus,
1184 3180 1464 3253 palatium
1496 3181 1691 3248 intrat,
1723 3184 2044 3250 omnesque

400 3271 768 3339 cubicularii,
827 3272 885 3326 in
927 3288 1103 3327 aureo
1151 3270 1402 3326 triclinio
1435 3269 1764 3334 constituti,
1795 3269 2043 3339 impera-

402 3362 547 3417 tori:
585 3383 611 3410 «
647 3361 708 3415 In
770 3360 955 3415 multa
984 3362 1245 3429 bonaque
1276 3364 1557 3431 tempora,
1608 3379 1631 3410 ι
1695 3360 2038 3414 acclamant.

402 3450 534 3506 Haec
565 3454 759 3505 autem
790 3449 1147 3518 acclamatio,
1168 3449 1329 3503 ﬁnito
1346 3449 1584 3503 demum
1607 3447 2040 3517 dodecaemero,

402 3538 745 3594 instituitur.

2157 3000 2184 3052 6
2221 2997 2473 3073 βασιλεὺς
2504 2998 2648 3071 παρὰ
2695 3001 2792 3051 τοῦ
2823 3000 3164 3073 πατριάρχου
3213 2998 3491 3073 εὐλογίας,
3523 2998 3797 3075 ἐξέρχεται

2158 3087 2320 3163 μέχρι
2376 3091 2472 3142 τοῦ
2529 3086 2892 3161 αὐγουστέως,
2952 3087 3041 3141 καὶ
3094 3090 3564 3162 προσκυνήσαντες
3614 3089 3796 3159 ἀλλή-

2152 3175 2284 3240 λους
2320 3178 2410 3231 καὶ
2450 3175 2843 3247 ἀσπασάμενοι,
2890 3176 2982 3230 τὸν
3044 3178 3136 3249 μὲν
3189 3181 3533 3253 πατριάργην
3578 3175 3791 3252 λαμϐἄ-

2151 3288 2303 3322 νουσι
2371 3263 2466 3320 δύο
2522 3260 2993 3340 κουϐικουλὰριοι,
3050 3266 3139 3320 καὶ
3217 3264 3574 3338 διασώζουσιν
3635 3270 3793 3325 αὐτὸν

2156 3357 2321 3430 μέχρι
2362 3358 2455 3409 τοῦ
2496 3359 2682 3409 στενοῦ
2713 3353 2748 3421 ἢ
2770 3353 2860 3407 xui
2897 3358 2994 3408 τοῦ
3035 3352 3391 3418 ὀνόποδος.’0
3424 3354 3480 3411 6‘s
3514 3356 3793 3431 βασιλεὺς,

2154 3442 2577 3520 δηριγευόμενος
2655 3442 2756 3497 ὑπό
2815 3463 2872 3497 τε
2926 3446 3022 3498 τοῦ
3078 3439 3473 3500 κουϐουκλείου
3540 3447 3627 3501 xui
3684 3453 3790 3503 τῶν

2154 3528 2530 3610 μαγλαϐιτῶν,
2582 3531 2885 3607 εἰσέρχεται
2960 3529 3011 3585 ἓν
3067 3537 3146 3604 τῷ
3202 3532 3452 3607 παλατίῳ
3486 3552 3497 3566 ⁸
3546 3536 3793 3592 ἑστώτων

404 3623 461 3681 δὲ
514 3631 623 3681 τῶν
680 3630 778 3681 τοῦ
833 3620 1226 3680 κουϐουκλείου
1284 3626 1531 3680 ἁπάντων
1593 3625 1646 3681 ἐν
1703 3632 1784 3700 τῷ
1842 3625 2305 3703 χρυσοτρικλὶνῳ,
2340 3622 2732 3697 ὑπερεύχονται
2789 3621 2880 3675 τὸν
2945 3620 3171 3695 βασιλέα
3201 3624 3302 3677 to"
3353 3649 3373 3674 ι
3410 3624 3505 3685 Εἷς
3552 3623 3801 3689 πολλοὺς

402 3717 493 3773 xui
524 3715 760 3791 ἀγαθοὺς
798 3713 1059 3793 χρόνους.
1102 3738 1130 3766 ››
1165 3714 1373 3770 Γίνεται
1410 3716 1467 3770 δὲ
1497 3718 1532 3785 ἡ
1564 3713 1705 3794 εὔχὴ
1736 3716 1895 3790 αὕτη,
1927 3714 2115 3788 ἐπειδὴ
2149 3715 2457 3789 πληροῦται
2486 3713 2548 3767 τὸ
2583 3708 3021 3786 δωδεκαήμερον.

972 3807 1200 3864 CAPUT
1237 3807 1457 3864 XXVII.

407 3901 759 3960 Obseruantia
806 3904 866 3957 in
895 3904 1030 3974 [esto
1069 3906 1119 3974 et
1148 3900 1488 3970 processione
1539 3902 1959 3974 Puriﬁcationis
1989 3904 2026 3957 Β

974 3973 1163 4029 Μανίας
1202 3976 1478 4043 Virginis.

478 4065 519 4119 Ι.
545 4063 603 4118 Si
624 4063 933 4136 imperator
962 4064 1121 4119 abire
1151 4068 1209 4119 et
1238 4064 1466 4136 vigilias
1497 4070 1810 4121 nocturnas
1840 4066 1897 4119 in
1924 4065 2055 4122 Bla-

2766 3804 3024 3860 ΚΕΦΛΛ.
3068 3810 3185 3863 ΚΖ’.

2159 3898 2300 3955 Ὅσα
2358 3892 2440 3950 δεῖ
2493 3891 2931 3971 παραφυλάττειν
2990 3896 3059 3968 τῇ
3119 3895 3282 3969 ἑορτῇ
3331 3896 3419 3951 καὶ
3487 3896 3810 3973 προελεύσει

2623 3989 2723 4051 τῆς
2754 3983 3097 4052 Ὑπαπαντῆς
3129 3986 3173 4020 ⁷⁸
3214 3986 3350 4057 (10),

2234 4074 2317 4141 A',
2349 4072 2414 4128 Ei
2454 4068 2667 4126 κελεύει
2718 4070 2970 4134 ἀπελθεῖν
3006 4072 3034 4125 6
3067 4068 3323 4145 βασιλεὺς
3369 4074 3457 4127 xui
3508 4079 3815 4153 παννυχεῦ-

406 4152 637 4209 chernis
664 4169 833 4225 agere
862 4153 1041 4225 cupit,
1067 4153 1249 4225 pridie
1279 4154 1411 4209 festi
1435 4153 1549 4209 diei
1581 4154 1701 4209 abit
1729 4159 1785 4210 et
1815 4165 2045 4212 noctur-

2164 4182 2250 4216 σαι
2295 4139 2344 4215 έν
2404 4159 2770 4235 Βλαχέρναις,
2830 4139 3127 4234 ἀπέρχεται
3195 4163 3263 4232 τῇ
3318 4162 3423 4234 πρὸ
3474 4168 3601 4234 μιᾶς
3631 4139 3815 4233 “ﬁci;

407 4258 512 4299 nas
541 4241 768 4313 vigilias
800 4241 1073 4297 instituit.
1100 4242 1373 4313 Sequenti
1405 4241 1497 4297 die
1522 4243 1652 4298 festi
1683 4245 2054 4300 omnestuni-

408 4346 505 4385 cas
531 4330 715 4398 albas,
750 4329 1089 4386 cubicularii
1120 4346 1283 4401 mque
1323 4346 1389 4386 ac
1429 4331 2048 4402 spatharocuhicularii

408 4416 649 4473 camisia
680 4419 950 4473 induunt.
996 4418 1256 4473 Eunuchi
1298 4423 1747 4490 protospatharii
1793 4422 2050 4495 plerique

410 4506 760 4562 mutatorias
794 4507 986 4562 lerunt
1015 4512 1073 4562 et
1129 4507 1605 4578 spathobaculos,
1656 4511 1877 4568 barbati
1915 4530 2050 4585 pro-

2164 4252 2358 4325 ἑορτῆς
2410 4249 2611 4323 ἡμέρᾳ,
2663 4248 2753 4302 xui
2804 4246 3012 4303 έκτελεῖ
3057 4248 3154 4315 τήν
3202 4247 3500 4323 πάννυχον.
3541 4253 3624 4324 Τῇ
3676 4249 3733 4307 δὲ
3770 4253 3817 4290 ⁸ο

2163 4341 2285 4409 ἒξῆς
2336 4338 2519 4412 ἡμέρᾳ
2582 4343 2683 4405 τῆς
2737 4336 2930 4411 ἒορτῆς
2980 4333 3343 4391 ἀλλάσσουσιν
3410 4339 3637 4392 ἅπαντες
3705 4339 3812 4396 ἄπὸ

2164 4424 2372 4481 λευκῶν
2406 4421 2704 4499 χλανιδίων
2734 4445 2744 4455 ·
2790 4424 2840 4477 oi
2875 4422 2930 4478 δὲ
2978 4418 3425 4499 κουϐικουλάριοι
3467 4422 3810 4483 ἀλλάσσουσι

2162 4514 2389 4587 καμίσια
2438 4512 2526 4567 xui
2571 4512 2756 4585 μόνον,
2798 4512 3057 4576 ὡσαύτως
3111 4513 3199 4568 xui
3251 4515 3301 4568 οἱ
3360 4512 3802 4590 σπαϐαροκουϐι-

1778 4626 2019 4685 νΑιῖΙιΕ
2063 4630 2452 4687 LECTIONES

484 4713 527 4798 ⁷]
559 4713 671 4798 Pro
697 4712 815 4798 εἶτα
845 4714 934 4771 ed.
965 4712 1077 4798 xui.
1156 4711 1201 4748 ⁷⁸
1235 4710 1553 4785 ὑπαπάντης
1609 4716 1701 4788 R.,
1745 4714 1955 4771 ὑπαπαν
2011 4720 2403 4794 superscripto
2450 4720 2601 4792 cod.,
2638 4719 3066 4789 ὁπαπαντήσεως
3114 4722 3204 4778 ed.
3282 4720 3329 4756 πθ
3373 4728 3473 4791 τῆς
3532 4722 3638 4798 πρὸ
3695 4726 3823 4795 μιᾶς

413 4787 541 4842 cod.
619 4784 664 4821 ³ο
694 4781 751 4839 δὶ
792 4803 909 4843 om.
944 4786 1036 4844 ed.

1478 4888 1673 4945 JOAN.
1707 4888 1854 4946 JAC.
1888 4890 2151 4949 REISKII
2183 4891 2759 4949 COMMENTARIUS

483 4988 575 5063 (8),
617 4988 985 5063 Sella__2que_
1026 4986 1163 5063 ulla.
1214 4989 1360 5063 Nam
1406 4989 1709 5063 interdum
1760 4990 2060 5063 aliquanto

412 5058 683 5117 inferiore
713 5058 859 5117 sella
884 5058 1127 5115 sedebat
1150 5061 1477 5132 patriarcha
1508 5078 1685 5133 quam
1718 5058 2059 5135 imperator.

410 5130 541 5186 Vid.
578 5134 649 5187 ad
683 5150 737 5187 ι).
779 5132 871 5187 55.

464 5148 541 5186 ια.
578 5148 649 5187 αα
683 5150 737 5187 ι).
779 5148 871 5187 οε).

486 5150 940 5279 ῗέῖἓαξίοο-ἰῗῦάυί
976 5202 1033 5258 in
1056 5203 1253 5279 primo
1282 5205 1576 5279 accubitu.
1621 5206 1714 5261 cui
1748 5207 2066 5279 imperator

413 5278 471 5330 et
499 5276 1224 5348 patriarchaaccumﬁbunt,
1239 5281 1297 5331 et
1318 5276 1419 5348 qui
1451 5278 1510 5331 in
1540 5294 1774 5333 summo
1801 5276 1868 5333 ei:
1882 5285 2065 5335 trans-

413 5363 583 5419 verso
616 5353 753 5417 stat,
788 5348 1009 5403 sedent.
1041 5347 1220 5402 Erant
1251 5347 1459 5419 nempe
1482 5349 1566 5404 sio
1597 5350 1861 5418 dispositi
1894 5367 2065 5405 accu-

414 5418 591 5486 bitus,
622 5436 723 5476 seu
749 5434 985 5487 mensae,
1014 5424 1078 5473 ut
1108 5418 1425 5474 introeunti
1448 5422 1517 5475 ad
1567 5421 1825 5475 dextram
1862 5437 2066 5477 novem

416 5496 669 5547 strarent
701 5493 759 5547 in
792 5489 1225 5562 longitudinem
1278 5495 1573 5559 porrectae,
1608 5500 1662 5547 et
1710 5493 1947 5547 totidem
1994 5492 2065 5547 ad

416 5562 717 5619 sinistram
777 5578 845 5619 ex
901 5562 1189 5633 opposito,
1232 5566 1289 5617 et
1341 5579 1455 5618 una
1512 5563 1719 5632 prima,
1777 5564 1812 5631 ἡ
1871 5563 2072 5617 ἀποκο-

416 5635 527 5707 πτή
558 5635 804 5707 dicta,in
829 5632 1063 5691 summo
1086 5632 1553 5707 inlatitudinem
1585 5651 1616 5691 e
1647 5635 1883 5707 regione
1912 5637 2070 5703 ostii,

418 5706 632 5766 Primae
662 5704 981 5778 assidebat,
1014 5712 1077 5762 ut
1106 5704 1357 5772 dictum,
1388 5704 1795 5779 imperator'et
1824 5707 2072 5783 patriar-

2171 4992 2298 5067 cha,
2316 4992 2553 5067 quoties
2585 5008 2718 5047 cum
2744 4991 3095 5067 imperatore
3125 4992 3481 5067 epularetur,
3516 5012 3652 5052 cum
3678 5013 3824 5067 prae-

2172 5063 2361 5136 cipuis
2383 5065 2605 5136 aliquot
2636 5063 3096 5136 metropolitanis
3130 5063 3381 5134 {primis
3444 5063 3719 5135 proximis
3749 5068 3820 5122 ad

2176 5135 2497 5209 utrumque
2517 5136 2671 5209 latus
2691 5135 2909 5191 mensis
2931 5136 3263 5209 assidebant
3280 5137 3488 5209 reliqui
3519 5139 3823 5195 inferiores

2175 5206 2605 5277 metropolitani
2638 5211 2695 5262 et
2732 5207 3010 5278 episcopi.

2248 5278 2363 5351 (10)
2420 5277 3330 5353 Εειηΐοεῑυῐῂ,τῆςίᾼὺπαπάντηᾳ
3393 5298 3513 5353 quo,
3566 5281 3826 5337 Christus

2178 5349 2393 5431 templo
2414 5349 2705 5405 exhibitus
2738 5349 2848 5405 fuit
2879 5359 2933 5405 et
2965 5350 3213 5474 Simeon
3238 5349 3438 5422 justus
3470 5352 3520 5407 ei
3552 5356 3829 5409 occurrit.

2178 5422 2479 5474 Invenitur
2536 5436 2767 5474 auoaue
2816 5420 2981 5474 ὑπαντ
3009 5464 3045 5474 ..
3108 5422 3390 5474 ’[Ὗπιντῆ
3441 5425 3695 5474 Domini.
3729 5426 3829 5474 hoc

2178 5420 2479 5495 Invenitur
2536 5436 2769 5495 quoque
2816 5420 3045 5490 ὑπαντῆ.
3108 5420 3391 5495 ’[Ὑπαντῇ
3440 5425 3695 5490 Domini,
3729 5426 3836 5481 hoc

2178 5502 2283 5564 est,
2316 5493 2628 5549 obvialione
2647 5494 2703 5550 S.
2744 5493 3035 5564 Symeoni:
3081 5493 3276 5565 ngnis
3305 5493 3551 5552 decessit.
3587 5497 3833 5553 Ditmar.

2179 5581 2235 5639 ρ.
2292 5566 2392 5619 120
2424 5565 2610 5639 ;_vid.
2660 5568 2935 5639 Anastas.
2966 5564 3247 5639 ‘_Bibl.’p.
3295 5567 3470 5639 154.]’
3523 5570 3690 5639 Conl‘.
3744 5567 3833 5639 Du

2178 5637 2370 5763 Sanga
2416 5636 2600 5695 Gloss.
2659 5637 2784 5693 Lat.
2833 5654 2887 5695 ν.
2955 5636 3286 5709 Hypapahte
3373 5636 3442 5696 et'
3484 5637 3676 5697 Gloss.
3734 5638 3837 5697 Gr-
