4158 6212
321 329 443 392 385

1189 324 1286 383 DE
1329 322 1794 385 CERIMONIIS
1839 324 2074 386 AULIE
2115 324 2595 388 BYZANTINIE
2638 329 2785 390 LIB.
2831 330 2878 391 Ι.

3611 333 3728 394 386

318 463 633 538 κουλάριοι.
685 459 750 512 Οἱ
818 452 875 511 6‘s
914 453 1170 531 εὐνοῦχοι
1211 454 1699 531 πρωτοσπαθάριοι
1747 459 1973 528 φοροῦσι

2091 457 2436 530 tospatharii
2464 460 2655 532 specia
2681 479 2790 518 sua
2819 466 2875 518 et
2897 463 3157 535 spathae,
3181 464 3373 522 nullos
3395 471 3590 524 autem
3608 484 3732 538 spa-

317 551 386 606 τά
438 548 719 620 ἀλλάξιμα
786 544 960 600 αὐτῶν
1032 543 1264 616 πλήρεις
1323 543 1394 613 ⁸⁸,
1465 544 1820 616 βαστάζοντες
1886 546 1973 599 καὶ

322 634 728 705 σπαθοϐάκλια,
789 636 839 689 οἱ
890 631 948 688 δὲ
1004 627 1270 708 βαρϐάτοι
1330 633 1814 708 πρωτοσπαθάριοι
1879 654 1976 712 φο-

323 728 478 805 ροῦσι
526 729 595 782 τά
643 720 834 779 σπέκια
895 722 1078 778 αὐτῶν
1136 721 1225 775 καὶ
1286 720 1506 788 σπαθία,
1559 722 1620 776 οὺ
1655 722 1976 795 βαστάζουσι

323 816 381 874 δὲ
414 810 814 872 σπαθοϐάκλια,
875 812 941 869 υἱ
997 807 1058 865 δὲ
1115 806 1670 884 σπαθαροκανδιδάτοι
1710 812 1800 866 καὶ
1831 833 1976 866 σπα-

323 908 502 982 θάριοι
535 905 625 960 καὶ
657 904 710 958 οἱ
738 906 836 957 τοῦ
872 893 1182 975 μαγλαϐίου
1227 900 1316 952 καὶ
1369 900 1424 953 oi
1475 899 1664 954 λοιποὶ
1714 899 1977 956 οἲκειακοὶ

330 997 622 1070 σπαθάριοι
671 995 1056 1068 περιπατοῦσιν
1104 985 1249 1052 ἔνθεν
1299 988 1564 1057 κάκεῖθεν,
1616 985 1833 1054 ὄπισθεν
1877 996 1978 1059 τῆς

325 1084 723 1162 προελεύσεως,
782 1080 856 1142 είς
911 1079 978 1133 τά
1034 1077 1244 1153 πλάγια
1290 1078 1338 1113 ⁸³
1381 1081 1488 1132 τῶν
1544 1077 1827 1153 ἀρχόντων
1882 1085 1978 1134 1:06

323 1169 722 1230 κουϐουκλείου
770 1169 860 1224 καὶ
920 1171 1026 1222 τῶν
1086 1165 1411 1241 πατρικίων,
1477 1170 1640 1222 τοῦτο
1697 1165 1981 1229 τελοῦντες

323 1265 442 1318 καθ’
498 1262 723 1330 ἑκάστην
775 1257 1117 1334 προέλευσιψ
1174 1255 1228 1311 ἐν
1270 1252 1326 1310 δὲ
1372 1260 1492 1317 ταῖς
1537 1254 1800 1330 μεγάλαις
1843 1275 1983 1332 προ..

2088 548 2432 606 thobaculos
2481 557 2732 623 gestant.
2779 553 3384 625 Spatharocandidati,
3428 558 3727 630 spatharii,

2087 640 2445 696 manclavita:
2477 647 2533 697 et
2564 645 2753 698 caeteri
2785 645 3087 701 domestici
3138 647 3423 718 spatharii
3455 651 3729 720 utrinque

2087 733 2218 799 post
2248 729 2567 786 solemnem
2602 748 2876 804 pompam
2911 733 2985 788 ad
3014 734 3170 790 latus
3198 736 3593 806 prefectorum
3626 754 3729 792 cu-

2088 815 2263 871 biculi
2295 822 2351 872 et
2383 819 2753 888 patriciorum
2789 823 3130 891 procedunt,
3153 828 3209 877 et
3239 823 3346 879 hoc
3367 823 3424 878 in
3457 825 3730 882 omnibus

2088 907 2556 976 processionibus
2605 908 2948 979 observant;
2994 910 3053 966 in
3107 912 3338 984 magnis
3386 921 3578 968 autem
3614 918 3731 968 tor-

2089 1011 2232 1066 ques
2263 1001 2319 1051 et
2348 997 2802 1067 spatbobaculos
2824 1017 2960 1055 suos
2985 1007 3233 1071 gestant.
3253 1001 3733 1072 Spatharocandi-

2088 1085 2207 1138 dati
2240 1091 2498 1156 torques,
2524 1089 2778 1143 scutaria
2811 1099 2864 1143 et
2896 1088 3180 1145 dextralia
3215 1106 3350 1146 cum
3402 1091 3729 1161 securibus,

2089 1172 2370 1243 spatharii
2421 1179 2588 1231 scuta
2615 1179 2673 1231 et
2720 1175 3022 1240 dextralia,
3054 1178 3287 1250 utrique
3328 1179 3504 1235 etiam
3537 1195 3732 1236 scara-

2090 1263 2322 1333 mangia
2356 1267 2586 1333 gerunt.

319 1354 560 1412 ελεύσεσι
587 1355 814 1430 φοροῦσι
871 1351 936 1406 τὰ
997 1349 1253 1423 μανιάκια
1297 1346 1497 1414 αὐτῶν,
1551 1347 1908 1421 βαστάζοντες
1963 1349 2053 1402 καὶ
2121 1346 2505 1406 σπαθοϐάκλια
2556 1353 2759 1412 αὐτῶν.
2813 1355 2881 1411 Οἱ
2941 1352 2999 1409 δὲ
3048 1354 3611 1431 σπαθαροκανδιδάτοι
3661 1360 3732 1413 τὰ

329 1445 588 1518 μανιάκια
643 1440 816 1496 αὐτῶν
872 1439 962 1494 καὶ
1011 1438 1301 1514 σκουτάρια
1345 1435 1437 1491 καὶ
1497 1434 1784 1512 διστράλια
1849 1436 2204 1510 μονοπέλυκα
2255 1441 2390 1513 (11)’
2433 1442 2484 1496 οἱ
2552 1438 2608 1497 δὲ
2667 1445 2955 1517 σπατάριοι
3011 1445 3302 1520 σκουτάρια
3356 1447 3446 1502 καὶ
3507 1445 3731 1523 διστρά-

323 1536 438 1606 λια,
462 1535 567 1590 ἀπὸ
600 1530 1022 1608 σκαραμαγγίων
1059 1528 1117 1585 δὲ
1147 1529 1472 1604 ἀμφότεροι.

395 1631 469 1686 Β’.
519 1629 628 1685 T06
678 1624 736 1681 δὲ
771 1632 872 1695 τῆς
921 1623 1297 1684 καταστάσεως
1347 1619 1602 1683 ἐλθόντος
1653 1619 1741 1674 καί
1803 1641 1968 1693 μηνυ-

324 1739 519 1782 σαντος
569 1722 649 1791 τῷ
708 1713 1076 1790 πραιποσίτῳ,
1135 1712 1210 1774 ὡς
1263 1712 1346 1767 ὀτι
1410 1711 1654 1785 ὁκαιρὸς
1719 1712 1965 1784 ἤγγικεν,

325 1808 632 1883 εἷσέρχεται
695 1807 723 1862 6
763 1805 1122 1878 πραιπόσιτος
1172 1803 1262 1856 καὶ
1321 1801 1510 1873 μηνύει
1563 1800 1655 1854 τὸν
1725 1798 1973 1873 βασιλέα,

326 1901 354 1954 6
402 1897 459 1954 δὲ
521 1895 776 1973 βασιλεὺς
826 1893 1056 1964 ἐξελθὼν
1110 1890 1160 1946 ἒν
1214 1895 1294 1961 τῷ
1338 1888 1598 1963 τρικλίνῳ
1652 1892 1731 1959 τῷ
1776 1887 1975 1944 καλουο

329 1987 474 2061 μένῳ
524 1972 964 2053 νἈναστασιακῷ,
1019 1983 1200 2056 φορῶν
1254 1979 1318 2032 τὸ
1386 1972 1729 2047 δηϐητήσιον
1789 1975 1975 2046 αὐτοῦ,

323 2077 543 2134 ἵσταται
591 2075 783 2142 ἐκεῖσε,
831 2073 921 2125 καὶ
969 2072 1213 2125 ἳστανται
1270 2068 1321 2123 o't
1372 2066 1638 2142 ἄρχοντες
1696 2069 1792 2120 τοῦ
1853 2085 1979 2119 κου-

320 2163 617 2222 ϐουκκείου
670 2161 814 2226 ἔνθεν
869 2160 959 2215 καὶ
1021 2158 1188 2225 ἔνθεν,
1239 2156 1290 2211 οἱ
1342 2153 1398 2211 δὲ
1448 2149 1979 2230 σπαθαροκουϐικου-

322 2255 514 2328 λάριοι
571 2252 660 2306 καὶ
711 2251 761 2306 οἱ
819 2243 1272 2321 κουϐικουλάριοι
1319 2244 1538 2299 ὄπισθεν
1579 2242 1780 2313 αὐτῶν,
1839 2243 1891 2297 οἱ
1925 2239 1982 2296 δὲ

322 2343 813 2420 πρωτοσπαθάριοι
872 2340 922 2393 οἱ
983 2337 1242 2410 εὐνοῦχοι
1308 2333 1553 2390 ἳστανται
1610 2331 1826 2387 ὄπισθεν
1884 2334 1980 2385 τοῦ

329 2431 619 2509 βασιλέως.
667 2426 1063 2503 Προσκαλεῖται
1116 2423 1174 2479 δὲ
1223 2425 1250 2478 ὁ
1301 2422 1662 2498 πραιπόσιτος
1710 2421 1838 2509 τους
1890 2421 1979 2494 βε-

327 2506 614 2595 στήτορας,
645 2517 734 2574 καὶ
778 2514 1090 2585 ὑπαλλάξας
1125 2516 1152 2568 ὁ
1190 2511 1446 2589 βασιλεὺς
1472 2512 1574 2580 τὴν
1617 2506 1850 2590 χλανίδα
1880 2509 1979 2563 αὑ-

326 2617 423 2668 τοῦ
471 2609 541 2666 δι’
592 2609 790 2676 αὐτῶν,
846 2607 963 2661 εἶτα
1008 2603 1285 2659 κατελθὼν
1337 2602 1634 2676 ὀστιάριος,
1682 2600 1894 2654 ’ἰσταται
1926 2597 1978 2653 έν

326 2707 404 2774 τῷ
436 2699 620 2777 βήλῳ,
651 2699 739 2753 καὶ
773 2695 912 2751 νεύει
943 2695 971 2749 ὁ
1005 2691 1261 2768 βασιλεὺς
1293 2696 1376 2764 τῷ
1407 2689 1774 2765 πραιποσίτῳ,
1803 2691 1830 2744 6
1855 2689 1910 2744 δὲ
1931 2689 1978 2724 ⁸³

329 2789 694 2866 πραιπόσιτος
725 2791 806 2859 τῷ
835 2778 1277 2858 κουϐικουλαρίῳ
1322 2785 1402 2853 τῷ
1435 2779 1641 2851 αἶ’ροντι
1673 2782 1736 2834 τὸ
1771 2777 1975 2853 βῆλον,

326 2880 418 2936 καὶ
479 2879 789 2953 εἰσάγονται
853 2872 1130 2948 πατρίκιοι
1182 2871 1273 2927 καὶ
1341 2869 1662 2944 στρατηγοὶ,
1712 2869 1803 2922 καὶ
1869 2869 1977 2923 εἱσ-

329 2968 579 3030 ελθόντες
615 2951 912 3022 πίπτουσι.
983 2963 1083 3019 Καὶ
1152 2960 1490 3016 ἀναστάντων
1539 2956 1740 3028 αὐτῶν,
1790 2951 1976 3011 λαϐὼν

326 3064 501 3133 νεῦμα
556 3057 585 3112 6
650 3054 1007 3130 πραιπόσιτος
1076 3049 1222 3123 παρὰ
1285 3053 1382 3104 1:06
1454 3044 1743 3122 βασιλέως,
1804 3047 1974 3120 λέγει·

2151 1625 2224 1680 Il.
2255 1624 2668 1682 Cerimoniario
2699 1632 2893 1684 autem
2933 1629 3202 1686 veniente
3249 1635 3324 1696 et,
3357 1636 3590 1704 tempus
3621 1651 3730 1707 ap-

2078 1713 2490 1786 propinquare,
2525 1717 2905 1788 praepositum
2940 1723 3232 1784 monente,
3257 1721 3438 1776 intrat
3471 1723 3521 1778 is
3555 1724 3729 1793 idque

2005 1787 2052 1852 B
2082 1801 2416 1873 imperatori
2447 1787 2690 1871 indicat,
2723 1806 2820 1877 qui
2847 1822 2878 1862 e
2909 1806 3184 1876 triclinio,
3244 1811 3398 1882 quod
3432 1787 3729 1869 Anastasii

2084 1895 2341 1958 vocatur,
2367 1907 2655 1963 egressus,
2689 1894 2972 1951 dibetesio
3016 1913 3121 1954 suo
3166 1898 3434 1968 indutus,
3479 1900 3559 1956 ibi
3585 1902 3729 1956 sub-

2086 1979 2260 2045 sistit,
2296 1981 2367 2035 ab
2402 1986 2650 2052 utroque
2680 1981 2859 2039 latere
2890 1986 3162 2042 cubiculo
3193 1989 3463 2060 praefecti,
3488 1991 3729 2061 spatha-

2088 2067 2500 2123 rocubicularii
2527 2076 2583 2125 et
2611 2072 2953 2128 cubicularii
2973 2084 3098 2146 poet
3121 2076 3301 2146 ipsos,
3329 2081 3730 2148 protest-atha-

2089 2156 2160 2210 rii
2192 2165 2385 2211 autem
2420 2159 2675 2213 eunuchi
2707 2177 2741 2214 a
2771 2166 2929 2232 tergo
2961 2162 3352 2234 imperatoris.
3384 2165 3483 2220 88
3515 2167 3730 2224 Deinde

2089 2245 2435 2317 praepositus
2456 2249 2754 2303 vestitores
2782 2254 2970 2320 vocat,
2994 2266 3244 2321 quorum
3264 2268 3438 2322 opera
3467 2256 3729 2312 tunicam

2089 2349 2252 2388 suam
2285 2333 2602 2406 imperator
2624 2341 2831 2404 mutat,
2853 2337 3129 2394 ostiarius
3151 2341 3509 2398 descendens
3532 2343 3589 2398 in
3605 2345 3732 2401 velo

2089 2427 2227 2493 stat,
2259 2423 2576 2494 imperator
2606 2427 2934 2498 praeposito,
2956 2429 3300 2500 praepositus
3330 2446 3461 2486 vero
3487 2433 3735 2488 cubicu-

2089 2511 2236 2567 lario
2268 2513 2462 2568 velum
2495 2512 2720 2570 tollenti
2751 2515 2988 2587 signum
3007 2518 3120 2585 dat,
3144 2522 3201 2574 et
3230 2519 3600 2577 adducuntur
3631 2540 3736 2594 pa-

2089 2600 2260 2671 tricii,
2295 2606 2350 2657 et
2381 2603 2619 2674 strategi
2645 2620 2659 2658 :
2690 2603 2935 2676 ingressi
2969 2607 3382 2677 procumbunt.
3433 2611 3542 2675 Qui
3573 2615 3731 2683 post-

2088 2706 2268 2761 quam
2300 2707 2618 2759 surrexere,
2644 2693 2999 2765 pmpositus,
3027 2701 3264 2768 accepto
3285 2696 3356 2752 ab
3388 2698 3734 2770 Imperatore

2087 2779 2280 2850 signo,
2311 2779 2488 2838 dicit:
2522 2801 2551 2831 α
2579 2780 2808 2838 Jubete.
2842 2802 2870 2833 ››
2902 2783 3246 2856 Imperator,
3272 2802 3306 2841 a
3337 2788 3619 2857 prafectis
3636 2806 3735 2845 cu-

2088 2870 2292 2936 biculi,
2324 2869 2582 2942 patriciis
2611 2875 2669 2925 et
2697 2872 2966 2943 strategis
2986 2875 3260 2944 stipatus,
3284 2874 3359 2930 ad
3389 2876 3732 2948 triclinium,

2089 2961 2243 3032 quod
2273 2959 2571 3014 Danubius
2601 2959 2832 3026 dicitur,
2856 2961 2999 3027 abit,
3033 2962 3253 3018 barbati
3285 2967 3732 3036 protospatharii

2087 3053 2146 3106 et
2175 3048 2528 3120 drungarius
2549 3047 2756 3118 vigilias
2784 3050 3061 3120 utrinque
3085 3052 3526 3122 propejanuam
3551 3060 3729 3111 stant.

327 3172 355 3201 α
390 3145 714 3204 Κελεύσατε.
753 3167 782 3195 ››
831 3143 892 3199 '0
933 3138 990 3195 δὲ
1033 3137 1286 3214 βασιλεὺς
1324 3135 1749 3212 δηριγευόμενος
1791 3135 1894 3190 ὑπὸ
1923 3155 1980 3190 τε

2091 3137 2319 3193 Patricii
2349 3152 2484 3192 vero
2514 3141 2572 3191 et
2602 3137 2841 3207 etrategi
2868 3153 3001 3192 cum
3050 3146 3258 3194 senatu
3311 3142 3642 3212 procidunt,
3676 3148 3734 3199 et

324 3241 435 3294 τῶν
464 3235 749 3309 ἀρχόντων
801 3235 899 3285 τοῦ
938 3224 1362 3295 κουϐουκλείου,
1413 3224 1717 3301 πατρικίων
1767 3245 1826 3280 τε
1885 3226 1975 3280 καὶ

326 3327 664 3399 στρατηγῶν,
695 3321 970 3394 ἐξέρχεται
1016 3317 1069 3372 ἐν
1115 3321 1194 3389 τῷ
1232 3314 1498 3391 τρικλίνῳ
1538 3318 1617 3386 τῷ
1648 3311 1978 3387 καλουμένῳ

326 3409 625 3484 Δανουϐίῳ·
667 3408 916 3464 ’ίστανται
964 3406 1021 3462 δξ
1078 3405 1131 3460 οἳ
1182 3427 1240 3461 τε
1291 3400 1554 3480 βαρϐάτοι
1587 3403 1979 3480 πρωτοσπαθά-

2087 3231 2397 3298 postquam
2444 3225 2793 3298 praepositus
2840 3225 3077 3298 signum
3121 3228 3194 3282 ab
3241 3229 3586 3299 imperatore
3619 3233 3736 3288 ἐο-

2087 3317 2257 3386 cepit,
2279 3315 2698 3372 ceremoniario
2728 3317 2956 3386 annuit,
2990 3317 3154 3389 isque
3176 3317 3319 3374 dicit
3343 3336 3356 3374 :
3384 3341 3412 3370 ιι
3435 3319 3664 3388 Jubete,
3705 3344 3727 3372 ι

2087 3405 2236 3478 ipsi:
2271 3428 2300 3456 ‹‹
2336 3405 2400 3460 In
2434 3404 2617 3461 multa
2643 3405 2910 3477 bonaque
2939 3410 3224 3478 tempora,
3259 3429 3288 3457 ››
3311 3408 3658 3467 acclamant.

327 3527 437 3582 ριοι
503 3505 592 3558 καὶ
653 3503 680 3556 6
747 3499 1109 3574 δρουγγάριος
1159 3504 1258 3566 τῆς
1317 3496 1512 3572 βίγλης
1577 3494 1721 3552 ἔνθεν
1780 3495 1869 3550 καὶ
1909 3492 2053 3551 ἔνθεν
2111 3493 2347 3566 πλησίον
2403 3498 2500 3564 τῆς
2531 3495 2713 3569 θύρας.
2749 3495 2814 3552 Οἱ
2845 3492 2903 3549 δὲ
2955 3497 3234 3570 πατρίκιοι
3291 3499 3384 3554 καὶ
3433 3511 3732 3577 στρατηγοὶ

335 3597 469 3672 μετὰ
526 3601 626 3664 τῆς
687 3591 1017 3668 συγκλήτου,
1071 3587 1328 3644 πίπτουσι
1376 3587 1464 3642 καὶ
1521 3582 1788 3661 λαμϐάνει
1843 3591 2011 3661 νεῦμα
2068 3587 2095 3641 ὁ
2152 3586 2515 3663 πραιπόσιτος
2553 3587 2699 3660 παρὰ
2746 3590 2842 3642 τοῦ
2901 3586 3170 3662 βασιλέως
3229 3588 3320 3644 καὶ
3359 3588 3496 3645 νεύει
3526 3596 3605 3663 τῷ
3631 3598 3732 3662 τῆς

331 3685 728 3750 καταστάσεως,
786 3682 1030 3742 κάκεῖνος
1078 3676 1246 3752 λέγει’
1309 3702 1336 3728 «ι
1393 3675 1716 3733 Κελεύσατε·
1744 3701 1765 3730 ι
1802 3677 1890 3731 καὶ
1929 3676 2084 3731 αὐτοὶ
2117 3675 2531 3750 ὗπερευχονταιο
2560 3699 2589 3726 ‹‹
2622 3673 2715 3736 Εἲς
2745 3673 2996 3736 πολλοὺς
3025 3675 3116 3730 καὶ
3148 3677 3384 3753 ἀγαθοὺς
3415 3680 3669 3756 χρόνους.
3705 3703 3732 3732 η

403 3777 476 3844 Γ¹,
537 3775 642 3832 Καὶ
705 3773 794 3826 ὑπ’
855 3770 1031 3825 αὐτῶν
1103 3767 1553 3844 δηριγευόμενος,
1610 3764 1907 3841 διέρχεται,
1958 3767 1986 3820 6

327 3865 384 3922 δὲ
413 3872 512 3934 τῆς
545 3863 919 3919 καταστάσεως
951 3858 1002 3914 ἐν
1030 3861 1076 3894 ⁸⁸
1113 3861 1195 3929 τῷ
1241 3857 1412 3928 μέσῳ,
1463 3856 1552 3910 καὶ
1601 3855 1738 3909 κατὰ
1789 3856 1986 3930 βάθρον

329 3953 788 4032 ἐπιστρεφόμενος
836 3949 974 4021 πρὸς
1018 3948 1112 4002 τὸν
1165 3944 1412 4021 βασιλέα,
1464 3941 1722 4017 έφαπλῶν
1787 3941 1846 3998 δέ
1897 3946 1987 3998 καὶ

323 4048 420 4107 τάς
449 4031 642 4122 χεῖρας
671 4040 839 4095 αὐτοῦ
869 4039 916 4075 ⁸⁵
949 4034 1162 4100 ἔνδοθεν
1185 4039 1285 4090 τοῦ
1307 4031 1599 4109 χλανιδίου
1620 4032 1806 4102 αὐτοῦ,
1842 4033 1988 4108 λέγει

329 4113 588 4208 πρὸς-τόν
617 4126 862 4206 βασιλέα’
890 4152 915 4179 ‹‹
943 4127 1202 4184 ΚαπΛάτε
1228 4119 1460 4196 Γόμηνι’
1490 4145 1519 4173 ››
1539 4127 1704 4178 τοῦτο
1727 4121 1986 4192 ἐκτελῶν,

328 4227 477 4284 ὅπως
501 4223 551 4278 ἐν
575 4224 644 4294 τῇ
668 4216 836 4291 διόδῳ
860 4221 957 4272 τοῦ
985 4214 1255 4292 βασιλέως
1288 4214 1362 4286 μὴ
1396 4211 1541 4287 τύχῃ
1578 4212 1774 4286 βάθρον
1796 4213 1863 4269 ⁸⁸.
1891 4211 1987 4266 Καὶ

327 4313 430 4384 ἔξω
451 4319 550 4380 τῆς
573 4310 754 4378 πύλης
786 4306 1018 4379 ἐξελθὼν
1051 4311 1150 4373 τῆς
1183 4301 1484 4377 ἐξαγούσης
1517 4303 1653 4376 πρὸς
1685 4302 1776 4356 τὸν
1816 4297 1991 4374 ἔμϐο-

2169 3768 2258 3823 ΙΙΙ.
2304 3768 2390 3821 Ab
2441 3766 2534 3821 bis
2583 3767 2835 3837 stipatus
2887 3768 3232 3838 digreditur,
3289 3770 3736 3826 cerimoniarius

2098 3871 2232 3911 vero
2262 3855 2322 3909 in
2355 3854 2560 3918 medio,
2593 3860 2651 3908 et
2681 3855 2740 3909 in
2781 3855 2940 3909 scala
2972 3871 3288 3910 conversus
3318 3856 3389 3911 ad
3421 3855 3736 3928 imperato-

2099 3961 2244 4010 rem,
2276 3949 2434 3999 veste
2461 3959 2568 3997 sua
2612 3943 2885 3998 manibus
2936 3943 3228 4012 involutis,
3264 3945 3335 3999 ad
3395 3961 3526 4000 cum
3560 3947 3735 4002 dicit:

2100 4056 2128 4084 α
2161 4031 2393 4104 Caplate
2438 4031 2694 4097 Domini,
2727 4053 2757 4081 »
2803 4032 2958 4103 quod
3016 4036 3324 4104 propterea
3371 4033 3524 4099 facit,
3587 4035 3738 4090 utin

2099 4121 2354 4178 transitu
2386 4121 2700 4190 imperator
2731 4119 2950 4174 scalam
2975 4136 3087 4176 non
3108 4120 3426 4192 contingat.
3449 4122 3528 4177 Ex
3553 4127 3737 4194 porta,

2097 4226 2225 4281 quae
2255 4211 2324 4266 ad
2358 4207 2650 4281 porticum
2684 4207 2868 4274 ducit,
2917 4209 2991 4264 ad
3039 4209 3305 4265 dextrum
3349 4208 3524 4280 hujus
3583 4210 3741 4267 latus

2099 4303 2367 4366 discedit,
2400 4301 2627 4373 patricii
2656 4305 2849 4356 autem
2882 4305 3041 4357 extra
3079 4302 3343 4358 eamdem
3377 4319 3572 4359 cereos
3603 4320 3740 4360 suos

331 4403 453 4466 λον,
486 4399 766 4474 διέρχεται
797 4397 848 4451 ἐν
881 4399 960 4466 τῷ
1008 4392 1167 4467 δεειῷ
1222 4391 1371 4466 μέρει
1401 4394 1499 4476 1:06
1548 4385 1814 4464 ἐμϐόλου,
1849 4389 1902 4444 οἷ
1933 4389 1990 4445 δὲ

2103 4395 2365 4458 sumunt,
2398 4391 2538 4445 dum
2568 4390 2792 4446 interea
2819 4390 3071 4447 duarum
3108 4391 3429 4447 factionum
3476 4397 3742 4450 cantores

339 4491 622 4564 πατρίκιοι
654 4493 754 4556 τῆς
787 4485 958 4554 αὐτῆς
990 4481 1174 4553 πύλης
1206 4479 1306 4555 ἔξω
1338 4474 1686 4553 λαμϐάνουσι
1721 4479 1791 4534 τὰ
1827 4479 1995 4552 κηρία

2106 4481 2336 4537 iambos
2368 4479 2636 4544 recitent,
2667 4479 2885 4552 singuli
2907 4497 2943 4536 a
2971 4480 3219 4536 statione
3248 4497 3356 4538 sua
3385 4481 3658 4555 digressi,
3689 4489 3747 4539 et

1689 4578 1928 4634 VARle
1978 4578 2389 4635 LECTIONES.

413 4678 456 4714 ’ί
478 4674 701 4750 πλήρης
731 4675 885 4742 cod.,
918 4669 1106 4744 πλήρη
1135 4669 1289 4740 conj.
1321 4669 1388 4723 Η.
1465 4665 1513 4701 δε
1542 4665 1654 4720 εἶτα
1683 4664 1890 4739 πλάγια
1920 4668 2009 4724 ed.

2113 4665 2160 4702 ⁸³
2189 4665 2217 4719 ὁ
2250 4662 2307 4720 δὲ
2336 4682 2451 4722 om.
2485 4666 2576 4723 ed.
2652 4665 2700 4701 ⁸⁴
2728 4662 2780 4719 έν
2813 4682 2928 4722 om.
2960 4668 3052 4722 ed.
3129 4668 3176 4703 ³⁵
3204 4673 3310 4724 Pro
3341 4667 3504 4723 αὖτοῦ
3527 4670 3618 4726 ed.
3651 4672 3747 4723 τοῦ

342 4769 389 4804 ⁸⁸
425 4769 534 4824 Pro
569 4749 644 4840 μὴ
675 4763 820 4836 τύχῃ
857 4761 1076 4836 βάθρον,
1107 4759 1174 4815 R.
1218 4758 1327 4829 legi
1361 4756 1486 4812 vult
1516 4764 1616 4812 aut
1645 4755 1901 4830 ἀποτύχῃ
1937 4755 2161 4830 βάθρου,
2191 4759 2292 4811 aut
2317 4753 2461 4828 τύγῃ
2481 4749 2830 4829 παραϐαίνων
2864 4755 3088 4830 βάθρον.

1398 4863 1599 4922 JOAN.
1640 4864 1782 4920 JAC.
1825 4865 2092 4921 REISKII
2133 4861 2719 4920 COMMENTARIUS.

421 4974 530 5042 (tt)
552 4967 859 5044 _Posterio_r
906 4981 1016 5044 vox
1064 4967 1168 5044 est_
1200 4960 1604 5044 interpretatio
1623 4961 1888 5044 prioris;
1921 4961 2003 5017 al-

350 5033 661 5116 ἰθέα-ἰάσω
687 5039 1054 5116 quod_altera
1081 5035 1253 5090 valet.
1277 5033 1411 5116 Vid:
1435 5036 1506 5088 ad
1543 5049 1598 5103 p.
1623 5033 1750 5116 333-ζ
1778 5033 1876 5116 ubi
1903 5051 2001 5116 μο-

346 5110 629 5170 νοπὲλυκα
657 5103 788 5166 esse
830 5109 961 5164 dico
1008 5121 1262 5172 secures,
1312 5103 1660 5175 unipennes.
1712 5103 2004 5160 Dextralia

351 5191 552 5243 autem
579 5180 1031 5259 appellabantur
1053 5177 1135 5232 hee
1158 5191 1413 5242 secures,
1431 5176 1580 5259 quod
1604 5192 1716 5230 non
1741 5175 2002 5259 phhnstaz

352 5247 761 5325 sinistra,"sed
815 5253 1018 5325 dextra
1054 5264 1230 5325 manu
1284 5247 1766 5325 gererenturuad
1817 5247 2004 5325 instar

353 5329 566 5394 baculi,
598 5318 770 5396 cujus
798 5321 1157 5402 adminiculo
1180 5318 1594 5402 “ambulamus.
1624 5318 1792 5402 ‘Sanc
1826 5318 1999 5402 talem

354 5389 603 5458 securim
637 5389 708 5453 ad
744 5393 937 5452 baculi
971 5407 1144 5448 usum
1177 5392 1663 5472 formatam,‘ault,
1710 5389 1777 5472 si
1808 5389 2002 5472 malis,

355 5473 627 5529 baculum
661 5469 852 5524 securi
886 5471 1180 5522 armatum
1205 5461 1351 5533 gerit
1383 5459 1442 5513 in
1493 5459 1694 5513 dextra
1738 5459 1914 5533 Persa
1942 5459 2002 5533 in

355 5545 631 5614 imagine
661 5538 1046 5614 nonagesima
1072 5530 1308 5614 ξηαπ-ἶλαι
1342 5537 1602 5614 centum,
1635 5545 1782 5602 quas
1824 5530 2006 5614 Μέὲο

355 5601 588 5680 Ferriol,
625 5601 1196 5684 legatuE‘Francicus
1237 5605 1319 5684 arl_
1349 5601 1808 5684 Portaom,_a.nn_o
1844 5601 2002 5684 1798,

360 5671 418 5744 in
449 5671 797 5755 Orie'nteuad
821 5681 1014 5755 vivum
1041 5675 1321 5755 delineari
1345 5673 1587 5755 curavit,
1611 5671 1820 5755 deinde
1842 5672 2008 5755 caela-

359 5765 514 5815 tores
547 5753 787 5812 Parisini
822 5753 915 5808 aeri
951 5750 1409 5823 insculpserunt,
1437 5749 1493 5801 et
1524 5745 1771 5817 pictores
1805 5744 2007 5802 colori-

2114 4961 2228 5016 bus
2255 4957 2681 5034 illuminarunt.
2714 4961 2876 5028 Quod
2916 4977 3066 5034 opus
3107 4979 3233 5019 cum
3261 4964 3535 5023 Francica
3566 4966 3758 5022 inter-

2115 5031 2435 5107 pretatione
2478 5031 2716 5107 Parisiis
2774 5049 2824 5089 a.
2856 5031 3036 5107 __i_7i4,
3075 5051 3288 5107 magno
3339 5037 3474 5094 folio
3521 5038 3752 5107 prodiit.

2112 5101 2420 5180 Dextralis,
2453 5104 2602 5174 quod
2640 5101 3205 5180 PersaAillegerere'
3223 5101 3602 5180 conspicitnr,
3639 5110 3755 5164 haec

2114 5179 2202 5230 est
2243 5175 2450 5242 imago,
2503 5190 2634 5246 quae
2684 5176 2758 5231 ab
2805 5175 2906 5231 illa
2936 5175 3212 5232 dextralis
3268 5175 3750 5246 deseri-"T-

2113 5246 2524 5320 ptione,quam
2545 5253 2664 5320 iLer
2688 5249 2831 5320 imp.
2856 5249 3143 5305 Tacticor.
3187 5249 3282 5318 VI,
3316 5253 3344 5320 §
3391 5253 3478 5320 11,

2114 5319 2231 5381 dat,
2267 5318 2738 5410 parumjdili‘ert,
2777 5318 2837 5375 et
2892 5320 2952 5402 in
2987 5336 3078 5410 Leo.
3111 5321 3253 5410 solo,
3320 5318 3476 5410 quod

2114 5403 2334 5443 uncum
2363 5388 2687 5446 exadverso
2729 5391 2955 5448 securis
2987 5391 3217 5458 habeat,
3241 5388 3480 5468 διιίδρέ-
3602 5388 3634 5455 Ι

2112 5459 2569 5529 ’,τ’-’πανον
2603 5461 2798 5529 veluti,
2831 5479 2963 5518 cum
2983 5464 3237 5520 dextrale
3258 5465 3466 5522 Leonis
3488 5465 3762 5522 habuerit

2392 5533 2570 5587 sicam
2605 5539 2825 5590 rectam
2863 5535 2931 5588 ad
2970 5534 3126 5590 hunc
3159 5537 3420 5593 modum.
3458 5537 3580 5592 Itali
3615 5554 3759 5608 quo-

2394 5619 2506 5674 que
2558 5621 2791 5661 secures
2832 5608 3157 5662 manuarias
3205 5608 3276 5662 ab
3309 5609 3550 5674 antiquo
3602 5624 3763 5664 more

2121 5675 2267 5797 in”!
2394 5675 2712 5748 appellant.
2763 5676 2896 5733 Vid.
2927 5677 3144 5734 Muret.
3195 5681 3326 5736 Ant.
3365 5675 3492 5738 Ital.
3528 5684 3567 5742 t,
3604 5680 3672 5744 Il,
3705 5695 3760 5749 p.
