4158 6212
401 355 514 416 387
1466 345 1611 406 (ΣοΝ
1623 344 1995 406 STAN'l‘lNl
2041 346 2734 412 PORPHYROGENITI
3692 352 3810 413 388

404 498 711 568 postquam
728 493 963 546 cantum
988 501 1139 543 unus
1163 484 1368 550 finivit,
1387 483 1764 556 alterincipit.
1782 485 2041 557 Impera-

2165 485 2358 554 αὐτῶν,
2393 483 2663 562 λεγόντων
2693 491 2800 541 τῶν
2850 484 2946 542 δύο
2990 490 3167 562 μερῶν
3205 482 3435 558 ἱαμϐικὰ
3475 487 3541 557 ⁸⁷,
3582 485 3806 551 ἕκαστος

404 589 492 640 tor
522 587 742 647 autem,
777 596 909 633 cum
945 591 1120 649 pr0pe
1169 575 1528 640 columnam,
1583 574 1642 628 in
1687 573 2047 644 plenitudine

401 673 656 746 porticus
690 669 921 739 oblique
976 667 1252 736 positam,
1304 663 1599 729 transivit,
1652 663 2048 734 patriarcham

409 779 539 819 cum
567 759 935 831 processione
957 757 1033 811 ibi
1059 755 1290 824 excipit,
1307 753 1720 824 sumptisquea
1743 754 2048 824 praeposito

407 855 586 911 cereis
617 856 673 906 et
702 855 1000 924 precatus,
1031 865 1129 904 eos
1163 863 1368 902 rursus
1409 845 1719 918 przeposito
1768 845 1963 911 tradit,
1995 850 2051 900 et

407 949 607 1000 sancto
639 940 950 1010 Evangelio
991 956 1055 994 ac
1102 937 1428 993 veneranda
1475 952 1646 991 cruce
1693 937 1952 999 adorata,
1988 950 2049 990 se

405 1034 619 1089 iterum
653 1036 794 1087 ﬂexo
826 1047 974 1099 genu
1010 1029 1324 1100 imperator
1345 1031 1401 1081 et
1432 1024 1759 1098 patriarcha
1780 1041 2051 1080 veneran-

408 1129 504 1180 tur
533 1127 590 1178 et
621 1120 982 1186 osculantur,
1016 1135 1133 1190 quo
1172 1118 1347 1186 facto,
1381 1135 1414 1171 a
1455 1115 1764 1187 praeposito
1813 1131 2046 1170 cereum

409 1210 898 1287 processionalem
944 1208 1173 1280 accipit,
1225 1211 1282 1262 et
1329 1222 1598 1261 reversus
1649 1221 1750 1277 per
1782 1204 2047 1260 eamdem

406 1301 697 1374 porticum
730 1299 1071 1370 digreditur.
1094 1299 1259 1353 Tunc
1289 1313 1422 1351 vero
1445 1295 1889 1350 cerimoniarius
1911 1293 2050 1350 inci-

408 1392 530 1462 pit:
569 1410 595 1442 σι
624 1389 812 1453 Salve,
845 1388 1041 1459 gratiae
1084 1385 1251 1456 plena
1294 1383 1471 1454 Virgo
1521 1383 1797 1454 Deipara:
1835 1404 1860 1429 »ι
1894 1381 2048 1454 quod

408 1483 728 1551 troparium
749 1477 1072 1547 omnes,qui
1089 1475 1404 1530 solemnem
1423 1489 1695 1544 pompam
1712 1471 2048 1536 instituunt,

408 1573 648 1634 canunt,
704 1567 914 1622 deinde
965 1565 1299 1620 narthecem
1335 1562 1530 1633 magni
1570 1560 1769 1630 templi
1811 1561 2050 1625 intrant,

410 1659 508 1712 ubi
544 1658 860 1728 imperator
891 1655 950 1709 in
983 1654 1195 1708 throno
1227 1652 1284 1705 in
1336 1651 1609 1705 narthece
1639 1651 1921 1717 considet,
1951 1650 2049 1705 89

411 1753 468 1805 et
492 1763 677 1818 usque
708 1747 848 1800 dum
882 1741 1210 1814 patriarcha
1241 1756 1368 1794 cum
1403 1739 1652 1794 solemni
1686 1740 2052 1809 processione

2165 1739 2578 1816 κεχαριτωμένη
2639 1741 2864 1794 Θεοτὸκε
2913 1742 3165 1815 ιΙαρΟένε·
3203 1763 3228 1792 ν
3279 1737 3584 1813 ψάλλοντες
3642 1737 3699 1795 δέ
3747 1741 3810 1796 16

412 1837 662 1904 advenit,
715 1836 1025 1903 exspectat,
1079 1829 1301 1900 patricii
1351 1845 1483 1883 vero
1515 1833 1571 1883 et
1619 1834 1911 1883 senatores
1962 1829 2052 1883 in-

2165 1829 2290 1886 αύτὸ
2340 1833 2634 1907 τροπάριον
2688 1833 2738 1886 οἱ
2786 1841 2887 1903 τῆς
2942 1832 3315 1908 προελεύσεως
3381 1835 3626 1902 ἅπαντες,
3698 1834 3806 1889 εἷσ-

2154 575 2333 630 αὐτῶν
2393 573 2749 652 διερχόμενος
2809 579 2914 633 ἀπὸ
2973 584 3072 646 τῆς
3132 574 3371 638 στάσεως
3432 575 3618 632 αὖτοῦ·
3657 579 3812 647 πλη-

2155 667 2377 736 ροῦντος
2416 666 2518 742 γαρ
2560 666 2608 700 ⁸³
2637 671 2732 721 105
2765 664 2902 736 ἐνὸς,
2951 664 3173 740 ἔρχεται
3226 667 3254 720 6
3305 665 3509 741 ἕτερος·
3568 664 3800 722 διελθὼν

2155 750 2211 808 δὲ
2244 755 2270 809 ὁ
2315 753 2569 829 βασιλεὺς
2623 754 2858 825 πλησίον
2907 759 3003 810 τοῦ
3051 755 3234 817 κίονος
3283 761 3384 809 105
3433 759 3686 828 κειμένου
3720 757 3808 831 ἐγ-

2153 843 2390 917 καρσίως
2449 843 2502 898 ἐν
2568 849 2647 911 τῷ
2697 842 3031 918 πληρώματι
3089 850 3186 899 105
3245 840 3520 916 ἐμϐόλου,
3582 843 3802 919 δέχεται

2153 929 2326 986 ἐκεῖσε
2375 933 2466 988 τὸν
2524 935 2873 1009 πατριάρχην
2927 933 3060 1006 μετα
3115 940 3214 1003 τῆς
3273 933 3456 1004 λιτῆς,
3519 929 3704 989 λαϐὼν
3743 933 3801 990 δὲ

2153 1023 2320 1096 κηρία
2364 1022 2508 1095 παρᾶ
2555 1027 2649 1078 105
2697 1024 3065 1097 πραιποσίτου
3115 1023 3205 1077 καὶ
3265 1023 3571 1097 εὐξάμενος,
3623 1021 3805 1080 ἐπιδί-

2156 1107 2320 1165 δωσιν
2352 1111 2485 1166 αύτά
2532 1111 2698 1167 πάλιν
2749 1118 2827 1185 τῷ
2876 1114 3245 1186 πραιποσίτῳ,
3285 1114 3374 1166 καὶ
3423 1115 3806 1187 προσκυνήσας

2153 1203 2214 1257 16
2247 1201 2518 1278 ἄχραντον
2549 1202 2887 1279 Εύαγγέλιον
2943 1202 3031 1257 καί
3071 1205 3162 1258 τὸν
3196 1203 3379 1276 τίμιον
3428 1204 3678 1279 σταυρὸν,
3712 1206 3803 1259 καὶ

2921 1292 3218 1368 ἀμ’ρύτεροι
3296 1290 3608 1363 ἀλλήλους,
3653 1292 3683 1348 6'
3748 1313 3805 1348 τε

2159 1379 2412 1452 βασιλεὺς
2469 1382 2558 1434 καὶ
2613 1382 2639 1435 6
2699 1383 3070 1460 πατριάρχης,
3111 1380 3200 1436 καὶ
3244 1382 3633 1454 ἀσπασάμενοι,
3669 1381 3810 1454 λαμ-

2155 1465 2289 1522 ϐένει
2325 1471 2351 1523 6
2389 1467 2646 1543 βασιλεὺς
2687 1470 2831 1544 παρα
2868 1475 2965 1525 105
3014 1471 3379 1544 πραιποσίτου
3420 1472 3615 1545 κηρίον
3650 1468 3808 1526 λιτα-

2154 1558 2349 1626 νίκιον,
2410 1559 2498 1612 καὶ
2560 1560 2920 1632 ὑποστρέψας,
2981 1557 3255 1633 διέρχεται
3315 1556 3404 1613 διὰ
3467 1564 3564 1614 105
3633 1562 3802 1615 αὐτοῦ

2152 1289 2316 1345 πάλιν
2391 1293 2858 1366 προσκυνήσαντες

2156 1642 2425 1719 ἐμϐόλου,
2479 1649 2743 1722 Ἀρχεται
2795 1645 2850 1702 δέ
2899 1650 2926 1702 6
2977 1651 3074 1716 τῆς
3106 1652 3496 1710 καταστάσεως·
3534 1675 3558 1699 ‹‹
3604 1653 3803 1724 Χαῖρε,

409 1931 589 1992 trant,
623 1926 679 1978 et
709 1922 767 1976 in
800 1919 1036 1991 templo,
1070 1927 1130 1973 ut
1162 1919 1305 1989 ipsis
1333 1920 1474 1988 imos
1506 1921 1613 1982 est,
1647 1918 2050 1988 imperatorem

409 2015 830 2083 exspectantes,
865 2009 1216 2065 subsistunt.

2163 1921 2416 1995 έρχονται
2450 1919 2501 1976 ἐν
2529 1927 2610 1994 τῷ
2638 1924 2869 1998 νάρθηκι
2900 1927 2996 1978 105
3043 1923 3300 1998 Μεγάλου
3337 1926 3491 1992 ναοῦ,
3521 1923 3612 1977 καὶ
3645 1924 3673 1978 6
3711 1924 3806 1996 μὲν

2165 2010 2418 2081 βασιλεὺς
2458 2013 2734 2083 καθέζεται
2776 2012 2862 2066 ἐπὶ
2910 2011 3136 2068 σελλίου
3166 2011 3217 2067 ἐν
3247 2018 3328 2086 τῷ
3355 2014 3607 2087 νάρθηκι,
3639 2035 3813 2088 προσ-

2380 2099 2402 2117 Ν

415 2101 584 2174 μένων
619 2098 814 2172 μέχρις
848 2097 908 2151 ἄν
939 2089 1296 2167 καταλάὸάϐῃ
1331 2095 1358 2148 ὁ
1389 2094 1735 2168 πατριάρχης
1771 2096 1908 2165 μετὰ
1945 2102 2044 2165 τῆς
2075 2097 2253 2172 λιτῇς,
2288 2102 2337 2155 οἱ
2376 2099 2431 2156 δέ
2462 2105 2739 2178 πατρίκιοι
2770 2104 2858 2158 καὶ
2891 2107 2924 2174 ἡ
2978 2102 3288 2178 σύγκλητος
3340 2104 3678 2180 εἶσέρχονται
3723 2106 3811 2160 καὶ

405 2188 646 2243 ’ίστανται
681 2188 731 2241 ἐν
760 2191 836 2257 τῷ
865 2190 1000 2257 ναῷ,
1035 2185 1109 2247 ὡς
1149 2181 1204 2237 δὲ
1235 2183 1458 2236 εἴθισται
1491 2183 1693 2252 αὐτοῖς,
1727 2183 2122 2258 προσμένοντες
2147 2189 2240 2244 τὸν
2282 2190 2528 2265 βασιλέι

487 2282 577 2337 IV.
611 2278 948 2334 Patriarcha
979 2282 1170 2333 autem
1195 2293 1327 2332 cum
1356 2279 1724 2346 processione
1754 2279 2060 2348 appropin-

416 2379 653 2444 quante,
687 2367 1006 2439 imperator
1036 2366 1241 2438 surgit,
1273 2370 1329 2420 et
1359 2370 1492 2438 post
1541 2371 1807 2421 mutuam
1840 2369 2055 2423 adora-

414 2463 632 2518 tionem
666 2459 836 2515 ambo
867 2458 1175 2513 discedunt
1205 2459 1378 2527 inque
1423 2460 1592 2526 porta
1638 2457 1827 2528 Magni
1860 2457 2060 2528 templi

415 2555 590 2606 stant.
624 2551 788 2605 Tunc
822 2547 1145 2619 patriarcha
1187 2562 1383 2618 preces
1437 2546 1708 2601 introitus
1743 2545 1950 2601 divinas
1981 2547 2060 2602 li-

415 2641 626 2710 turgiaa
682 2654 907 2700 exorso,
941 2636 1270 2706 imperator,
1331 2635 1510 2690 cereis
1568 2635 1917 2706 precationis
1967 2653 2060 2692 so-

416 2727 630 2784 lemnis
661 2744 694 2782 a
724 2725 1032 2798 praeposito
1063 2723 1312 2793 traditis,
1337 2731 1622 2794 precatur,
1649 2730 1780 2794 post
1801 2741 1899 2780 eos
1922 2742 2060 2795 prte-

419 2818 628 2890 posito,
669 2816 763 2871 hic
821 2814 1276 2870 cerimoniarum
1328 2813 1605 2884 magistro
1663 2813 1870 2868 reddit.
1906 2816 2058 2886 lpse,

417 2923 584 2963 sacro
606 2911 661 2961 et
682 2905 1024 2959 intemerato
1048 2902 1358 2974 Evangelio
1380 2902 1637 2967 adorato,
1661 2918 1793 2957 cum
1821 2904 2062 2975 patriar-

415 2997 526 3053 cha
561 3011 659 3068 per
689 2993 943 3050 medium
970 2991 1246 3062 templum
1273 3007 1486 3064 perque
1507 2991 1911 3063 obliquitatem
1939 3010 2060 3048 am-

416 3085 585 3142 bonis
615 3085 834 3140 soleam
857 3084 1058 3146 intrat,
1083 3087 1139 3138 et
1159 3083 1228 3137 ad
1259 3098 1453 3137 sacras
1472 3082 1684 3152 januas
1707 3083 2062 3140 constitutus

2238 2284 2309 2340 A'.
2371 2280 2781 2347 Καταλαϐόντος
2843 2282 2900 2340 δέ
2966 2290 3061 2341 105
3119 2284 3464 2362 πατριάρχου
3527 2287 3661 2358 μετά
3716 2293 3817 2356 τῆς

2167 2370 2349 2440 λιτῆς,
2404 2373 2681 2428 ἀνισταται
2741 2373 2768 2427 6
2830 2373 3110 2449 βασιλεὺς,
3185 2374 3276 2430 καὶ
3345 2375 3815 2450 προσκυνήσαντες

2167 2460 2468 2535 ἀμφότεροι
2519 2459 2806 2532 ἀλλήλους
2855 2463 2885 2517 ὅ
2933 2485 2989 2518 τε
3045 2463 3303 2538 βασιλεὺς
3351 2463 3439 2518 καὶ
3471 2465 3498 2518 6
3547 2464 3812 2538 πατριάρ-

2168 2570 2300 2626 χης,
2333 2551 2659 2624 ἀπέρχονται
2701 2552 3000 2628 ἀμφότεροι
3059 2554 3147 2608 καὶ
3193 2551 3440 2610 ’ἵστανται
3487 2551 3537 2608 ἐν
3564 2559 3632 2627 τῇ
3667 2551 3816 2625 πύλῃ

2165 2643 2261 2693 105
2330 2639 2590 2714 Μεγάλου
2658 2645 2808 2696 ναοῦ·
2897 2643 2987 2697 καὶ
3064 2642 3365 2718 ἀρξάμενος
3441 2644 3470 2698 6
3545 2643 3811 2717 πατριάρ-

2168 2747 2276 2802 χης
2308 2731 2404 2798 τήν
2435 2729 2605 2804 εὐχήν
2637 2737 2738 2800 τῆς
2796 2729 3010 2786 εἰσόδου
3067 2739 3168 2801 τῆς
3237 2731 3378 2794 θείας
3446 2730 3814 2808 λειτουργίας,

2170 2817 2351 2872 λαϐὼν
2385 2820 2412 2872 6
2449 2817 2705 2894 βασιλεὺς
2744 2822 2889 2896 παρα
2933 2826 3030 2876 105
3079 2822 3443 2894 πραιποσίτου
3491 2821 3658 2896 κηρία
3713 2828 3815 2890 τῆς

2167 2915 2507 2984 προσευχῆς,
2565 2910 2655 2963 καὶ
2715 2910 3000 2983 εὐξάμενος
3055 2909 3276 2966 δίδωσιν
3336 2911 3468 2966 αύτᾶ
3533 2910 3697 2966 πάλιν
3737 2916 3812 2980 τῷ

2168 2999 2533 3072 πραιποσίτῳ,
2593 3001 2685 3053 καὶ
2752 3000 2916 3062 αὐτὸς
2974 3005 3054 3073 τῷ
3113 3007 3212 3070 τῆς
3262 3001 3656 3063 καταστάσεως.
3711 3000 3815 3056 Καὶ

2165 3089 2544 3161 προσκυνήσας
2608 3089 2634 3142 6
2699 3087 2956 3163 βασιλεὺς
3012 3090 3073 3144 τὸ
3133 3088 3405 3165 ἄχραντον
3472 3089 3818 3166 Εὖαγγέλιον,

413 3189 662 3244 cumque
693 3172 874 3228 cereis
902 3170 1165 3226 accensis
1198 3175 1485 3240 precatus,
1519 3173 1839 3226 sacrarium
1871 3173 2054 3244 ingre-

2209 3147 2217 3161 I
2432 3147 2440 3157 Ι
2700 3147 2708 3163 ι
2944 3147 2953 3151 '
3175 3147 3223 3165 ’καὶ
3596 3147 3639 3166 ΙΙ
3802 3147 3816 3160 ι

2169 3175 2448 3251 διέρχεται
2485 3176 2647 3248 μέσον
2681 3175 2770 3232 διά
2821 3183 2918 3232 τοῦ
2956 3183 3088 3233 ναοῦ
3151 3182 3284 3252 μετά
3315 3183 3405 3234 τοῦ
3452 3179 3816 3254 πατριάρχου,

413 3264 586 3318 ditur.
624 3263 904 3318 Sanctum
933 3275 1063 3315 vero
1095 3259 1412 3314 instratum
1461 3258 1780 3325 osculatus,
1813 3259 2056 3316 allatum

415 3372 449 3409 a
472 3351 780 3424 praeposito
803 3349 1213 3423 apocombium
1240 3349 1297 3402 in
1321 3364 1708 3404 sacramensa
1722 3351 2054 3422 reponit,et,

418 3446 650 3512 accepta
680 3458 714 3496 a
745 3438 1148 3496 sacerdotibus
1187 3438 1614 3505 benedictione,
1666 3453 1768 3509 per
1798 3439 2056 3495 medium

411 3531 693 3604 templum
715 3531 854 3585 abit.
879 3530 1028 3585 Dum
1060 3537 1250 3586 autem
1287 3528 1358 3583 ad
1384 3527 1722 3582 narthecem
1758 3529 2060 3600 progredi-

415 3627 530 3688 tur,
584 3620 641 3676 in
702 3619 934 3675 sinistro
993 3635 1217 3690 magnas
1277 3622 1452 3690 portae
1487 3617 1664 3672 latere
1717 3617 1965 3688 orphani
1997 3618 2057 3673 in

413 3710 670 3766 scamnis
701 3713 881 3776 stant,
906 3713 962 3764 et
992 3707 1378 3774 modulantes,
1406 3711 1471 3762 ut
1501 3707 1646 3778 ipsis
1664 3707 1921 3762 solemne
1948 3715 2056 3774 est,

415 3802 608 3856 fausta
639 3799 978 3872 imperatori
1010 3804 1416 3870 apprecantur.
1440 3798 1495 3852 Is
1514 3814 1631 3852 una
1653 3813 1785 3852 cum
1811 3797 2056 3868 patriar-

416 3891 526 3948 cha
557 3891 628 3946 ad
661 3889 967 3963 styracium
1001 3888 1208 3961 pergit,
1240 3887 1394 3942 unde
1426 3887 1759 3957 patriarcha
1783 3892 1912 3958 post
1937 3903 2060 3943 mu-

416 3987 576 4038 tuam
633 3979 1050 4037 salutationem
1107 3985 1164 4034 et
1219 3977 1613 4034 adorationem
1662 3978 1731 4032 ad
1787 3978 2056 4049 Magnum

415 4069 723 4141 templum,
749 4085 976 4124 sacram
1003 4068 1302 4140 liturgiam
1334 4066 1752 4133 celebraturus,
1785 4067 1925 4137 abit,
1953 4068 2063 4122 im-

415 4167 644 4233 perator
674 4164 870 4216 autem
905 4175 1006 4230 per
1035 4158 1350 4230 styracium
1401 4157 1462 4212 in
1503 4157 1822 4212 oratorium
1855 4174 2055 4213 ascen-

415 4253 579 4316 dens,
639 4267 834 4307 cereos
896 4249 995 4315 ibi,
1047 4263 1210 4318 mque
1267 4263 1331 4300 ac
1389 4246 1445 4300 in
1509 4247 1965 4318 catechumenis,
1997 4247 2056 4302 in

416 4356 587 4398 cruce
618 4338 897 4407 accendit,
932 4337 992 4392 in
1023 4334 1272 4392 oratorio
1303 4350 1437 4390 vero
1469 4334 1725 4390 divinam
1761 4333 2056 4406 liturgiam

2165 3267 2255 3321 καί
2306 3263 2394 3320 διὰ
2450 3273 2550 3334 τῆς
2599 3265 2838 3341 πλαγίας
2877 3273 2974 3323 105
3021 3264 3285 3341 ἅμϐωνος
3324 3269 3632 3348 εἰσέρχεται
3665 3268 3715 3324 ἐν
3742 3273 3810 3341 τῇ

2169 3354 2398 3426 σωλαία,
2452 3354 2541 3409 καὶ
2581 3357 2706 3415 στάς
2754 3353 3056 3431 ἔμπροσθεν
3105 3364 3212 3412 τῶν
3271 3357 3434 3432 ἁγίων
3501 3357 3678 3431 θυρῶν
3725 3357 3815 3412 καί

2169 3446 2305 3517 ἅψας
2335 3446 2538 3516 κηροὺς
2568 3445 2655 3499 καὶ
2710 3445 3026 3519 εὐξάμενος,
3077 3446 3379 3522 εἰσέρχεται
3426 3447 3500 3509 είς
3539 3448 3602 3502 τὸ
3643 3449 3821 3502 θυσια-

2942 3533 2982 3554 ΚΝ

2169 3535 2416 3607 στήριον.
2475 3535 2886 3607 ’Δσπασάμενος
2938 3534 2993 3590 δέ
3049 3539 3148 3606 την
3219 3537 3368 3611 άγίαν
3423 3534 3664 3606 ἐνδυτὴν,
3731 3534 3832 3590 λα-

2172 3622 2280 3697 βὼν
2363 3620 2708 3695 ἀποκόμϐιον
2774 3625 2921 3698 παρὰ
2993 3631 3088 3680 τοῦ
3151 3628 3543 3698 πραιποσίτου,
3612 3626 3824 3696 τίθησιν

2169 3711 2301 3765 αὐτὸ
2333 3710 2382 3766 ἐν
2415 3715 2482 3784 τῇ
2531 3713 2661 3788 ἁγίᾳ
2689 3713 2928 3786 τραπέζῃ
2977 3715 3065 3768 καὶ
3115 3713 3419 3794 ἐξέρχεταί,
3461 3736 3550 3770 και
3583 3713 3821 3770 διδοῦσιν

2170 3799 2317 3873 αὐτῷ
2348 3799 2598 3877 εὐλογίας
2631 3803 2682 3856 οἱ
2713 3803 2879 3877 ἱερεῖς
2912 3805 2978 3873 ⁸9,
3013 3801 3102 3858 δια
3155 3806 3324 3876 μέσης
3354 3809 3451 3859 105
3484 3809 3630 3860 ναοῦ.
3667 3804 3815 3862 Μέλ-

2169 3888 2360 3954 λοντος
2411 3889 2466 3946 δέ
2507 3897 2603 3946 105
2656 3892 2927 3967 βασιλέως
2967 3894 3279 3970 ἐξέρχεσθαι
3331 3895 3380 3948 ἐν
3433 3899 3511 3966 τῷ
3557 3896 3812 3969 νάρθηκι,

2165 3980 2414 4036 ἵστανται
2465 3981 2672 4058 ὀρφανᾶ
2720 3981 2902 4036 ἐπάνω
2950 3987 3056 4038 τῶν
3108 3984 3364 4056 σκάμνων
3408 3983 3498 4037 ἀπ’
3533 3984 3814 4056 ἀριστερᾶς

2165 4077 2267 4138 τῆς
2313 4067 2557 4142 μεγάλης
2611 4069 2816 4140 πύλης,
2865 4072 2955 4125 καὶ
3005 4068 3444 4149 φωνοϐολοῦντες
3491 4071 3821 4146 ὑπερεύχον-

2166 4180 2253 4212 ται
2302 4159 2392 4214 τὸν
2447 4158 2694 4233 βασιλέα,
2748 4160 2822 4220 ὡς
2875 4162 2908 4228 ἡ
2952 4163 3206 4228 συνήθεια
3258 4159 3394 4238 ἔχει.
3441 4161 3723 4221 Ἐλθόντες
3763 4157 3820 4215 δέ

2168 4247 2216 4317 ἐξ
2265 4245 2386 4302 ἴσου
2436 4247 2486 4303 ἐν
2537 4253 2614 4320 τῷ
2668 4248 2938 4324 στυρακίῳ
2987 4250 3099 4319 (12)
3154 4247 3184 4301 ὅ
3221 4269 3276 4302 τε
3319 4246 3576 4320 βασιλεὺς
3641 4250 3730 4303 καί
3793 4250 3822 4304 ὁ

2169 4338 2540 4413 πατριάρχης,
2597 4339 3064 4412 προσκυνήσαντες
3121 4337 3208 4390 καὶ
3291 4337 3667 4409 ἀσπασάμενοι
3729 4338 3824 4391 ἀλ-

417 4427 690 4494 celebrat,
735 4427 875 4482 dum
935 4424 1158 4497 patricii
1216 4424 1432 4478 interea
1477 4439 1543 4478 ac
1573 4423 1761 4480 cateri
1793 4439 2054 4495 proceres

2166 4423 2402 4498 λήλους,
2451 4428 2478 4481 ὁ
2528 4427 2622 4498 μὲν
2663 4426 3013 4501 πατριάρχης
3060 4425 3356 4500 ἀπέρχεται
3391 4425 3441 4480 ἐν
3469 4431 3549 4497 τῷ
3592 4425 3821 4502 μεγάλῳ

416 4515 556 4571 foris
597 4517 654 4570 in
688 4513 1120 4570 catechumenis
1151 4511 1500 4567 subsistunt.

2164 4519 2278 4586 ναῷ
2306 4518 2404 4569 105
2447 4510 2720 4569 ἐκτελέσαι
2761 4517 2857 4583 την
2911 4513 3054 4577 θείαν
3104 4514 3466 4591 λειτουργίαν,
3509 4514 3536 4569 6
3581 4512 3638 4569 δὲ
3672 4517 3829 4590 βασι-

415 4603 562 4673 λεὺς,
603 4601 692 4658 διὰ
737 4606 833 4657 τοῖ’)
890 4599 1178 4674 στυρακίου
1238 4597 1470 4653 ἀνελθὼν
1528 4596 1578 4653 ἐν
1636 4604 1716 4672 τῷ
1771 4599 2046 4675 εὖκτηρίῳ
2104 4604 2258 4658 ἅπτει
2301 4603 2471 4658 ἐκεῖσε
2528 4603 2756 4677 κηροὺς,
2812 4603 3069 4666 ὡσαύτως
3103 4601 3159 4659 δέ
3188 4605 3361 4660 καὶέν
3395 4611 3510 4667 τοῖς
3540 4625 3822 4680 κατηχού-

415 4693 637 4768 μενίοις,
694 4692 768 4752 είς
825 4691 915 4746 τὸν
977 4689 1228 4763 σταυρὸν,
1286 4684 1375 4743 καί
1434 4685 1692 4743 εἰσελθὼν
1754 4688 1806 4744 ἐν
1862 4694 1939 4761 τῷ
1993 4692 2282 4769 εύκτηρίῳ,
2319 4692 2533 4749 Ἱστάται
2593 4693 2782 4762 ἐκεῖσε,
2851 4693 3084 4750 ἐκτελῶν
3155 4696 3254 4764 την
3333 4696 3478 4760 θείαν
3561 4695 3820 4769 λειτουρ-

411 4783 553 4863 γίαν,
587 4785 638 4838 οἱ
671 4779 725 4837 δὲ
756 4779 1030 4856 πατρίκιοι
1062 4779 1151 4834 καὶ
1202 4779 1254 4834 0i
1287 4775 1473 4834 λοιποὶ
1497 4779 1757 4853 ἄρχοντες
1791 4781 2017 4844 ἅπαντες
2044 4781 2288 4839 ἵστανται
2313 4781 2414 4855 ἔξω
2443 4784 2493 4840 ἐν
2526 4789 2641 4847 τοῖς
2671 4783 3148 4860 κατηχουμενίοις.

1768 4883 1858 4937 VA
1868 4881 2007 4937 RI/E
2047 4884 2456 4941 LECTIONES.

438 5049 446 5054 _
484 4980 526 5014 ⁸⁷
555 4971 749 5050 ἱσίμϐια
781 4977 873 5033 0d.

976 4975 1018 5010 ⁸³
1050 4973 1153 5049 γὰρ
1180 4990 1297 5032 om.
1330 4973 1421 5032 ed.
1497 4973 1544 5008 39
1575 4975 1627 5026 oi
1657 4972 1820 5046 ἱερεῖς
1843 4969 1932 5027 διὰ
1965 4975 2091 5032 sine
2130 4976 2513 5034 distinctione
2543 4981 2636 5034 rd.

1464 5074 1666 5131 JOAN.
1705 5074 1842 5130 JAC.
1887 5076 2147 5132 RElSKlI
2189 5077 2775 5134 COMMENTARIUS.

482 5178 596 5250 (12)
628 5175 873 5232 Videtur
937 5173 1222 5250 στυράκων
1283 5173 1374 5250 hic
1403 5172 1512 5250 loci
1548 5173 1706 5250 idem
1732 5181 2061 5250 essentque

420 5243 591 5306 toties
625 5251 982 5304 memoratus
1011 5243 1250 5320 κοχλιάς
1276 5244 1360 5320 vel
1392 5243 1550 5320 scala
1589 5243 1929 5320 cochlea_ri_s,
1962 5243 2064 5316 per

417 5337 690 5415 εὶυέἮεί
706 5320 980 5415 "iﬁlli"???
1004 5315 1599 5415 ,ίίῖξῖίὶίὲῗδῗῖθῗὲίῗι
1621 5315 1831 5415 “339.99
1841 5317 2062 5415 ῗῗῗὲυἷε

420 5387 520 5450 Est
541 5393 696 5448 enim
728 5387 1012 5462 στυράκων
1060 5389 1287 5460 proprie
1335 5387 1606 5462 columna
1657 5387 1814 5462 intus
1846 5403 1980 5462 cava
2011 5395 2067 5444 et

421 5465 700 5538 gradibus
722 5459 1124 5538 cochlearibns
1156 5459 1583 5538 inst_ructa_,_ita
1614 5459 2064 5538 u_t_in_verticem

421 5529 706 5592 columna:
739 5534 960 5590 escendi
995 5542 1189 5605 posset
1218 5557 1231 5598 ;
1264 5533 1334 5605 de
1364 5530 1582 5605 quibus
1613 5530 1746 5605 V_ide
1773 5529 1960 5605 V_alcs_.
1995 5532 2066 5586 ad

419 5609 711 5666 Ammian.
743 5601 1155 5676 Marcellfpag.
1194 5604 1469 5676 144,7not.
1492 5604 1559 5676 d,
1584 5602 1654 5656 ad
1689 5601 1872 5658 illud:
1902 5603 2069 5658 elatos

418 5681 646 5738 vertices
676 5679 908 5735 scansili
938 5674 1210 5744 sug‘geuu.
1243 5675 1441 5731 Talem
1477 5674 1810 5730 columnam
1849 5690 2069 5731 memo-

425 5759 515 5811 rat
573 5750 946 5824 Lampridius
1008 5747 1304 5820 Heliogab.
1338 5753 1378 5804 t.
1415 5749 1458 5817 Ι,
1492 5765 1547 5820 p.
1598 5747 1723 5816 858,
1756 5752 1812 5803 et
1841 5746 2068 5804 Contin.

2169 5176 2505 5246 Theophan.
2541 5174 2712 5246 p.87,
2746 5178 2803 5231 et
2823 5175 3031 5232 Noster
3063 5176 3215 5232 intra
3235 5193 3292 5246 p,
3321 5176 3450 5232 347.
3475 5180 3586 5233 Aut
3616 5176 3667 5233 si
3696 5195 3789 5230 στυ
3813 5207 3837 5218 -

2175 5248 2359 5320 ράκιον
2389 5246 2685 5320 diversum
2717 5246 2857 5317 quid
2902 5252 2990 5302 est
3025 5247 3343 5320 aﬂcochtia,
3381 5248 3486 5304 fuit
3528 5252 3827 5320 structura.

2174 5317 2360 5401 instar
2387 5323 2558 5401 vasta:
2587 5317 2872 5401 columna:
2903 5322 3007 5401 aut
3037 5319 3164 5390 pilas
3198 5319 3405 5401 parieti
3435 5318 3695 5376 ecclesias
3725 5335 3830 5401 ap-

2176 5390 2376 5463 posita,
2410 5391 2571 5463 intus
2594 5390 2812 5446 habens
2845 5389 3184 5463 cochleares
3201 5389 3460 5463 gradus,
3478 5406 3582 5463 per
3599 5389 3832 5463 quosin

2177 5461 2616 5518 eatechumenia
2661 5461 3111 5528 ascendebatur,
3163 5461 3367 5526 quales
3415 5461 3530 5516 vidi
3583 5461 3634 5518 e'.
3685 5479 3736 5517 c.
3772 5463 3832 5517 in

2175 5537 2405 5587 vetusta
2433 5535 2550 5589 aede
2582 5533 2645 5606 Β.
2678 5532 2935 5606 Virginis
2984 5531 3127 5586 llalae
3164 5533 3657 5606 Magdeburgicm.
3692 5534 3832 5606 Per-

2179 5621 2389 5676 parum
2421 5621 2556 5679 ergo
2588 5605 2738 5679 inter
2769 5604 2975 5679 ambas
3005 5605 3331 5679 sententias
3356 5604 3615 5679 interest,
3640 5608 3697 5660 et
3715 5604 3834 5660 hoc

2181 5675 2364 5749 unum
2398 5675 2785 5749 solummodo,
2810 5675 3243 5749 quod_coc_hlias
3271 5677 3426 5732 intra
3458 5675 3713 5749 parietes
3743 5692 3839 5733 ec-

2182 5748 2395 5817 clesia,
2429 5747 2744 5821 styracium
2771 5745 2935 5803 citra
2967 5745 3136 5803 fuerit
3169 5745 3520 5805 astructum.
